2638 3866
258 264 353 309 592
963 257 1139 303 PETRI
1174 255 1492 304 ABAELARDI
1504 292 1516 313 ,
1557 257 1682 301 ETC.

254 374 389 422 perat.
419 360 545 403 Unde
577 369 620 402 et
647 359 748 400 alibi
775 373 785 399 z
810 357 907 411 Qua
934 372 1134 400 mensura
1165 356 1303 398 mensi
1326 356 1512 409 fueritis,
1545 355 1696 399 eadem
1726 356 1973 399 remetietur
1994 355 2131 399 vobis.
2155 357 2259 400 Haec
2291 359 2405 401 enim

256 428 461 486 parabola
495 426 549 468 de
572 422 864 467 misericordia
888 434 967 466 est.
994 422 1099 465 Tale
1126 433 1189 465 est
1213 422 1357 482 igitur,
1384 437 1434 464 ac
1456 422 1490 464 si
1515 421 1683 464 dicatur
1707 437 1716 464 :
1742 422 1786 465 Si
1817 421 1908 464 aliis
1934 437 2023 464 non
2042 421 2169 465 vultis
2190 424 2402 476 misereri,

253 495 359 535 sicut
382 494 496 534 Deus
519 491 715 532 misertus
743 500 821 542 est,
846 500 1025 548 peccata
1047 488 1358 542 condonando,
1383 499 1427 530 et
1449 498 1571 548 pater
1591 497 1730 531 vester
1755 487 1935 530 coelestis
1953 488 2037 531 hoc
2059 487 2405 548 debitumexiget

253 575 277 599 a
308 557 446 599 vobis,
480 556 668 610 Quidam
694 555 843 597 dicunt
862 555 1126 614 expositores
1148 569 1158 596 ι
1185 553 1316 607 Quod
1342 553 1562 596 dimissum
1587 564 1678 596 erat
1699 569 1777 613 per
1798 554 2093 613 poenitentiam
2114 569 2136 595 a
2157 554 2283 596 nobis
2306 556 2404 597 exi-

257 624 385 681 gitur,
419 621 474 664 ad
495 633 705 664 terrorem
735 621 899 663 dictum
930 635 1021 663 esse
1051 618 1317 679 intelligitur.
1345 619 1477 674 Quod
1501 629 1644 662 autem
1669 620 1912 662 universum
1942 618 2136 667 debitum
2168 620 2226 663 sic
2249 620 2426 662 debeat*
2491 622 2496 627 '

253 687 446 748 intelligi,
474 698 521 728 ut
545 687 751 736 diximus,
778 686 878 729 inde
902 695 1075 745 quoque
1097 684 1263 744 liquido
1286 685 1610 745 comprobatur,
1635 685 1752 744 quod
1769 701 1858 728 non
1884 686 1942 728 ait
1963 700 2096 743 usque
2119 685 2174 727 ad
2198 686 2400 744 primum,

253 753 328 794 sed
348 769 481 812 usque
506 753 561 795 ad
584 753 864 795 novissimum
882 750 1183 810 quadrantem,
1209 751 1309 810 quia
1328 751 1382 794 de
1402 752 1504 802 hoc,
1530 749 1648 810 quod
1668 761 1766 810 post
1787 750 2009 793 dimissum
2024 762 2247 809 peccatum
2273 750 2404 794 durus

250 829 293 860 et
316 818 554 862 obstinatus
577 834 677 878 erga
696 818 943 877 proximum
968 818 1148 884 quisque
1171 817 1328 871 extitit,
1354 816 1458 860 inde
1481 816 1664 876 graviter
1684 827 1748 859 est
1768 816 2028 876 puniendus.
