2638 3866
799 157 1195 207 INTRODUCTIO
1231 159 1312 208 AD
1346 158 1758 208 THEOLOGIAM.
2263 157 2347 203 121

203 277 456 328 nunquam
478 260 695 327 potentia
727 259 962 325 cujusque
995 260 1063 308 rei
1097 261 1360 326 accipitur,
1392 260 1483 308 nisi
1515 260 1564 308 in
1597 260 1673 308 his
1708 277 1814 325 quae
1849 259 1912 309 ad
1936 254 2254 307 commodum
2286 254 2359 302 vel

203 341 480 408 dignitatem
506 341 654 407 ipsius
675 341 746 390 rei
768 349 1001 407 spectant.
1026 343 1179 388 Nemo
1206 341 1336 389 enim
1367 341 1463 389 hoc
1483 341 1713 408 potentiae
1735 341 1946 389 hominis
1966 339 2195 405 deputat,
2224 334 2358 401 quod

201 421 279 470 ille
302 423 518 489 superari
550 421 685 471 facile
719 430 901 488 potest,
928 421 1027 468 imo
1057 421 1354 486 impotentioe
1377 431 1426 470 et
1448 421 1686 471 debilitati
1714 422 1842 486 ejus,
1868 420 2003 486 quod
2028 419 2227 468 minime
2249 417 2360 465 resi·

198 512 322 551 stere
344 520 432 552 suo
457 513 616 570 potest
649 500 990 564 incommodo,
1017 511 1066 550 et
1091 502 1331 568 quidquid
1358 502 1420 551 ad
1458 503 1628 551 vitium
1662 502 1874 550 hominis
1898 501 2085 566 -vergit,
2110 497 2356 564 magisque

198 598 458 647 personam
480 583 726 650 improbat
747 598 893 649 quam
917 582 1248 645 commendat,
1262 584 1562 650 'impotentiae
1581 584 1744 650 potius
1766 598 1913 648 quam
1930 580 2157 648 potentioe
2176 579 2354 628 adscri-

198 661 413 711 bendum
439 674 526 712 est.
554 663 694 712 Unde
718 673 766 712 et
799 663 1071 712 Aristoteles
1103 664 1153 711 in
1178 664 1394 712 secundo
1427 664 1666 730 qualitatis
1704 665 1919 728 genere',
1957 662 2039 710 ubi
2076 660 2256 709 scilicet
2294 659 2355 708 de

196 744 412 807 potentia
435 745 641 793 naturali
654 755 701 793 et
712 745 997 812 impotentia
1020 745 1195 810 agitur,
1218 746 1489 794 sanativum
1510 755 1557 794 et
1579 745 1758 793 durum
1781 743 1843 792 ad
1863 743 2131 809 potentiam
2145 741 2350 802 reducit,

197 833 245 871 et
268 826 599 890 aegrotativum
621 835 669 874 et
690 825 837 875 molle
859 824 922 873 ad
945 826 1305 891 impotentiam,
1328 843 1440 875 cum
1466 836 1627 874 tamen
1654 825 1984 890 aegrotativum
2008 823 2243 883 dicamus,
2272 824 2354 887 qui

198 904 333 954 facile
357 917 588 971 aegrotare
622 916 801 974 potest,
828 906 924 954 hoc
957 916 1028 954 est
1059 923 1160 955 non
1186 907 1322 956 facile
1345 907 1477 957 valet,
1493 907 1608 956 huic
1632 906 1844 973 passioni
1868 906 2109 966 resistere,
2136 914 2184 952 et
2207 903 2352 951 molle

196 985 331 1049 quod
355 987 522 1035 leviter
537 989 689 1036 secari
711 998 793 1036 aut
814 987 1037 1054 dissipari
1058 998 1235 1054 potest.
1263 989 1542 1036 Sanativum
1567 1005 1684 1037 vero
1707 998 1753 1036 et
1777 987 1958 1036 durum
1977 1003 2004 1034 e
2027 985 2271 1034 contrario
2291 985 2353 1033 ad

194 1069 461 1131 potentiam
477 1068 682 1130 reducit,
695 1086 809 1118 cum
823 1079 985 1117 tamen
1000 1070 1268 1118 sanativum
1283 1069 1489 1132 dicatur,
1501 1070 1636 1136 quod
1653 1086 1756 1117 non
1770 1078 1927 1135 potest
1946 1067 2082 1116 facile
2097 1065 2347 1121 infirmari,

195 1157 241 1195 et
266 1147 446 1197 durum
469 1150 607 1216 quod
627 1167 729 1198 non
752 1160 911 1217 potest
928 1150 1097 1199 leviter
1112 1151 1281 1199 secari.
1304 1152 1435 1200 Sicut
1455 1169 1570 1218 ergo
1593 1152 1642 1199 in
1665 1167 1811 1217 supra
1835 1150 2021 1216 positis,
2037 1148 2087 1196 id
2107 1158 2179 1196 est
2201 1164 2352 1212 aegro-

196 1229 342 1277 tativo
365 1240 412 1278 et
435 1230 587 1292 molli,
617 1231 697 1280 illa
721 1248 864 1298 posse
887 1248 992 1297 quae
1023 1231 1087 1280 ad
1109 1231 1479 1281 incommodum
1502 1232 1579 1282 vel
1602 1231 1899 1281 debilitatem
1923 1231 1993 1279 rei
2017 1230 2239 1290 attinent,
2261 1230 2352 1276 im-

193 1312 420 1374 potentiae
445 1322 517 1360 est
539 1314 701 1380 potius
725 1330 872 1379 quam
893 1314 1147 1380 potentiae,
1172 1314 1238 1363 ita
1261 1324 1306 1363 et
1326 1313 1496 1363 eadem
1519 1331 1620 1363 non
1645 1330 1788 1380 posse
1810 1331 1836 1361 e
1859 1312 2103 1361 contrario
2125 1310 2352 1377 potentiae

192 1400 263 1438 est
281 1391 675 1442 adscribendum.
700 1395 923 1459 Alioquin
944 1412 971 1443 e
990 1411 1228 1443 converso
1252 1396 1588 1462 impotentiam
1608 1395 1879 1443 diceremus
1897 1393 2183 1459 potentiam,
2201 1401 2248 1440 et
2267 1409 2351 1457 po-

194 1473 390 1522 tentiam
407 1475 762 1541 impotentiam.
781 1479 935 1524 Nemo
956 1476 1117 1542 itaque
1130 1479 1291 1525 Deum
1306 1477 1625 1543 impotentem
1640 1478 1690 1524 in
1711 1476 1875 1542 aliquo
1894 1474 2054 1523 dicere
2070 1482 2346 1540 praesumat,

192 1553 231 1600 si
254 1571 354 1602 non
378 1557 532 1621 possit
564 1573 762 1623 peccare
786 1557 909 1605 sicut
933 1574 1024 1606 nos
1044 1575 1328 1623 possumus,
1358 1559 1472 1623 quia
1496 1575 1586 1606 nec
1610 1559 1658 1606 in
1686 1558 1830 1606 nobis
1852 1557 1965 1622 ipsis
1999 1555 2095 1602 hoc
2125 1554 2351 1620 potentiae

191 1633 504 1684 tribuendum
531 1647 628 1698 est,
663 1637 750 1685 sed
784 1637 1066 1686 infirmitati.
1095 1639 1236 1687 Unde
1274 1649 1322 1688 et
1353 1639 1661 1704 Augustinus,
1698 1638 1820 1687 libro
1852 1637 1914 1685 de
1953 1636 2190 1683 Trinitate
2223 1637 2308 1681 XV
2337 1653 2346 1680 z

193 1735 215 1757 «
230 1717 419 1780 Magna,
443 1717 617 1782 inquit,
634 1718 736 1782 ejus
758 1713 972 1784 potentia
995 1730 1065 1768 est
1089 1737 1190 1768 non
1210 1737 1354 1786 posse
1370 1720 1580 1770 mentiri.
1603 1722 1726 1769 Sunt
1743 1730 1790 1768 et
1809 1717 2030 1785 quaedam
2050 1733 2156 1782 quae
2173 1717 2223 1764 in
2249 1716 2351 1764 aliis

187 1795 332 1844 rebus
363 1798 590 1864 potentiae
613 1798 895 1865 deputanda
923 1810 1065 1861 sunt,
1090 1802 1141 1849 in
1163 1802 1267 1850 aliis
1295 1801 1692 1868 reprehensibilia
1724 1810 1839 1850 sunt
1855 1839 1867 1862 ,
1895 1816 2008 1848 cum
2031 1798 2202 1846 eadem
2225 1814 2348 1863 saepe

187 1877 390 1926 aliarum
409 1895 571 1927 rerum
595 1879 876 1945 dignitatem
899 1882 1263 1945 commendent,
1286 1883 1492 1932 aliarum
1515 1900 1633 1932 vero
1654 1883 1878 1943 minime3
1904 1879 2053 1928 veluti
2076 1879 2115 1926 si
2138 1879 2246 1944 quis
2264 1877 2350 1925 ho-

187 1957 376 2007 minum
393 1977 559 2009 ursum
575 1961 758 2010 viribus
780 1978 1009 2028 superare
1025 1964 1196 2030 possit,
1214 1963 1311 2012 hoc
1330 1981 1514 2030 magnae
1533 1964 1748 2013 hominis
1765 1962 1993 2030 potentiae
2008 1959 2349 2009 ascribendum

187 2048 274 2086 est.
305 2041 444 2090 Unde
469 2043 572 2108 ipse
594 2043 763 2092 ceteris
785 2043 1069 2093 hominibus
1088 2045 1400 2112 praecelleret,
1424 2056 1472 2095 et
1493 2044 1932 2095 commendabilior
1963 2052 2110 2103 esset,
2138 2041 2273 2107 quod
2300 2042 2347 2088 in

184 2120 327 2171 leone
351 2133 512 2172 tamen
536 2133 584 2172 et
606 2124 655 2172 in
680 2124 935 2191 elephante
957 2143 1047 2192 pro
1066 2143 1245 2191 magno
1263 2128 1424 2177 nullus
1448 2127 1667 2177 haberet.
1695 2127 1813 2175 Inde
1837 2125 1969 2174 enim
1989 2124 2244 2173 hominem
2263 2139 2349 2189 po-

186 2210 367 2251 tentem
387 2207 751 2271 comparatione
775 2207 982 2254 aliorum
1003 2206 1265 2255 hominum
1288 2208 1585 2271 diceremus,
1609 2208 1693 2258 sed
1718 2225 1817 2257 non
1842 2208 1908 2256 ita
1930 2206 2125 2255 leonem
2151 2204 2228 2252 vel
2252 2204 2348 2252 ele-

182 2282 430 2348 phantem.
459 2285 535 2334 Sic
554 2296 602 2334 et
624 2286 674 2334 in
694 2286 896 2336 homine
919 2287 1054 2353 quod
1077 2288 1330 2338 ambulare
1352 2290 1480 2340 valet
1500 2291 1728 2358 potentiae
1751 2299 1823 2338 est
1843 2286 2208 2348 ascribendum,
2232 2302 2349 2351 quo-

183 2364 314 2412 niam
340 2366 443 2431 ejus
477 2367 818 2416 necessitudini
840 2371 1088 2434 congruit,
1115 2387 1205 2418 nec
1229 2371 1279 2419 in
1304 2371 1467 2437 aliquo
1500 2373 1603 2437 ejus
1635 2371 1811 2420 minuit
1834 2370 2137 2435 dignitatem.
2167 2370 2217 2414 ln
2243 2369 2347 2414 Deo

183 2461 299 2493 vero
326 2447 411 2512 qui
433 2448 536 2497 sola
560 2449 810 2498 voluntate
833 2451 999 2499 omnia
1022 2451 1258 2518 complet,
1288 2451 1386 2501 hoc
1408 2453 1612 2501 omnino
1637 2451 1938 2520 superfluum
1964 2459 2109 2511 esset,
2136 2448 2271 2514 quod
2297 2448 2344 2494 in

184 2526 325 2575 nobis
348 2530 674 2578 necessarium
698 2539 792 2591 est,
819 2540 965 2596 atque
997 2531 1110 2581 ideo
1145 2549 1246 2580 non
1277 2535 1532 2599 potentiae,
1568 2534 1651 2582 sed
1686 2534 1805 2582 vitio
1838 2532 1999 2598 potius
2033 2528 2344 2577 tribuendum

183 2618 305 2656 esset
337 2608 385 2656 in
410 2626 489 2670 eo,
515 2612 779 2676 praesertim
804 2629 917 2660 cum
930 2612 1027 2661 hoc
1052 2613 1102 2662 in
1126 2613 1290 2662 multis
1312 2614 1604 2663 excellentiae
1626 2614 1776 2680 ipsius
1792 2613 2071 2677 derogaret,
2096 2619 2148 2657 ut
2168 2607 2341 2657 ambu-

181 2687 280 2736 lare
304 2689 528 2739 videlicet
564 2702 746 2757 posset.
771 2695 841 2742 Ex
864 2711 964 2758 quo
995 2695 1139 2743 etiam
1165 2696 1353 2743 moveri
1381 2695 1598 2743 localiter
1633 2704 1825 2760 posset,
1853 2704 1900 2741 et
1934 2690 2341 2757 compositionem

181 2768 365 2834 pedum
387 2770 664 2832 admittere,
692 2783 740 2820 et
766 2783 817 2823 ut
841 2774 1036 2822 mobilis
1058 2785 1104 2822 et
1138 2775 1434 2824 dissolubilis
1456 2785 1579 2823 esset
1612 2775 1715 2839 ejus
1749 2790 1985 2841 corporea
2016 2782 2065 2821 et
2087 2781 2339 2838 compacta

180 2849 464 2898 substantia.
492 2853 599 2899 Non
624 2852 834 2902 absurde
851 2864 1011 2903 tamen
1036 2865 1084 2903 et
1100 2855 1161 2903 de
1183 2855 1258 2903 his
1280 2855 1510 2903 omnibus
1533 2871 1640 2920 quae
1662 2853 1852 2903 efficere
1875 2870 2158 2921 possumus,
2184 2854 2338 2902 Deum

181 2941 431 2997 potentem
458 2932 803 2998 praedicamus3
831 2936 995 2985 omnia
1034 2952 1140 3000 quae
1174 2937 1361 3001 agimus
1389 2936 1493 3001 ejus
1522 2937 1750 3002 potentiae
1776 2936 2075 2997 tribuimus,
2106 2955 2131 2980 «
2159 2934 2207 2982 in
2239 2951 2336 3000 quo

185 3033 207 3056 (ι
233 3013 455 3071 vivimus,
472 3030 747 3076 movemur,
767 3025 814 3063 et
837 3019 1044 3077 sumus’,
1065 3026 1152 3065 »et
1169 3018 1254 3083 qui
1281 3039 1305 3063 «
1325 3018 1492 3066 omnia
1515 3028 1747 3083 operatur
1771 3018 1821 3065 in
1846 3015 2119 3065 omnibus'.
2135 3035 2160 3061 »
2183 3015 2338 3063 Utitur

179 3093 310 3140 enim
338 3093 479 3142 nobis
509 3095 572 3144 ad
594 3094 902 3145 efficiendum
935 3114 1041 3163 quae
1067 3097 1189 3161 vult,
1228 3098 1365 3164 quasi
1398 3098 1754 3162 instrumentis,
1781 3108 1827 3146 et
1866 3098 1918 3147 id
1952 3114 2149 3164 quoque
2183 3095 2338 3145 facere

229 3278 375 3320 ¹cate9„
391 3289 463 3322 cap.
482 3290 554 3323 vm,
572 3281 594 3325 §
610 3286 640 3317 7.
661 3300 699 3307 —
716 3286 727 3305 ²
742 3285 813 3319 Act.
834 3286 962 3328 Δροει..
995 3295 1066 3327 cap.
1098 3294 1179 3328 xvn,
1208 3295 1239 3320 v.
1271 3289 1325 3322 28.
1347 3305 1378 3311 -
1404 3288 1416 3309 ³
1435 3287 1449 3321 1
1468 3286 1640 3330 Corinth„
1655 3295 1728 3329 cap.
1749 3295 1813 3328 ιιι,
1834 3295 1864 3321 v.
1883 3287 1913 3320 6.

338 3354 371 3379 11
2121 3344 2171 3381 16
