2638 3866
317 181 380 225 22
1125 175 1294 226 PETRI
1329 174 1640 225 ABAELARDI

317 276 479 326 monia
503 273 727 326 inducere
747 272 880 333 libet,
907 272 1080 336 quibus
1100 272 1225 325 hanc
1243 273 1476 324 Trinitatis
1493 272 1847 323 distinctionem
1869 268 2094 320 omnibus
2109 272 2436 320 annuntiatam

316 371 416 405 esse
439 352 728 417 intelligant,
755 367 898 416 quam
915 352 1109 416 quidem
1133 352 1296 404 divina
1328 352 1575 416 inspiratio
1598 361 1644 399 et
1676 367 1761 416 per
1782 350 2039 416 prophetas
2066 348 2238 398 Judaeis
2253 385 2266 409 ,
2288 360 2335 398 et
2355 368 2440 415 per

316 432 628 498 philosophos
663 430 895 483 Gentibus
932 431 1123 495 dignata
1153 441 1223 482 est
1256 431 1487 492 revelare,
1525 440 1578 482 ut
1612 440 1868 495 utrumque
1900 430 2134 496 populum
2168 429 2230 477 ad
2256 430 2438 478 cultum

318 512 457 563 unius
491 512 577 562 Dei
611 512 711 575 ipsa
746 510 919 558 summi
952 509 1070 560 boni
1101 509 1327 575 perfectio
1350 511 1508 574 agnita
1530 510 1767 572 invitaret,
1792 527 1849 559 ex
1869 527 1967 575 quo
1983 509 2173 568 omnia,
2190 525 2275 574 per
2296 525 2440 573 quem

316 592 494 652 omnia,
523 592 572 637 in
597 607 693 654 quo
719 590 898 650 omnia,
926 599 976 638 et
997 590 1179 638 facilius
1199 590 1299 637 haec
1322 590 1438 639 fides
1458 590 1692 640 Trinitatis
1714 600 1931 656 tempore
1952 589 2109 654 gratiae
2126 589 2442 653 susciperetur

317 670 377 721 ab
398 680 604 734 utroque
626 669 808 735 populo
822 707 835 731 ‚
861 685 972 721 cum
996 686 1101 719 eam
1133 686 1159 719 a
1183 669 1461 720 doctoribus
1495 686 1688 734 quoque
1710 670 1918 735 antiquis
1938 668 2156 718 viderent
2178 684 2279 718 esse
2303 666 2444 715 tradi-

318 760 430 801 tam.
2507 740 2510 743 ”

383 828 589 880 Primum
607 829 711 893 ipsa
726 827 840 892 legis
858 827 1051 877 exordia
1066 837 1337 889 occurrant,
1358 828 1441 879 uhi
1456 828 1694 893 legislator
1711 831 1896 894 Moyses
1911 827 2058 878 'fidem
2074 826 2370 876 Catholicam
2380 827 2443 874 de

319 908 495 957 unitate
514 908 688 972 pariter
709 917 756 954 et
779 908 1002 959 Trinitate
1024 917 1252 971 tanquam
1273 909 1491 957 omnium
1510 908 1758 959 bonorum
1783 907 2150 958 fundamentum
2174 907 2439 972 anteponit.

319 990 439 1034 Cum
450 988 577 1040 enim
588 987 779 1041 dicitur¹¹
792 1005 802 1038 z
816 1006 842 1031 «
862 990 911 1036 In
926 987 1163 1052 principio
1177 989 1352 1039 creavit
1365 991 1490 1037 Deus
1499 990 1675 1040 coelum
1688 999 1735 1041 et
1746 998 1939 1048 terram,
1950 1008 1973 1032 2>
1991 1003 2079 1053 pro
2092 1003 2151 1034 eo
2165 986 2297 1051 quod
2312 987 2440 1052 apud

319 1082 406 1112 nos
429 1066 602 1118 dicitur
623 1069 766 1125 Deus,
792 1066 1023 1116 Hebraica
1044 1067 1215 1118 veritas
1234 1066 1396 1129 habet,
1425 1068 1626 1131 Heloym
1640 1105 1652 1128 ‚
1670 1067 1805 1133 quod
1827 1078 1900 1117 est
1922 1066 2105 1133 plurale
2122 1066 2264 1129 hujus
2286 1066 2446 1129 singu·

319 1145 444 1206 laris,
470 1147 600 1210 quod
625 1155 694 1198 est,
716 1145 825 1196 Hel.
844 1148 1001 1203 Quare
1024 1161 1138 1209 ergo
1165 1163 1261 1193 non
1285 1146 1467 1194 dictum
1486 1157 1556 1195 est
1568 1147 1679 1208 Hel,
1705 1147 1838 1211 quod
1859 1157 1930 1196 est
1951 1148 2096 1206 Deus,
2114 1145 2199 1194 sed
2222 1145 2442 1208 Heloym,

318 1225 450 1287 quod
471 1224 599 1290 apud
618 1224 840 1272 Hebraeos
861 1225 927 1273 dii
947 1225 1042 1272 sive
1059 1225 1243 1289 judices
1266 1226 1619 1291 interpretatur,
1645 1227 1736 1276 nisi
1751 1227 1847 1277 hoc
1866 1226 1928 1275 ad
1949 1225 2305 1274 multitudinem
2327 1224 2446 1272 divi·

320 1314 490 1352 narum
513 1314 827 1362 personarum
850 1299 1266 1350 accommodetur:
1286 1309 1338 1347 ut
1359 1300 1577 1361 videlicet
1598 1317 1656 1352 eo
1675 1300 1825 1352 modo
1846 1301 2110 1351 insinuetur
2132 1297 2377 1364 pluralitas
2398 1299 2446 1346 in

321 1380 438 1436 Deo,
463 1376 710 1440 quomodo
733 1387 780 1423 et
800 1378 1027 1437 Trinitas3
1053 1388 1100 1430 et
1118 1377 1482 1442 quodammodo
1507 1379 1751 1445 multiplex
1773 1380 1958 1431 dicatur
1979 1383 2108 1428 Deus
2130 1378 2381 1443 quomodo
2403 1388 2450 1424 et

322 1458 486 1517 trinus,
505 1472 605 1509 non
626 1456 890 1504 secundum
908 1457 1166 1519 quamdam
1190 1457 1464 1507 substantiae
1483 1459 1824 1521 diversitatem,
1840 1460 1926 1511 sed
1941 1458 2207 1511 secundum
2223 1473 2451 1525 persona—

320 1553 427 1584 rum
447 1535 792 1600 proprietates?
816 1539 878 1583 Ut
901 1536 1120 1584 videlicet
1143 1538 1235 1588 tale
1260 1538 1319 1585 sit
1340 1537 1473 1602 quod
1497 1538 1680 1589 dictum
1703 1548 1775 1589 est
1799 1538 2034 1602 Heloym,
2051 1554 2108 1586 ac
2127 1539 2168 1588 si
2189 1537 2446 1597 diceretur,

321 1632 418 1667 non
443 1631 518 1662 res
540 1614 717 1674 multae,
737 1614 820 1665 sed
843 1632 1057 1680 personae
1080 1616 1253 1675 multae,
1278 1634 1483 1681 quarum
1500 1635 1798 1682 unaquaeque
1815 1619 1875 1666 sit
1888 1619 2033 1676 DeuS,
2051 1617 2266 1682 alioquin
2290 1618 2451 1682 liures

321 1695 463 1744 etiam
479 1694 691 1742 dicerent
706 1697 849 1752 De08‚
876 1711 988 1742 cum
1010 1712 1135 1745 unus
1154 1696 1212 1743 sit
1234 1706 1440 1747 tantum.
1472 1701 1590 1746 Nam
1613 1706 1660 1744 et
1690 1697 1870 1749 ibidem
1894 1697 1955 1747 de
1976 1698 2156 1746 unitate
2179 1696 2451 1748 substantiae

322 1774 694 1826 demonstranda
712 1785 850 1823 caute
871 1776 1118 1839 provisum
1142 1785 1228 1835 est,
1251 1792 1363 1824 cum
1386 1776 1563 1825 dicitur
1590 1778 1795 1836 Creavd,
1820 1793 1920 1824 non
1943 1778 2249 1835 Creaverunt,
2270 1786 2453 1824 servata

324 1852 644 1917 singularitate
667 1854 856 1904 numeri
879 1854 927 1900 in
952 1854 1099 1906 verbo
1118 1855 1383 1903 secundum
1406 1856 1637 1923 unitatem
1660 1855 1933 1904 substantiae
1962 1871 2046 1921 per
2069 1855 2339 1919 subjeetum
2362 1872 2451 1904 no-

325 1949 433 1980 men
464 1931 796 1995 intelligentiae,
821 1934 1037 1997 quamvis
1059 1934 1235 1982 scilicet
1265 1935 1392 1983 istud
1419 1952 1598 1989 nomen
1621 1935 1886 1987 secundum
1908 1935 2113 1985 formam
2134 1936 2268 1985 vocis
2291 1942 2338 1984 et
2359 1945 2453 1983 ter-

324 2012 634 2064 minationem
660 2011 989 2064 declinationis
1009 2014 1067 2060 sit
1087 2014 1282 2078 pluralis
1301 2016 1509 2077 numeri,
1527 2016 1646 2063 siout
1661 2031 1686 2065 e
1708 2015 1952 2067 contrario
1964 2031 2075 2065 cum
2086 2015 2276 2076 dicitur,
2301 2014 2454 2066 Turba

323 2102 485 2152 ruant,
512 2090 572 2142 ad
597 2107 775 2143 nomen
795 2092 1042 2156 singularis
1062 2094 1250 2141 numeri
1275 2094 1461 2159 plurale
1491 2094 1694 2144 verbum
1723 2094 2009 2161 applicatur,
2030 2094 2164 2158 juxta
2187 2094 2454 2159 intelligen-

326 2170 437 2218 tiam
461 2171 636 2225 scilicet
658 2171 938 2236 pluralitatis
963 2189 1123 2220 rerum
1146 2190 1234 2238 per
1265 2173 1533 2237 subjectum
1557 2189 1738 2223 nomen
1763 2173 2101 2237 intelligentiae,
2124 2173 2236 2224 Tale
2252 2184 2321 2225 est
2341 2191 2456 2239 ergo

326 2249 523 2312 Heloym
549 2251 742 2309 creavit,
761 2267 816 2298 ac
841 2251 878 2303 si
907 2251 1145 2303 diceretur
1172 2270 1182 2298 z
1211 2253 1412 2303 Trinitas
1437 2269 1754 2318 personarum
1786 2252 2059 2305 divinarum
2081 2254 2286 2312 creavit,
2313 2254 2363 2305 id
2388 2266 2457 2305 est

321 2340 578 2394 cooperata
602 2340 688 2378 est.
713 2330 804 2377 Ubi
825 2341 873 2378 et
890 2332 1050 2378 statim
1073 2332 1121 2378 in
1147 2332 1457 2397 sequentibus
1478 2334 1838 2386 distinctionem
1868 2350 2182 2399 personarum
2213 2335 2454 2393 annectit,

325 2409 457 2472 quasi
480 2409 542 2462 ad
559 2409 976 2463 determinandum
1009 2411 1142 2476 quod
1167 2412 1228 2459 ad
1252 2412 1379 2460 hanc
1403 2412 1730 2465 denotandam
1756 2412 1962 2477 Heloym
1983 2413 2227 2479 pluraliter
2251 2414 2452 2463 dixerat.

325 2490 524 2554 Spiritus
545 2489 740 2553 quidem
763 2491 911 2539 sancti
935 2492 1168 2539 aeternitas
1190 2502 1407 2557 patenter
1426 2493 1840 2554 ostendum-,cum
1863 2493 2039 2543 dicitur
2054 2496 2094 2539 ἐ
2113 2514 2135 2539 κ
2157 2493 2358 2557 Spiritus
2369 2492 2458 2541 do-

327 2569 443 2615 mini
457 2568 695 2621 ferebatur
709 2586 851 2635 super
865 2586 1031 2633 aquas.
1053 2590 1075 2615 »
1095 2571 1305 2620 Verbum
1316 2589 1448 2634 vero,
1471 2572 1520 2620 id
1537 2582 1607 2620 est
1624 2572 1784 2632 Filius,
1799 2572 1940 2624 simul
1953 2582 2000 2622 et
2017 2582 2234 2638 patenter
2246 2572 2457 2623 insinua·

332 2654 545 2706 tur‚cum
560 2648 732 2699 dicitur
744 2651 781 2701 ³:
799 2670 820 2693 κ
839 2650 967 2700 Dixit
979 2653 1109 2699 Deus
1121 2668 1132 2697 ε
1146 2651 1262 2712 Fiat,
1279 2650 1411 2702 »hoc
1424 2652 1554 2704 estin
1565 2651 1696 2703 dieto
1711 2668 1802 2702 suo
1818 2669 1901 2700 seu
1914 2651 2082 2712 verbo,
2100 2651 2150 2699 id
2164 2661 2251 2712 est,
2271 2652 2319 2699 in
2337 2667 2459 2701 <20ae-

332 2735 464 2772 terna
486 2729 713 2793 sapientia
734 2746 819 2777 sua
836 2739 969 2795 pater
986 2730 1224 2779 ordinavit
1242 2730 1472 2783 facienda.
1492 2734 1599 2783 Non
1619 2732 1749 2784 enim
1770 2732 1835 2785 de
1850 2732 2092 2797 corporati
2106 2721 2353 2784 locutione
2365 2730 2461 2780 hoc

334 2805 484 2869 accipi
498 2818 668 2870 potest.
681 2812 734 2856 In
749 2826 807 2857 eo
820 2826 1012 2874 quoque
1026 2809 1159 2873 quod
1172 2811 1403 2876 scriptum
1413 2813 1523 2863 est⁴:
1538 2831 1559 2854 «
1580 2814 1638 2858 Et
1652 2812 1770 2861 vnht
1783 2815 1913 2862 Deus
1925 2811 2059 2877 quod
2071 2821 2194 2862 esset
2206 2811 2414 2868 bonum,
2435 2831 2458 2852 ι»

335 2882 522 2932 bonitas
541 2888 628 2933 Dei
651 2904 793 2951 quam
817 2890 1045 2953 Spiritum
1070 2900 1286 2937 sanctum
1309 2890 1513 2938 dicimus
1528 2926 1540 2947 ‚
1566 2892 1861 2939 insinuatur:
1894 2893 2014 2940 sicut
2034 2892 2083 2939 in
2108 2909 2167 2939 eo
2189 2890 2322 2956 quod
2346 2890 2461 2937 dici-

339 2971 410 3008 tur
429 2981 471 3009 z«
488 2966 614 3011 Dixit
627 2969 770 3027 Deus,
789 2986 810 3011 »
829 2968 1103 3031 intelligitur
1112 2969 1314 3015 verbum
1334 2979 1381 3016 et
1401 2972 1554 3017 Pater.
1572 2971 1681 3019 Tale
1698 2981 1769 3018 est
1785 2972 1914 3019 enim
1929 2971 2070 3041 quod.
2084 2970 2259 3018 dicitur
2277 2987 2319 3015 z«
2335 2967 2461 3015 Vidit

336 3042 462 3088 Deus
475 3043 606 3107 quod
620 3055 738 3093 esset
749 3045 987 3106 honum,»
1003 3063 1058 3094 ac
1069 3047 1108 3094 si
1118 3047 1303 3096 dicatur
1318 3066 1327 3095 :
1341 3048 1669 3112 Intelligendo,
1683 3051 1794 3114 quia
1808 3068 1931 3116 opus
1944 3049 2078 3114 quod
2092 3049 2263 3097 fecerat
2274 3048 2460 3095 bonum

382 3229 529 3268 'Genes.,
550 3239 622 3271 cap.
638 3240 662 3270 1,
678 3241 708 3264 v.
729 3234 758 3265 1.
779 3250 816 3261 —
830 3234 841 3252 '¹
856 3233 955 3271 Ibid„
970 3242 999 3266 v.
1019 3235 1049 3267 2.
1068 3249 1102 3257 ——
1120 3237 1130 3254 ³
1150 3234 1251 3274 1bid.,
1272 3245 1301 3268 v.
1315 3238 1342 3268 3.
1358 3253 1395 3259 -
1410 3236 1534 3276 ⁴1bid.,
1551 3245 1582 3270 v.
1602 3239 1631 3270 4.
