2638 3866
279 194 376 249 778
1193 192 1514 241 APPENDIX.

219 321 222 324 ·
278 293 529 336 substantia.
548 292 679 347 Quod
699 293 833 334 homo
855 292 945 334 sine
968 307 1081 334 nova
1105 292 1243 352 gratia
1262 293 1396 352 possit
1420 293 1605 357 operari.
1624 291 1756 347 Quod
1777 293 1894 336 Deus
1914 308 2006 337 non
2026 294 2160 353 possit
2180 294 2275 354 plus
2294 295 2432 341 facere

279 389 410 432 quam
440 373 556 427 facit,
597 388 676 414 nec
707 371 858 415 melius
889 371 1028 415 facere
1060 388 1191 431 quam
1223 372 1347 427 facit,
1380 389 1461 416 nec
1496 373 1618 416 aliter
1649 372 1791 417 facere
1826 389 1956 432 quam
1987 373 2104 418 facit.
2127 375 2258 430 Quod
2289 377 2433 420 anima

278 453 433 496 Christi
454 469 543 494 non
567 451 789 495 descendit
809 451 866 494 ad
886 452 1061 497 inferos.
1088 454 1194 495 Haec
1225 464 1268 496 et
1290 454 1373 497 alia
1403 452 1619 497 indiculus
1638 464 1736 497 tuus
1758 454 1976 507 continet,
2000 471 2184 514 quorum
2206 457 2430 515 quaedam,

277 533 429 587 fateor,
466 533 617 575 Petrus
653 543 697 575 et
728 532 836 576 dixit
865 543 908 577 et
946 534 1127 594 scripsit,
1176 534 1378 593 quaedam
1413 551 1518 579 vero
1553 550 1694 594 neque
1728 535 1908 594 protulit
1941 550 2082 594 neque
2119 537 2298 596 scripsit.
2323 538 2434 592 Quae

276 623 421 656 autem
453 611 630 666 dixerit,
663 624 708 656 et
728 629 824 671 quae
852 629 941 656 non
973 613 1154 670 dixerit,
1190 625 1234 658 et
1263 632 1393 674 quam
1423 615 1634 660 catholica
1665 626 1810 658 mente
1843 631 1895 659 ea
1926 632 2022 674 quae
2046 616 2203 659 dixerit
2236 618 2431 672 senserit,

275 692 486 736 secundus
509 694 666 753 arrepti
689 694 829 752 operis
856 705 1060 738 tractatus
1083 695 1314 739 christiana
1344 695 1636 756 disputatione
1659 696 1863 740 ardenter.
1885 707 1929 739 et
1961 697 2144 757 impigre
2177 696 2428 742 declarabit.

276 773 392 815 Nam
419 772 523 816 talia
551 785 650 816 sunt
678 790 774 833 quae
803 774 911 818 dilui
937 774 1100 818 debent
1138 785 1267 835 atque
1297 775 1452 830 refelli,
1498 786 1547 819 ut
1577 792 1666 819 non
1697 776 1913 819 immerito
1942 778 2120 837 proprio
2162 788 2435 821 reserventur

275 852 501 897 volumini.
515 854 641 898 Nunc
662 854 770 897 illud
783 865 846 898 est
868 855 1020 898 acriter
1040 855 1403 915 persequendum,
1416 872 1493 899 cur
1515 857 1581 898 vir
1598 867 1783 909 sanctus,
1800 867 1845 899 et
1863 857 1910 898 in
1932 872 2009 900 ore
2030 857 2156 900 famae
2174 842 2431 902 nominatis-

277 934 427 988 simus,
451 935 524 994 qui
547 934 747 994 quaedam
769 935 949 994 perenni
970 935 1217 995 sepelienda
1239 935 1408 979 silentio
1432 931 1597 996 scriptis
1617 936 1800 996 propriis
1821 935 2023 991 tradidit,
2048 937 2178 980 Petro
2199 937 2433 981 Abaelardo

275 1015 487 1058 haereseos
506 1016 668 1059 crimen
696 1017 936 1076 impegerit.
961 1018 1071 1059 Rata
1096 1033 1283 1077 namque
1314 1028 1379 1061 est
1404 1018 1544 1072 fama,
1579 1028 1623 1059 et
1645 1016 1700 1060 ab
1724 1017 1900 1076 antiquo
1929 1017 2050 1076 quasi
2080 1029 2245 1060 naturae
2266 1018 2435 1078 legibus

274 1097 567 1156 promulgata,
594 1098 813 1140 neminem
837 1098 891 1140 de
913 1098 1040 1140 simili
1061 1099 1238 1142 crimine
1261 1100 1509 1158 quempiam
1531 1114 1656 1158 posse
1677 1099 1949 1142 convincere.
1975 1098 2110 1154 Quod
2141 1098 2246 1142 dum
2268 1098 2428 1151 fecisti,

276 1187 319 1220 et
336 1174 634 1237 imprudenter
650 1190 694 1221 et
714 1178 990 1238 impudenter
1011 1179 1151 1239 egisti.
1528 1167 1546 1176 Χ
2160 1173 2166 1177 s

335 1257 488 1301 Petrus
522 1269 759 1313 erraverat,
793 1269 902 1302 esto.
928 1260 997 1302 Tu
1024 1275 1155 1319 quare
1184 1259 1362 1302 errasti?
1386 1260 1474 1302 Aut
1497 1259 1655 1314 sciens,
1685 1269 1759 1301 aut
1791 1258 1984 1302 nesciens
2012 1260 2179 1302 errasti.
2218 1259 2262 1302 Si
2296 1258 2436 1302 sciens

275 1339 438 1393 errasti,
462 1340 596 1382 hostis
621 1339 821 1382 Ecclesiae
851 1339 1164 1399 comprobaris.
1189 1340 1234 1383 Si
1257 1340 1449 1383 nesciens
1473 1340 1647 1394 errasti,
1672 1339 1896 1398 quomodo
1919 1355 1965 1383 es
1988 1339 2191 1383 defensor
2211 1339 2429 1395 Ecclesiae,

274 1419 347 1478 qui
371 1435 562 1463 errorem
584 1420 718 1464 nescis
753 1421 1021 1465 discernere?
1043 1422 1204 1464 Errasti
1232 1436 1332 1465 vere
1365 1420 1470 1465 dum
1489 1421 1706 1480 originem
1728 1420 1970 1463 animarum
1999 1419 2054 1462 de
2075 1419 2184 1463 coelo
2220 1419 2434 1462 asseruisti

274 1515 378 1543 esse.
405 1501 536 1555 Quod
567 1501 750 1560 qualiter
777 1502 822 1544 in
849 1501 962 1545 libro
985 1486 1148 1545 astruas
1162 1535 1174 1556 ,
1199 1503 1406 1562 quoniam
1430 1501 1535 1544 utile
1565 1512 1608 1545 et
1633 1501 1756 1544 facile
1787 1511 1850 1543 est
1875 1501 2079 1561 cognitu,
2111 1500 2253 1560 sagaci
2281 1499 2433 1543 lectori

273 1580 329 1622 ab
366 1581 507 1624 altiori
539 1581 713 1625 cardine
741 1593 949 1626 retexam.
984 1584 1060 1626 Est
1086 1583 1196 1627 liber
1238 1600 1369 1644 quem
1402 1583 1611 1626 Hebraeus
1648 1602 1667 1620 (ι
1691 1583 1727 1625 F
1728 1581 1909 1625 irasirim
1940 1602 1957 1620 ³>
1981 1614 1992 1636 ,
2026 1581 2201 1624 Latinus
2235 1580 2434 1623 nominat

274 1662 497 1704 Canticum
529 1663 818 1718 Canticorum,
850 1665 968 1721 cujus
1003 1664 1145 1708 littera
1191 1665 1467 1725 vigilantibus
1500 1664 1654 1707 animis
1693 1663 1848 1706 divinae
1883 1661 2107 1720 cujusdam
2141 1660 2433 1720 intelligentiae
2463 1687 2471 1692 -

274 1742 400 1784 sudat
432 1758 652 1785 arcanum.
677 1743 747 1785 Ad
769 1745 884 1786 hunc
906 1744 1066 1786 librum
1088 1745 1330 1788 Bernardus
1352 1761 1534 1788 manum
1561 1744 1838 1804 expositionis
1860 1742 2073 1802 applicat3
2108 1753 2157 1785 ut
2181 1742 2236 1784 ab
2258 1740 2434 1784 hirsutis

270 1821 424 1865 litterae
453 1822 666 1882 opusculis
695 1825 855 1884 egregii
877 1840 1022 1867 sensus
1043 1824 1211 1884 frugem
1233 1825 1374 1868 eliciat
1387 1858 1399 1879 ,
1424 1826 1560 1868 utitur
1581 1840 1683 1867 sane
1704 1824 1913 1867 mediocri
1942 1834 1986 1866 et
2004 1834 2245 1886 temperato
2276 1837 2432 1882 genere

273 1902 461 1947 dicendi.
505 1903 592 1947 Sed
626 1886 733 1947 libe‘t
767 1904 991 1964 paululum
1029 1906 1315 1964 percunctari,
1349 1921 1428 1948 cur
1461 1904 1704 1949 Bernardus
1740 1914 1838 1963 post
1875 1914 1941 1946 tot
1974 1903 2204 1946 illustrium
2236 1903 2433 1944 virorum

272 1983 464 2040 sudores,
492 1986 566 2043 qui
593 1985 638 2027 in
662 1985 841 2044 praefato
865 2001 996 2045 opere
1020 2002 1097 2028 sua
1115 1987 1289 2046 ingenia
1306 1987 1598 2040 contulerunt,
1623 1996 1713 2028 tam
1733 1986 1954 2027 immensae
1977 1984 2210 2041 majestatis
2228 1982 2432 2025 volumen

271 2065 453 2108 tentavit
478 2066 525 2107 in
552 2065 694 2109 lucem
722 2065 945 2125 proferre?
976 2067 1089 2109 Nam
1118 2067 1153 2110 si
1186 2069 1371 2125 majores
1401 2068 1540 2110 nostri
1565 2066 1754 2126 plenarie
1786 2065 2135 2123 sufficienterque
2161 2062 2262 2105 libri
2305 2063 2434 2119 hujus

271 2146 457 2189 latebras
480 2146 779 2206 produxerunt
799 2147 845 2189 in
868 2146 1018 2200 solem,
1044 2148 1179 2191 miror
1201 2164 1287 2207 qua
1309 2148 1452 2192 fronte
1479 2163 1604 2191 ausus
1625 2159 1722 2190 tuos
1744 2144 1987 2189 extenderis
2009 2145 2055 2203 in
2081 2159 2189 2204 opus
2211 2142 2434 2185 elimatum

273 2226 330 2269 ad
352 2242 558 2286 unguem.
586 2227 718 2282 Quod
739 2228 773 2269 si
796 2227 938 2287 aliqua
959 2239 1059 2271 sunt
1082 2229 1162 2271 tibi
1184 2229 1373 2273 revelata
1399 2238 1670 2272 sacramenta
1709 2242 1806 2286 quae
1827 2241 1981 2269 eorum
2008 2224 2206 2267 notitiam
2229 2222 2431 2283 fugerint,

271 2322 361 2349 non
384 2307 577 2362 invideo,
622 2309 711 2350 imo
739 2308 881 2351 labori
901 2309 1178 2352 vehementer
1200 2309 1434 2370 applaudo.
1467 2308 1554 2352 Sed
1579 2324 1680 2352 cum
1701 2323 1852 2350 eorum
1875 2306 2181 2366 expositiones,
2206 2318 2433 2347 commen·-

272 2398 449 2447 tumque
480 2398 605 2430 tuum
629 2387 828 2431 studiosis
860 2389 1035 2432 revolvo
1063 2390 1288 2445 manibus,
1324 2390 1434 2432 nihil
1468 2401 1510 2432 te
1543 2389 1646 2432 novi
1669 2388 1823 2430 dixisse
1852 2387 2090 2446 comperio,
2139 2386 2228 2427 imo
2260 2388 2433 2428 sensum

274 2467 462 2511 alienum
483 2469 623 2512 verbis
641 2470 724 2512 tuis
746 2470 945 2512 vestitum
964 2469 1259 2529 deprehendo.
1273 2470 1545 2529 Supervacua
1560 2469 1690 2529 igitur
1705 2467 1949 2527 explanatio
1966 2477 2041 2508 tua
2065 2481 2155 2509 esse
2165 2465 2351 2508 videtur.
2367 2464 2449 2506 Ac.

275 2564 330 2591 ne
346 2550 438 2608 quis
455 2565 525 2593 me
540 2561 663 2610 putet
674 2551 978 2610 improbabilia
991 2550 1315 2611 proloquutum‚
1336 2550 1554 2610 proferam
1576 2564 1701 2608 super
1718 2549 1834 2590 hunc
1855 2546 2015 2588 librum
2028 2544 2287 2604 quadrigam
2302 2558 2434 2602 expo·-

274 2636 453 2679 sitorum
488 2653 499 2680 :
531 2637 763 2697 Origenem
794 2637 954 2681 scilicet
982 2653 1185 2698 graecum,
1217 2636 1496 2680 Ambrosium
1526 2634 1909 2685 mediolanensem,
1942 2631 2189 2674 Rheticium
2224 2639 2430 2689 augusto-

275 2713 534 2773 dunensem,
560 2717 723 2760 Bedam
743 2717 1029 2778 angligenam.
1054 2718 1253 2772 Quorum
1274 2718 1436 2777 primus
1461 2732 1561 2760 cum
1579 2716 1627 2758 in
1649 2715 1799 2758 ceteris
1812 2714 1948 2768 libris,
1967 2723 2017 2755 ut
2041 2713 2101 2755 ait
2124 2711 2429 2769 Hieronymus,

272 2796 440 2852 vicerit,
465 2799 511 2840 in
533 2799 718 2842 Canticis
749 2799 1026 2842 Canticorum
1055 2815 1099 2842 se
1132 2799 1274 2858 ipsum
1302 2798 1419 2841 vicit.
1457 2796 1679 2841 Secundus
1700 2811 1804 2838 vero
1825 2793 2042 2855 probabili
2077 2803 2121 2836 et
2148 2791 2319 2835 erudito
2349 2805 2433 2833 ser-

274 2886 404 2918 mone
440 2878 595 2937 Sponsi
624 2879 885 2939 Sponsaeque
916 2879 1101 2922 firmavit
1127 2895 1310 2922 amores.
1335 2879 1504 2928 Tertius
1529 2876 1856 2938 perplexitatem
1881 2873 2112 2917 voluminis
2147 2871 2320 2914 sublimi
2357 2884 2434 2912 ore

278 2955 488 3002 disseruit.
512 2960 698 3014 Quartus
729 2971 873 3004 autem
904 2960 1097 3018 ejusdem
1128 2960 1228 3003 libri
1261 2976 1397 3021 opaca
1440 2971 1604 3020 septem
1634 2958 1754 3000 libris
1786 2956 1985 2999 absolvit.
2022 2954 2126 2997 Post
2154 2951 2258 2995 tales
2287 2951 2432 3009 itaque

277 3047 319 3080 et
350 3047 439 3080 tam
467 3039 699 3083 industrios
730 3041 860 3097 viros,
897 3042 1140 3085 Bernardus
1168 3053 1284 3097 arat,
1310 3034 1438 3101 'quasi
1470 3039 1632 3100 aliquid
1654 3039 1912 3081 intentatum
1940 3035 2081 3078 nostri
2110 3035 2298 3091 majores
2328 3029 2430 3073 reli-

273 3113 459 3178 querint.
475 3119 698 3163 Possemus
711 3137 813 3164 sane
830 3121 1201 3165 lucubrationibus
1215 3122 1362 3166 diserti
1383 3121 1574 3165 hominis
1597 3121 1885 3179 acquiescere,
1908 3118 1991 3160 nisi
2011 3116 2153 3176 potius
2174 3111 2430 3172 tragoediam

274 3191 489 3242 videretur
520 3216 650 3259 quam
681 3202 1011 3244 commentarios
1043 3213 1205 3246 texere.
1238 3203 1457 3246 Patefacta
1484 3217 1671 3260 namque
1694 3199 1882 3260 quadam
1905 3208 2025 3259 parte
2058 3195 2214 3255 operis,
2252 3200 2431 3251 repente

278 3293 464 3326 mortem
495 3282 560 3325 sui
587 3282 727 3325 fratris
747 3282 934 3338 inducit,
958 3285 1004 3326 in
1025 3285 1143 3341 cujus
1165 3278 1325 3332 funeris
1345 3285 1645 3345 prosecutione
1668 3283 1776 3327 duos
1796 3297 1907 3341 pene
1933 3289 2170 3339 quaternos
2192 3272 2426 3317 consumit·
