2638 3866
282 187 378 235 676
1088 191 1262 237 PETRI
1297 191 1615 239 ABAELARDI

281 320 471 368 cunque
515 303 577 350 ad
617 303 918 367 corporalem
955 304 1031 351 vel
1071 305 1282 368 quietem
1323 304 1402 353 vel
1444 304 1752 354 afflictionem
1789 305 2030 370 pertinent
2065 304 2413 354 beatitudinem

280 382 591 431 nostramve]
618 393 824 446 augeant
844 383 919 431 vel
945 384 1188 445 minuant,
1216 386 1255 432 si
1277 385 1327 433 in
1362 384 1537 434 eodem
1570 386 1818 451 proposito
1847 386 1997 434 virtus
2025 394 2235 432 mentem
2260 394 2415 432 custo-

281 462 396 509 diat.
430 466 533 526 Ipse
562 461 760 525 quidem
780 462 994 510 Christus
1013 473 1172 511 vester
1193 464 1430 529 numquid
1454 465 1682 530 patiendo
1707 482 1845 514 suam
1875 465 2049 512 minuit
2067 463 2413 520 beatitudinem

279 551 361 589 aut
408 542 702 605 resurgendo
741 542 900 590 auxit?
941 546 1255 608 Nequaquam
1293 546 1437 610 igitur
1483 547 1597 611 quia
1640 546 1735 595 illic
1769 556 1955 594 cessant
2001 544 2275 610 corporales
2317 545 2414 592 istae

279 621 581 682 afflictiones,
618 639 708 670 nos
745 623 812 671 ibi
848 639 1043 671 censeas
1078 624 1263 673 futuros
1290 625 1549 688 beatiores,
1575 627 1614 674 si
1651 626 1799 675 futuri
1833 642 1933 674 non
1972 641 2136 673 sumus
2172 623 2410 676 meliores.

343 703 613 750 Cnmsnffl.
643 703 773 761 Quid
794 704 836 751 si
859 705 1058 751 sumus?

283 847 303 852 Ν
341 783 531 829 PfflLos.
558 783 734 847 Utique
756 783 996 832 beatiores
1021 784 1133 848 quia
1156 784 1396 834 meliores.

277 851 312 912 “J
345 864 535 909 Pmnos.
575 862 736 923 lllam,
776 873 828 910 ut
862 863 1044 922 dixisti,
1077 864 1223 912 vitam
1259 883 1349 931 pro
1382 866 1562 914 meritis
1592 864 2069 929 tanquam‘debitam
2106 864 2409 929 exspectatis,

279 950 508 1004 tanquam
530 942 609 989 hic
633 959 743 989 cum
768 943 892 990 vitiis
914 960 1075 1008 pugna
1098 944 1183 1002 sit,
1206 943 1274 991 ibi
1296 946 1504 992 victoriae
1525 961 1724 992 corona.

341 1023 532 1070 PmLos.
563 1026 629 1069 lta
652 1023 880 1070 omnibus
902 1033 1071 1088 patens
1095 1034 1181 1071 est.

339 1103 607 1149 CHmsnAN.
637 1105 748 1161 Quo
779 1104 921 1167 igitur
943 1103 1090 1151 modo
1113 1103 1180 1151 ibi
1207 1121 1388 1152 merces
1411 1104 1686 1170 recipienda
1715 1113 1786 1152 est
1813 1119 2042 1168 agonum,
2074 1103 2113 1150 si
2145 1102 2326 1150 felicius
2346 1102 2412 1150 ibi

274 1197 373 1227 non
414 1182 473 1228 sit
509 1182 796 1239 vivendum,
833 1200 923 1231 nec
954 1183 1035 1231 illa
1073 1185 1167 1231 vita
1200 1185 1259 1231 sit
1295 1184 1510 1249 praesenti
1548 1184 1716 1231 melior
1749 1201 1804 1231 ac
1833 1183 2049 1231 beatior?
2081 1182 2227 1241 Quod
2258 1183 2297 1229 si
2333 1181 2412 1231 illa

272 1277 418 1324 quam
433 1262 537 1309 haec
557 1261 759 1318 beatior,
783 1264 999 1329 profecto
1019 1273 1066 1311 et
1082 1265 1166 1328 qui
1185 1281 1241 1312 ea
1261 1264 1485 1312 fruuntur
1503 1263 1758 1325 beatiores,
1779 1281 1926 1329 quam
1946 1263 2028 1311 1110
2049 1279 2150 1310 esse
2166 1262 2405 1310 videntur.

337 1343 526 1390 Pinnos.
555 1343 730 1406 Utique
756 1343 1021 1403 beatiores,
1050 1353 1103 1390 ut
1135 1343 1260 1404 dixi,
1295 1344 1334 1390 si
1369 1343 1611 1391 melioreS.
1640 1344 1786 1392 Aliter
1808 1360 2114 1410 nequaquam
2137 1343 2407 1408 recipimus.

273 1423 366 1468 Nec
401 1423 531 1468 enim
564 1423 646 1486 qui
681 1439 913 1470 coronam
950 1423 1150 1488 adeptus
1184 1433 1280 1484 est,
1308 1424 1493 1487 majore
1524 1424 1667 1488 igitur
1689 1424 1916 1489 praeditus
1947 1434 2017 1472 est
2039 1424 2238 1481 virtute,
2265 1439 2412 1488 quam

270 1511 410 1549 antea
446 1503 586 1549 fuerit
614 1504 661 1549 in
687 1505 967 1562 certamine,
1001 1521 1091 1551 nec
1116 1504 1216 1567 ejus
1250 1503 1482 1551 fortitudo
1516 1504 1669 1568 major
1691 1514 1761 1552 est
1792 1504 1939 1563 facta,
1969 1504 2079 1551 licet
2109 1503 2260 1567 magis
2291 1520 2413 1551 nun-

271 1597 417 1643 quam
441 1583 573 1647 prius
596 1584 655 1630 sit
677 1583 880 1648 probata
902 1584 978 1631 vel
1002 1585 1216 1648 cognita,
1242 1584 1393 1632 immo
1417 1601 1473 1631 ex
1498 1585 1602 1649 ipso
1627 1585 1904 1647 gravamine
1928 1583 2182 1632 conflictus
2204 1583 2412 1631 fortassis

271 1661 535 1720 diminuta3
558 1680 647 1710 nec
666 1664 1003 1728 triumphantis
1019 1681 1165 1727 quam
1189 1666 1446 1728 pugnantis
1465 1675 1534 1712 est
1555 1666 1652 1713 vita
1675 1666 1868 1727 melior,
1886 1681 2180 1730 quamquam
2199 1664 2408 1712 suavior.

335 1744 608 1791 CmusTIAN.
632 1746 919 1806 Egestatem‚
946 1743 1289 1804 infirmitatem,
1319 1755 1527 1791 mortem
1553 1755 1600 1792 et
1624 1755 1804 1792 ceteras
1836 1745 2179 1792 adversitatum
2203 1743 2277 1791 vel
2310 1759 2413 1808 pas·

269 1823 460 1869 sionum
509 1823 751 1870 molestias
790 1824 1071 1870 tam'vestri
1115 1839 1261 1887 quam
1303 1825 1456 1871 nostri
1490 1824 1714 1872 doctores
1747 1835 1795 1872 et
1825 1826 2002 1890 pariter
2037 1825 2244 1872 universi
2279 1824 2413 1871 malis

273 1912 642 1963 connumerant,
676 1912 723 1949 et
744 1913 942 1967 propter
975 1903 1055 1950 illa
1082 1921 1187 1967 quae
1217 1904 1474 1951 virtutibus
1502 1905 1743 1952 contraria
1773 1914 1907 1966 sunt,
1939 1914 2039 1952 tam
2069 1905 2239 1951 animae
2266 1901 2410 1967 quam

269 1983 484 2046 corporis
509 1983 658 2030 multa
685 1993 796 2029 sunt
828 1983 958 2041 vitia,
985 2000 1092 2047 quae
1123 1983 1439 2031 nihilominus
1459 1986 1586 2032 inter
1607 1985 1733 2033 mala
1756 1995 1868 2032 sunt
1890 1983 2176 2049 reputanda,
2203 1993 2256 2030 ut
2277 1983 2410 2031 clau-

267 2061 442 2109 dicatio
478 2062 696 2127 corporis
731 2062 828 2109 sive
869 2063 1078 2123 caecitas,
1109 2063 1356 2111 hebetudo
1392 2065 1565 2112 mentis
1600 2065 1674 2112 vel
1704 2064 2016 2112 obliviositas.
2054 2066 2125 2110 De
2162 2064 2412 2111 contrariis

266 2142 463 2206 quidem
485 2142 755 2189 Aristoteles
779 2143 828 2189 in
856 2144 1117 2208 Categoriis
1143 2145 1239 2191 suis
1263 2144 1519 2192 disserens¹
1547 2163 1557 2191 ε
1592 2164 1615 2188 c<
1636 2145 1960 2205 Contrarium,
1980 2163 2003 2189 »
2030 2143 2204 2208 inquit,
2234 2162 2257 2187 u
2277 2142 2410 2191 bono

267 2222 464 2285 quidem
496 2239 553 2269 ex
575 2222 854 2270 necessitate
882 2233 952 2270 est
977 2223 1182 2281 malum3
1205 2224 1302 2271 hoc
1333 2234 1496 2272 autem
1528 2224 1688 2290 palam
1712 2234 1783 2272 est
1814 2241 1899 2289 per
1930 2223 2230 2288 singulorum
2255 2222 2411 2287 objec-

264 2304 479 2361 tionem3
515 2313 568 2349 ut
605 2303 794 2350 sanitati
827 2303 1031 2365 languor
1055 2314 1102 2351 et
1132 2304 1324 2367 justitiae
1352 2304 1583 2368 injustitia
1611 2315 1658 2353 et
1693 2304 1967 2364 fortitudini
1998 2303 2232 2352 debilitas·
2269 2303 2412 2350 Simi-

264 2382 370 2429 liter
400 2393 558 2430 autem
592 2393 639 2429 et
669 2383 716 2428 in
750 2382 868 2429 aliis.
905 2384 1030 2430 Malo
1054 2393 1215 2431 autem
1244 2384 1506 2448 aliquando
1544 2386 1742 2449 quidem
1775 2385 1965 2432 bonum
1990 2394 2059 2432 est
2081 2384 2406 2444 contrarium,

266 2462 525 2527 aliquando
560 2463 758 2510 malum.
799 2464 1004 2526 Egestati
1029 2465 1186 2523 enim,
1216 2482 1329 2512 cum
1365 2466 1424 2511 sit
1463 2466 1663 2526 malum,
1698 2464 2138 2530 superabundantia
2170 2464 2410 2511 contraria

266 2554 352 2604 est,
385 2561 497 2592 cum
522 2544 582 2591 sit
609 2543 711 2608 ipsa
735 2543 934 2591 malum.
961 2544 1055 2592 Sed
1080 2546 1128 2591 in
1154 2546 1320 2609 paucis
1346 2545 1441 2592 1100
1464 2545 1557 2592 tale
1587 2545 1816 2610 quislibet
1837 2545 2074 2610 inspiciet.
2116 2547 2165 2591 ln
2193 2543 2410 2608 pluribus

266 2641 380 2671 vero
414 2640 603 2689 semper
634 2623 813 2669 malum
849 2622 983 2670 bono
1016 2625 1310 2671 contrarium
1337 2634 1421 2672 est.
1445 2646 1468 2668 „
1496 2628 1553 2672 Et
1584 2625 1632 2672 in
1662 2627 1847 2690 Topicis
1880 2624 1977 2671 suis
2000 2623 2203 2684 Tullius,
2236 2640 2347 2671 cum
2381 2640 2411 2671 a

266 2705 513 2752 contrariis
544 2705 710 2751 locum
742 2705 1001 2768 assignaret
1030 2722 1041 2750 ε
1071 2704 1160 2750 «Si
1183 2704 1315 2752 bona
1349 2715 1435 2764 est,
1470 2726 1493 2748 »
1519 2705 1700 2766 inquit,
1727 2724 1751 2750 «
1779 2706 1984 2763 sanitas,
2021 2703 2145 2751 mala
2174 2713 2246 2750 est
2274 2703 2412 2767 aegri—

266 2785 401 2832 tudo.
435 2804 457 2829 »
494 2786 597 2849 Ipse
632 2784 774 2831 etiam
810 2785 1046 2831 Dominus
1083 2784 1144 2832 de
1179 2801 1296 2850 pace
1331 2801 1476 2849 quam
1513 2784 1852 2834 obedientibus
1878 2784 2041 2832 tribuit
2078 2794 2127 2832 et
2159 2783 2220 2831 de
2252 2800 2413 2848 perse-

266 2864 541 2911 cutionibus
559 2880 680 2928 quas
696 2863 955 2911 rebellibus
980 2865 1218 2912 immittit’
1234 2882 1321 2931 per
1341 2866 1630 2931 prophetam
1652 2867 1744 2914 ait³
1773 2884 1784 2912 :
1809 2885 1831 2910 «
1856 2868 1956 2928 Ego
1979 2865 2218 2911 Dominus
2237 2864 2412 2911 faciens

265 2943 451 2991 bonum
474 2954 521 2991 et
549 2961 715 2991 creans
737 2944 935 2991 malum.
958 2964 981 2989 »
1011 2948 1067 2992 Et
1095 2945 1143 2991 in
1176 2946 1423 3010 evangelio
1447 2947 1687 2993 Dominus
1718 2945 1779 2993 de
1808 2945 2010 2993 terrenis
2032 2944 2174 2992 bonis
2199 2953 2247 2992 et
2277 2943 2411 2991 malis

265 3023 327 3070 ad
365 3023 559 3070 divitem
593 3026 679 3071 ait*
706 3042 716 3070 :
754 3044 776 3067 (ε
800 3025 1032 3089 Recepisti
1063 3025 1191 3072 bona
1224 3026 1273 3072 in
1314 3026 1409 3073 vita
1444 3036 1526 3074 tua
1557 3036 1606 3073 et
1640 3029 1846 3074 Lazarus
1883 3025 2098 3072 similiter
2126 3024 2294 3071 mala.»
2329 3021 2408 3068 Ille

306 3234 314 3254 ¹
338 3234 469 3274 Catey.⁷
489 3241 561 3273 cap.
579 3244 629 3276 χι,
658 3234 686 3266 l.
705 3232 766 3256 —2
781 3231 971 3267 Rheinwald
990 3234 1299 3278 persecutionibus,
1320 3245 1425 3277 quam
1457 3236 1641 3270 rebellibus
1665 3237 1846 3269 immittat.
1864 3253 1903 3259 —
1917 3235 1929 3256 ³
1944 3233 2032 3273 lsai„
2055 3241 2127 3273 cap.
2151 3239 2231 3273 xiv,
2258 3239 2288 3262 v.
2313 3232 2343 3263 7.
2365 3247 2405 3255 -

264 3291 273 3309 ⁴
288 3287 380 3328 Luc„
403 3295 474 3328 cap.
494 3295 614 3322 xxvm.
