2638 3866
309 275 403 322 208
1114 268 1280 315 PETRI
1317 266 1644 314 ABAELARm

311 377 429 422 Nam
463 384 509 420 et
544 382 799 435 antequam
837 370 1005 434 aliquis
1045 368 1327 433 baptizetur,
1363 367 1400 412 si
1428 366 1528 429 jam
1562 365 1715 412 credit
1749 375 1796 413 et
1830 366 2008 430 diligit,
2044 367 2164 414 sicut
2201 366 2439 415 Abraham

310 455 370 500 de
400 469 498 517 quo
530 452 759 515 scriptum
791 451 883 497 est¹
908 467 917 496 :
951 469 972 491 «
992 447 1204 496 Credidit
1230 445 1470 493 Abraham
1502 448 1623 504 Deo,
1656 455 1702 492 et
1731 455 2005 512 reputatum
2033 456 2101 493 est
2130 447 2174 493 ei
2209 447 2271 494 ad
2301 447 2442 510 justi-

310 534 448 590 tiam,
475 551 498 575 »
527 541 573 577 et
606 530 801 577 fortasse
835 528 1084 576 Cornelius
1116 525 1337 572 nondum
1369 524 1661 590 baptizatus,
1695 526 1829 589 cujus
1863 525 2176 590 eleemosynae
2214 536 2442 591 susceptae

308 622 459 659 sunta
481 614 603 671 Deo,
624 620 670 657 et
691 610 750 657 de
770 609 1014 674 praeteritis
1033 606 1241 671 peccatis
1265 622 1376 653 vere
1400 607 1617 671 poenitet,
1641 606 1761 653 sicut
1782 606 2066 671 publicanus
2086 606 2167 670 qui
2184 606 2244 653 de
2261 607 2442 671 templo

308 691 556 738 descendit
576 690 858 754 justificatus
883 709 892 734 ε
922 705 1032 735 611111
1051 687 1230 749 justum
1255 686 1413 733 dicere
1436 703 1536 734 non
1560 686 1751 748 dubito,
1779 704 1863 735 seu
1881 688 2111 752 justitiam
2135 686 2331 748 habere,
2361 688 2443 751 qui

309 771 565 835 unicuique
598 770 756 818 reddit
792 767 923 833 quod
956 783 1095 814 suum
1134 776 1221 813 est.
1250 766 1388 813 Unde
1420 777 1467 814 et
1500 783 1558 814 ex
1591 775 1728 813 utero
1761 766 2081 814 sanctificatos
2110 768 2364 814 Jeremiam
2397 777 2445 815 et

307 855 541 898 Joannem
576 850 806 907 dicimus,
840 847 921 894 ubi
958 845 1223 911 specialiter
1254 846 1507 893 illuminati
1543 846 1808 894 Dominum
1839 847 1939 910 jam
1974 847 2356 910 cognoscebant,
2399 857 2445 894 et

308 930 597 993 diligebant3
625 928 841 994 quamvis
863 927 929 972 eis
953 925 1112 972 adhuc
1138 926 1458 973 necessarium
1478 935 1599 974 esset
1625 927 1864 992 suscipere
1883 927 2314 985 circumcisionem,
2340 943 2445 991 quae

306 1020 419 1057 tunc
441 1010 601 1056 locum
627 1006 873 1055 obtinebat
898 1005 1147 1070 baptismi.
1179 1008 1340 1063 Quare
1370 1022 1502 1069 ergo,
1530 1006 1734 1070 inquies,
1766 1007 1880 1054 istos
1915 1007 2029 1054 tales
2052 1017 2218 1072 postea
2241 1007 2447 1054 circum-

310 1089 404 1137 cidi
427 1089 499 1136 vel
524 1088 751 1153 baptizari
778 1086 1010 1152 oportuit,
1036 1086 1119 1149 qui
1140 1089 1240 1150 Jam
1267 1095 1407 1133 antea
1430 1096 1583 1146 erant,
1611 1103 1669 1133 ex
1691 1086 1786 1134 fide
1809 1087 1987 1135 scilicet
2012 1095 2058 1135 et
2080 1088 2273 1135 caritate
2298 1103 2444 1151 quam

309 1169 568 1229 habebant,
590 1177 635 1215 et
658 1184 797 1231 quOS,
825 1168 864 1214 si
885 1176 1000 1213 tunc
1025 1175 1343 1227 morerentur,
1367 1167 1539 1213 salvari
1562 1184 1754 1215 necesse
1777 1169 1927 1216 esset?
1952 1172 2102 1215 Nemo
2125 1168 2304 1232 quippe
2323 1168 2448 1231 juste

311 1250 434 1295 mori
466 1257 639 1313 potest,
669 1247 742 1293 vel
767 1247 952 1294 habens
979 1247 1241 1308 caritatem,
1270 1246 1353 1310 qui
1375 1246 1648 1294 damnatur.
1686 1250 1862 1296 Rursus
1894 1265 2057 1308 nem0,
2085 1248 2186 1295 sine
2207 1247 2448 1312 baptismo

321 1329 390 1375 vel
423 1328 668 1391 martyrio,
696 1337 805 1392 post
837 1327 1001 1374 datam
1032 1326 1094 1373 de
1125 1326 1365 1391 baptismo
1390 1328 1699 1389 sententiam,
1727 1328 1898 1376 salvari
1928 1338 2103 1394 potest.
2138 1329 2262 1374 Mori
2291 1336 2450 1374 tamen

315 1417 529 1473 poterat,
558 1423 672 1454 cum
709 1408 954 1454 caritatem
991 1406 1226 1468 habebat,
1263 1416 1372 1454 ante
1403 1407 1699 1472 baptismum
1724 1408 1799 1456 vel
1823 1409 2127 1473 martyrium,
2165 1405 2452 1472 ecquidem

317 1498 531 1552 tempore
567 1504 683 1551 quo,
710 1488 915 1552 inquies,
942 1479 980 1534 si
1013 1497 1298 1549 moreretur,
1336 1497 1383 1535 et
1415 1487 1586 1536 salvari
1618 1505 1730 1535 eum
1760 1504 1953 1536 necesse
1983 1497 2183 1535 essetet
2213 1486 2449 1534 damnari.

319 1571 413 1614 Nos
444 1577 606 1614 autem
630 1567 836 1615 dicimus
863 1584 1056 1615 omnem
1086 1568 1167 1632 qui
1197 1568 1464 1615 Dominum
1493 1569 1674 1616 sincere
1706 1578 1753 1616 et
1782 1585 1902 1633 pure
1933 1578 2130 1634 propter
2162 1568 2320 1632 ipsum
2351 1568 2452 1630 jam

318 1647 497 1710 diligit,
531 1646 919 1712 praedestinatum
963 1648 1024 1696 ad
1059 1649 1228 1709 vitam,
1267 1664 1358 1694 nec
1397 1664 1611 1712 unquam
1646 1648 2036 1713 praeveniendum
2076 1657 2256 1709 morte,
2295 1646 2453 1694 donec

319 1727 360 1773 ei
383 1727 457 1773 vel
487 1743 572 1791 per
602 1726 990 1791 praedicationem
1015 1726 1090 1775 vel
1123 1744 1208 1792 per
1231 1727 1461 1791 Spiritum
1489 1737 1707 1775 sanctum
1735 1729 1972 1775 Dominus
2007 1728 2185 1775 revelet
2217 1725 2455 1791 quidquid

319 1808 361 1854 ei
396 1806 456 1854 de
494 1808 801 1854 sacramentis
841 1807 981 1855 fuerit
1018 1808 1357 1869 necessarium,
1400 1818 1447 1855 et
1481 1808 1679 1874 insuper
1716 1807 1988 1855 facultatem
2027 1807 2122 1855 hoc
2159 1805 2455 1872 percipiendi

320 1887 555 1934 tribuerit.
589 1887 734 1945 Quod
758 1903 872 1935 vero
899 1889 1179 1954 opponitur,
1205 1905 1318 1935 eum
1341 1889 1424 1953 qui
1447 1899 1556 1935 ante
1577 1888 1871 1954 baptismum
1892 1889 1993 1952 jam
2020 1888 2175 1952 justus
2200 1895 2322 1945 erat,
2351 1901 2453 1933 cre·

321 1966 481 2014 dendo
507 1976 650 2032 atque
677 1967 922 2032 diligendo
947 1971 1122 2027 Deum,
1155 1968 1203 2025 in
1240 1985 1298 2016 eo
1326 1978 1544 2034 tempore
1571 1969 1716 2016 etiam
1743 1985 1862 2028 esse,
1886 1969 1933 2015 in
1968 1984 2066 2032 quo
2099 1968 2139 2014 si
2167 1973 2451 2025 moreretur,

322 2057 367 2094 et
388 2047 556 2094 salvari
581 2065 694 2095 eum
717 2059 763 2095 et
786 2049 1005 2096 damnari
1026 2058 1288 2115 oporteret,
1314 2048 1411 2096 hoc
1439 2050 1624 2114 opponi
1647 2059 1804 2114 potest
1826 2048 1886 2096 de
1910 2048 2128 2113 quolibet
2149 2045 2456 2095 criminaliter

323 2138 566 2191 peccante,
607 2128 690 2192 qui
728 2128 958 2177 advitam
998 2129 1356 2194 praedestinatus
1393 2139 1480 2191 est,
1519 2130 1658 2177 sicuti
1687 2129 1748 2178 de
1782 2129 1936 2178 David
1970 2128 2286 2177 adulterante.
2326 2126 2457 2173 Sicut

323 2208 449 2253 enim
483 2207 635 2268 illum,
679 2209 762 2273 qui
788 2209 944 2273 justus
977 2220 1099 2270 erat,
1139 2210 1308 2259 salvari
1349 2220 1622 2276 oporteret,
1660 2212 1727 2258 sic
1756 2211 1937 2275 justum
1975 2209 2058 2274 qui
2099 2207 2457 2274 praedestinatus

324 2300 421 2350 est,
465 2292 584 2338 sicut
622 2308 720 2339 non
758 2292 1076 2358 baptizatum,
1121 2294 1341 2342 damnari
1384 2311 1576 2342 necesse
1613 2304 1762 2351 esset,
1803 2294 1870 2341 sic
1909 2294 2053 2340 istum
2087 2291 2453 2339 adulterantem.

325 2371 429 2417 Fuit
450 2371 608 2435 itaque
638 2381 684 2419 et
708 2373 862 2420 David
883 2374 931 2421 in
957 2375 1173 2439 quodam
1198 2385 1433 2441 tempore,
1462 2376 1510 2422 in
1534 2392 1632 2440 quo
1662 2376 1701 2422 si
1726 2385 2009 2433 moreretur,
2035 2383 2082 2421 et
2102 2371 2322 2421 damnari
2345 2385 2457 2417 eum

325 2461 370 2497 et
400 2451 569 2499 salvari
607 2453 878 2518 oportebat.
923 2455 1017 2502 Sed
1052 2472 1232 2516 rursus,
1267 2456 1306 2502 si
1338 2457 1387 2502 in
1429 2455 1512 2502 illo
1545 2464 1761 2520 tempore
1797 2455 1902 2514 fuit,
1944 2455 1993 2500 in
2028 2470 2126 2518 quo
2164 2468 2263 2498 non
2297 2458 2460 2514 posset

325 2531 444 2578 mori
470 2530 593 2579 bene
609 2570 620 2591 ,
647 2542 694 2579 et
718 2533 768 2581 in
792 2533 926 2581 nullo
953 2536 1000 2582 in
1028 2551 1126 2598 quo
1152 2551 1252 2582 non
1277 2535 1401 2581 male
1424 2545 1585 2600 posset
1608 2536 1763 2596 mori,
1792 2534 2025 2599 quamdiu
2050 2531 2222 2580 habuit
2254 2529 2459 2577 liberum

325 2611 579 2658 voluntatis
612 2612 862 2660 arbitrium
891 2632 901 2660 z
932 2631 1032 2661 non
1065 2625 1224 2662 tamen
1256 2616 1457 2662 omnino
1489 2616 1538 2662 in
1575 2615 1736 2679 aliquo
1768 2614 1873 2675 fuit,
1907 2615 1957 2661 in
1987 2629 2086 2677 quo
2116 2626 2309 2659 11666556
2340 2617 2461 2656 esset

325 2704 434 2735 eum
465 2700 510 2736 et
543 2691 667 2738 bene
695 2700 742 2739 et
770 2693 892 2740 male
916 2695 1057 2741 mori.
1086 2697 1242 2741 Immo
1268 2695 1317 2741 in
1342 2694 1476 2741 nullo
1508 2704 1723 2759 tempore
1748 2709 1940 2741 necesse
1973 2693 2060 2739 fuit
2095 2691 2304 2755 aliquem
2335 2687 2461 2736 bene

326 2771 472 2828 mori,
513 2772 588 2818 vel
623 2773 672 2819 in
705 2773 839 2820 nullo
873 2775 1085 2840 aliquem
1114 2776 1238 2823 male
1266 2776 1415 2836 mori,
1446 2774 1530 2822 sed
1559 2776 1608 2822 in
1642 2774 1837 2838 singulis
1866 2771 2180 2839 temporibus,
2214 2771 2262 2817 in
2287 2767 2461 2834 quibus

328 2858 482 2911 potest
498 2850 668 2915 aliquis
684 2852 810 2901 bene
835 2856 976 2917 mori,
1000 2863 1156 2921 potest
1177 2856 1227 2903 in
1245 2854 1429 2903 eisdem
1450 2854 1574 2902 male
1595 2855 1734 2902 mori.
1756 2858 1810 2901 ln
1834 2853 1968 2901 nullo
1986 2862 2146 2900 tamen
2165 2849 2462 2914 conjunctim

327 2943 494 2974 verum
519 2939 588 2976 est
626 2931 800 2992 dicere,
827 2951 938 2981 eum
962 2952 1101 3000 posse
1134 2936 1259 2983 mori
1291 2935 1434 2982 simul
1461 2935 1586 2983 bene
1617 2946 1664 2983 et
1695 2935 1834 2982 male.
1865 2934 1942 2981 Sic
1966 2942 2013 2980 et
2034 2932 2095 2980 de
2123 2931 2205 2978 illo
2228 2930 2310 2994 qui
2341 2928 2464 2976 cari-

328 3015 474 3052 tatem
503 3007 651 3056 habet
689 3022 797 3059 ante
828 3013 1120 3078 baptismum
1137 3054 1148 3075 ,
1174 3025 1221 3063 et
1243 3032 1329 3080 per
1349 3015 1446 3062 hoc
1465 3015 1620 3078 justus
1639 3025 1728 3076 est,
1752 3013 2064 3062 concedimus
2086 3009 2219 3075 quod
2249 3010 2298 3055 in
2327 3007 2462 3055 nullo

328 3094 549 3149 tempore
572 3087 727 3149 fuerit,
747 3091 795 3136 in
819 3108 916 3155 quo
938 3111 1128 3142 necesse
1148 3104 1269 3142 esset
1288 3110 1401 3142 eum
1426 3094 1597 3141 salvari
1618 3105 1665 3141 et
1684 3094 1905 3141 damnari
1926 3091 2085 3150 simul,
2112 3090 2151 3136 si
2176 3096 2458 3136 moreretur.

333 3166 495 3211 Posset
514 3167 692 3231 quippe
717 3169 754 3215 is
778 3171 859 3233 qui
883 3174 1125 3221 caritatem
1153 3174 1296 3222 habet
1320 3183 1430 3222 ante
1453 3173 1768 3238 baptismum,
1795 3173 1896 3219 sine
1915 3171 2110 3218 caritate
2134 3179 2249 3216 tunc
2272 3183 2390 3223 esse,
2417 3174 2464 3213 et

373 3345 378 3361 ¹
400 3344 512 3386 Rom,
524 3354 594 3386 cap.
612 3355 655 3387 iv,
673 3356 703 3381 v.
720 3350 749 3381 3.
