2638 3866
301 223 397 271 722
1105 222 1277 269 PETRI
1315 221 1628 270 ABAELARDI

298 320 471 368 Christi
507 338 648 385 quam
672 322 840 370 'electis
858 321 1052 386 'Angelis
1089 331 1136 370 et
1163 321 1444 369 hominibus
1476 322 1631 369 inesse
1660 336 1848 386 semper
1875 336 2188 384 recognosco.
2224 321 2362 368 Unde
2387 330 2434 368 et

299 401 361 448 de
399 401 512 465 ipsis
547 403 764 466 supernis
806 402 1049 468 spiritibus
1092 403 1325 469 scriptum
1361 412 1468 450 est:
1495 421 1519 448 «
1540 401 1754 450 Adorant
1791 400 2171 463 dominationes,
2218 410 2434 448 tremunt

300 490 570 545 potestates.
598 501 619 523 »

362 562 645 609 Potestatem
703 562 881 626 ligandi
931 574 1076 629 atque
1139 563 1357 611 solvendi
1409 563 1762 612 successoribus
1812 562 2155 628 Apostolorum
2204 559 2432 609 omnibus

298 656 432 703 aeque
464 650 517 687 ut
540 641 677 706 ipsis¹
702 644 948 708 Apostolis
978 661 1256 692 concessam
1278 661 1378 692 esse
1408 643 1657 709 profiteor,
1684 653 1732 690 et
1754 653 1852 690 tam
1876 642 2086 706 indignis
2104 658 2253 708 quam
2275 640 2432 704 dignis

297 719 557 785 episcopis,
597 723 813 787 quandiu
849 741 933 772 eos
967 724 1176 772 Ecclesia
1210 725 1485 790 susceperit.

363 803 545 849 Omnes
577 803 627 849 in
656 803 912 852 dilectione
947 807 1034 853 Dei
1057 815 1105 853 et
1129 806 1334 872 proximi
1359 805 1580 869 aequales,
1605 804 1848 868 aequaliter
1877 804 2038 851 bonos
2069 820 2170 851 esse
2194 801 2430 850 confiteor

295 892 342 929 et
363 883 543 931 meritis
566 901 705 950 pares
731 905 743 932 ε
771 903 862 933 nec
885 888 1146 951 quicquam
1167 887 1324 934 meriti
1344 887 1475 952 apud
1501 889 1655 933 Deum
1680 885 1923 951 deperire,
1949 885 1988 931 si
2011 884 2152 932 bonae
2174 883 2431 931 voluntatis

295 963 491 1010 affectus
518 980 546 1011 a
574 968 690 1012 suo’
712 967 1033 1031 praepediatur
1066 967 1257 1015 effectu.
1292 970 1399 1015 Non
1428 967 1558 1014 enim
1589 965 1810 1030 Angelus,
1848 982 1960 1012 cum
1993 981 2020 1012 a
2043 967 2147 1012 Deo
2180 964 2351 1010 missus
2381 961 2431 1009 id

294 1045 428 1108 quod
453 1046 607 1094 facere
626 1046 730 1094 vult
751 1048 1038 1113 impleverit,
1065 1058 1146 1096 aut
1169 1049 1331 1096 anima
1354 1047 1526 1094 Christi
1548 1063 1643 1094 suae
1665 1046 1901 1094 voluntati
1923 1045 2147 1093 effectum
2170 1043 2427 1104 addiderit,

294 1127 464 1174 melior
488 1127 601 1175 inde
629 1129 842 1192 reputari
875 1128 1045 1177 debuit
1071 1148 1082 1176 ε
1113 1129 1198 1177 sed
1221 1146 1356 1193 aeque
1392 1127 1594 1193 quilibet
1623 1126 1785 1175 bonus
1805 1135 2083 1193 permanet,
2117 1126 2216 1172 sive
2241 1134 2431 1189 tempus

295 1206 524 1270 operandi
564 1206 782 1269 habeat,¹
810 1209 907 1256 sive
948 1227 1083 1272 non,
1125 1208 1394 1257 dummodo
1430 1209 1661 1273 aequalem
1697 1207 1824 1255 bene
1864 1206 2096 1272 operandi
2137 1204 2430 1252 voluntatem

294 1296 469 1344 teneat,
492 1304 582 1335 nec
606 1288 655 1334 in
678 1304 737 1335 eo
763 1289 896 1353 quod
919 1307 1019 1337 non
1048 1299 1292 1355 operatur,
1319 1299 1583 1337 remaneat.

358 1370 513 1414 Deum
547 1371 735 1416 Patrem
759 1386 893 1434 aeque
924 1370 1217 1435 sapientem,
1255 1379 1302 1416 et
1326 1370 1496 1416 Filium
1531 1385 1666 1434 aeque
1689 1368 1953 1432 benignum
1977 1377 2029 1415 ut
2060 1366 2292 1432 Spiritum
2322 1380 2432 1411 san-

291 1456 423 1493 ctum
453 1447 686 1512 profiteor
713 1467 723 1496 :
750 1450 867 1514 quia
896 1450 945 1497 in
972 1450 1102 1497 nulla
1135 1450 1254 1497 boni
1278 1449 1609 1515 plenitudine,
1634 1449 1684 1496 in
1714 1448 1846 1496 nulla
1871 1448 2113 1512 dignitatis
2135 1445 2308 1510 gloria,
2332 1460 2431 1491 una

291 1543 611 1591 personarum
634 1529 826 1578 differre
850 1540 1007 1595 potest
1031 1530 1093 1578 ab
1119 1531 1226 1578 alia.

358 1608 629 1656 Adventum
663 1610 766 1657 Filii
800 1612 849 1657 in
882 1611 977 1659 fine
1005 1611 1162 1658 saeculi
1195 1627 1335 1676 posse
1357 1610 1554 1659 attribui
1580 1612 1730 1671 Patri,
1767 1625 2036 1674 nunquam,
2070 1607 2186 1656 sciat
2208 1609 2355 1666 Deus,
2382 1603 2431 1650 in

292 1698 504 1735 mentem
528 1706 685 1737 meam
710 1692 860 1751 venit,
887 1709 977 1739 nec
1000 1709 1050 1739 se
1075 1692 1233 1739 verbis
1257 1692 1376 1739 meis
1401 1692 1616 1740 inseruit.

358 1771 435 1815 Sic
465 1779 512 1816 et
536 1770 746 1818 animam
770 1771 942 1819 Christi
970 1790 1069 1820 non
1094 1789 1182 1837 per
1204 1789 1253 1818 se
1276 1772 1337 1818 ad
1360 1772 1540 1820 inferos
1563 1772 1884 1832 descendisse,
1919 1772 2002 1819 sed
2024 1787 2111 1837 per
2132 1767 2395 1835 potentiam
2413 1801 2427 1825 ,

292 1850 496 1896 omnino
519 1866 547 1896 a
573 1851 690 1898 meis
711 1851 872 1898 verbis
899 1861 946 1899 et
969 1869 1111 1899 sensu
1134 1862 1376 1899 remotum
1401 1862 1488 1900 est.

361 1930 682 1977 Novissimum
714 1948 909 1996 quoque
931 1932 1224 1997 Capitulum,
1251 1934 1376 1997 quo³
1398 1933 1641 1998 scripsisse
1663 1933 1914 1991 criminor,
1941 1931 2075 1996 quod
2098 1946 2255 1994 neque
2287 1943 2427 1994 opus,

291 2028 448 2075 neque
479 2010 727 2072 voluntas,
768 2030 925 2077 neque
962 2014 1379 2079 concupiscentia,
1421 2030 1580 2078 neque
1615 2013 1868 2060 delectatio
1893 2015 1907 2038 ⁶
1949 2029 2054 2076 quae
2091 2020 2254 2058 movet
2291 2026 2429 2069 eam,

292 2101 543 2155 peccatum
578 2093 655 2154 sit,
685 2109 842 2157 neque
871 2092 1103 2141 debemus
1126 2096 1210 2142 ea⁵
1232 2093 1355 2142 velle
1379 2094 1619 2158 extingui,
1663 2110 1752 2140 nec
1781 2093 1942 2139 minus
1966 2108 1993 2139 a
2019 2091 2136 2139 meis
2172 2101 2269 2138 tam
2293 2089 2432 2137 dictis

292 2187 438 2235 quam
461 2172 648 2237 scriptis
669 2174 881 2221 alienum
904 2183 991 2221 est.

357 2252 503 2311 Quod
536 2262 697 2300 autem
719 2254 945 2319 ‚Capitula
977 2264 1146 2303 contra
1177 2273 1254 2303 me
1278 2257 1452 2322 scripta
1475 2256 1559 2303 tali
1592 2255 1688 2303 fine
1718 2255 1900 2303 amicus
1925 2263 2089 2302 noster
2113 2253 2428 2314 concluserit,

292 2341 343 2378 ut
378 2332 558 2379 diceret
598 2351 608 2379 ε
657 2354 679 2376 «
708 2337 816 2381 Haec
851 2345 1013 2383 autern
1046 2337 1253 2401 capitula
1285 2338 1460 2402 partim
1497 2338 1546 2384 in
1578 2337 1703 2384 libro
1747 2335 2004 2401 Theologiae
2034 2334 2246 2398 magistri
2284 2333 2427 2392 Petri,

290 2413 466 2477 partim
497 2413 546 2459 in
570 2413 694 2460 libro
722 2417 1081 2463 Sententiarum
1109 2417 1345 2481 ejusdem,
1371 2418 1547 2483 partim
1570 2418 1620 2464 in
1653 2417 1776 2464 libro
1814 2417 1949 2480 cujus
1981 2415 2145 2462 titulus
2173 2424 2267 2470 est,
2301 2415 2430 2460 Scito

290 2503 334 2539 te
365 2494 538 2556 ipsam,
565 2504 752 2559 reperta
771 2505 900 2552 sunt,
925 2517 948 2539 »
976 2514 1076 2544 non
1097 2498 1200 2545 sine
1222 2498 1540 2545 admiratione
1562 2498 1770 2544 maxima
1790 2496 2006 2560 suscepi:
2033 2504 2144 2542 cum
2169 2495 2434 2558 nusquam⁶

288 2572 411 2620 liber
451 2573 618 2638 aliquis
661 2576 744 2638 qui
781 2578 1140 2624 Sententiarum
1175 2579 1384 2639 dicatur,
1432 2594 1461 2625 a
1497 2594 1577 2625 me
1611 2579 1816 2642 scriptus
1855 2576 2139 2641 reperiatur.
2179 2574 2272 2622 Sed
2309 2574 2430 2621 sicut

290 2663 459 2701 caetera
489 2663 657 2701 contra
682 2671 761 2703 me
793 2657 1034 2723 Capitula‚
1071 2659 1135 2706 ita
1172 2669 1219 2706 et
1248 2659 1344 2706 hoc
1378 2675 1573 2723 quoque
1610 2674 1698 2723 per
1727 2655 1957 2704 malitiam
1993 2655 2070 2703 vel
2108 2654 2427 2718 ignorantiam

289 2732 530 2796 prolatum
554 2744 639 2782 est.
2052 2793 2057 2797 ¹

354 2814 401 2859 Si
439 2831 536 2878 qua
570 2816 715 2878 igitur
749 2818 1018 2866 consolatio
1048 2819 1097 2866 in
1134 2819 1323 2867 Christo
1358 2822 1491 2881 Jesu,
1529 2821 1569 2867 si
1601 2835 1697 2884 qua
1730 2829 1841 2867 sunt
1875 2819 2057 2866 viscera
2093 2816 2296 2882 pietatis,
2336 2814 2427 2861 fra-

288 2901 474 2940 ternam
508 2894 734 2959 pietatem
764 2900 996 2944 vestram⁷
1021 2915 1187 2960 exoro,
1216 2917 1277 2947 ne
1300 2900 1628 2947 innocentiam
1650 2914 1835 2958 meam,
1869 2915 2014 2963 quarn
2038 2914 2064 2944 a
2091 2896 2230 2961 culpa
2255 2894 2426 2941 veritas

289 2969 484 3033 liberat,
509 2991 655 3022 nemo
692 2976 898 3024 infamiae
935 2983 1096 3026 naevo⁸
1138 2980 1480 3044 respergendo,
1519 2981 1568 3027 in
1608 2979 1862 3028 charitate⁹
1884 2978 2146 3042 delinquat.
2173 2973 2425 3022 Charitatis

331 3152 338 3169 ¹
355 3150 407 3181 Sic
420 3149 500 3182 Cod.
518 3152 615 3184 2923.
642 3153 681 3183 Ut
698 3152 785 3193 ipsis
801 3162 894 3195 aeque
908 3155 1078 3197 Apostolis
1093 3157 1190 3189 Amb.
1203 3175 1240 3180 —
1259 3159 1269 3177 ²
1280 3159 1320 3190 In
1394 3163 1458 3191 tem
1482 3157 1563 3191 Cod.
1585 3160 1669 3192 2923
1685 3162 1719 3190 et
1735 3157 1919 3190 Victorinus
1943 3157 2016 3190 397.
2040 3172 2078 3178 -
2101 3155 2113 3174 ⁸
2127 3153 2180 3186 Sic
2196 3152 2275 3184 COd·
2302 3149 2422 3184 Victffl'·

285 3211 346 3234 suo
360 3202 441 3235 Cod.
456 3205 551 3237 2923.
569 3221 606 3226 —
624 3205 636 3224 ³
655 3205 748 3243 Quod
763 3207 858 3239 Amb.
874 3225 915 3231 -—
932 3209 943 3229 ⁴
959 3209 1062 3241 Aliter
1078 3219 1152 3250 quae
1166 3214 1321 3243 ‘moveam
1394 3214 1465 3247 397.
1484 3212 1642 3255 Infamiae
1655 3221 1750 3246 naevo
1765 3213 1858 3244 deest
1873 3210 1968 3243 Amb.
1993 3227 2033 3233 -
2054 3210 2066 3230 ⁰
2079 3209 2121 3240 In
2137 3206 2305 3240 charitate
2331 3205 2424 3237 deest

285 3265 374 3289 eam.
386 3274 423 3280 -
442 3259 453 3277 ⁵
467 3258 555 3290 Eam
571 3266 631 3298 pro
650 3267 690 3291 ea
704 3259 823 3298 legitur
840 3262 873 3293 in
890 3261 971 3294 Cod.
987 3265 1130 3297 2923.—
1147 3265 1159 3284 ⁶
1169 3263 1222 3296 Sic
1238 3264 1319 3296 Cod.
1392 3266 1490 3299 Amb.

286 3309 378 3343 1896.
396 3311 579 3352 Nunquam
593 3309 688 3343 Amb.
709 3329 751 3336 —
767 3314 777 3332 ⁷
793 3314 998 3349 Fraternam
1013 3321 1160 3350 vestram
1191 3317 1318 3350 carita-
