2638 3866
708 192 1064 241 FRAGMENTA
1096 192 1461 240 THEOLOGIAE
1493 193 1874 243 CHRISTIANAE.
2270 199 2365 247 807
2409 238 2418 243 γ.

224 294 412 356 Sancti,
438 293 594 359 ipsam
624 294 796 360 procul
825 293 977 342 dubio
1007 293 1211 358 diligunt
1239 311 1335 359 qua
1364 295 1604 354 fruuntur,
1630 311 1776 360 quam
1805 305 1852 343 et
1880 294 2008 344 hanc
2037 297 2189 361 ipsam
2220 298 2270 345 in
2302 300 2370 348 eis

222 376 381 425 Deum
416 391 577 423 amare
609 375 939 441 conspiciunt,
978 391 1007 422 a
1041 375 1178 439 cujus
1209 374 1348 422 avelli
1384 392 1483 423 non
1515 386 1716 443 possunt
1751 392 1943 439 amore,
1976 393 2064 424 nec
2092 377 2290 442 quidem
2318 381 2366 428 in

223 471 279 502 ea
300 453 429 503 beati
456 455 581 503 effici
610 466 830 521 possunt,
863 471 1010 519 quam
1042 455 1145 502 sine
1166 471 1332 503 amore
1360 456 1620 521 possident,
1649 457 1726 504 Sic
1748 466 1795 505 et
1820 459 1948 505 Deus
1972 458 2215 524 propriam
2240 470 2369 508 amat

221 534 452 600 gloriam,
484 553 597 583 cum
628 536 729 583 haec
753 551 941 582 summe
965 535 1023 581 sit
1045 535 1274 595 amanda3
1305 538 1348 583 e't
1380 537 1429 583 in
1455 536 1682 584 omuibus
1709 554 1816 602 quae
1840 537 1948 585 facit
1971 553 2105 586 suam
2131 540 2367 606 praecipue

220 615 423 680 gloriam
460 627 507 664 et
541 617 784 664 honorem
828 614 1057 673 attendit,
1099 632 1194 680 qua
1232 616 1363 664 nulla
1403 619 1577 665 rectior
1616 617 1689 665 vel
1729 634 1863 683 aeque
1902 627 2030 666 recta
2071 628 2227 684 potest
2262 637 2366 668 esse

218 712 380 758 causa,
405 697 620 762 alioquin
652 697 702 744 in
731 695 807 743 his
835 711 943 761 quae
966 695 1165 743 facimus
1194 697 1443 744 rectiorem
1464 697 1724 745 habemus¹
1754 713 1946 745 causam
1980 715 2125 763 quam
2162 699 2288 765 ipse,
2318 710 2366 748 et

217 786 384 824 nostra
422 792 570 842 opera
603 785 705 824 tota
741 777 942 823 meliora
972 775 1250 823 viderentur
1287 794 1432 841 quam
1472 794 1580 836 sua,
1622 787 1806 841 quanto
1843 777 2025 825 meliori
2061 777 2365 827 efficerentur

215 873 363 905 causa
394 867 537 921 atque
565 857 833 905 intentione
855 856 1064 904 rectiori.
1096 858 1293 904 Constat
1316 857 1513 923 quippe,
1551 874 1642 905 nos
1666 857 1788 905 nihil
1812 868 2036 923 oportere
2061 858 2239 918 facere,
2273 860 2363 907 nisi

216 938 279 986 ad
309 938 511 1003 gloriam
543 947 591 986 et
613 938 806 985 laudem
835 939 983 1003 ipsius
1008 955 1019 984 z
1044 955 1190 1003 quem
1223 947 1270 985 et
1300 938 1441 985 nobis
1470 938 1615 986 finem
1640 939 1819 986 Veritas
1844 939 1943 1003 ipsa
1966 940 2222 1004 proponit,
2251 957 2362 988 cum

215 1019 357 1067 dicit²
384 1037 394 1067 ε
424 1022 536 1067 «Ut
572 1018 863 1083 glorificetur
905 1021 1040 1067 Pater
1075 1028 1230 1066 vester
1273 1019 1356 1082 qui
1394 1029 1463 1066 est
1501 1020 1549 1066 in
1594 1019 1792 1067 coelis.»
1831 1020 1879 1066 Si
1914 1019 2057 1083 igitur
2091 1020 2221 1085 ipse,
2262 1037 2360 1069 non

212 1110 413 1166 propter
449 1117 523 1162 se,
556 1100 640 1148 sed
664 1109 864 1165 propter
895 1117 1011 1161 nos,
1045 1116 1101 1148 ea
1126 1116 1231 1164 quae
1261 1098 1406 1146 efficit
1430 1099 1626 1161 faceret,
1654 1116 1742 1146 nos
1765 1110 1926 1147 autem
1952 1110 2151 1165 propter
2176 1101 2358 1166 ipsum,

212 1182 431 1247 profecto
454 1180 659 1229 dubium
684 1197 785 1228 non
811 1190 956 1240 esset,
983 1197 1075 1227 nos
1099 1180 1291 1228 rectiori
1317 1181 1579 1228 intentione
1605 1179 1715 1228 duci
1739 1196 1883 1245 quam
1912 1181 2092 1245 ipsum,
2129 1198 2239 1228 cum
2273 1199 2362 1230 nos

212 1279 325 1310 eum
346 1261 637 1310 haberemus
663 1261 839 1322 finem,
868 1262 968 1326 ipse
994 1277 1108 1308 vero
1132 1277 1240 1307 nos.
1276 1260 1481 1307 Maxime
1507 1277 1618 1307 cum
1651 1276 1740 1308 nec
1765 1261 1866 1326 ipse
1896 1277 2042 1326 opera
2071 1261 2159 1308 nisi
2190 1278 2362 1309 secun-

212 1341 332 1390 dum
363 1343 681 1391 intentionem
714 1351 905 1407 penset3
932 1343 1067 1405 juxta
1099 1341 1221 1388 illud
1252 1341 1470 1388 Veritatis
1502 1340 1847 1388 documentum
1879 1358 1889 1387 :
1926 1361 1948 1384 α
1971 1341 2018 1387 Si
2051 1341 2221 1389 oculus
2251 1353 2360 1390 tuus

209 1422 353 1471 fuerit
374 1424 593 1489 simplex,
616 1432 772 1471 totum
795 1439 972 1487 corpus
989 1421 1205 1468 lucidum
1228 1421 1333 1479 erit,
1356 1431 1449 1468 etc.
1481 1442 1504 1465 »
1527 1424 1631 1468 Hoc
1657 1431 1745 1482 est,
1760 1421 1799 1468 si
1821 1430 1949 1468 recta
1973 1421 2176 1468 intentio
2200 1422 2355 1484 fuerit,

210 1513 311 1552 tota
346 1522 501 1553 massa
530 1521 733 1571 operum
761 1503 888 1551 bona
918 1503 1024 1550 erit.
1052 1505 1173 1550 Cum
1198 1503 1358 1566 itaque
1385 1512 1486 1550 tota
1515 1501 1720 1566 qualitas
1755 1517 1959 1566 operum
1992 1517 2048 1547 ex
2081 1502 2359 1550 intentionis

208 1585 371 1634 radice
403 1585 684 1652 accipienda
720 1586 805 1645 sit,
842 1584 1057 1650 profecto
1090 1599 1282 1630 necesse
1311 1583 1418 1643 erit,
1457 1593 1591 1630 tanto
1616 1582 1813 1629 meliora
1847 1597 1946 1628 esse
1972 1596 2147 1646 opera,
2175 1592 2358 1646 quanto

208 1667 396 1714 meliori
430 1666 747 1732 perficiuntur
781 1665 1071 1713 intentione.
1109 1667 1262 1711 Tanto
1299 1673 1458 1710 autem
1496 1662 1667 1709 melior
1697 1671 1768 1708 est
1798 1661 2019 1722 intentio,
2046 1671 2230 1726 quanto
2254 1661 2360 1709 linis

206 1746 327 1812 ipse,
350 1747 399 1794 id
418 1757 488 1795 est
514 1747 669 1795 finalis
688 1750 849 1803 causa,
865 1755 936 1808 est
954 1745 1132 1811 potior.
1157 1746 1219 1790 Ut
1241 1744 1385 1806 igitur
1401 1746 1530 1790 Deus
1554 1742 1603 1789 in
1625 1741 1852 1789 omnibus
1875 1758 1980 1805 quae
1999 1742 2093 1804 agit
2120 1743 2358 1806 optimum

204 1826 382 1876 habeat
413 1828 580 1887 finem,
608 1835 801 1892 oportet
824 1825 887 1873 ad
912 1826 1126 1890 seipsum
1150 1824 1370 1871 omnium
1397 1839 1501 1887 quae
1527 1821 1673 1870 efficit
1702 1821 2017 1868 intentionem
2050 1821 2277 1885 dirigere,
2308 1833 2360 1869 ut

202 1918 403 1975 propter
440 1925 489 1956 se
529 1908 611 1956 illa
645 1923 841 1972 quoque
882 1905 1049 1967 faciat,
1088 1922 1194 1970 quae
1231 1914 1432 1970 propter
1466 1920 1556 1950 nos
1596 1903 1751 1949 facere
1787 1901 1977 1948 dicitur.
2018 1901 2161 1948 Aliter
2195 1912 2355 1949 tamen

199 1974 405 2055 'propter
439 2006 512 2048 se,
553 1989 689 2036 aliter
718 1995 915 2052 propter
947 2003 1037 2033 nos
1075 2004 1085 2032 :
1127 1995 1328 2050 propter
1363 2001 1413 2031 se
1438 1983 1658 2047 quidem,
1694 1982 1829 2046 quasi
1861 1981 1921 2028 ad
1955 1981 2178 2044 gloriam,
2209 1991 2259 2028 ut
2293 1981 2356 2029 ad

203 2070 405 2118 salutem
425 2085 590 2128 suam;
617 2078 818 2133 propter
833 2083 923 2114 nos
941 2076 1122 2124 autem,
1142 2075 1374 2128 tanquam
1392 2063 1453 2110 ad
1477 2062 1678 2109 salutem
1696 2061 1771 2108 vel
1791 2061 1852 2108 ad
1876 2061 2083 2124 aliquam
2106 2061 2354 2108 utilitatem

202 2160 438 2198 nostram.
467 2152 573 2197 Non
599 2158 669 2196 est
695 2149 856 2212 itaque
880 2156 1009 2194 recta
1032 2144 1266 2211 superbiae
1292 2143 1509 2191 definitio
1533 2160 1543 2188 t
1575 2162 1598 2185 α
1614 2144 1761 2188 Amor
1787 2142 1992 2207 propriae
2015 2140 2197 2205 gloriae‚
2220 2162 2241 2184 ι»
2269 2141 2354 2189 sed

206 2251 230 2276 <t
251 2230 449 2278 ambitio
486 2229 694 2295 propriae
727 2227 906 2292 gloriae.
929 2245 952 2271 n
982 2229 1087 2273 Non
1121 2235 1192 2272 est
1225 2225 1354 2271 enim
1388 2221 1589 2271 ambitio
1623 2222 1713 2268 nisi
1743 2221 1923 2268 malum
1952 2239 1963 2267 ε
1990 2220 2189 2285 quando
2220 2221 2354 2268 vide-

199 2310 309 2358 licet
346 2311 538 2376 inJuste*
560 2308 742 2374 aliquid
770 2305 1163 2373 concupiscentia
1191 2304 1388 2370 appetit.
1417 2302 1563 2361 Quod
1603 2318 1721 2348 vero
1753 2301 1936 2348 dictum
1970 2311 2067 2362 est,
2107 2301 2352 2348 caritatem

200 2407 291 2438 nec
312 2407 397 2438 sua
419 2407 651 2456 quaerere,
675 2405 731 2437 ac
750 2405 836 2454 per
858 2387 954 2434 hoc
978 2389 1135 2434 Deum
1160 2385 1245 2450 qui
1272 2383 1573 2447 singulariter
1592 2398 1788 2446 quoque
1811 2382 1912 2446 ipsa
1932 2381 2154 2444 quoque⁸
2183 2381 2353 2428 caritas

201 2471 393 2532 dicitur,
431 2488 533 2519 non
573 2470 748 2519 debere
784 2468 1029 2535 propriam
1066 2481 1278 2532 quaerere
1314 2464 1542 2529 gloriam,
1581 2462 1933 2509 inconsiderate
1972 2460 2212 2524 objicitur.
2254 2463 2352 2507 No-

200 2563 348 2602 stram
379 2553 559 2618 quippe
592 2550 849 2617 Apostolus
878 2549 1123 2596 caritatem
1151 2546 1335 2611 accepit
1363 2561 1508 2609 quam
1543 2541 1942 2599 commendabat,
1979 2557 2092 2588 cum
2128 2542 2210 2600 ait,
2240 2541 2350 2605 quia

199 2634 372 2681 caritas
399 2650 500 2680 non
532 2633 702 2697 quaerit
730 2647 836 2696 quae
867 2646 953 2677 sua
978 2638 1090 2676 sunt
1116 2647 1127 2674 ε
1154 2627 1252 2673 hoc
1288 2635 1359 2672 est
1383 2641 1481 2671 non
1516 2633 1584 2671 est
1618 2622 1817 2670 sollicita
1850 2622 1910 2668 de
1940 2621 2036 2668 suis
2062 2620 2347 2667 commodis.

199 2716 359 2771 Quam
390 2713 559 2760 beatus
582 2711 815 2770 definiens
834 2709 1144 2772 Augustinus,
1171 2706 1287 2753 dicit
1310 2721 1416 2752 eam
1440 2720 1541 2751 esse
1566 2712 1752 2750 motum
1782 2701 1932 2749 animi
1963 2699 2026 2747 ad
2051 2699 2350 2763 diligendum

198 2797 357 2842 Deum
385 2804 432 2842 et
454 2793 732 2859 proximum
756 2800 956 2857 propter
983 2791 1153 2837 Deum.
1184 2789 1338 2834 Deum
1362 2795 1523 2833 autem
1551 2782 1736 2831 nullum
1765 2781 1968 2829 omnino
1994 2789 2179 2827 motum
2202 2781 2350 2827 animi

198 2874 376 2922 habere
391 2883 597 2929 constat,
609 2889 701 2920 nec
716 2871 1009 2919 vocabulum
1035 2868 1244 2917 caritatis
1264 2867 1351 2913 Dei
1374 2874 1422 2912 et
1439 2873 1652 2912 nostram
1675 2862 1922 2910 caritatem
1936 2861 1984 2907 in
2000 2876 2098 2908 una
2110 2859 2348 2924 significa-

197 2957 330 3004 tione
352 2953 662 3013 concludere,
677 2952 762 3000 sed
777 2963 822 3000 et
840 2951 1005 2999 omnia
1028 2964 1133 3014 quae
1144 2948 1205 2996 de
1218 2948 1341 3013 ipso,
1360 2961 1496 2993 more
1521 2942 1978 3007 nostro‚loquimur,
1991 2940 2209 3004 figurate,
2215 2942 2349 3004 juxta

198 3037 410 3102 aliquam
444 3034 862 3099 significationem,
898 3048 998 3079 non
1031 3029 1227 3096 proprie
1265 3028 1407 3087 dici⁴3
1435 3027 1497 3074 de
1530 3041 1627 3090 quo
1666 3023 1779 3071 alibi
1813 3022 2004 3088 plenius
2039 3020 2343 3068 disseremus.

264 3117 410 3176 Quod
444 3117 606 3179 itaque
641 3115 758 3162 dicit
787 3113 1046 3179 Apostolus
1076 3129 1088 3158 ε
1120 3131 1144 3154 «
1165 3110 1346 3157 Caritas
1378 3123 1479 3155 non
1516 3105 1683 3171 quaerit
1712 3119 1818 3168 quae
1848 3117 1935 3150 sua
1966 3111 2096 3160 sunt,
2119 3120 2142 3145 υ
2170 3102 2218 3148 in
2252 3117 2349 3148 una

240 3256 249 3275 ¹
266 3253 319 3287 Sic
336 3253 442 3286 Tosti.
468 3249 585 3283 Annon
613 3249 822 3284 haberemus.
843 3267 882 3272 —
900 3250 912 3268 ²
925 3247 1014 3280 Tostt
1032 3246 1129 3280 dicis.
1145 3263 1182 3270 —
1199 3245 1211 3265 ³
1226 3243 1281 3277 sic
1296 3242 1400 3276 Tostl.
1420 3242 1556 3283 Quoque
1572 3241 1622 3272 bts
1635 3240 1810 3280 repetitum
1821 3236 2005 3271 'delendum
2020 3237 2161 3270 vtdetur.
2179 3252 2217 3259 —
2234 3237 2245 3255 ⁴
2258 3233 2347 3268 Tosti

198 3303 327 3336 dicitur
332 3313 345 3342 ;
359 3301 449 3343 quod
465 3301 622 3333 absonum
640 3303 700 3331 est.
