2638 3866
180 198 182 201 ’
247 202 344 250 682
1055 195 1224 242 PETRI
1258 194 1570 242 ABAELARDI

247 321 404 368 neque
426 303 583 350 bonus
606 302 678 347 vir
705 315 861 363 neque
887 298 1058 362 aliquis
1087 297 1248 343 bonus
1275 298 1347 343 vir
1368 297 1427 343 sit
1450 296 1571 344 adeo
1592 295 1769 356 bonus,
1806 296 1890 343 sed
1917 299 1957 344 si
1987 299 2094 361 quis
2114 296 2272 344 bonus
2296 294 2370 354 sit,

249 401 309 430 eo
332 384 490 430 minus
507 382 566 428 sit
588 380 764 426 bonus.
792 377 996 425 Multum
1017 377 1178 441 itaque
1200 376 1376 424 referre
1395 375 1599 438 videtur,
1625 377 1664 424 si
1686 377 1794 441 quis
1816 376 2001 425 dicatur
2027 377 2195 425 melior
2213 375 2373 437 aliquo

249 463 383 510 bono
417 463 547 522 viro,
584 470 632 506 et
665 459 835 506 melior
865 474 1009 522 quam
1048 458 1107 504 sit
1137 457 1307 520 aliquis
1337 456 1497 504 bonus
1529 457 1617 504 vir.
1652 460 1711 504 Et
1742 456 1821 504 hic
1851 457 2047 522 quidem
2074 452 2376 521 sophismatis

250 543 446 604 laqueus
469 541 518 586 in
544 539 678 586 omni
704 538 914 585 incidere
934 537 1294 602 comparatione
1316 546 1491 602 potest,
1522 546 1575 584 ut
1600 536 2010 602 quemadmodum
2030 552 2198 584 omnes
2221 534 2378 581 bonos

251 621 489 684 aequaliter
512 618 671 666 bonos
695 617 901 683 probare
926 626 1180 676 conantur,
1212 617 1279 663 ita
1302 615 1543 681 quoslibet
1565 617 1793 682 pulchros
1808 654 1820 676 ,
1855 634 1966 664 cum
1989 617 2208 664 videlicet
2233 629 2378 662 nemo

251 699 450 765 pulcher
481 699 541 745 sit
565 698 769 763 pulchro
799 697 1047 762 pulchrior
1077 697 1382 761 simpliciter,
1411 696 1589 744 scilicet
1618 706 1665 744 et
1697 697 2000 760 generaliter,
2026 697 2137 744 licet
2171 696 2230 742 sit
2264 695 2377 760 pul.-

251 779 412 826 chrior
452 777 545 825 alio
570 778 790 843 pulchro.
815 778 932 835 Quis
956 777 1187 840 denique,
1214 778 1320 841 quis
1343 792 1442 823 non
1472 775 1726 839 intelligat,
1753 792 1899 841 quam
1930 777 2286 824 insanissimum
2320 775 2383 821 sit

250 860 427 920 dicere,
454 860 619 907 omnia
639 868 832 924 peccata
859 858 994 923 paria
1015 857 1151 905 esse?
1175 858 1282 905 Sive
1306 859 1436 905 enim
1458 866 1707 922 peccatum
1730 857 1780 904 in
1804 857 2047 904 voluntate
2069 858 2166 904 sive
2186 857 2235 903 in
2262 872 2380 921 ope-

249 940 433 986 ratione
456 940 735 999 constituaS,
763 939 946 986 clarum
968 948 1039 986 est
1061 938 1110 984 in
1134 938 1270 985 malis
1293 937 1588 997 hominihus,
1614 937 1761 984 alium
1780 937 1874 985 alio
1896 936 2075 984 habere
2097 937 2384 1001 nequiorem

250 1020 545 1066 voluntatem
577 1029 624 1067 et
654 1019 857 1084 amplius
894 1035 1068 1066 nocere
1099 1018 1197 1066 sive
1228 1018 1436 1066 deterius
1469 1034 1625 1081 agere.
1656 1017 1884 1065 Voluntas
1915 1018 2094 1082 quippe
2124 1017 2188 1065 ad
2221 1023 2384 1064 actum

250 1098 495 1162 perducit,
531 1108 577 1145 et
611 1115 723 1145 cum
756 1098 954 1145 facultas
995 1097 1204 1145 nocendi
1238 1097 1398 1157 datur,
1438 1097 1642 1162 amplius
1681 1097 1759 1144 hic
1795 1114 1940 1162 quam
1979 1096 2056 1144 ille
2099 1108 2268 1157 nocet,
2305 1096 2377 1144 vel

251 1180 398 1241 magis
427 1178 636 1242 aliquem
653 1179 835 1242 justum
861 1178 1178 1243 persequitur,
1212 1179 1324 1242 quia
1354 1178 1461 1242 plus
1489 1193 1601 1224 eum
1628 1176 1732 1224 odit
1762 1187 1811 1224 et
1830 1177 2040 1241 affligere
2065 1177 2213 1241 cupit.
2240 1176 2381 1223 Simi-

246 1257 353 1305 liter
377 1274 467 1305 nec
494 1274 665 1305 omnes
691 1258 807 1305 boni
837 1258 1082 1322 aequaliter
1106 1268 1326 1323 prosunt,
1352 1257 1427 1304 vel
1451 1256 1681 1322 prodesse
1710 1257 1894 1304 volunt.
1925 1259 1995 1303 Ex
2023 1273 2121 1321 quo
2145 1255 2386 1321 liquidum.

247 1347 344 1393 est,
383 1355 473 1385 nec
507 1337 666 1385 bonos
702 1354 839 1402 pares
870 1338 1080 1384 invicem
1113 1354 1204 1385 nec
1235 1338 1388 1385 malos
1418 1338 1640 1399 existere,
1677 1353 1767 1384 nec
1798 1353 1971 1384 eorum
2007 1337 2175 1384 merita
2206 1337 2382 1400 aequari

247 1417 422 1465 debere
440 1454 451 1476 ‚
487 1427 540 1464 ut
568 1418 892 1464 remuneratio
936 1434 1130 1481 quoque
1170 1434 1257 1482 par
1291 1434 1391 1465 esse
1429 1417 1736 1481 intelligatur.
1774 1404 2004 1465 Praeterea
2046 1417 2087 1464 si
2126 1416 2381 1463 stultorum

247 1498 476 1560 opinione
508 1498 793 1562 postposita,
820 1496 1138 1561 probatorum
1167 1497 1573 1562 philosophorum
1600 1496 1873 1544 excellentia
1896 1494 1965 1544 'de
1990 1495 2246 1543 virtutibus
2266 1494 2383 1558 dog-

247 1586 374 1623 mata
406 1576 678 1623 consideres
717 1588 764 1623 et
800 1576 1096 1624 disertissimi
1126 1577 1214 1624 viri
1254 1577 1429 1624 Plotini
1468 1576 1719 1641 diligenter
1754 1577 2107 1640 quaternariam
2147 1576 2379 1622 virtutum

244 1654 600 1702 distinctionem
626 1656 878 1715 attendas¹,
910 1656 1023 1703 alias
1055 1656 1272 1704 videlicet
1305 1657 1536 1721 politicas,
1571 1657 1686 1704 alias
1710 1656 2026 1721 purgatorias,
2053 1656 2168 1702 alias
2194 1655 2382 1720 purgati

248 1735 415 1793 animi,
441 1735 556 1781 alias
580 1735 872 1800 exemplares
896 1736 1114 1795 dicentis,
1140 1753 1198 1783 ex
1222 1737 1336 1800 ipsis
1359 1738 1518 1783 statim
1545 1735 1823 1783 nominibus
1847 1746 1895 1783 et
1915 1752 2082 1783 earum
2103 1734 2383 1799 descriptio·

248 1813 391 1860 nibus
425 1813 643 1861 confiteri
673 1815 872 1878 cogeris,
899 1815 1162 1880 plurimum
1192 1816 1242 1862 in
1273 1816 1525 1863 virtutibus
1560 1815 1782 1863 homines
1815 1815 2023 1862 differre.
2049 1817 2207 1872 Quam
2239 1815 2383 1861 etiam

248 1892 567 1941 differentiam
606 1895 730 1959 ipse,
776 1894 836 1941 de
869 1912 967 1958 quo
1003 1894 1143 1942 nobis
1178 1895 1393 1959 objecisti
1419 1895 1672 1961 Apostolus
1714 1911 1813 1942 non
1847 1895 2234 1959 praetermittens,
2270 1910 2381 1940 cum

249 1971 310 2018 de
344 1973 641 2020 continentia
676 1983 723 2020 et
757 1973 1056 2038 indulgentia
1089 1975 1367 2039 nuptiarum
1396 1977 1691 2040 loqueretur,
1728 1975 1857 2022 ait’:
1890 1994 1913 2018 α
1933 1974 2057 2021 Volo
2092 1990 2261 2020 omnes
2292 1973 2383 2020 ho-

250 2052 403 2098 mines
433 2069 534 2099 esse
565 2053 685 2100 sicut
707 2069 786 2099 me
811 2054 987 2117 ipsum.
1022 2054 1117 2100 Sed
1151 2055 1480 2118 unusquisque
1503 2056 1754 2119 proprium
1783 2053 1930 2101 habet
1957 2053 2141 2100 donum
2179 2070 2235 2099 ex
2257 2055 2379 2112 Deo,

247 2130 366 2177 alius
396 2131 592 2195 quidem
619 2132 703 2192 sic,
733 2132 853 2179 alius
879 2133 968 2189 sic,
1002 2143 1092 2180 etc.
1108 2152 1132 2177 »
1161 2133 1256 2190 Qui
1281 2134 1425 2180 etiam
1450 2134 1720 2181 secundum
1744 2133 2021 2198 qualitatem
2042 2133 2275 2179 virtutum
2306 2132 2382 2179 vel

251 2210 529 2258 meritorum
549 2213 744 2276 praemia
761 2212 928 2259 futurae
951 2212 1056 2259 vitae
1076 2212 1372 2276 distinguens
1386 2250 1398 2274 ,
1425 2213 1638 2273 «differt,
1662 2234 1684 2256 »
1703 2214 1900 2277 inquit⁸,
1930 2233 1953 2257 κ
1973 2211 2106 2259 stella
2128 2228 2157 2260 a
2179 2211 2311 2260 stella
2333 2213 2382 2259 in

250 2289 483 2351 claritate,
515 2292 583 2338 sic
612 2292 701 2338 erit
732 2302 777 2339 et
804 2293 1086 2339 resurrectio
1115 2302 1437 2340 mortuorum.
1457 2312 1479 2338 »
1510 2297 1569 2340 Et
1599 2293 1742 2340 alibi⁴
1769 2311 1779 2339 :
1809 2313 1836 2337 ·«
1859 2293 1954 2350 Qui
1976 2296 2119 2357 parce
2145 2293 2348 2339 seminat
2368 2329 2380 2350 ‚

251 2378 299 2415 et
322 2380 482 2417 metet.
506 2391 528 2413 2»
556 2370 702 2428 Quod
723 2387 838 2417 vero
857 2371 1205 2435 plenitudinem
1227 2373 1343 2437 legis
1367 2374 1611 2420 caritatem
1637 2390 1738 2420 esse
1761 2373 1899 2431 dixit,
1932 2372 2028 2419 hoc
2057 2382 2126 2419 est
2154 2389 2239 2436 per
2262 2371 2382 2418 cari-

251 2458 398 2495 tatem
418 2449 573 2513 legem
597 2450 866 2514 adimpleri,
892 2467 992 2497 non
1017 2468 1186 2498 omnes
1210 2453 1258 2498 in
1284 2453 1478 2499 caritate
1500 2469 1637 2517 pares
1667 2469 1767 2500 esse
1796 2452 2054 2510 convincit,
2091 2467 2203 2497 cum
2238 2466 2380 2515 supra

252 2528 534 2575 mandatum
567 2530 735 2576 caritas
767 2546 816 2576 se
848 2530 1092 2577 extendat.
1138 2531 1273 2578 Unde
1299 2542 1345 2578 et
1381 2531 1461 2579 illa
1495 2542 1564 2578 est
1586 2533 1806 2578 Veritatis
1829 2531 2126 2578 adhortatio⁵
2155 2547 2165 2575 ε
2199 2549 2220 2572 ιε
2259 2531 2380 2575 Cum

252 2607 452 2655 feceritis
476 2609 638 2655 omnia
660 2626 765 2673 quae
788 2620 1022 2674 praecepta
1045 2620 1173 2670 sunt,
1201 2610 1343 2658 dicite
1370 2629 1380 2657 :
1412 2612 1544 2658 Servi
1569 2611 1760 2658 inutiles
1782 2627 1973 2671 sumuS,
1998 2626 2103 2674 quae
2129 2609 2382 2656 debuimus

253 2685 406 2734 facere
435 2687 649 2735 fecimus.
675 2707 698 2732 »
725 2692 830 2736 Hoc
852 2699 942 2750 est,
973 2706 1063 2754 pro
1094 2690 1287 2738 modico
1313 2692 1564 2755 reputetis,
1597 2692 1635 2738 si
1668 2691 1763 2738 hoc
1797 2690 1952 2737 solum
1982 2689 2218 2756 impleatis
2249 2688 2381 2753 quod

253 2781 308 2811 ex
342 2777 581 2831 praecepto
611 2767 812 2826 debetis,
849 2769 938 2816 nisi
966 2769 1187 2816 videlicet
1214 2769 1377 2817 debito
1412 2771 1633 2835 praecepti
1665 2770 1847 2834 aliquid
1879 2766 1935 2817 ex
1968 2770 2117 2832 gratia
2151 2768 2381 2833 superad-

255 2843 393 2902 datis,
419 2855 466 2892 et
488 2845 583 2892 hoc
608 2857 694 2904 est,
720 2847 854 2910 quod
874 2847 990 2895 dicit
1015 2866 1027 2895 ε
1054 2868 1077 2894 «
1099 2849 1232 2913 quod
1260 2849 1515 2897 debuimus
1539 2850 1694 2897 facere
1717 2850 1916 2897 fecimus
1942 2867 1953 2897 z
1974 2869 1992 2891 n
2019 2866 2075 2896 ac
2100 2849 2139 2896 si
2163 2848 2381 2895 videlicet

255 2922 432 2970 diceret
474 2943 484 2969 :
525 2926 638 2988 quia
677 2927 727 2973 in
767 2927 1035 2991 expletione
1070 2939 1419 2994 praeceptorum
1457 2929 1617 2976 debita
1660 2939 1846 2976 tantum
1891 2929 2120 2977 solvimus
2159 2938 2207 2975 et
2244 2926 2378 2992 quasi

255 3003 517 3050 necessaria
546 3021 646 3051 non
671 3007 872 3068 gratuita
896 3024 1169 3072 operamur.
1198 3010 1321 3055 Cum
1342 3026 1456 3057 vero
1489 3010 1660 3074 aliquis
1681 3010 1742 3057 ad
1767 3009 2074 3057 eminentiam
2100 3006 2379 3071 virginitatis

294 3210 304 3229 ⁸
317 3208 475 3248 Macron,
493 3209 536 3240 In
552 3209 668 3242 Somn.
682 3211 868 3253 Scipionis,
888 3213 945 3245 lib.
962 3214 993 3255 Ι,
1013 3222 1085 3254 cap.
1103 3223 1172 3248 vlu.
1187 3233 1224 3239 —
1240 3217 1250 3235 ²
1264 3216 1414 3250 Corinth.
1429 3241 1436 3258 ‚
1454 3218 1480 3255 1,
1498 3226 1569 3258 cap.
1587 3225 1650 3258 vn,
1669 3226 1697 3249 v.
1716 3220 1746 3249 Ἰ.
1761 3234 1797 3240 -
1812 3218 1824 3237 ³
1838 3214 2003 3254 Corinth„
2015 3214 2039 3253 1,
2051 3223 2122 3254 cap.
2141 3223 2200 3254 xv,
2221 3222 2251 3246 v.
2268 3214 2320 3247 41.
2336 3229 2376 3235 —

253 3265 261 3282 ⁴
282 3261 452 3304 Corinth„
470 3261 607 3305 11„cap.
621 3272 671 3306 xx,
689 3273 721 3297 v.
739 3267 772 3298 6.
787 3283 828 3289 -
844 3268 856 3286 ⁵
873 3266 955 3308 Luc,
978 3276 1050 3308 cap.
1069 3277 1153 3310 xvu,
1168 3279 1198 3301 v.
1216 3271 1265 3303 10.
