2638 3866
635 265 848 314 ETHICA
885 267 994 314 SEU
1028 268 1199 315 LlssER
1234 269 1434 317 DICTUS
1474 289 1485 316 ε
1515 270 1679 318 SClTO
1712 272 1981 320 TE1PSUM.
2286 274 2381 323 613

1111 526 1354 586 CAPUT
1422 530 1520 587 IX.

383 668 496 718 Quod
528 670 635 707 Deus
664 677 704 708 et
738 668 857 707 homo
889 668 932 707 in
964 668 1117 707 christo
1147 670 1247 709 uniti
1280 683 1360 710 non
1391 672 1440 710 sit
1467 673 1605 711 melius
1640 673 1788 724 aliquid
1825 686 1941 725 quam
1980 675 2084 714 solus
2115 678 2232 714 Deus.

301 794 522 858 Denique
558 804 612 841 ut
641 794 703 842 ad
740 794 979 859 praemissa
1016 794 1292 855 redeamus,
1330 796 1416 844 ubi
1451 797 1670 845 videlicet
1702 797 1883 845 dictum
1915 809 2011 859 est,
2051 800 2163 863 quia
2194 800 2380 848 bonum

235 873 370 921 bono
399 873 618 922 additum
654 874 888 939 quiddam
919 874 1089 923 melius
1120 874 1264 923 efficit
1289 893 1435 941 quam
1462 878 1850 943 unumquodque
1882 896 2050 926 eorum
2083 897 2170 945 per
2207 898 2257 928 se
2289 883 2376 941 sit;

236 953 346 1002 vide
366 971 427 1002 ne
451 954 564 1002 illuc
583 971 734 1019 usque
757 954 964 1014 ducaris,
992 966 1042 1003 ut
1064 955 1305 1004 Christum
1321 995 1334 1018 ,
1358 957 1408 1004 id
1425 968 1512 1018 est,
1540 961 1697 1006 Deum
1717 969 1764 1006 et
1785 958 2037 1007 hominem
2056 961 2154 1007 sive
2177 961 2380 1008 invicem

236 1035 284 1080 in
309 1051 517 1100 persona
550 1036 712 1083 unitos
736 1035 906 1083 melius
929 1036 1160 1100 quiddam
1185 1036 1317 1086 dicas
1349 1054 1497 1102 quam
1524 1039 1625 1104 ipsa
1653 1038 1827 1086 Christi
1859 1039 2082 1087 divinitas
2105 1040 2178 1088 vel
2209 1040 2379 1089 huma-

235 1114 360 1162 nitas
393 1116 469 1175 sit,
505 1115 601 1163 hoc
625 1125 712 1177 est,
757 1116 860 1182 ipse
888 1119 1017 1164 Deus
1039 1117 1226 1164 homini
1259 1118 1449 1179 unitus,
1478 1119 1551 1167 vel
1586 1119 1688 1184 ipse
1716 1119 1868 1167 homo
1901 1137 1927 1167 a
1951 1123 2054 1168 Deo
2087 1132 2374 1187 assumptus.

235 1196 433 1243 Constat
466 1197 644 1262 quippe
667 1197 716 1244 in
742 1196 933 1244 Christo
959 1208 1058 1245 tam
1081 1207 1381 1264 assumptum
1403 1199 1677 1260 hominem,
1705 1217 1853 1264 quam
1878 1203 2035 1247 Deum
2057 1212 2379 1250 assumentem

234 1292 335 1324 esse
351 1275 559 1336 bonum,
587 1287 635 1325 et
658 1287 910 1343 utramque
927 1278 1243 1327 substantiam
1266 1296 1368 1327 non
1387 1281 1478 1327 nisi
1496 1279 1680 1328 bonam
1701 1280 1900 1345 intelligi
1924 1298 2067 1346 posse
2089 1302 2099 1329 ε
2117 1283 2240 1330 sicut
2261 1293 2309 1330 et
2330 1284 2378 1330 in

235 1356 432 1420 singulis
461 1357 745 1406 hominibus
766 1369 863 1407 tam
887 1376 1123 1425 corporea
1147 1376 1294 1424 quam
1317 1361 1605 1427 incorporea
1627 1361 1892 1409 substantia
1912 1360 2045 1410 bona
2067 1372 2162 1424 est,
2187 1363 2298 1410 licet
2319 1365 2379 1411 ad

233 1435 517 1500 dignitatem
555 1438 631 1486 vel
668 1439 894 1487 meritum
934 1440 1105 1487 animae
1144 1439 1339 1488 bonitas
1376 1441 1594 1507 corporis
1636 1441 1756 1489 nihil
1793 1442 1982 1491 referat.
2022 1446 2079 1489 At
2114 1459 2230 1490 vero
2272 1445 2380 1508 quis

234 1526 393 1564 totum
425 1518 476 1565 id
506 1519 639 1583 quod
670 1520 886 1568 Christus
911 1520 1108 1582 dicitur,
1142 1520 1238 1581 hoc
1271 1531 1342 1568 est
1373 1521 1515 1569 simul
1546 1525 1703 1570 Deum
1728 1531 1775 1569 et
1796 1522 2073 1582 hominem,
2101 1523 2176 1570 vel
2209 1541 2381 1588 quam-

233 1613 446 1662 cumque
469 1616 631 1647 rerum
653 1600 1012 1648 multitudinem
1035 1604 1140 1649 Deo
1173 1602 1394 1667 praeferre
1417 1601 1633 1662 audebit,
1662 1613 1892 1667 tanquam
1922 1620 1981 1651 eo
2004 1604 2172 1651 melius
2200 1605 2381 1668 aliquid

232 1693 334 1726 esse
354 1680 524 1744 possit,
551 1682 635 1744 qui
664 1691 711 1728 et
741 1698 987 1729 summum
1017 1681 1205 1729 bonum
1228 1692 1314 1743 est,
1344 1692 1390 1729 et
1414 1682 1476 1729 ab
1495 1683 1602 1748 ipso
1627 1682 1867 1747 quidquid
1890 1682 2010 1730 boni
2035 1683 2232 1745 habent,
2258 1686 2381 1732 acci-

233 1758 372 1822 piunt
405 1761 606 1808 omnia?
630 1762 860 1819 Quamvis
884 1762 1014 1809 enim
1044 1762 1105 1810 ad
1137 1762 1318 1827 aliquid
1349 1762 1591 1826 agendum
1623 1763 1859 1810 nonnulla
1890 1764 1953 1810 ita
1989 1765 2257 1812 necessaria
2280 1782 2381 1812 esse

232 1838 505 1900 videantur,
545 1850 597 1887 ut
629 1858 730 1888 non
768 1842 818 1889 id
851 1842 1005 1890 facere
1036 1845 1166 1890 Deus
1199 1843 1301 1890 sine
1332 1842 1423 1889 illis
1457 1843 1609 1908 possit
1640 1852 1871 1908 tanquam
1904 1843 2196 1909 quibusdam
2225 1845 2380 1892 admi-

232 1921 420 1982 niculis,
449 1922 523 1970 vel
547 1922 939 1988 primordialibus
962 1923 1140 1979 causis;
1165 1922 1286 1970 nihil
1307 1932 1488 1980 tamen,
1516 1934 1907 1989 quantacumque
1931 1925 1989 1971 sit
2009 1942 2172 1972 rerum
2195 1927 2382 1990 magni-

231 2001 370 2063 tudo,
404 2005 510 2050 Deo
538 2002 708 2050 melius
740 2003 837 2051 dici
869 2012 1042 2069 potest.
1081 2005 1178 2050 Etsi
1207 2004 1337 2050 enim
1361 2002 1603 2051 bonarum
1627 2021 1789 2052 rerum
1823 2021 2055 2051 numerus
2081 2015 2290 2060 constat,
2330 2017 2382 2053 ut

230 2080 424 2130 bonitas
451 2083 501 2130 in
535 2082 753 2148 pluribus
776 2085 862 2144 sit,
903 2101 1001 2131 non
1035 2083 1145 2131 ideo
1177 2083 1443 2131 bonitatem
1477 2085 1711 2148 majorem
1735 2101 1837 2132 esse
1868 2085 2106 2148 contingit
2133 2103 2143 2131 :
2176 2085 2305 2132 velut
2343 2088 2380 2133 si

231 2162 427 2210 scientia
456 2164 505 2209 in
529 2162 748 2228 pluribus
779 2162 1015 2222 abundet,
1045 2173 1129 2211 aut
1150 2164 1458 2211 scientiarum
1488 2180 1719 2211 numerus
1743 2173 1939 2222 crescat,
1965 2180 2066 2210 non
2090 2164 2201 2212 ideo
2226 2166 2380 2212 scien-

176 2284 179 2287 .
232 2243 346 2290 tiam
367 2243 597 2307 cujusque
621 2259 832 2291 crescere
859 2260 1053 2291 necesse
1076 2252 1162 2303 est,
1192 2253 1243 2290 ut
1270 2243 1424 2307 major
1441 2243 1621 2291 scilicet
1645 2242 1727 2291 fiat
1749 2260 1896 2309 quam
1915 2244 2067 2309 prius.
2094 2245 2171 2291 Sic
2195 2255 2242 2291 et
2267 2262 2379 2293 cum

231 2323 279 2369 in
316 2339 367 2370 se
398 2325 528 2370 Deus
560 2322 721 2371 bonus
751 2324 813 2371 sit
839 2333 887 2370 et
908 2322 1277 2371 innumerabilia
1299 2333 1450 2384 creet,
1483 2340 1588 2388 quae
1616 2341 1707 2371 nec
1731 2341 1856 2385 esse,
1891 2341 1980 2371 nec
2008 2323 2139 2372 bona
2162 2341 2263 2372 esse
2287 2327 2378 2372 nisi

230 2420 316 2468 per
337 2403 472 2451 illum
489 2403 687 2464 habent,
709 2403 900 2452 bonitas
923 2421 1010 2469 per
1031 2421 1140 2452 eum
1162 2404 1210 2451 in
1230 2403 1445 2469 pluribus
1461 2414 1548 2466 est,
1573 2415 1624 2452 ut
1642 2405 1796 2469 major
1814 2405 1874 2453 sit
1890 2422 2119 2452 numerus
2137 2404 2376 2453 bonarum

230 2500 416 2537 rerum,
450 2485 582 2533 nulla
615 2495 776 2533 tamen
808 2484 1001 2532 bonitas
1026 2485 1129 2549 ejus
1162 2483 1368 2531 bonitati
1402 2484 1611 2550 praeferri
1652 2485 1722 2533 vel
1757 2487 1935 2550 aequari
1971 2494 2145 2551 potest.
2187 2486 2378 2533 Bonitas

229 2565 409 2630 quippe
433 2565 481 2612 in
506 2565 706 2614 homine
729 2575 777 2613 et
799 2565 992 2613 bonitas
1015 2565 1063 2611 in
1092 2567 1196 2612 Deo
1220 2574 1307 2622 est,
1333 2574 1378 2612 et
1407 2582 1519 2612 cum
1546 2565 1743 2614 diversae
1771 2567 1866 2613 sint
1890 2565 2163 2613 substantiae
2189 2565 2264 2612 vel
2290 2582 2375 2612 na-

231 2654 348 2692 turae
370 2645 547 2710 quibus
569 2645 759 2694 bonitas
780 2646 930 2705 inest,
955 2644 1132 2692 nullius
1157 2654 1314 2692 tamen
1340 2645 1409 2692 rei
1438 2644 1633 2694 bonitas
1663 2646 1838 2694 divinae
1863 2645 2074 2711 praeferri
2101 2645 2174 2691 vel
2198 2645 2376 2709 aequari

230 2734 413 2789 potest3
443 2742 498 2773 ac
521 2742 606 2790 per
632 2725 730 2773 hoc
762 2725 882 2772 nihil
905 2724 1104 2783 melius,
1130 2724 1227 2772 hoc
1251 2734 1338 2785 est,
1389 2725 1543 2788 majus
1564 2725 1752 2773 bonum
1786 2741 1930 2790 quam
1961 2728 2117 2786 DeuS,
2145 2724 2217 2771 vel
2241 2741 2374 2788 aeqne

229 2805 415 2852 bonum
440 2805 702 2854 dicendum
729 2815 815 2853 est.
1518 2800 1535 2810 ”
