2638 3866
627 214 836 262 ETHICA
873 214 981 262 SEU
1016 214 1186 262 LIBER
1219 214 1425 262 DlCTUS
1458 232 1469 260 ε
1511 214 1676 262 SClTO
1711 213 1979 261 TEIPSUM.
2329 212 2424 260 625

278 338 302 364 «
316 317 484 379 Stulte,
511 315 603 364 hac
617 324 759 363 nocte
771 316 982 363 animam
1007 325 1139 363 tuam
1157 326 1384 382 repetunt
1401 332 1430 364 a
1449 326 1525 375 te;
1551 333 1656 381 quae
1678 325 1839 364 autem
1864 314 2040 381 parasti
2055 313 2192 378 cujus
2205 313 2379 361 erunt?
2401 334 2422 357 n

275 401 318 447 Ο
342 399 486 446 miser
513 398 810 463 quicumque
834 395 940 443 talis
972 411 1040 456 eS,
1076 396 1174 443 imo
1206 397 1494 444 miserorum
1527 397 1747 445 omnium
1778 396 2062 456 miserrime,
2096 405 2143 442 et
2165 394 2425 442 stultorum

273 478 566 536 stultissime,
605 493 706 525 non
741 475 967 542 provides
997 475 1114 540 quid
1143 475 1228 523 tibi
1263 494 1535 536 conserves,
1571 477 1656 526 sed
1686 476 1805 542 quid
1835 476 1937 524 aliis
1968 475 2294 524 thesaurizes?
2318 479 2426 534 Qua

274 559 646 624 praesumptione
684 559 843 604 Deum
869 555 1104 615 offendiS,
1139 556 1199 604 ad
1234 556 1370 621 cujus
1401 557 1703 605 horrendum
1731 557 1970 621 judicium
2003 556 2202 622 raperis,
2232 565 2286 603 ut
2316 565 2425 604 tuos

272 638 451 687 habeas
481 638 718 704 propitios
751 653 875 702 quos
910 636 1032 683 ditas
1054 636 1116 683 de
1142 653 1412 702 pauperum
1446 637 1661 703 rapinis?
1705 637 1824 695 Quis
1862 653 2006 701 super
2038 646 2085 684 te
2117 653 2217 683 non
2244 635 2423 697 rideat,

273 720 310 765 si
334 719 540 767 audierit
566 728 611 766 te
637 734 829 784 sperare
848 716 968 765 alios
995 716 1143 780 magis
1174 716 1258 764 tibi
1278 719 1514 783 propitios
1546 718 1649 766 sore
1672 734 1819 782 quam
1852 727 1897 764 te
1921 717 2113 782 ipsum?
2138 716 2353 764 Confidis
2376 718 2425 764 in

273 799 593 863 eleemosynis
620 808 819 846 tuorum
843 814 984 861 qum,
1020 797 1134 862 quia
1160 814 1458 846 successores
1482 798 1660 846 habere
1693 808 1738 846 te
1769 797 1943 858 credis,
1968 797 2231 861 iniquitatis
2254 798 2428 863 pariter

272 878 475 927 heredes
497 879 765 940 constituis,
795 877 974 943 quibus
997 877 1148 925 aliena
1181 894 1267 943 per
1288 879 1507 944 rapinam
1529 878 1820 944 possidenda
1843 878 2091 942 relinquis.
2124 878 2279 924 Vitam
2306 895 2426 943 pau-

271 960 467 1024 peribus
489 960 648 1026 eripis,
674 976 760 1007 sua
783 959 872 1006 illis
895 958 1177 1016 auferendo,
1205 958 1336 1006 unde
1355 969 1467 1006 sunt
1486 959 1802 1018 sustentandi,
1830 968 1877 1006 et
1902 958 1949 1005 in
1985 958 2053 1005 eis
2076 974 2268 1004 rursum
2296 959 2428 1006 occi-

271 1039 384 1087 dere
407 1040 647 1087 Christum
671 1039 984 1101 machinaris,
1004 1039 1139 1103 juxta
1155 1039 1274 1086 illud
1297 1039 1432 1104 quod
1454 1040 1653 1105 ipsemet
1676 1040 1765 1087 ait¹
1784 1057 1794 1086 :
1818 1058 1841 1084 «
1867 1038 2012 1097 Quod
2032 1039 2114 1085 uni
2137 1055 2194 1085 ex
2216 1039 2426 1086 minimis

272 1121 390 1168 meis
424 1120 620 1181 fecistis,
653 1120 769 1168 mihi
800 1120 987 1167 fecistis.
1021 1141 1042 1163 n
1073 1119 1202 1178 Quid
1236 1137 1350 1184 ergo
1381 1130 1433 1167 tu
1467 1120 1589 1168 male
1623 1121 1732 1186 pius
1767 1120 1816 1166 in
1845 1130 1968 1179 tuos,
2005 1128 2050 1166 et
2073 1118 2280 1167 crudelis
2301 1120 2350 1167 in
2378 1130 2423 1167 te

272 1202 447 1265 pariter
470 1211 614 1266 atque
646 1204 800 1249 Deum
819 1238 830 1260 ,
856 1217 883 1247 a
906 1200 1068 1266 judice
1087 1201 1216 1265 justo
1240 1211 1502 1267 exspectas,
1535 1201 1598 1249 ad
1622 1218 1766 1266 quem
1790 1201 1906 1248 velis
1923 1238 1934 1259 ,
1963 1200 2088 1247 nolis
2103 1237 2115 1260 ,
2138 1200 2428 1263 judicandus

271 1298 518 1347 properas,
548 1283 632 1347 qui
655 1299 756 1329 non
782 1283 938 1331 solum
963 1282 1024 1330 de
1056 1282 1253 1348 rapiniS,
1279 1283 1365 1330 sed
1390 1284 1534 1330 etiam
1555 1283 1617 1330 de
1639 1283 1788 1330 verbo
1812 1283 1968 1330 otioso
1991 1282 2227 1329 rationem
2254 1282 2426 1346 exigit?

272 1363 367 1421 Qui
396 1380 543 1428 quam
574 1364 816 1411 districtus
844 1364 903 1410 sit
937 1364 986 1410 in
1012 1363 1220 1411 vindicta
1245 1364 1514 1430 primorum
1547 1363 1800 1410 hominum
1834 1363 1992 1411 statim
2024 1362 2242 1409 exhibuit
2263 1379 2423 1428 poena.

271 1444 427 1491 Semel
450 1443 597 1491 Adam
621 1444 854 1510 peccavit,
882 1453 928 1491 et
951 1445 1316 1509 comparatione
1338 1455 1635 1502 nostrorum,
1661 1444 1783 1491 sicut
1816 1447 1987 1491 Beatus
2012 1443 2230 1491 meminit
2252 1444 2429 1491 Hiero-

271 1540 475 1587 nymus,
513 1524 807 1572 levissimum
853 1524 955 1588 ejus
990 1534 1245 1590 peccatum
1285 1525 1389 1572 fuit.
1429 1528 1535 1572 Non
1577 1541 1871 1589 quemquam
1907 1541 1994 1590 per
2030 1524 2306 1572 violentiam
2341 1541 2429 1590 op-

272 1605 472 1668 pressit,
514 1621 604 1652 nec
638 1605 906 1670 quidquam
940 1605 1083 1653 alicui
1117 1605 1338 1666 abstulit;
1380 1605 1441 1652 de
1488 1606 1644 1653 fructu
1680 1605 1765 1669 qui
1799 1603 2080 1670 reparabilis
2117 1615 2243 1666 erat,
2284 1605 2431 1652 semel

272 1686 495 1749 gustavit.
534 1688 587 1733 In
612 1702 706 1750 qua
730 1686 927 1751 quidem
953 1696 1049 1734 tam
1079 1687 1171 1735 levi
1193 1688 1587 1751 transgressione,
1621 1688 1669 1734 in
1702 1686 2030 1751 posteritatem
2061 1702 2257 1750 quoque
2282 1695 2431 1733 totam

271 1781 359 1829 per
386 1782 582 1831 poenam
617 1767 911 1825 redundata,
953 1777 1321 1832 praemonstrare
1356 1768 1595 1814 Dominus
1630 1767 1872 1826 decrevit,
1911 1765 2029 1831 quid
2069 1766 2131 1814 de
2166 1765 2431 1832 maj0ribus

272 1845 481 1893 facturus
502 1848 562 1893 sit
584 1848 754 1913 culpis.
782 1847 927 1894 Dives
950 1864 1097 1912 quem
1125 1847 1188 1895 ad
1213 1848 1392 1895 inferos
1416 1848 1655 1895 Dominus
1676 1847 1982 1896 descendisse
2013 1846 2147 1907 dicit,
2174 1864 2274 1895 non
2298 1847 2431 1913 quod

271 1926 424 1974 aliena
455 1928 693 1992 rapuerit,
729 1927 814 1976 sed
851 1928 960 1992 quia
993 1929 1192 1993 propria
1224 1928 1400 1993 quibus
1429 1939 1661 1993 tanquam
1693 1927 1833 1976 licitis
1860 1927 2162 1985 vescebatur,
2197 1928 2432 1992 indigenti

271 2009 450 2054 Lazaro
487 2023 587 2055 non
620 2008 912 2074 impertivit,
947 2018 1169 2074 patenter
1206 2008 1376 2056 edocet
1411 2025 1505 2073 qua
1539 2025 1682 2074 poena
1716 2008 1917 2056 feriendi
1949 2018 2089 2069 sunt,
2125 2010 2208 2072 qui
2240 2011 2433 2074 rapiunt

271 2086 443 2147 aliena,
471 2089 510 2135 si
532 2089 600 2135 sic
622 2088 700 2136 ille
722 2088 980 2136 damnatus
1004 2098 1093 2146 est,
1120 2098 1265 2152 atque
1286 2089 1335 2136 in
1360 2089 1549 2135 inferno
1573 2089 1804 2154 sepultus,
1832 2090 1916 2153 qui
1941 2105 2041 2135 non
2063 2087 2282 2135 tribuerit
2299 2088 2432 2136 bona

272 2183 374 2214 sua.
400 2170 578 2215 Tecum
612 2170 845 2216 memoria
870 2169 938 2216 tui
962 2168 1172 2234 sepulta,
1204 2179 1251 2215 et
1275 2169 1371 2216 cito
1399 2169 1585 2216 siccatis
1615 2169 1836 2232 lacrymis
1866 2185 2036 2216 eorum
2078 2186 2203 2233 quos
2241 2169 2289 2215 in
2321 2186 2434 2217 exe-

271 2250 396 2313 quiis
441 2250 679 2314 habuisti,
713 2253 851 2316 juxta
887 2252 1094 2300 rhetoris
1111 2251 1351 2317 Apollonii
1386 2271 1395 2299 :
1428 2273 1450 2296 «
1480 2252 1744 2316 Lachryma
1768 2251 1888 2299 nihil
1908 2252 2049 2300 citius
2086 2253 2276 2312 arescit,
2311 2274 2330 2295 υ
2350 2263 2432 2301 tua

272 2331 448 2395 conjux
476 2332 524 2379 in
558 2334 779 2398 proximo
808 2333 871 2381 ad
900 2349 1051 2381 novas
1074 2333 1265 2398 nuptias
1287 2350 1338 2380 se
1363 2334 1663 2399 praeparavit,
1692 2342 1746 2380 ut
1772 2334 1886 2380 novi
1916 2334 2074 2381 mariti
2103 2333 2431 2399 voluptatibus

272 2411 532 2460 deserviret
567 2414 628 2461 de
666 2414 739 2461 his
784 2431 904 2479 quas
947 2415 990 2461 ei
1026 2413 1245 2461 dimisisti
1284 2415 1494 2479 rapinis,
1531 2424 1579 2461 et
1613 2423 1846 2479 praesente
1886 2413 2044 2461 adhuc
2075 2431 2282 2479 corpore
2316 2424 2426 2473 tuo,

270 2491 498 2540 lectulum
528 2494 770 2542 calefaciet
793 2494 969 2554 alieno,
1000 2504 1045 2541 te
1076 2495 1249 2541 misero
1274 2494 1480 2542 flammis
1511 2494 1743 2559 gehennae
1773 2495 2045 2559 voluptates
2069 2493 2174 2542 illas
2207 2494 2424 2559 plexuro.

272 2572 405 2620 ldem
429 2584 476 2621 et
499 2591 526 2622 a
551 2575 657 2622 filiis
682 2576 776 2623 tuis
800 2575 1154 2641 expectandum
1179 2585 1264 2622 est.

339 2654 484 2710 Quod
513 2656 552 2702 si
574 2657 682 2720 quis
707 2656 828 2703 forte
857 2657 1136 2719 interroget,
1172 2672 1260 2701 cur
1289 2671 1388 2702 non
1418 2656 1487 2703 tui
1519 2655 1845 2713 recordantes,
1874 2655 2194 2720 eleemosynis
2223 2656 2319 2702 suis
2342 2654 2429 2702 tibi

272 2735 620 2799 propitientur,
649 2738 810 2784 multis
837 2754 886 2784 se
909 2737 970 2784 de
994 2737 1148 2784 causis
1171 2753 1397 2783 excusare
1422 2754 1563 2802 posse
1581 2737 1825 2784 videntur.
1853 2736 1976 2794 Quia
2001 2736 2149 2795 enim,
2174 2737 2212 2783 si
2235 2752 2430 2801 respon-

272 2799 418 2862 deant
441 2832 579 2863 :cum
604 2817 682 2864 ille
706 2816 795 2864 sibi
815 2817 1052 2882 propitius
1076 2833 1177 2863 esse
1200 2815 1427 2876 noluerit,
1451 2826 1630 2881 quanta
1653 2817 1848 2864 stultitia
1872 2816 1960 2863 fuit
1985 2815 2074 2863 sibi
2096 2816 2215 2864 alios
2236 2832 2429 2881 sperare

272 2895 527 2959 propitios,
555 2907 602 2943 et
627 2897 797 2944 animae
819 2914 913 2943 suae
938 2895 1141 2944 salutem
1165 2896 1268 2943 aliis
1291 2897 1608 2956 committere,
1638 2897 1698 2944 de
1725 2913 1821 2962 qua
1843 2899 1945 2962 ipse
1971 2895 2138 2944 debuit
2163 2897 2428 2963 plurimum

274 2974 553 3039 providere!
584 2979 744 3034 Quem
772 2975 862 3023 sibi
885 2976 1150 3041 propitium
1174 2977 1325 3041 magis
1349 2976 1553 3024 credidit
1573 2993 1720 3041 quam
1734 2976 1980 3042 seipsum?
2000 2977 2093 3035 Qui
2111 2976 2201 3024 sibi
2220 2977 2428 3025 crudelis

273 3065 399 3116 erat,
439 3056 500 3104 de
533 3057 670 3121 cujus
706 3056 1035 3104 misericordia
1070 3056 1377 3105 confidebat?
1420 3060 1625 3106 Possunt
1656 3057 1867 3122 denique
1902 3067 1950 3105 et
1978 3058 2028 3105 in
2069 3059 2427 3107 excusationem

274 3138 483 3185 avaritiae
506 3155 602 3186 suae
625 3138 921 3205 praetendere
944 3155 1000 3186 ac
1014 3137 1174 3186 dicere
1202 3156 1212 3185 z
1237 3140 1423 3186 Scimus
1442 3140 1639 3205 insuper
1663 3155 1718 3187 ea
1737 3156 1843 3204 quae
1866 3139 1967 3205 ipse
1989 3139 2131 3187 nobis
2154 3139 2425 3203 dereliquit,

321 3321 470 3363 ¹Matth„
489 3334 561 3366 cap.
582 3334 665 3368 xxv,
686 3336 715 3359 v.
732 3329 785 3360 40.

439 3399 472 3422 n
2217 3385 2266 3421 79
