2638 3866
242 213 337 270 564
1045 218 1218 265 PETRI
1253 216 1571 267 ABAELARDI

242 327 371 372 Deus
396 340 502 389 quae
526 322 635 369 facit
657 331 739 368 aut
762 319 974 381 dimittit,
1001 319 1338 368 rationabilem
1360 321 1507 370 habet
1528 338 1722 371 causam
1743 339 1828 371 cur
1849 323 1911 370 ab
1934 339 1994 370 eo
2018 319 2296 370 faciendum
2319 324 2379 371 sit

241 411 325 452 aut
344 402 701 451 dimittendum.
725 401 774 448 Si
799 400 942 464 igitur
964 400 1086 447 ratio
1113 411 1185 448 est
1207 417 1293 449 cur
1316 402 1472 451 facere
1494 412 1578 451 aut
1599 403 1837 452 dimittere
1861 402 2049 466 debeat,
2075 403 2294 469 profecto
2315 403 2380 451 ab

240 501 298 532 eo
322 484 424 531 fieri
455 483 599 530 debet
624 492 706 529 aut
738 481 930 528 dimitti.
969 480 1116 538 Quod
1146 491 1307 529 autem
1341 482 1403 531 ab
1436 500 1496 531 eo
1524 482 1628 531 fieri
1655 483 1826 546 debet,
1857 483 2109 548 quomodo
2137 483 2377 531 dimittere

238 574 409 629 potest,
440 563 515 611 vel
539 562 673 627 quod
695 561 934 609 dimittere
957 560 1127 623 debet,
1153 563 1403 626 quomodo
1432 564 1586 612 facere
1617 565 1807 630 potest?
1831 564 1926 623 Qui
1942 564 2073 612 enim
2106 563 2218 612 facit
2243 564 2379 628 quod

239 644 440 690 omnino
464 643 525 690 ab
549 660 608 690 eo
633 642 736 690 fieri
767 658 868 689 non
892 643 1142 703 convenit,
1169 659 1270 690 non
1294 654 1421 692 recte
1444 645 1554 710 agit.
1584 648 1713 693 Deus
1734 656 1896 693 autem
1922 662 2034 693 cum
2055 644 2238 709 aliquid
2261 660 2378 691 om-

238 725 355 770 nino
378 724 594 783 dimittit,
630 734 682 771 ut
712 740 811 771 non
849 723 1015 782 faciat,
1041 722 1173 770 videt
1199 724 1417 789 profecto
1451 741 1599 790 quare
1628 726 1690 773 ab
1718 743 1777 774 eo
1811 742 2080 790 numquam
2113 726 2172 772 sit
2201 724 2378 773 facien-

236 805 371 852 dum.
399 804 542 862 Quod
569 815 668 852 tam
693 822 719 852 a
742 805 965 863 verita-te,
992 819 1138 867 quam
1163 820 1191 851 a
1213 815 1380 855 nostra
1403 816 1644 854 remotum
1668 816 1739 854 est
1760 807 1993 872 opinione
2019 826 2029 853 :
2057 805 2191 869 quod
2216 815 2377 853 tamen

235 885 551 951 postmodum
576 886 614 933 si
637 886 923 951 poterimus,
950 884 1111 949 aliqua
1134 884 1358 934 liniemus
1385 888 1700 953 expositione.
1730 890 1866 935 Nunc
1888 887 1951 935 ad
1974 887 2183 952 incoepta
2210 886 2377 935 redea-

237 983 342 1014 mus
369 985 379 1013 :
408 966 671 1025 Quomodo
697 967 859 1026 etiam,
887 967 1105 1030 inquam,
1131 965 1400 1015 diceremus
1432 985 1531 1015 non
1561 985 1703 1033 posse
1728 968 1970 1016 dimittere
1999 969 2117 1033 quin
2141 984 2198 1016 ea
2219 984 2377 1032 quan-

235 1048 397 1112 doque
430 1048 568 1095 faciat
599 1064 705 1112 quae
728 1047 861 1108 facit,
888 1048 979 1094 nisi
1002 1064 1059 1095 ea
1081 1049 1355 1096 'necessario
1372 1048 1666 1114 quandoque
1685 1049 1880 1097 faciat¹P
1905 1050 2035 1097 Facit
2062 1059 2222 1097 autem
2245 1048 2378 1096 hunc

235 1128 688 1176 hominembonum
717 1146 726 1174 :
751 1144 944 1176 necesse
966 1139 1038 1176 est
1065 1145 1179 1193 ergo
1203 1129 1335 1177 hunc
1362 1130 1612 1178 hominem
1640 1129 1827 1178 bonum
1848 1129 1969 1191 fieri,
1996 1147 2086 1178 nec
2106 1129 2204 1177 ullo
2228 1128 2378 1176 modo

234 1226 346 1256 eum
372 1209 590 1256 damnari
618 1226 776 1274 posse,
809 1208 944 1274 quod
971 1210 1173 1258 omnino
1199 1210 1370 1258 falsum
1402 1219 1488 1258 est.
1515 1210 1756 1276 Scriptum
1780 1211 1959 1276 quippe
1989 1219 2060 1258 est
2092 1210 2155 1257 ad
2186 1208 2379 1257 laudem

229 1289 343 1352 justi
377 1290 464 1336 viri
491 1289 551 1336 de
573 1292 670 1349 eo’,
700 1310 723 1332 «
746 1290 830 1354 qui
859 1290 1019 1354 potuit
1046 1290 1314 1354 transgredi
1337 1300 1383 1338 et
1406 1307 1508 1338 non
1533 1300 1604 1338 est
1634 1300 1971 1354 transgressus,
2001 1291 2155 1338 facere
2183 1289 2308 1338 mala
2331 1300 2379 1337 et

234 1387 332 1417 non
366 1370 491 1417 fecit.
517 1389 540 1414 »
570 1371 814 1436 Scriptum·
845 1387 1039 1435 quoque
1063 1381 1134 1418 est
1157 1372 1291 1435 quod
1323 1371 1535 1436 potuerit
1566 1373 1695 1418 Deus
1724 1371 1818 1418 alio
1851 1371 2001 1418 modo
2036 1387 2184 1435 quam
2218 1371 2378 1418 fecerit

232 1449 502 1499 humanum
540 1451 690 1515 gen-us
722 1450 976 1498 redimere.
1020 1451 1160 1498 Unde
1198 1461 1269 1499 est
1304 1451 1424 1498 illud
1459 1451 1590 1499 beati
1615 1451 1866 1516 Augustini
1900 1452 1951 1498 in
1985 1450 2112 1498 libro
2144 1450 2201 1497 de
2228 1451 2381 1498 Trini-

235 1543 329 1579 tate
365 1536 496 1594 Xlll,
527 1549 635 1599 cap.
675 1534 756 1579 x⁸z
790 1535 938 1594 «Eos,
977 1532 1157 1597 inquit,
1195 1533 1280 1596 qui
1313 1532 1483 1579 dicunt
1509 1552 1520 1579 :
1548 1535 1680 1579 ltane
1719 1532 1871 1579 defuit
1912 1535 2016 1579 Deo
2053 1531 2228 1579 modus
2259 1531 2379 1579 alius

234 1629 331 1677 quo
374 1613 599 1660 liberaret
634 1613 884 1674 homines,
933 1624 984 1660 ut
1030 1614 1331 1677 unigenitum
1363 1612 1535 1661 Filium
1577 1612 1828 1660 hominem
1878 1611 1982 1660 fieri
2025 1612 2201 1674 vellet,
2248 1628 2378 1659 mor·

232 1693 474 1758 talemque
508 1694 685 1741 factum
721 1704 928 1740 mortem
963 1694 1185 1759 perpeti?
1212 1710 1383 1759 parum
1416 1705 1487 1742 est
1523 1695 1590 1741 sic
1619 1694 1859 1754 refellere,
1891 1703 1946 1742 ut
1978 1694 2122 1742 istum
2154 1692 2375 1753 modum,

233 1791 331 1838 quo
354 1790 445 1821 nos
469 1773 671 1821 liberare
702 1773 944 1838 dignatur,
974 1789 1238 1820 asseramus
1262 1773 1478 1835 bonum,
1504 1791 1673 1822 verum
1700 1775 1845 1822 etiam
1867 1784 1921 1821 ut
1944 1774 2255 1823 ostendamus
2276 1789 2377 1820 non

232 1855 380 1903 alium
414 1855 614 1903 modum
637 1854 915 1921 possibilem
939 1857 1048 1901 Deo·
1074 1854 1299 1914 defuisse,
1329 1856 1464 1920 cujus
1494 1857 1719 1921 potestati
1742 1865 1918 1902 cuncta
1941 1872 2075 1919 aeque
2100 1854 2374 1918 subjacent3

230 1936 315 1984 sed
338 1936 562 1984 sanandae
585 1947 758 1984 nostrae
788 1936 985 1983 miseriae
1004 1936 1448 1983 convenientiorem
1461 1936 1610 1983 alium
1623 1936 1828 1983 modum
1847 1952 1949 1982 non
1970 1935 2129 1983 fuisse.
2154 1937 2252 1982 Cur
2275 1951 2376 1982 non

230 2018 364 2064 fieret
388 2034 519 2065 mors
543 2016 736 2077 Christi,
763 2017 915 2063 immo
939 2033 1025 2064 cur
1056 2033 1155 2063 non
1189 2016 1517 2081 praetermissis
1541 2015 1973 2064 innumerabilibus
1994 2015 2177 2077 modis,
2203 2015 2378 2080 quibus

232 2097 294 2145 ad
324 2114 415 2144 nos
442 2094 719 2145 liberandos
745 2098 813 2144 uti
837 2106 998 2162 posset
1018 2097 1352 2161 Omnipotens,
1383 2097 1487 2162 ipsa
1507 2097 1810 2162 potissimum
1838 2094 2124 2160 eligeretur?
2145 2116 2167 2139 >³
2194 2090 2373 2142 ltem⁴Jz

234 2199 257 2224 «
284 2181 475 2225 Poterat
494 2179 660 2243 utique
680 2180 810 2225 Deus
826 2177 1076 2224 hominem
1100 2176 1293 2224 aliunde
1323 2178 1584 2243 suscipere,
1609 2178 1658 2225 in
1690 2194 1794 2242 quo*
1813 2188 1936 2225 esset
1958 2177 2195 2224 mediator
2218 2177 2307 2224 Dei
2331 2187 2379 2224 et

229 2259 506 2319 hominum,
537 2275 637 2305 non
671 2257 732 2305 de
764 2274 938 2322 genere
966 2257 1091 2304 illius
1123 2256 1295 2312 Adam,
1323 2257 1445 2304 sicut
1471 2258 1606 2305 illum
1634 2274 1782 2323 quem
1815 2258 2029 2322 primum
2054 2257 2249 2318 creavit,
2275 2273 2377 2304 non

231 2339 292 2386 de
311 2355 483 2402 genere
506 2339 684 2386 creavit
706 2337 921 2401 alicujus.
948 2340 1139 2385 Poterat
1157 2337 1233 2384 vel
1253 2338 1338 2397 sic,
1361 2338 1438 2385 vel
1459 2339 1554 2386 alio
1577 2355 1678 2403 quo
1702 2338 1843 2386 vellet
1862 2337 2012 2385 modo
2038 2354 2201 2387 creare
2225 2353 2377 2384 unum

232 2419 402 2477 alium,
439 2418 500 2466 de
536 2435 635 2482 quo
671 2419 940 2465 vinceretur
972 2419 1127 2465 victor
1159 2418 1352 2482 prioris.
1387 2418 1483 2465 Sed
1515 2419 1686 2466 melius
1711 2418 1971 2483 judicavit,
2007 2417 2068 2465 de
2098 2419 2205 2483 ipso
2242 2417 2378 2481 quod

230 2502 413 2562 victum
448 2499 602 2546 fuerat
624 2515 797 2563 genere
815 2498 1066 2545 hominem
1084 2514 1343 2546 assumere.
1370 2517 1392 2543 »
1422 2501 1542 2546 Item
1566 2500 1615 2545 i'n
1645 2499 1768 2546 libr'o
1791 2501 2116 2559 Quaestionum
2142 2500 2310 2545 veteris
2330 2506 2378 2544 et

231 2598 359 2628 ηονεε
372 2581 486 2646 legiis·
512 2599 526 2628 .·
552 2599 575 2626 «
594 2579 755 2627 Potuit
772 2581 901 2626 Deus
920 2577 1062 2626 simul
1083 2588 1255 2627 cuncta
1281 2578 1465 2642 facere,
1487 2572 1578 2626 'sed
1592 2579 1721 2629 ratio
1745 2578 2012 2646 prohibuit.
2034 2597 2057 2623 υ
2074 2581 2222 2625 Item:
2244 2598 2268 2624 «
2289 2581 2376 2625 Po-

232 2710 298 2742 haec
313 2710 467 2750 leguntur
483 2720 493 2741 ε
513 2722 530 2739 α
613 2711 669 2751 qui
685 2718 751 2742 non
770 2715 820 2742 est
833 2711 1005 2743 salvandus
1020 2711 1071 2743 vel
1087 2720 1185 2753 quem
1201 2720 1267 2744 non

232 2770 281 2796 est
296 2765 477 2797 salvaturus
498 2765 549 2797 vel
564 2773 663 2805 quem
679 2773 745 2797 non
771 2769 820 2797 est
832 2766 955 2798 bon'um
973 2767 1101 2799 salvari.
1120 2765 1191 2799 Non
1206 2776 1265 2807 pon

232 2823 296 2850 test
324 2818 429 2850 facere
455 2819 490 2851 id
513 2819 603 2859 quod
628 2827 694 2851 non
717 2823 767 2851 est
788 2820 913 2855 bonum
935 2829 1009 2852 eum
1030 2819 1148 2852 facere.
1172 2817 1268 2860 Quod

234 2873 319 2903 enim
337 2882 400 2904 non
421 2873 514 2915 facit,
533 2882 600 2906 nou
616 2878 665 2905 est
684 2864 806 2906 bonum
823 2883 897 2906 eum
913 2874 1021 2906 facere
1038 2885 1047 2906 ε
1065 2875 1208 2915 alioquin
1222 2875 1271 2907 di-

234 2925 378 2957 mitteret
396 2927 430 2958 id
441 2927 547 2959 facere
563 2928 652 2968 quod
666 2933 716 2959 est
730 2928 853 2960 bonum
870 2935 945 2960 eum
961 2928 1080 2960 facere.
1104 2926 1139 2960 Si
1155 2928 1274 2960 metius

235 2983 320 3010 esset
335 2988 448 3011 omnes
463 2981 611 3013 homines
627 2981 742 3013 salvari
759 2990 858 3023 quam
883 2981 1023 3022 aliquos,
1040 2986 1074 3013 et
1088 2980 1175 3013 Deus
1189 2981 1271 3013 illud

235 3037 345 3071 posset
359 3034 447 3072 quod
469 3034 585 3065 melius
600 3038 703 3075 esset,
717 3039 750 3066 et
773 3036 863 3075 quod
878 3036 987 3067 minus
1006 3036 1130 3068 bonum
1149 3040 1199 3067 est
1220 3035 1271 3068 sa-

234 3091 343 3125 oeret,
363 3087 477 3127 utique
502 3097 568 3120 non
596 3093 682 3120 esset
703 3089 846 3129 perfecte
868 3091 987 3122 bonus.
1011 3089 1046 3122 Si
1069 3099 1136 3123 non
1162 3095 1270 3132 potest

235 3140 321 3173 Deus
342 3140 460 3179 facere,
475 3142 535 3173 nisi
552 3143 642 3181 quod
654 3143 777 3174 bonum
793 3148 843 3174 est
857 3152 932 3175 eum
944 3144 1064 3183 facere,
1081 3153 1146 3176 non
1161 3149 1270 3185 potest

233 3195 447 3227 salvareeum
461 3204 560 3236 quem
575 3204 642 3227 non
657 3196 805 3235 salvabit.
816 3199 971 3236 quoniam
984 3206 1060 3229 eum
1076 3198 1190 3238 utique
1202 3207 1268 3231 non

236 3255 285 3281 est
308 3250 432 3287 bonum
455 3249 581 3281 salvari.
608 3248 680 3281 Duo
705 3254 782 3281 sunt
806 3255 940 3289 egentes
966 3259 1107 3291 quorum
1131 3257 1269 3293 uterque

235 3311 327 3343 aeque
342 3304 462 3344 dignus
477 3303 698 3344 eleemosyna3
715 3304 807 3336 alteri
824 3304 878 3337 illa
888 3305 984 3338 datur
998 3314 1070 3346 quae
1085 3306 1183 3338 dividi
1201 3315 1267 3339 non

1340 2716 1466 2752 potest,
1489 2720 1549 2743 nec
1573 2712 1721 2752 utrisque
1748 2711 1896 2743 sufficere
1923 2714 2051 2750 potest;
2081 2710 2139 2742 sed
2167 2716 2376 2750 nequaquam

1340 2767 1424 2799 ratio
1445 2768 1495 2797 es't
1516 2775 1575 2798 cur
1594 2765 1639 2798 illi
1663 2766 1759 2797 det'ur
1775 2765 1885 2805 potius
1905 2772 2003 2804 quam
2021 2763 2086 2796 isti.
2104 2760 2176 2795 Non
2206 2760 2306 2802 {gitur
2327 2769 2376 2794 ra-

1342 2821 1539 2854 tionabiltter
1555 2821 1652 2853 datur
1673 2819 1731 2851 isti·
1743 2819 1854 2859 potius
1876 2826 1974 2859 quam
1992 2817 2048 2850 itti.
2067 2812 2101 2850 si
2129 2821 2239 2857 potest
2255 2817 2377 2849 distur-

1342 2876 1420 2908 bare
1434 2871 1521 2919 Deus
1535 2874 1655 2906 malum
1671 2872 1795 2914 aliquid
1805 2896 1814 2912 ,
1834 2870 1934 2911 Deus,
1949 2870 2081 2912 quando
2113 2878 2178 2901 non
2200 2865 2386 2904 disturbat‚⁴

1342 2929 1471 2960 videtur
1492 2928 1700 2960 consentiens
1726 2935 1809 2959 esse.
1827 2938 1846 2955 n
1872 2925 1935 2957 lsta
1957 2929 2030 2965 quse
2058 2923 2092 2955 in
2119 2923 2216 2954 editis
2237 2922 2375 2959 desunt,

1340 2983 1432 3024 sequi
1450 2983 1560 3022 debet,
1577 2987 1614 3013 ut
1629 2981 1839 3023 conjicimus,
1855 2979 1944 3021 quod
1960 2982 2032 3011 tam
2045 2987 2068 3010 a
2083 2977 2237 3016 veritate,
2253 2980 2315 3008 etc.

1383 3039 1390 3057 ¹
1405 3036 1756 3069 Hicinterserunturin
1774 3035 1886 3067 codice
1902 3031 2082 3065 Turonensi
2098 3041 2107 3062 ι
2125 3042 2144 3059 <1
2156 3031 2190 3063 Si
2207 3030 2292 3061 enim
2307 3036 2374 3060 non

1340 3096 1450 3132 potest
1465 3091 1519 3122 illa
1532 3098 1599 3122 nou
1614 3090 1733 3129 facere,
1743 3089 1855 3128 utique
1870 3088 1939 3119 haec
1951 3094 2025 3118 eum
2038 3093 2170 3117 necesse
2185 3087 2235 3115 est
2248 3082 2374 3119 [πει-ες

1342 3154 1379 3180 ac
1402 3153 1462 3185 per
1476 3145 1539 3176 hoc
1561 3153 1599 3177 ea
1627 3152 1761 3176 necesse
1777 3147 1828 3174 est
1855 3142 1938 3174 fieri.
1956 3139 2072 3172 Omnia
2089 3139 2200 3177 itaque
2213 3145 2286 3177 quae
2297 3135 2375 3168 facit

1341 3199 1427 3232 Deus
1442 3207 1576 3231 necesse
1590 3202 1640 3229 est
1649 3201 1685 3229 ut
1700 3196 1898 3237 quandoque
1906 3195 1997 3227 flant.
2007 3209 2046 3216 —
2053 3189 2190 3231 ²Eccli...
2197 3199 2270 3231 cap.
2281 3198 2374 3229 xxxi,

1340 3261 1372 3284 v.
1399 3254 1451 3285 10.
1468 3268 1507 3274 —
1526 3252 1540 3272 ³
1554 3252 1691 3290 August.
1710 3250 1751 3282 de
1765 3247 1904 3286 Trinit„
1931 3248 1990 3280 lib.
2011 3243 2103 3287 xm,
2126 3254 2196 3286 cap.
2221 3253 2262 3284 x,
2286 3244 2375 3286 Opp.

1341 3311 1365 3339 t.
1383 3304 1520 3340 vl11.-
1532 3305 1543 3324 ⁴
1562 3303 1666 3344 Ibid.,
1682 3313 1756 3345 cap.
1769 3312 1861 3337 xvm.
