2638 3866
312 199 409 244 102
578 149 581 151 ·
1115 188 1272 235 PETRI
1306 184 1615 233 ABAELARDI

310 297 447 356 sistit,
485 295 551 341 sic
580 293 709 340 solus
741 291 790 337 in
826 290 981 338 forma
1015 289 1104 337 Dei
1140 302 1240 335 esse
1284 285 1483 346 dicitur,
1510 293 1559 332 et
1594 283 1748 348 figura
1769 284 2045 332 substantiae
2066 285 2195 349 ejus,
2226 288 2325 335 sive
2348 289 2450 354 ipsa

314 376 463 424 Patris
487 375 664 437 imago,
686 370 736 418 id
758 380 827 417 est
848 385 1069 435 expressa
1093 369 1194 432 ejus
1219 364 1481 414 similitudo
1504 374 1817 430 nuncupatur
1847 383 1860 411 z
1886 381 1998 412 cum
2022 366 2290 431 ipsesFilius
2313 378 2447 416 tanta

317 457 442 504 Patri
463 454 767 518 cognatione,
794 461 847 499 ut
863 452 930 499 ita
952 450 1128 509 dicam,
1151 450 1210 497 sit
1226 448 1406 506 unitus,
1425 455 1479 493 ut
1501 461 1602 493 non
1631 446 1791 493 solum
1811 447 1914 512 ipse
1933 447 1994 494 sit
2017 448 2157 496 unius
2183 465 2296 498 cum
2314 453 2450 498 Patre

316 535 605 594 substantiae,
633 532 719 580 sed
751 533 964 598 insuper,
990 541 1045 579 ut
1067 530 1248 579 dictum
1284 537 1372 589 est,
1408 543 1464 574 ex
1500 527 1601 592 ipsa
1626 527 1781 576 Patris
1800 527 2085 576 substantia.
2112 529 2184 577 Ad
2204 530 2333 578 hanc
2355 531 2452 578 for-

317 617 452 664 tassis
469 613 849 673 similitudinem,
871 613 975 662 aeris
993 611 1170 659 scilicet
1185 620 1230 657 et
1243 609 1351 657 aerei
1365 607 1520 672 sigilli,
1541 607 1677 672 quasi
1690 608 1914 657 videlicet
1932 610 2155 658 informis
2172 620 2220 659 et
2238 611 2450 671 formati,

318 696 522 744 Hilarius
544 694 770 760 respexit,
799 710 936 753 cum,
964 702 1015 740 ut
1036 691 1223 740 dudum
1242 705 1389 755 supra
1412 688 1735 751 meminimus,
1762 690 1935 738 Filium
1969 707 1997 738 a
2032 694 2171 739 Patre
2193 691 2455 740 formatum

316 776 450 838 dixit,
477 775 526 823 id
550 784 621 823 est
644 791 702 823 eo
730 774 879 823 modo
915 790 1015 821 esse
1049 789 1190 819 suum
1221 769 1400 818 habere
1433 769 1493 817 de
1518 772 1675 829 Patre,
1700 787 1802 835 quo
1831 787 1907 818 res
1929 771 2136 820 formata
2157 788 2216 819 ex
2234 772 2337 838 ipsa
2359 788 2455 820 suae

317 857 528 905 materiae
545 855 808 904 substantia
832 854 1007 902 dicitur
1028 869 1147 900 esse.
1171 854 1278 898 Non
1305 860 1464 898 tamen
1490 848 1742 898 ullomodo
1765 842 2016 900 materiam
2046 851 2121 900 vel
2151 852 2455 901 materiatum

317 937 367 983 in
390 940 492 984 Deo
509 936 823 984 concedimus
844 951 963 995 esse,
986 933 1069 981 sed
1093 934 1142 979 in
1171 931 1400 979 creaturis
1423 939 1609 979 tantum
1626 930 1702 979 vel
1721 930 2036 979 mutabilibus
2054 931 2198 979 rebus
2215 948 2325 997 quae
2345 941 2458 980 sunt

316 1017 634 1065 accidentium
651 1014 991 1081 susceptibiles.
1014 1014 1144 1061 Sicut
1162 1029 1276 1076 ergo
1297 1011 1524 1076 sigillans,
1544 1028 1605 1060 eo
1622 1013 1729 1078 ipso
1747 1029 1846 1077 quo
1861 1012 2070 1077 sigillans
2088 1022 2175 1074 est,
2190 1013 2241 1061 in
2253 1012 2458 1062 alterum

316 1097 546 1162 quiddam
568 1096 760 1144 mollius
779 1096 856 1143 cui
873 1094 1165 1160 imprimitur
1188 1091 1424 1158 procedit,
1448 1102 1500 1141 ut
1515 1093 1738 1141 videlicet
1765 1094 1867 1158 ejus
1888 1094 2124 1159 imaginis,
2148 1110 2254 1159 quae
2279 1094 2330 1141 in
2355 1094 2460 1159 ipsa

318 1178 418 1240 ejus
443 1177 707 1225 substantia
723 1176 824 1239 J'am
846 1184 964 1235 erat,
986 1174 1192 1222 formam
1211 1173 1279 1221 illi
1299 1172 1477 1222 tribuat
1502 1192 1514 1234 3
1542 1174 1609 1222 sic
1626 1174 1830 1239 Spiritus
1852 1184 2045 1223 sanctus
2067 1174 2314 1222 donorum
2336 1191 2456 1223 suo-

317 1275 426 1305 rum
460 1256 795 1304 distributione
818 1255 960 1303 nobis
993 1254 1203 1315 infusus,
1232 1254 1491 1319 imaginem
1513 1256 1603 1303 Dei
1625 1254 1834 1303 deletam
1866 1256 1916 1302 in
1950 1255 2094 1304 nobis
2124 1255 2371 1314 reformat,
2407 1265 2460 1302 ut

311 1338 443 1399 juxta
469 1336 768 1402 Apostolum,
804 1336 1078 1384 conformes
1112 1335 1379 1383 efficiamur
1409 1336 1604 1400 imagini
1634 1335 1740 1383 Filii
1773 1336 1881 1396 Dei,
1914 1335 1964 1383 id
2001 1345 2073 1384 est
2105 1336 2324 1384 Christo:
2355 1355 2379 1378 «
2407 1344 2461 1381 ut

316 1433 571 1482 sequamur
593 1417 787 1480 vestigia
810 1416 912 1480 ejus
937 1417 1020 1481 qui
1041 1426 1294 1481 peccatum
1313 1433 1415 1464 non
1431 1416 1583 1478 fecit¹,
1613 1436 1636 1460 >³
1663 1426 1710 1463 et
1733 1415 1796 1464 de
1813 1418 1961 1464 veteri
1982 1416 2183 1465 homine
2200 1417 2252 1464 in
2277 1432 2460 1464 novum

314 1507 627 1546 transeamus.
643 1497 781 1544 Sicut
802 1507 965 1545 autem
983 1513 1046 1545 aes
1068 1506 1115 1545 et
1137 1496 1344 1562 sigillum
1364 1514 1451 1546 seu
1468 1497 1678 1563 sigillans
1696 1497 1744 1544 in
1767 1497 1865 1544 suis
1889 1496 2259 1564 proprietatibus
2276 1495 2462 1545 diversa

319 1588 446 1640 sunt,
465 1577 733 1626 secundum
755 1578 931 1626 modos
950 1579 1211 1627 existentiae
1233 1595 1358 1644 quos
1379 1578 1651 1627 adinvicem
1674 1577 1877 1637 habent,
1905 1579 1971 1626 ita
2000 1579 2179 1626 scilicet
2214 1587 2269 1625 ut
2302 1576 2463 1626 nullus

320 1661 534 1723 ipsorum
571 1660 914 1725 proprietatem
950 1660 1144 1708 alterius
1179 1660 1528 1718 communicet,
1569 1659 1637 1707 sic
1677 1669 1725 1706 et
1760 1662 1898 1707 Pater
1931 1670 1979 1707 et
2002 1660 2145 1707 Filius
2174 1668 2222 1707 et
2260 1659 2465 1724 Spiritus

319 1750 524 1788 sanctus.
543 1740 686 1788 Verbi
704 1741 851 1804 gratia
874 1759 884 1788 ε
908 1740 1125 1805 Sigillum
1142 1757 1321 1789 aereum
1336 1756 1391 1788 ex
1406 1757 1498 1788 aere
1518 1750 1590 1788 est
1603 1750 1834 1806 tanquam
1850 1757 1907 1788 ex
1921 1741 2119 1789 materia
2140 1740 2460 1796 materiatum,

317 1830 364 1866 et
385 1837 446 1867 aes
470 1822 665 1868 materia
688 1831 755 1868 est
777 1821 886 1868 aerei
908 1820 1066 1885 sigilli,
1095 1830 1141 1869 et
1157 1837 1335 1869 aereum
1357 1820 1565 1884 sigillum
1593 1821 1897 1869 materiatum
1923 1838 1981 1868 ex
2019 1837 2129 1879 aere,
2156 1830 2203 1868 et
2233 1820 2332 1867 istae
2356 1819 2464 1884 qui·

318 1900 429 1947 dem
452 1902 555 1948 aeris
577 1910 624 1948 et
640 1902 747 1948 aerei
773 1900 911 1966 sigilli
941 1902 1259 1967 proprietates
1275 1902 1343 1950 ita
1363 1902 1648 1949 intermixtae
1672 1911 1802 1961 sunt,
1828 1911 1882 1949 ut
1902 1917 2063 1966 neque
2080 1918 2143 1948 aes
2169 1901 2229 1948 sit
2251 1899 2468 1947 materia-

319 1991 421 2027 tum
445 1998 503 2029 ex
523 1998 629 2040 aere,
655 1999 811 2046 neque
834 1999 1005 2030 eorum
1029 1982 1238 2046 sigillum
1257 1983 1458 2030 materia
1475 1983 1535 2030 sit
1556 1982 1679 2041 aeriS,
1698 1998 1812 2029 cum
1834 1991 1998 2029 tamen
2015 1981 2186 2029 eadem
2206 1997 2283 2028 res
2300 1979 2468 2027 sithoc

318 2061 453 2124 quod
493 2071 563 2109 est
607 2063 803 2110 materia
852 2063 958 2110 aerei
1009 2062 1167 2127 sigilli,
1195 2063 1270 2110 vel
1295 2064 1599 2111 materiatum
1642 2079 1701 2110 ex
1742 2078 1851 2123 aere,
1895 2062 1991 2110 hoc
2016 2072 2087 2110 est
2135 2078 2197 2109 aes
2218 2061 2396 2127 ipsum,
2422 2069 2470 2106 et

319 2158 493 2190 aereum
537 2142 760 2207 sigillum.
799 2143 876 2190 Sic
913 2153 960 2191 et
994 2144 1044 2191 in
1071 2143 1248 2192 divinis
1291 2144 1527 2209 contingit
1564 2143 1800 2210 personis.
1849 2143 2126 2191 Secundum
2166 2142 2216 2189 id
2255 2141 2437 2206 quippe
2454 2175 2466 2198 ‚

320 2223 452 2285 quod
493 2222 652 2271 divina
686 2225 943 2290 sapientia,
984 2234 1035 2272 ut
1067 2224 1300 2286 diximus,
1329 2242 1385 2273 ex
1421 2225 1586 2273 divina
1616 2225 1832 2291 potentia
1859 2241 1962 2273 esse
1991 2224 2164 2285 habet,
2212 2222 2292 2270 illa
2333 2225 2472 2269 Pater

318 2301 490 2365 hujus,
529 2313 575 2351 et
609 2304 710 2353 haec
751 2304 893 2354 Filius
920 2305 1047 2353 illius
1087 2305 1290 2365 dicitur,
1321 2315 1368 2353 et
1405 2306 1455 2353 in
1497 2308 1601 2353 Deo
1632 2305 1937 2353 tantumdem
1970 2315 2043 2353 est
2073 2304 2232 2352 dicere
2258 2305 2467 2362 Patrem,

322 2392 557 2447 quantum
597 2386 637 2432 si
675 2385 890 2434 dicamus
923 2387 1207 2453 sapientiam
1238 2403 1298 2434 ex
1322 2390 1461 2434 Patre
1492 2388 1719 2450 genitam.
1748 2388 1797 2434 Si
1822 2403 1937 2451 ergo
1967 2387 2185 2434 dicamus
2206 2384 2273 2431 ibi
2299 2383 2470 2430 Filium

323 2479 424 2511 esse
453 2466 659 2526 Patrem,
684 2466 776 2514 tale
808 2477 876 2515 est
912 2484 968 2515 ac
991 2468 1031 2515 si
1054 2467 1275 2515 dicamus
1297 2468 1451 2532 ipsam
1478 2468 1566 2516 Dei
1592 2468 1743 2515 Patris
1761 2467 2045 2532 sapientiam
2069 2482 2172 2514 esse
2206 2463 2471 2528 genitorem

325 2544 471 2609 ipsius
495 2546 736 2611 sapientiae
758 2549 925 2610 Patris,
949 2548 1047 2596 hoc
1069 2558 1140 2596 est
1162 2548 1430 2613 suiipsius,
1459 2558 1513 2596 ut
1535 2549 1639 2613 ipsa
1660 2548 1840 2596 scilicet
1865 2548 1954 2595 Dei
1977 2545 2210 2612 sapientia
2233 2560 2291 2591 ex
2319 2543 2474 2608 seipsa

325 2625 383 2670 sit
402 2626 576 2688 genita,
597 2637 716 2683 etex
739 2629 894 2694 seipsa
909 2629 1086 2677 habeat
1103 2644 1224 2677 esse.
1249 2628 1477 2676 Similiter
1497 2629 1537 2676 si
1567 2629 1785 2677 dicamus
1806 2628 1896 2676 ibi·
1914 2631 2106 2675 Patrem
2126 2625 2316 2685 Filium,
2342 2621 2474 2670 vide-

326 2702 436 2750 licet
478 2707 550 2752 sui
589 2707 755 2772 ipsius,
797 2709 888 2757 tale
933 2719 1003 2758 est
1039 2725 1096 2757 ac
1136 2710 1174 2757 si
1202 2708 1421 2757 dicamus
1453 2709 1669 2757 divinam
1703 2709 1972 2775 potentiam
1995 2709 2206 2773 seipsam
2234 2704 2471 2768 genuisse.

329 2785 556 2840 Quamvis
572 2788 699 2835 enim
714 2788 843 2837 idem
860 2790 1174 2838 essentialiter
1183 2791 1242 2837 sit
1255 2807 1335 2846 aes,
1349 2790 1484 2855 quod
1493 2807 1670 2838 aereum
1684 2789 1893 2854 sigillum
1911 2806 1966 2836 ex
1986 2804 2080 2836 aere
2091 2796 2179 2848 est,
2191 2801 2293 2833 non
2311 2794 2475 2831 tamen

330 2860 440 2909 ideo
456 2865 565 2928 quia
583 2883 758 2915 aereum
780 2869 986 2934 sigillum
1010 2888 1068 2919 ex
1089 2887 1180 2920 aere
1204 2881 1292 2931 est,
1324 2887 1386 2918 aes
1407 2888 1465 2919 ex
1495 2872 1653 2937 seipso
1681 2871 1872 2932 dicitur,
1901 2869 1978 2917 vel
2001 2869 2115 2934 quia
2139 2868 2297 2933 ipsum
2317 2872 2475 2929 poste-
2520 2913 2528 2920 ‚

334 2942 428 2989 rius
449 2954 519 2991 est
540 2961 596 2992 ex
616 2962 724 3008 aere,
749 2948 859 2995 ideo
882 2951 1120 3014 posterius
1139 2951 1297 3017 seipso
1316 2951 1506 3000 dicitur.
1535 2955 1641 2999 Non
1665 2952 1798 3000 enim
1823 2950 1919 2998 hoc
1945 2963 2221 3015 pronomen
2242 2943 2377 3010 quod
2406 2953 2478 2990 est

332 3022 422 3083 sui,
443 3023 723 3073 relationem
746 3027 898 3077 facere
913 3041 1070 3094 potest
1092 3041 1236 3091 recte,
1260 3033 1352 3079 nisi
1375 3031 1460 3080 ubi
1487 3049 1561 3080 res
1586 3033 1759 3081 eadem
1782 3049 1883 3080 non
1915 3027 2250 3078 essentialitate
2269 3034 2471 3084 tantum,

333 3101 416 3150 sed
439 3104 582 3152 etiam
603 3107 892 3171 proprietate
915 3110 1100 3159 nititur.
1130 3112 1330 3161 Diversa
1353 3122 1515 3161 autem
1541 3114 1835 3179 proprietate
1864 3120 1976 3158 sunt
1995 3126 2058 3158 aes
2081 3119 2128 3157 et
2144 3121 2323 3154 aereum
2349 3104 2477 3168 sigil-

410 3285 422 3317 1
442 3286 543 3328 Petr„
560 3298 630 3330 cap.
649 3299 687 3330 11,
703 3299 732 3324 v.
751 3292 851 3324 21.-
870 3292 881 3310 ²
897 3293 949 3325 Sic
965 3293 1046 3326 Cod.
1064 3294 1146 3327 Vict.
1163 3297 1205 3328 In
1227 3306 1288 3337 pro
1310 3297 1359 3330 ibi
1377 3298 1472 3331 Amb.
