2638 3866
812 268 1210 319 INTRODUCTIO
1243 271 1327 321 AD
1358 267 1765 320 THEOLOGIAM.
2270 273 2364 320 445

220 363 336 413 dicit
364 382 376 413 ε
405 366 594 426 «Quod
615 370 744 416 Deus
765 369 978 434 providit
1008 387 1204 420 necesse
1232 382 1303 421 est
1336 372 1563 432 evenire,
1590 387 1704 419 cum
1728 372 1829 437 ipse
1852 371 2146 437 providerit,
2177 391 2200 418 η
2241 373 2371 422 dicat

219 445 497 512 simpliciter
532 446 716 513 absque
751 450 1095 513 conjunctione
1128 453 1204 501 vel
1240 452 1643 501 determinatione
1673 470 1684 498 :
1723 471 1747 497 ι(
1775 452 1921 510 Quod
1954 456 2085 502 Deus
2127 454 2367 520 providit,

219 541 411 574 necesse
433 536 504 575 est
527 528 743 589 evenire3
766 548 790 574 »
810 529 885 578 vel
906 532 1050 579 etiam
1069 548 1079 578 ε
1100 552 1123 576 «
1142 532 1391 598 Quidquid
1408 535 1538 581 Deus
1555 531 1784 597 providit,
1809 548 2000 582 necesse
2017 544 2088 582 est
2104 535 2293 583 evenire
2312 553 2324 594 ;
2343 553 2365 578 »

220 614 361 670 atque
387 605 504 655 hinc
533 618 632 655 tam
666 608 760 657 hoc
791 626 939 675 quam
969 611 1088 659 illud
1114 612 1249 677 quod
1284 614 1444 661 evenit
1476 611 1653 678 probet
1684 612 1799 677 quia
1833 629 2027 661 necesse
2050 624 2122 662 est
2145 615 2337 662 evenire
2356 651 2368 673 ‚

221 685 369 734 veluti
399 688 439 735 si
472 687 534 737 de
572 688 669 737 hoc
702 691 786 755 qui
816 691 1002 751 scribit,
1024 691 1100 740 vel
1120 692 1182 741 de
1203 692 1285 741 illo
1322 694 1406 757 qui
1441 692 1764 753 adulteratur,
1804 692 2023 741 dicamus
2065 696 2365 761 simpliciter,

219 766 333 830 quia
372 783 567 817 necesse
609 779 680 817 est
718 769 849 819 hunc
893 771 1130 831 scribere,
1175 772 1252 821 vel
1298 773 1432 822 illum
1471 772 1759 835 adulterari,
1807 772 2081 822 nullatenus
2131 775 2366 840 procedit.

220 848 327 895 Non
361 849 491 897 enim
527 850 567 897 si
605 851 892 918 recipiamus
922 853 1037 919 quia
1068 853 1459 919 praedestinatum
1481 870 1680 902 omnem
1704 870 1899 902 necesse
1923 863 1993 902 est
2029 854 2230 917 salvari,
2262 854 2371 903 ideo

219 926 281 975 de
298 928 496 994 singulis
519 930 863 996 praedestinatis
883 933 1151 983 concedere
1170 935 1416 1000 cogimur,
1446 944 1497 982 ut
1519 943 1618 982 tam
1639 932 1771 981 hunc
1793 933 2044 983 hominem
2067 951 2212 1000 quam
2238 935 2372 983 illum

219 1007 436 1058 dicamus
467 1012 580 1076 quia
608 1028 802 1062 necesse
838 1023 909 1062 est
944 1014 1136 1064 salvari.
1162 1015 1362 1065 Sublato
1390 1016 1574 1082 quippe
1596 1015 1797 1064 nomine
1818 1014 2267 1082 praedestinatorum
2286 1054 2298 1078 ,
2324 1017 2371 1063 in

219 1105 320 1154 quo
355 1100 426 1138 est
455 1092 528 1140 vis
562 1093 884 1157 necessitatis,
911 1094 1036 1143 sicut
1075 1096 1125 1144 in
1162 1097 1385 1163 apposita
1414 1095 1843 1159 determinatione,
1869 1114 1970 1145 non
1994 1098 2061 1145 ita
2083 1098 2365 1163 recipimus,

220 1171 333 1236 quia
354 1171 487 1221 hunc
509 1172 586 1222 vel
607 1174 745 1222 illum
773 1192 969 1224 necesse
999 1186 1072 1225 est
1094 1176 1281 1225 salvari.
1310 1177 1435 1226 Hinc
1467 1176 1517 1225 in
1541 1176 1760 1241 quodam
1789 1194 1932 1226 sensu
1957 1179 2216 1244 recipimus
2240 1179 2372 1244 quod

219 1251 609 1316 praedestinatum
631 1270 824 1305 necesse
848 1265 920 1305 est
942 1257 1138 1317 salvari3
1165 1256 1262 1306 hoc
1285 1267 1383 1319 est,
1412 1274 1525 1306 eum
1549 1257 1634 1322 qui
1657 1257 1763 1305 talis
1785 1267 1882 1316 est,
1906 1276 2020 1306 cum
2050 1259 2110 1307 sit
2133 1259 2375 1325 praedesti-

220 1341 360 1381 natus
375 1371 388 1395 ,
414 1333 585 1383 salvari
606 1352 800 1384 necesse
825 1345 913 1385 est.
941 1339 1035 1397 Ita,
1058 1337 1146 1385 etsi
1169 1338 1457 1404 recipiamus
1474 1338 1588 1403 quia
1613 1337 1748 1402 quod
1766 1338 1979 1404 providit
2000 1341 2153 1398 Deus,
2180 1355 2375 1387 necesse

220 1421 292 1460 est
325 1414 545 1476 evenire,
571 1414 668 1464 hoc
697 1416 879 1465 scilicet
906 1417 1340 1483 subintelligentes,
1370 1434 1484 1466 cum
1518 1417 1570 1465 id
1601 1417 1704 1483 ipse
1741 1417 2035 1484 providerit;
2066 1436 2374 1486 nequaquam

219 1492 330 1541 ideo
356 1494 638 1561 simpliciter
659 1497 873 1563 recipere
897 1497 1159 1559 debemus,
1185 1499 1299 1564 quia
1330 1497 1464 1546 hunc
1488 1497 1727 1552 scribere,
1753 1499 1831 1546 vel
1853 1498 1987 1546 illum
2010 1499 2269 1548 adulterari
2291 1516 2374 1547 ne-

221 1589 351 1622 cesse
378 1575 468 1636 sit,
496 1575 594 1624 hoc
616 1586 709 1638 est,
736 1577 1034 1641 inevitabile,
1064 1595 1177 1627 cum
1206 1578 1432 1628 videlicet
1466 1587 1726 1643 utrumque
1756 1595 1944 1628 cessare
1962 1580 2036 1628 vel
2059 1596 2159 1628 non
2184 1580 2376 1628 evenire

221 1655 395 1719 possit,
422 1666 471 1705 et
487 1673 636 1706 omne
653 1669 906 1724 peccatum
926 1660 1078 1725 magis
1095 1659 1423 1708 voluntarium
1441 1676 1590 1725 quam
1612 1660 1936 1708 necessarium
1958 1661 2017 1708 sit
2031 1697 2044 1722 ‚
2072 1671 2120 1708 et
2142 1677 2199 1707 ex
2222 1660 2374 1708 libero

221 1736 489 1801 procedens
521 1737 747 1800 arbitrio,
784 1756 887 1788 non
922 1756 979 1788 ex
1015 1740 1176 1806 aliqua
1214 1741 1468 1788 coactione
1510 1749 1718 1801 naturae,
1744 1741 1818 1789 vel
1854 1741 2029 1789 divinae
2060 1741 2375 1789 Providentiae

218 1818 571 1884 compulsione.
590 1822 697 1867 Non
718 1819 850 1869 enim
874 1821 1199 1883 Providentia,
1217 1820 1315 1870 hoc
1337 1831 1408 1870 est
1429 1822 1728 1886 praescientia
1744 1822 1851 1883 Dei,
1878 1822 2208 1870 necessitatem
2233 1821 2376 1870 rebus

219 1895 389 1960 infert,
416 1899 567 1964 magis
586 1917 735 1966 quam
767 1910 936 1951 nostra
965 1902 1263 1968 praescientia
1283 1903 1383 1950 sive
1401 1902 1615 1950 scientia.
1639 1895 1770 1950 Sicut
1800 1902 1932 1951 enim
1965 1918 2158 1950 necesse
2187 1912 2259 1950 est
2283 1902 2377 1950 hoc

219 1979 413 2028 evenire
435 1996 546 2028 cum
565 1983 696 2029 Deus
719 1981 1007 2047 providerit,
1033 1983 1099 2030 ita
1127 1983 1271 2031 etiam
1300 1999 1495 2031 necesse
1521 1993 1592 2032 est
1622 1983 1751 2031 istud
1791 1983 2071 2046 contingere
2095 2019 2107 2041 ‚
2138 1999 2250 2029 cum
2287 1999 2375 2047 ego

219 2059 506 2123 praescierim
524 2097 538 2122 ,
566 2061 643 2109 vel
665 2062 823 2129 ipsum
847 2079 950 2111 esse
965 2099 978 2123 ,
999 2080 1113 2111 cum
1140 2080 1231 2128 ego
1254 2064 1404 2113 sciam
1428 2063 1503 2112 vel
1525 2063 1718 2113 videam
1740 2062 1861 2112 illud
1883 2080 2004 2111 esse.
2028 2061 2174 2110 Verbi
2197 2064 2346 2127 gratia
2360 2100 2371 2122 ,

220 2138 361 2188 video
386 2141 531 2189 istum
548 2142 782 2204 scribere,
808 2153 857 2192 et
872 2160 1066 2193 necesse
1083 2153 1155 2193 est
1177 2162 1290 2194 eum
1314 2144 1540 2206 scribere,
1559 2162 1673 2193 cum
1694 2144 1883 2192 videam
1901 2161 2012 2191 eum
2038 2142 2263 2202 scribere,
2286 2159 2373 2191 nec

219 2229 381 2269 tamen
404 2223 534 2270 visus
555 2239 692 2272 meus
714 2224 812 2272 ulla
829 2225 1111 2273 necessitate
1132 2241 1246 2273 eum
1269 2225 1332 2274 ad
1351 2225 1665 2274 scribendum
1689 2224 1938 2291 compellit
1953 2261 1966 2284 ,
1994 2225 2070 2272 vel
2097 2241 2207 2271 eum
2225 2240 2374 2288 quem

219 2301 469 2351 ambulare
490 2303 634 2352 video
653 2304 715 2352 ad
734 2304 1100 2354 ambulandum.
1128 2305 1274 2365 Quod
1295 2306 1549 2369 diligenter
1568 2306 1796 2354 Boethius
1819 2305 2092 2366 attendens,
2114 2314 2257 2370 atque
2281 2305 2374 2352 hoc

221 2397 278 2429 ex
300 2399 511 2448 persona
529 2383 848 2450 philosophiae
867 2385 1136 2435 dissolvens
1150 2424 1162 2447 ,
1187 2389 1226 2435 V
1246 2386 1306 2434 de
1330 2387 1670 2435 Consolatione
1704 2386 1830 2434 libro
1845 2424 1857 2447 ,
1883 2386 1958 2434 his
1980 2386 2168 2450 scripsit
2194 2385 2369 2432 verbis.

220 2463 447 2512 Boethius
465 2482 476 2511 :
495 2485 518 2508 <c
536 2465 585 2512 Si
603 2476 778 2514 cuncta
793 2467 1028 2533 prospicit
1040 2470 1189 2528 Deus,
1206 2484 1364 2533 neque
1382 2467 1480 2515 falli
1500 2467 1598 2515 ullo
1616 2467 1766 2515 modo
1779 2475 1953 2532 potest,
1974 2466 2168 2512 evenire
2182 2481 2373 2511 necesse

220 2551 290 2590 est
310 2544 447 2609 quod
468 2546 756 2611 praeviderit.
786 2550 908 2594 Tum
929 2547 1011 2596 illa
1032 2567 1042 2594 :
1070 2551 1236 2609 VetUS,
1263 2549 1444 2614 inquit,
1470 2549 1572 2596 haec
1595 2558 1668 2596 est
1689 2547 1751 2595 de
1777 2546 2084 2594 Providentia
2103 2545 2316 2609 querela.
2346 2564 2368 2588 »

220 2627 339 2672 Item
367 2643 378 2672 z
406 2646 428 2670 «
448 2626 771 2692 Respondebo
794 2627 925 2676 idem
954 2628 1170 2677 futurum
1190 2645 1303 2677 cum
1327 2628 1389 2677 ad
1408 2629 1625 2677 divinam
1648 2628 1888 2676 rationem
1907 2626 2129 2686 refertur,
2156 2640 2372 2672 necessa-

220 2705 376 2766 rium3
411 2723 526 2755 cum
557 2723 675 2755 vero
704 2707 754 2755 in
780 2725 867 2758 sua
900 2718 1075 2757 natura
1097 2709 1441 2774 perpenditur,
1478 2708 1685 2757 liberum
1714 2722 1910 2772 prorsus
1932 2715 2075 2769 atque
2098 2704 2370 2753 absolutum

222 2784 389 2833 videri.
425 2790 542 2833 Duae
572 2796 685 2834 sunt
722 2789 902 2836 etenim
938 2790 1274 2850 necessitates,
1303 2788 1507 2853 simplex
1544 2804 1670 2847 uua;
1697 2786 1844 2835 veluti
1887 2785 2022 2849 quod
2064 2801 2260 2833 necesse
2303 2796 2373 2833 est

222 2882 393 2914 omnes
413 2866 638 2914 homines
659 2883 761 2915 esse
783 2869 1035 2931 mortales3
1061 2869 1212 2917 altera
1234 2866 1556 2930 conditionis,
1582 2877 1634 2914 ut
1653 2867 1692 2914 si
1710 2867 1922 2932 aliquem
1945 2864 2195 2912 ambulare
2218 2865 2337 2912 scias
2357 2903 2368 2925 ,

222 2963 334 2997 eum
356 2946 606 2995 ambulare
640 2963 835 2996 necesse
858 2959 957 3009 est3
984 2948 1121 3013 quod
1142 2948 1273 2996 enirn
1296 2948 1502 3013 quisque
1529 2948 1692 3009 novit,
1717 2946 1768 2995 id
1804 2963 1906 2994 esse
1943 2946 2078 2994 aliter
2110 2961 2167 2994 ac
2201 2955 2372 2992 notum

222 3037 294 3075 est
315 3027 501 3091 nequit.
528 3026 623 3074 Sed
657 3026 759 3075 haec
791 3027 1008 3076 conditio
1040 3028 1241 3077 minime
1273 3044 1438 3076 secum
1465 3027 1596 3076 illam
1616 3027 1883 3093 simplicem
1909 3025 2078 3086 trahit3
2101 3026 2228 3073 hanc
2244 3026 2372 3073 enim

223 3108 554 3156 necessitatem
600 3124 702 3155 non
739 3110 938 3174 propria
971 3109 1084 3158 facit
1121 3119 1317 3171 natura,
1352 3107 1439 3156 sed
1475 3107 1770 3156 conditionis
1801 3106 2024 3171 adjectiO.
2067 3106 2206 3154 Nulla
2244 3107 2372 3153 enim

225 3187 480 3236 necessitas
501 3189 630 3252 cogit
652 3189 874 3237 incedere
899 3190 1222 3254 gradientem,
1247 3188 1467 3254 quamvis
1492 3205 1605 3235 eum
1641 3198 1744 3235 tum
1766 3204 1879 3235 cum
1909 3187 2123 3250 graditur
2148 3185 2371 3233 incedere

225 3253 545 3316 necessarium
568 3269 644 3316 sit.
673 3269 856 3317 Eodem
880 3270 1051 3330 modo,
1073 3271 1113 3318 si
1129 3269 1246 3335 quid
1265 3267 1569 3334 providentia
1592 3284 1800 3333 praesens
1819 3266 1967 3326 videt,
1989 3266 2038 3313 id
2060 3282 2162 3313 esse
2183 3280 2372 3312 necesse

227 3357 321 3409 est,
348 3349 535 3396 tametsi
567 3348 749 3397 nullam
779 3361 960 3399 naturae
996 3349 1173 3399 habeat
1207 3349 1556 3398 necessitatem.
1585 3350 1726 3413 Atqui
1754 3351 1883 3395 Deus
1918 3362 1974 3395 ea
2012 3346 2167 3392 sutura
2190 3361 2293 3409 quae
2317 3360 2372 3390 ex

384 3445 418 3469 11
2162 3430 2211 3466 19
