2638 3866
276 203 372 251 370
1084 202 1255 248 PETRI
1274 200 1604 250 ABAELARDI

275 317 381 357 mea
401 300 665 347 substantia
688 316 755 346 es,
783 302 901 347 Nam
925 301 1037 364 quia
1061 302 1110 348 in
1126 302 1388 351 aeternitate
1411 303 1527 350 nihil
1548 313 1618 351 est
1641 305 1931 369 praeteritum
1960 315 2042 353 aut
2070 307 2302 368 futuru-m,
2317 310 2412 357 -sed

278 380 618 429 tantummodo
663 396 871 445 praesens
888 417 900 440 ‚
950 381 1131 428 idcirco
1180 381 1411 430 adverbio
1454 386 1685 449 temporis
1728 386 1971 450 praesentis
2015 404 2105 452 pro
2150 390 2411 438 aeternitate

278 459 390 508 usus
425 470 511 522 est,
551 460 761 508 dicendo
788 460 1016 508 «hodie»
1045 478 1134 526 pro
1170 462 1468 511 aeternaliter.
1508 467 1634 510 Bene
1670 473 1830 512 autem
1868 466 1929 512 ad
1966 465 2194 515 «hodie»
2226 469 2411 517 addidit

281 559 305 585 «
321 542 487 604 genui,
513 559 533 586 n
587 541 721 604 quasi
759 542 979 606 praesenti
1024 542 1347 606 praeteritum,
1390 554 1443 591 ut
1481 532 1700 591 videlicet
1739 545 1893 610 ipsam
1930 548 2288 610 generationem
2322 566 2410 615 per

280 620 465 667 «hodie
486 639 509 665 »
547 631 830 686 praesentem
871 638 1084 687 semper,
1125 639 1209 687 per
1260 644 1282 667 ε(
1298 624 1441 686 genui
1461 643 1483 668 n
1522 625 1777 690 perfectam
1819 643 1918 673 esse
1961 626 2222 690 indicaret,
2264 645 2410 676 num-

274 716 420 763 quam
453 700 633 748 scilicet
667 711 749 748 aut
783 717 965 749 cessare
1004 711 1086 749 aut
1114 703 1374 768 incoeptam
1402 720 1521 751 esse.
1554 706 1744 771 Quippe
1776 723 1881 770 quae
1911 708 2148 772 praeterita
2180 718 2290 755 sunt
2308 708 2408 772 jam

272 781 510 846 completa
547 791 659 828 sunt
689 791 736 828 et
767 781 1008 847 perfecta:
1036 783 1242 847 ideoque
1277 785 1567 849 praeteritum
1603 786 1738 850 quasi
1775 779 1864 851 pro
1899 788 2191 852 perfectione
2227 789 2407 854 posuit,

272 860 530 908 ostendens
560 861 752 908 scilicet,
774 861 945 908 Filium
978 879 1035 909 ex
1072 866 1208 910 Patre
1242 881 1431 929 semper
1468 865 1595 929 gigni
1627 875 1674 912 et
1697 883 1885 932 semper
1918 868 2131 931 genitum
2165 886 2284 916 esse.
2313 870 2407 928 Qui

270 950 316 987 et
336 940 449 988 alibi
474 942 682 1007 apertius
704 942 1012 990 aeternitatem
1037 943 1137 990 Filii
1161 953 1450 1009 protestatur
1468 945 1658 993 dicens²
1685 964 1694 993 :
1727 967 1748 991 «
1774 947 2077 995 Per-manebit
2102 965 2214 996 cum
2236 949 2344 1004 sol'e'
2359 960 2408 997 et

267 1031 379 1069 ante
400 1023 566 1070 lunam
590 1023 639 1069 in
663 1024 971 1087 generatione
993 1034 1038 1070 et
1062 1026 1438 1088 generationem.
1464 1046 1485 1069 n
1513 1029 1569 1073 Et
1592 1030 1801 1074 rursum²
1829 1046 1838 1074 :
1872 1047 1896 1074 «
1915 1031 2093 1076 Tecum
2113 1022 2404 1095 principium

267 1103 316 1149 in
340 1103 417 1150 die
445 1104 630 1164 virtutis
649 1113 739 1150 tuae
754 1105 803 1150 in
818 1104 1155 1169 splendoribus
1175 1115 1469 1166 sanctorum,
1498 1123 1551 1154 ex
1574 1117 1711 1167 utero
1735 1118 1844 1155 ante
1862 1109 2111 1157 luciferum
2140 1111 2289 1175 genui
2304 1121 2403 1158 te.»

266 1186 336 1230 De
374 1183 465 1231 hac
496 1184 638 1231 etiam
673 1184 900 1232 ineffabili
929 1196 976 1233 et
1007 1196 1180 1233 aeterna
1213 1187 1538 1251 generatione,
1578 1188 1677 1235 sive
1711 1189 1854 1236 etiam
1891 1191 2163 1256 temporali,
2199 1206 2403 1256 quarum

265 1273 466 1328 utraque
500 1263 730 1311 mirabilis
764 1275 851 1327 est,
884 1267 1027 1314 Isaias
1055 1266 1298 1314 admirans
1330 1267 1418 1313 ait³
1453 1284 1463 1313 :
1492 1287 1514 1311 «
1535 1269 1908 1318 Generationem
1942 1272 2043 1335 ejus
2076 1273 2182 1336 quis
2213 1284 2404 1320 enarraa

263 1341 364 1390 bit'?
386 1364 408 1387 >2
432 1360 487 1391 ac
505 1345 545 1400 si
563 1354 727 1409 aperte
747 1344 926 1393 diceret
952 1364 962 1392 :
989 1349 1095 1394 Non
1116 1356 1186 1393 est
1208 1346 1303 1393 hoc
1324 1346 1555 1394 disserere
1575 1347 1775 1396 humani
1797 1350 1993 1414 ingenii,
2020 1351 2104 1399 sed
2128 1352 2271 1399 solius
2294 1354 2401 1411 Dei,

263 1422 397 1489 cujus
422 1434 581 1472 tamen
604 1425 805 1490 Spiritus
821 1426 870 1472 in
897 1426 972 1474 his
992 1425 1216 1474 fidelibus
1235 1444 1357 1491 quos
1373 1427 1476 1474 vult
1498 1427 1729 1493 loquitur,
1756 1430 1860 1495 ipso
1886 1441 2155 1492 attestante,
2183 1433 2264 1497 q‘ui
2287 1434 2398 1481 ait⁴z
2438 1496 2441 1498 -

266 1508 413 1552 «Non
441 1523 528 1553 vos
553 1507 664 1553 estis
693 1506 776 1570 qui
798 1506 1071 1572 loquimini,
1098 1507 1180 1554 sed
1205 1509 1407 1573 Spiritus
1433 1510 1580 1556 Patris
1603 1511 1746 1557 vestri
1768 1512 1851 1575 qui
1879 1512 2093 1575 loquitur
2115 1513 2349 1560 in--vobis.
2374 1533 2400 1558 ι»

263 1585 581 1650 Hieronymus
608 1587 748 1634 etiam
771 1605 914 1652 super
939 1588 1257 1635 Ecclesiasten
1282 1606 1340 1636 eo
1363 1590 1472 1637 loco
1497 1608 1596 1655 quo
1620 1591 1819 1638 dicitur¹⁵
1845 1608 1856 1639 :
1888 1611 1911 1637 <c
1932 1594 2050 1650 Quis
2077 1594 2165 1640 scit
2187 1594 2404 1658 spiritus'

261 1665 469 1713 filiorum
498 1666 753 1714 hominum
785 1669 824 1715 si
847 1668 1072 1716 ascendat
1099 1686 1304 1731 sursum,
1328 1679 1373 1716 et
1395 1671 1588 1736 spiritus
1611 1673 1796 1737 pecoris
1824 1672 2082 1720 descendat
2107 1673 2332 1722 deorsum
2350 1676 2401 1730 in

263 1747 467 1794 terram?
486 1766 507 1790 υ
533 1747 654 1794 Illud
677 1748 806 1810 quod
827 1748 1010 1795 dictum
1034 1758 1103 1796 est
1129 1768 1151 1794 «
1170 1751 1540 1798 Generationem
1564 1753 1663 1814 ejus
1686 1753 1791 1816 quis
1813 1753 2088 1800 enarrabit?
2112 1772 2133 1798 υ
2160 1754 2220 1801 ad
2241 1771 2401 1802 exem—

261 1826 396 1891 plum
411 1826 615 1874 difficilis
634 1845 733 1874 non
753 1828 1058 1894 impossibilis
1078 1830 1224 1876 trahit
1244 1830 1425 1890 dicens,
1447 1831 1718 1895 adjiciendo
1741 1853 1763 1876 <c
1785 1834 1919 1891 Quis,
1940 1855 1961 1876 n
1984 1833 2313 1881 difficultatem
2333 1837 2406 1882 rei·

261 1908 412 1954 voluit
429 1907 775 1955 demonstrare.
801 1911 1078 1956 Pronomen
1098 1910 1226 1956 enim
1250 1931 1270 1955 «
1291 1911 1409 1968 Quis
1427 1930 1449 1956 n
1469 1912 1518 1958 in
1537 1913 1781 1977 scripturis
1798 1914 1971 1960 sanctis
1989 1930 2088 1960 non
2110 1930 2198 1979 pro
2219 1915 2400 1979 impos-

259 1987 399 2047 sibili,
416 1988 503 2035 sed
519 2005 610 2053 pro
628 1988 808 2036 difficili
830 2006 1020 2055 semper
1033 1991 1280 2055 accipitur,
1303 2001 1355 2038 ut
1370 1991 1438 2038 ibi
1455 2012 1479 2037 «
1492 1994 1861 2041 Generationem
1881 1995 1997 2058 ejus,
2010 2013 2031 2038 »
2053 1993 2102 2040 id
2120 2004 2189 2041 est
2206 1994 2396 2056 Christi,

263 2068 402 2132 «quis
421 2068 686 2117 enarrabit?
704 2079 794 2116 etc.
808 2088 830 2113 »
853 2073 960 2117 Haec
978 2071 1118 2118 etiam
1135 2072 1385 2136 Sapientiae
1402 2074 1696 2120 coaeternitas
1712 2090 1821 2121 cum
1839 2075 1974 2121 Patre
1989 2073 2131 2138 plane
2145 2074 2192 2120 in
2207 2077 2403 2122 Prover-

258 2147 345 2195 biis
367 2158 660 2196 monstratur
677 2148 753 2196 his
775 2150 952 2198 verbis⁷
972 2168 982 2197 z
1005 2171 1028 2197 «
1049 2155 1148 2215 Ego
1169 2153 1399 2217 sapientia
1422 2153 1589 2202 habito
1609 2154 1656 2201 in
1681 2154 1899 2201 consilio.
1923 2155 2162 2201 Dominus
2187 2154 2400 2220 possedit

260 2246 335 2276 me
352 2229 488 2276 initio
503 2230 689 2277 viarum
710 2249 905 2279 suarum
921 2244 1179 2299 antequam
1198 2235 1466 2299 quidquam
1482 2237 1657 2284 faceret
1673 2254 1698 2284 a
1718 2237 1975 2302 principio·
1995 2235 2065 2283 Ab
2082 2245 2261 2283 aeterno
2276 2235 2409 2283 ordi-.

258 2321 368 2356 nata
391 2326 497 2356 sum
520 2320 777 2375 antequam
795 2322 919 2360 terra
939 2313 1098 2374 fieret;
1119 2315 1327 2362 necdum
1351 2326 1486 2364 erant
1504 2317 1677 2381 abyssi,
1702 2326 1748 2364 et
1769 2334 1858 2381 ego
1874 2317 1974 2381 jam
1994 2326 2228 2381 concepta
2245 2333 2393 2364 eram.

258 2384 475 2432 Necdum
488 2395 680 2433 montes
694 2403 925 2450 aquarum
939 2400 1213 2454 eruperant,
1231 2390 1438 2438 necdum
1453 2401 1642 2438 montes
1658 2392 1787 2455 gravi
1807 2391 1931 2438 mole
1944 2391 2270 2451 constiterant,
2288 2400 2399 2438 ante

256 2462 401 2510 colles
420 2480 508 2527 ego
529 2465 845 2530 parturiebar.
867 2467 1033 2515 Adhuc
1055 2478 1231 2516 terram
1250 2487 1350 2517 non
1369 2471 1542 2517 fecerat
1562 2481 1609 2517 et
1631 2471 1851 2518 cardines
1870 2470 2001 2517 orbis
2021 2480 2177 2529 terrae3
2198 2470 2395 2533 quando

256 2544 552 2609 praeparabat
570 2546 733 2608 coelos,
756 2546 974 2608 aderam;
1001 2550 1198 2613 quando
1223 2550 1527 2616 appendebat
1548 2550 1858 2598 fundamenta
1878 2560 2028 2611 terrae,
2049 2567 2159 2597 cum
2182 2566 2241 2596 eo
2264 2566 2399 2597 eram·

255 2635 425 2672 cuncta
448 2643 766 2692 componens,
792 2638 839 2675 et
861 2628 1134 2677 delectabar
1158 2632 1479 2696 persingulos
1505 2631 1624 2691 dies,
1648 2631 2006 2678 ludenscoram
2030 2647 2089 2677 eo
2107 2631 2248 2677 -omni
2274 2640 2396 2677 tem·-

255 2721 387 2768 pore.
408 2724 430 2749 »
458 2707 587 2764 Quid
612 2708 741 2754 enim
765 2709 974 2774 apertius
997 2709 1060 2757 ad
1079 2710 1304 2758 aeternam
1332 2713 1690 2775 generationem
1711 2711 1873 2769 Verbi,
1896 2727 2041 2775 quam
2064 2710 2113 2758 id
2136 2710 2266 2775 quod
2291 2710 2398 2775 ipsa

255 2785 494 2849 Sapientia
525 2788 843 2852 perhibense
868 2799 976 2837 ante
1007 2791 1180 2849 mundi
1213 2793 1607 2840 constitutionem
1638 2802 1923 2857 conceptam
1946 2809 2047 2839 esse
2070 2801 2118 2838 et
2150 2791 2390 2856 parturiri,

256 2873 301 2909 et
337 2881 386 2911 se
421 2884 531 2914 cum
566 2872 704 2916 Patre
740 2871 1024 2918 aeternaliter
1056 2883 1422 2937 permanentem
1455 2890 1645 2939 semper
1680 2873 1845 2921 ludere
1885 2889 2049 2920 coram
2088 2889 2176 2931 eo,
2214 2862 2404 2936 qnippe:

254 2944 387 3006 quod
423 2958 711 3012 conceptum
739 2951 1017 3014 parturitur,
1055 2953 1222 3016 utique
1253 2953 1303 2999 in
1336 2954 1442 3018 ipso
1473 2963 1545 3001 est
1574 2970 1602 3001 a
1632 2971 1731 3018 quo
1755 2963 2025 3018 generatur.
2061 2955 2118 2999 Et
2152 2951 2392 3016 Sapientia

253 3023 302 3068 in
324 3024 427 3087 ipsa
448 3026 708 3075 substantia
732 3029 828 3077 sive
853 3032 1057 3078 essentia
1076 3033 1293 3096 potentia
1316 3043 1403 3092 est,
1430 3034 1673 3098 cum-ipsa
1698 3034 1878 3081 scilicet
1897 3032 2126 3097 quaedam
2141 3031 2200 3077 sit
2223 3039 2392 3095 poten·

292 3239 300 3259 ¹
315 3220 448 3272 Psalm.
467 3242 555 3281 Lxxi,
574 3250 607 3275 v.
625 3244 656 3275 5.
680 3260 720 3266 -
740 3244 751 3263 ²
765 3244 894 3278 Psalm.
916 3253 983 3287 cix,
1001 3256 1032 3279 v.
1051 3249 1082 3280 3.
1108 3265 1147 3271 —
1172 3249 1183 3269 ³
1199 3246 1287 3282 Isaiae
1358 3258 1389 3284 v.
1404 3249 1457 3283 21.
1471 3267 1509 3273 —
1522 3249 1580 3282 ⁶In
1594 3250 1743 3290 vulgata:
1759 3248 1912 3292 Spiritus
1924 3247 2078 3291 filiorum
2093 3246 2257 3280 Adam...
2274 3249 2306 3279 et
2320 3247 2390 3290 spi-

247 3301 321 3335 ιιιι,
339 3302 370 3327 v.
388 3295 420 3328 8.
437 3312 479 3319 —
491 3295 502 3317 ⁴
514 3294 643 3337 Manli„
655 3305 726 3338 cap.
743 3305 777 3339 x,
794 3306 826 3330 v.
843 3299 895 3332 20.
907 3300 968 3323 —⁸
985 3299 1121 3341 Eccles„
1139 3310 1213 3343 cap.
1230 3311 1283 3344 111,
1357 3294 1447 3336 ritus
1457 3303 1702 3345 Jumentorum.
1722 3320 1760 3327 -
1774 3304 1784 3324 ⁷
1799 3303 1916 3341 Prov..
1933 3310 2093 3343 camvm,
2111 3310 2141 3334 v.
2162 3304 2201 3335 12
2217 3306 2335 3342 etsqq.
