2638 3866
923 254 981 302 IN
1014 252 1342 301 EPISTOLAM
1377 253 1459 303 AD
1493 252 1794 301 ROMANOS.
2338 253 2433 298 323

287 360 399 408 dem
423 357 654 406 Romulus
675 357 724 405 iu
749 366 845 404 tres
867 365 1026 422 partes
1044 355 1282 421 populum
1305 356 1395 405 sibi
1418 355 1668 404 subditum
1691 355 1877 417 divisit,
1904 356 1951 403 in
1976 359 2231 404 Senatores
2255 355 2435 402 scilicet

287 442 371 505 qui
393 448 441 487 et
460 437 694 487 Consules
712 436 1030 496 vocabantur,
1057 435 1106 483 in
1126 435 1300 484 milites
1318 446 1367 485 et
1387 436 1637 502 agricolas,
1667 445 1715 484 et
1738 437 1996 502 unicuique
2019 436 2143 503 parti
2165 436 2435 503 principem

288 536 442 568 unum
464 519 731 579 constituit,
752 518 837 582 qui
859 518 1002 566 etiam
1021 515 1243 565 tribunus
1265 516 1515 566 dicebatur
1532 533 1592 566 eo
1614 516 1747 581 quod
1775 517 1857 564 uni
1879 534 1933 565 ex
1954 516 2172 583 partibus
2196 526 2430 583 praeesset.

289 604 470 649 Census
492 615 607 648 vero
622 599 706 664 qui
725 597 973 646 asubditis
992 595 1269 662 exigebatur
1285 598 1517 646 tributum
1534 596 1804 646 dicebatur.
1828 618 1851 641 »
1878 617 1900 643 «
1922 599 2010 645 Cui
2034 596 2251 663 vectigal.
2274 616 2298 641 »
2317 598 2436 643 Vec-

289 681 400 745 tigal
423 689 494 728 est
515 678 752 728 tributum
775 677 953 738 fiscale,
988 686 1036 726 et
1058 676 1233 726 dicitur
1264 693 1293 725 a
1319 677 1563 738 vehendo,
1595 693 1656 725 eo
1683 676 1818 742 quod
1839 678 2103 743 accipiatur
2124 677 2185 725 de
2206 676 2433 732 vecticiis‚

289 762 339 809 id
374 770 445 809 est
477 759 740 827 deportatis
771 757 1030 808 mercibus.
1067 778 1090 803 α
1111 757 1199 806 Cui
1225 758 1465 807 timorem.
1487 777 1512 804 »
1550 756 1798 807 iracundis
1831 757 2038 806 maxime
2071 756 2273 823 praelatis
2293 757 2438 804 timon¹

289 851 359 891 est
384 840 704 903 exhibendus,
730 856 794 889 ne
817 841 890 888 ira
921 827 1157 888 commoti
1190 838 1299 906 plus
1323 839 1570 888 vindicent
1603 854 1752 904 quam
1785 848 2024 904 oporteat.
2051 839 2283 887 Mansueti
2323 854 2436 885 vero

289 931 425 978 tanto
466 921 671 988 amplius
714 930 827 970 sunt
870 919 1174 981 honorandi,
1215 936 1314 985 quo
1362 937 1445 972 eos
1491 919 1718 988 patientia
1752 918 1995 983 digniores
2027 918 2100 968 vel
2136 918 2437 981 benigniores

291 1004 414 1051 facit.
