2638 3866
231 238 329 286 432
1039 235 1211 281 PETRI
1246 234 1558 283 ABAELARm

234 337 435 402 pulchra
459 347 586 384 casta
607 334 847 399 generatio
872 351 983 381 cum
1007 335 1246 406 claritate:
1274 337 1560 384 Immortalis
1584 347 1656 384 est
1677 337 1805 384 enim
1830 338 2063 385 memoria
2085 338 2230 400 illius,
2245 355 2374 404 quo-

234 419 362 465 niam
394 417 524 482 apud
556 419 711 462 Deum
737 425 852 462 nota
877 425 969 476 est,
995 426 1042 462 et
1070 416 1199 481 apud
1215 416 1455 465 homines.
1480 437 1504 462 »
1533 421 1657 465 Bene
1677 427 1839 465 autem
1862 417 1977 466 dicit
1993 418 2125 483 ‚hanc
2146 420 2372 467 virtutem

233 515 330 544 non
367 497 524 544 solum
547 496 678 561 apud
703 499 857 542 Deum
885 506 1069 556 notam,
1097 498 1233 561 quasi
1257 497 1522 563 specialiter
1545 497 1879 563 approbatam,
1915 499 2049 563 quod
2071 500 2114 547 ei
2136 500 2185 546 in
2210 503 2373 547 Evan-

231 579 353 641 gelio
387 576 702 624 centesimum
732 577 939 641 assignat
965 576 1191 638 fructum,
1228 588 1275 625 et
1304 595 1411 626 eam
1441 579 1490 625 in
1521 580 1777 645 semetipso
1801 579 1863 627 de
1892 580 2085 643 Virgine
2109 589 2249 627 natus
2274 589 2373 627 tam

232 658 378 705 verbo
415 674 561 722 quam
599 657 820 722 exemplo
848 657 1105 722 praedicare
1129 659 1304 719 voluit,
1332 677 1478 725 quem
1501 653 1669 707 verum
1700 663 1889 724 Agnum
1911 669 1959 708 et
1986 661 2089 708 sine
2110 660 2297 708 macula
2323 660 2372 707 hi

230 739 313 802 qui
348 740 451 785 sine
485 738 673 787 macula
701 748 829 798 sunt,
860 739 912 785 id
935 749 1005 786 est
1035 740 1264 804 virgines,
1292 742 1429 805 sequi
1453 741 1695 803 dicuntur,
1720 758 2029 807 quocumque
2056 742 2162 789 ierit
2186 760 2195 788 :
2226 758 2253 789 a
2275 748 2373 806 quo

232 820 376 866 etiam
412 819 657 882 virginitas
687 828 798 866 octo
832 819 1143 884 Sybillarum,
1179 820 1322 868 beato
1357 831 1607 869 attestante
1641 824 1963 887 Hieronymo,
2002 823 2222 887 spiritum
2258 838 2374 888 pro-

231 899 403 964 phetiae
436 900 773 965 promeruerit.
823 903 1002 948 Verum
1036 911 1082 948 et
1115 902 1247 967 apud
1279 902 1518 964 homines,
1554 919 1665 949 cum
1695 902 1806 950 solae
1835 903 2039 965 virgines
2070 905 2174 950 Deo
2209 911 2375 950 conse-

230 979 420 1026 crandae
452 997 599 1027 manu
636 981 813 1028 summi
851 981 1113 1029 sacerdotis
1143 982 1381 1042 velentur,
1420 992 1468 1030 et
1501 983 1881 1037 diaconissarum
1914 982 2162 1030 obtineant
2195 983 2375 1048 princi-

229 1070 422 1125 patum,
462 1061 508 1107 in
545 1071 727 1125 quanto
764 1062 909 1109 etiam
942 1062 1132 1110 honore
1163 1063 1293 1129 apud
1322 1064 1534 1111 Gentiles
1557 1066 1569 1088 ¹
1595 1073 1642 1111 et
1670 1063 1874 1112 infidelis
1906 1064 2151 1129 virginitas
2185 1080 2376 1129 semper

231 1140 394 1188 habita
417 1141 492 1199 sit,
516 1145 564 1187 B.
596 1142 915 1206 Hieronymus
938 1143 986 1189 in
1009 1144 1169 1209 primo
1196 1146 1377 1191 Contra
1397 1145 1702 1192 Jovinz‘anam
1716 1146 1938 1211 exposuit
1961 1144 2127 1192 dicens
2149 1162 2159 1191 :
2196 1163 2220 1190 «
2237 1147 2375 1192 Certe

233 1223 474 1269 Romanus
498 1222 709 1287 populus
742 1233 925 1286 quanto
954 1223 1144 1272 honore
1168 1225 1374 1289 virgines
1400 1241 1591 1290 semper
1614 1225 1852 1287 habuerit,
1884 1225 1998 1273 hinc
2021 1235 2219 1292 apparet
2242 1225 2376 1290 quod

229 1301 449 1348 consules
474 1311 521 1348 et
551 1303 883 1367 imperatores,
913 1313 960 1350 et
987 1305 1036 1351 in
1062 1304 1283 1352 curribus
1307 1306 1677 1371 triumphantes,
1706 1307 1790 1371 qui
1813 1306 1875 1354 de
1899 1307 2132 1371 superatis
2156 1305 2376 1370 gentibus

227 1382 438 1447 trophaea
462 1382 750 1443 referebant,
771 1393 818 1430 et
834 1384 993 1431 omnis
1015 1384 1258 1448 dignitatis
1283 1385 1475 1449 gradus,
1503 1387 1570 1434 eis
1592 1386 1653 1434 de
1670 1387 1748 1435 via
1770 1387 1942 1435 cedere
1960 1387 2127 1435 solitus
2153 1387 2230 1434 sit.
2253 1389 2376 1434 Nam

226 1462 359 1526 quod
384 1463 527 1510 etiam
559 1463 684 1510 inter
709 1464 970 1512 duodecim
996 1466 1131 1528 signa
1152 1465 1277 1527 coeli,
1305 1466 1484 1530 quibus
1514 1468 1752 1515 mundum
1775 1468 1906 1516 volvi
1929 1477 2116 1534 putant,
2141 1467 2377 1532 virginem

226 1544 536 1606 collocarint,
564 1544 682 1591 nulli
711 1544 915 1593 dubium
937 1555 1029 1603 est;
1060 1546 1190 1594 unde
1211 1564 1385 1611 magna
1409 1548 1585 1613 injuria
1612 1549 1912 1614 nuptiarum,
1941 1558 1994 1596 ut
2016 1565 2078 1596 ne
2099 1549 2224 1595 inter
2245 1564 2377 1595 scor-

226 1625 332 1688 pios
355 1625 570 1689 quidem,
595 1636 641 1673 et
657 1636 927 1686 centaurOS,
956 1636 1003 1676 et
1025 1644 1242 1690 cancros,
1265 1638 1310 1676 et
1331 1629 1501 1695 pisces,
1527 1640 1575 1680 et
1599 1640 1888 1694 aegocerotas
1903 1645 2104 1677 uxorem
2127 1628 2377 1676 maritum-

227 1721 322 1768 que
358 1707 729 1756 construxerint.
761 1728 783 1750 »
811 1708 894 1755 His
916 1719 962 1755 et
986 1709 1319 1757 consimilibus
1353 1711 1621 1759 rationibus
1657 1711 1840 1759 incitati
1873 1709 2178 1776 philosophi,
2223 1709 2379 1756 conti·

229 1786 401 1833 nentiae
437 1786 528 1833 sibi
560 1798 921 1852 proposuerunt
952 1790 1117 1849 vitam,
1156 1800 1262 1837 tum
1302 1800 1353 1837 ut
1384 1791 1703 1857 philosophiae
1733 1793 1925 1857 penitus
1951 1807 2121 1839 vacare
2151 1799 2375 1855 possent,

228 1876 332 1913 tum
365 1866 631 1932 plurimum
663 1885 724 1915 ne
748 1885 919 1916 eorum
950 1869 1183 1917 fortitudo
1212 1871 1525 1919 muliebrium
1557 1872 1891 1920 illecebrarum
1922 1870 2134 1918 mollitiis
2157 1880 2380 1918 enervata

228 1948 581 2007 succumberet,
616 1949 691 1996 vel
723 1949 933 1998 filiorum
960 1950 1136 2000 affectu
1163 1951 1224 1998 ad
1250 1952 1413 2000 illicita
1434 1952 1512 2000 vel
1539 1953 1698 2019 turpia
1723 1951 1944 2017 quaedam
1977 1960 2278 2016 cogerentur,
2304 1951 2380 1997 vel

229 2026 387 2075 labem
422 2029 635 2093 aliquam
673 2031 895 2090 infamiae,
934 2048 1081 2096 quam
1117 2049 1175 2079 ex
1214 2034 1411 2099 propria
1448 2051 1548 2081 non
1587 2034 1823 2082 haberent
1855 2034 1972 2095 vita,
2015 2033 2139 2080 vitiis
2174 2049 2381 2079 uxorum

227 2109 585 2157 contraherent.
622 2113 840 2172 Quarum
877 2112 1189 2177 impudentiae
1223 2113 1538 2178 petulantiam
1572 2124 1620 2162 et
1643 2116 1865 2162 Socrates
1898 2122 2138 2179 expertus,
2175 2112 2288 2159 satis
2311 2121 2382 2159 est

227 2190 395 2236 ceteris
418 2190 467 2236 in
491 2191 732 2256 exemplo,
770 2202 1006 2256 quantum
1027 2203 1250 2259 oporteat
1277 2194 1626 2260 philosophum
1648 2195 1756 2242 vitae
1785 2193 2071 2241 munditiam
2104 2192 2377 2250 observare,

229 2285 318 2316 nec
338 2269 673 2335 philosophiae,
695 2273 773 2319 cui
798 2289 847 2320 se
866 2274 1079 2338 copulat,
1107 2274 1301 2322 alterius
1324 2276 1460 2340 quasi
1484 2275 1713 2324 adulterae
1735 2275 1962 2340 copulam
1984 2272 2375 2339 superinducere.

231 2352 292 2395 Ut.
317 2350 447 2396 enim
472 2351 520 2397 in
555 2352 715 2416 primo
746 2355 927 2400 Contra
953 2356 1260 2404 Jovz‘nz‘anum
1284 2355 1454 2403 beatus
1482 2357 1701 2404 meminit
1726 2357 2049 2420 Hieronymus
2076 2373 2088 2402 ε
2119 2373 2144 2399 «
2165 2356 2382 2401 Socrates

227 2429 548 2495 Xanthipem,
581 2440 628 2478 et
659 2433 779 2479 Miro
814 2443 1012 2499 neptem
1048 2436 1265 2483 Aristidis
1296 2436 1416 2484 duas
1449 2436 1658 2484 habebat
1697 2453 1904 2484 uxores:
1932 2453 2037 2500 quae
2069 2452 2183 2482 cum
2211 2434 2381 2483 crebro

168 2509 172 2513 ”
227 2510 352 2556 inter
372 2527 421 2557 se
436 2511 760 2575 jurgarentur,
786 2523 835 2560 et
850 2513 928 2561 ille
953 2530 1032 2562 eas
1049 2515 1247 2563 irridere
1270 2526 1392 2563 esset
1411 2516 1598 2578 solitus,
1621 2516 1756 2581 quod
1773 2527 1974 2581 propter
1993 2533 2043 2564 se
2067 2514 2380 2563 foedissimum

227 2588 481 2638 hominem
517 2592 648 2639 simis
679 2593 904 2651 naribus,
931 2595 1120 2643 recalva
1147 2596 1321 2658 fronte,
1359 2597 1525 2662 pilosis
1549 2597 1779 2654 humeris,
1815 2606 1864 2644 et
1891 2595 2118 2661 repandis
2140 2594 2378 2655 cruribus,

229 2669 603 2736 disceptassent;
641 2674 902 2724 novissime
925 2685 1174 2724 verterunt
1195 2676 1244 2723 in
1269 2693 1383 2724 eum
1410 2678 1668 2742 impetum3
1704 2686 1751 2724 et
1773 2676 1897 2724 male
1919 2676 2177 2724 multatum
2201 2675 2383 2739 fugien-

230 2758 425 2815 temque
458 2752 539 2799 diu
575 2764 851 2817 persecutae,
880 2755 1106 2814 Quodam
1130 2767 1289 2805 autem
1311 2767 1546 2823 tempore,
1574 2774 1687 2804 cum
1714 2757 1902 2804 infinita
1927 2757 2138 2804 convitia
2159 2772 2219 2804 ex
2240 2772 2383 2821 supe-

232 2830 346 2876 riori
386 2831 496 2879 loco
531 2834 768 2896 ingerenti
802 2837 1054 2903 Xantippae
1084 2838 1345 2899 restitisset,
1379 2855 1505 2903 aqua
1540 2837 1762 2904 profusus
1797 2836 2078 2898 immunda,
2117 2835 2239 2884 nihil
2275 2852 2383 2884 res—

232 2910 405 2972 pondit
423 2913 644 2977 amplius,
665 2932 812 2979 quam
833 2917 987 2982 capite
1008 2917 1197 2966 deterso
1217 2937 1227 2965 :
1258 2919 1527 2978 «Sciebam,
1544 2918 1718 2983 inquit,
1737 2917 1969 2977 futurum,
1994 2926 2048 2964 ut
2065 2917 2152 2964 ista
2170 2916 2381 2963 tonitrua

238 3008 259 3029 «
289 2988 446 3037 imber
482 3004 780 3056 sequeretur.
811 3016 832 3040 »
871 3000 966 3044 Has
1004 2998 1222 3064 profecto
1246 3000 1490 3047 molestias
1522 3008 1666 3063 atque
1685 2997 2036 3064 turpitudines,
2071 2995 2382 3058 assiduasque

233 3068 596 3131 inquietudines
612 3076 846 3142 conjugiis
862 3076 1016 3125 inesse
1031 3078 1389 3144 Theophrastus
1405 3089 1624 3141 noverat,
1644 3080 1727 3143 qui
1746 3095 1869 3144 pene
1887 3077 2113 3126 omnibus
2129 3075 2382 3139 diligenter

234 3150 478 3213 expositis,
499 3168 698 3199 uxorem
721 3156 922 3221 sapienti
945 3175 1044 3205 non
1066 3176 1167 3207 esse
1189 3160 1464 3208 ducendam
1490 3160 1705 3225 plurimis
1730 3160 1897 3207 astruit
1917 3156 2184 3206 rationibus
2209 3173 2220 3203 τ
2244 3157 2386 3221 quasi

283 3333 360 3367 'Hic
376 3336 465 3376 apud
481 3335 625 3369 Martene
641 3338 846 3372 interseritur
862 3349 987 3382 quam,
1004 3352 1076 3384 quae
1091 3352 1151 3376 vox
1171 3345 1310 3378 delenda
1326 3356 1396 3380 esse
1414 3347 1553 3379 videtur.
