2638 3866
306 207 401 255 686
1114 204 1282 251 PETRI
1318 204 1627 253 ABAELARDI

306 307 577 355 faciendum
609 316 679 353 est
711 306 938 362 vitamus,
966 304 1038 351 vel
1071 304 1204 368 quod
1236 321 1333 351 non
1381 314 1452 351 est
1482 305 1693 368 agimus,
1724 322 1870 370 quam
1907 307 1946 354 si
1967 306 2064 355 hoc
2093 325 2176 373 per
2203 311 2430 375 ignoran-

306 387 420 433 tiam
443 387 757 449 contingeret,
784 400 891 448 quae
913 383 1134 430 videlicet
1161 384 1370 447 aliquam
1393 384 1748 432 excusationem
1772 387 2067 451 praetendere
2090 400 2266 454 posset.
2294 391 2432 438 Unde

305 476 352 512 et
385 465 503 512 illud
533 474 602 511 est
639 464 769 528 quod
803 465 978 511 nostis¹
1007 483 1017 510 ε
1051 484 1072 507 α
1094 465 1267 510 Servus
1304 464 1455 511 sciens
1489 474 1538 511 et
1571 481 1669 511 non
1703 465 1879 513 faciens
1912 467 2208 516 voluntatem
2247 470 2433 516 domini

305 546 394 603 sui,
421 543 664 609 vapulabit
686 544 864 591 multis.
889 562 912 588 »
942 546 999 589 Et
1022 541 1179 590 alibi²:
1213 563 1234 586 α
1262 542 1427 590 Melius
1448 553 1570 591 esset
1591 560 1690 591 non
1720 561 1861 592 nosse
1882 547 2010 592 viam
2029 547 2261 608 veritatis,
2287 565 2434 613 quam

304 633 413 688 post
435 624 642 687 agnitam
662 633 923 671 retrorsum
946 622 1093 671 abire.
1112 641 1134 667 n
1159 622 1417 670 Prudentia
1439 623 1599 687 itaque
1621 624 1743 671 sicut
1767 623 1886 672 fides
1909 626 1984 672 vel
2007 642 2138 691 spes,
2166 643 2271 691 quae
2296 630 2433 676 malis

303 721 436 768 aeque
470 714 525 750 ut
554 704 696 752 bonis
730 703 1009 751 hominibus
1031 705 1353 763 conveniunt,
1381 721 1480 751 non
1512 715 1611 752 tam
1635 706 1830 753 virtutes
1862 706 2077 754 dicendae
2111 718 2250 770 sunt,
2287 725 2430 774 quam

305 784 531 831 ducatum
554 784 813 848 quemdam
839 784 914 831 vel
937 785 1300 831 incitamentum
1324 784 1386 831 ad
1411 785 1605 832 virtutes
1625 785 1854 849 praebere.

369 867 637 913 CHmstrxAN.
664 868 767 911 Hoc
786 865 846 911 ad
871 881 1075 929 praesens
1095 864 1156 911 de
1180 864 1434 929 prudentia
1457 865 1567 912 satis
1590 881 1692 912 esse
1715 865 1936 913 arbitror.
1965 869 2102 914 Nunc
2123 867 2186 915 ad
2204 867 2428 932 reliquaS,

304 955 355 991 ut
374 945 556 992 Socrati
578 945 750 1010 placet,
775 945 972 992 virtutes
994 953 1209 1008 superest
1231 960 1406 991 meare.

371 1029 558 1073 Pmms.
600 1025 783 1072 ,lustitia
807 1026 966 1089 itaque
995 1026 1142 1071 virtus
1177 1034 1274 1084 est,
1317 1026 1566 1072 communi
1605 1025 1803 1073 utili-tate
1836 1037 2052 1084 servata,
2088 1044 2225 1075 suam
2260 1030 2435 1094 cuique

304 1106 519 1153 tribuens
553 1106 831 1168 dignitatem
848 1142 860 1164 ,
899 1105 999 1152 haec
1030 1115 1101 1152 est
1129 1121 1185 1152 ea
1219 1106 1367 1152 virtus
1395 1122 1492 1169 qua
1512 1104 1738 1153 volumus
1765 1123 2160 1170 unumquemque
2181 1106 2360 1156 habere
2383 1109 2433 1156 id

302 1203 398 1250 quo
423 1187 595 1250 dignus
610 1196 687 1233 est
702 1221 715 1244 ,
739 1186 778 1232 si
798 1185 894 1232 hoc
917 1202 1178 1233 commune
1207 1202 1307 1232 non
1333 1185 1504 1232 inferat
1527 1185 1778 1233 damnum.
1813 1187 1945 1251 Saepe
1968 1187 2144 1233 etenim
2167 1189 2428 1252 contingit,

301 1276 353 1312 ut
384 1266 499 1312 dum
530 1266 671 1313 alicui
691 1282 781 1330 pro
817 1266 993 1312 meritis
1023 1281 1109 1312 sua
1137 1264 1406 1324 reddimuS,
1434 1264 1569 1328 quod
1597 1265 1899 1328 singulariter
1926 1267 1975 1313 in
2001 1283 2100 1313 uno
2118 1267 2279 1331 agitur
2299 1284 2432 1316 com-

299 1363 448 1394 mune
470 1347 645 1393 inferat
666 1345 915 1392 damnum.
952 1348 1020 1393 Ne
1051 1345 1211 1409 itaque
1243 1362 1351 1409 pars
1373 1345 1488 1406 toti,
1515 1345 1822 1409 singularitas
1854 1346 2131 1410 praejudicet
2155 1349 2433 1395 eommuni-

299 1427 408 1486 tati,
435 1426 715 1489 adjunctum
738 1435 833 1485 est,
866 1426 1114 1473 communi
1137 1425 1338 1472 utilitate
1367 1435 1567 1472 servata.
1594 1424 1667 1472 Ad
1696 1424 1828 1472 hunc
1856 1426 2036 1490 quippe
2061 1426 2208 1473 finem
2241 1427 2428 1486 omnia,

299 1522 402 1569 quae
428 1507 663 1569 gerimus,
690 1515 817 1553 recte
848 1506 1012 1552 referri
1036 1506 1286 1563 conveni13
1319 1515 1373 1551 ut
1402 1506 1451 1552 in
1478 1504 1708 1552 omnibus
1729 1505 1906 1552 scilicet
1929 1522 2029 1552 non
2061 1516 2160 1553 tam
2181 1509 2433 1571 proprium

299 1587 500 1649 quisque
519 1585 728 1646 bonum,
754 1601 901 1648 quam
922 1601 1183 1632 commune
1199 1584 1445 1645 attendat,
1474 1601 1563 1632 nec
1584 1595 1683 1632 tam
1703 1585 1775 1632 rei
1798 1584 2035 1642 familiari,
2058 1601 2206 1650 quam
2229 1585 2431 1650 publicae

297 1666 576 1729 provideat,
613 1681 704 1712 nec
733 1675 833 1712 tam
868 1665 984 1725 sibi,
1012 1681 1164 1728 quam
1196 1665 1357 1729 patriae
1389 1664 1534 1712 vivat.
1562 1664 1701 1711 Unde
1732 1673 1780 1711 et
1810 1663 1887 1712 illc
1917 1665 2102 1730 primus
2131 1675 2178 1712 et
2196 1666 2432 1713 maximus

298 1744 492 1791 moralis
516 1744 831 1809 philosophiae
850 1745 1040 1805 doctor,
1064 1746 1282 1791 Socrates
1300 1755 1474 1791 cuncta
1499 1745 1549 1790 in
1571 1761 1830 1792 commune
1852 1745 2004 1808 redigi
2027 1755 2073 1792 et
2090 1745 2151 1792 ad
2174 1762 2431 1793 commune

298 1824 613 1870 commodum
642 1823 832 1870 censuit
853 1824 1097 1888 applicari,
1130 1834 1182 1870 ut
1206 1839 1379 1870 uxores
1403 1839 1686 1871 communes
1711 1840 1814 1871 esse
1840 1825 2132 1881 institueret,
2159 1826 2222 1872 ita
2255 1825 2432 1872 scilicet

299 1913 353 1949 ut
384 1920 529 1951 nemo
557 1904 781 1969 proprios
796 1913 1165 1967 =recognosceret
1185 1902 1391 1961 liberos;
1427 1903 1521 1950 hoc
1541 1912 1612 1950 est
1633 1919 1734 1950 non
1758 1912 1857 1950 tam
1878 1903 1968 1950 sibi
1993 1920 2076 1951 eos
2098 1920 2243 1966 quam
2266 1906 2431 1968 patriae

297 1983 547 2030 crederent
580 1992 850 2047 genera-tm,
884 1993 938 2029 ut
960 1982 1060 2029 haec
1083 1982 1303 2030 videlicet
1330 1983 1652 2029 communitas
1683 1999 1887 2030 uxorum
1913 1999 2013 2030 non
2042 1984 2091 2030 in
2124 2000 2215 2030 usu
2241 1984 2396 2031 carnis
2414 2020 2426 2042 ,

297 2063 381 2110 sed
406 2064 457 2110 ¹in
493 2063 648 2111 fructu
676 2063 828 2128 prolis
863 2063 1137 2126 accipiatur.
1166 2062 1311 2120 Quod
1342 2072 1442 2109 tam
1467 2062 1614 2110 verbo
1644 2079 1789 2126 quam
1820 2079 1967 2128 opere
2004 2063 2148 2111 Aulus
2179 2064 2431 2128 proprium

297 2143 564 2190 occidendo
588 2142 740 2190 filium
761 2152 1066 2207 posterorum
1095 2143 1337 2189 memoriae
1355 2142 1546 2206 reliquit
1570 2143 1619 2189 in
1642 2142 1933 2206 exemplum,
1959 2159 2071 2190 eum
2092 2160 2160 2203 se,
2186 2143 2426 2208 inquiens,

296 2240 399 2270 non
429 2224 647 2271 Catilinae
681 2222 909 2270 adversus
939 2223 1166 2286 patriam,
1202 2222 1288 2269 sed
1320 2222 1483 2288 patriae
1516 2221 1748 2269 adversus
1770 2222 2031 2270 Catilinam
2068 2224 2305 2286 genuisse.
2342 2224 2430 2271 Hic

293 2320 411 2350 vero
442 2304 634 2366 justitiae
653 2302 761 2350 zelo
794 2318 1039 2361 accensus,
1071 2303 1233 2349 necin
1267 2301 1366 2349 filio
1401 2301 1554 2349 filium
1581 2318 1723 2349 suu-m
1748 2302 1832 2349 sed
1863 2302 2053 2350 hostem
2080 2304 2247 2368 patriae
2277 2304 2430 2350 consi·-

296 2383 484 2441 derans,
522 2382 799 2447 praedictam
829 2382 1018 2445 justitiae
1047 2381 1378 2429 definitionem
1398 2398 1501 2429 -non
1539 2392 1638 2429 tam
1672 2398 1784 2440 ore,
1825 2398 1974 2446 quam
2007 2399 2152 2430 manu
2192 2382 2424 2430 exhihuit.

297 2463 524 2527 Quisquis
553 2463 694 2527 igitur
730 2463 780 2508 in
810 2461 902 2509 hac
934 2471 1162 2509 constans
1193 2471 1263 2509 est
1285 2461 1556 2521 volun-tate,
1581 2477 1727 2524 quam
1758 2461 1987 2520 diximus,
2021 2471 2075 2508 ut
2108 2462 2169 2509 ab
2199 2477 2256 2509 ea
2291 2462 2428 2509 facile

295 2543 528 2590 dimoveri
563 2559 670 2589 ⁴non
712 2542 887 2606 poss-it,
913 2541 1086 2588 virtute
1120 2541 1268 2605 pollet
1294 2541 1498 2604 justitiae,
1525 2540 1710 2587 etiamsi
1739 2540 2017 2588 fortitudine
2041 2550 2088 2587 et
2111 2541 2427 2605 temperantia

294 2623 515 2669 nondum
542 2623 601 2669 sit
631 2630 1007 2669 consummatus.
1043 2620 1134 2667 Sed
1159 2620 1276 2684 quia
1306 2619 1486 2684 quihus
1509 2619 1702 2669 difficile
1729 2620 1978 2679 amittitur,
2010 2619 2233 2667 recedere
2263 2630 2426 2667 tamen

296 2718 646 2766 nonnunquam
684 2701 855 2766 grandi
885 2700 1041 2764 aliqua
1074 2701 1418 2748 interveniente
1445 2716 1593 2748 vcausa
1622 2700 1826 2764 cogitur,
1855 2701 1982 2747 *sicut
2023 2700 2125 2747 haec
2157 2700 2263 2764 ipsa
2295 2699 2425 2747 bona

294 2782 517 2829 voluntas
556 2798 662 2846 quae
703 2782 884 2844 justitia
918 2780 1108 2837 dicitur,
1143 2780 1319 2827 *timore
1345 2779 1512 2844 ,aliquo
1546 2780 1621 2827 vel
1652 2779 1913 2844 cupiditate
1949 2779 2215 2838 evanescit,
2257 2789 2426 2827 contra

297 2865 518 2910 timorem
570 2863 827 2924 fortitudo,
876 2872 1046 2910 contra
1099 2862 1410 2927 cupiditatem
1457 2862 1772 2928 temperantia
1827 2862 2087 2909 necessaria
2134 2871 2220 2908 est.
2263 2862 2425 2908 Timor

296 2943 473 3007 quippe
507 2944 574 2989 rei
605 2959 750 3006 quam
782 2943 1026 3001 nolumuS,
1058 2942 1133 2989 vel
1163 2941 1399 3006 cupiditas
1436 2942 1538 3006 ejus
1574 2957 1720 3005 quam
1749 2942 1989 3002 volumus,
2021 2941 2060 2988 si
2088 2949 2229 2988 tantae
2255 2941 2350 2987 sint
2371 2949 2424 2986 ut

297 3021 468 3067 rationi
503 3024 812 3086 praevaleant,
845 3022 979 3070 facile
1007 3021 1070 3069 ab
1103 3038 1202 3068 uno
1234 3022 1484 3086 proposito
1515 3032 1724 3068 mentem
1747 3020 1994 3068 retrahunt
2025 3030 2072 3067 et
2103 3021 2151 3067 in
2186 3019 2421 3067 contraria

297 3100 494 3147 ducunt.
524 3102 661 3148 Unde
685 3102 911 3148 adversus
933 3103 1155 3148 timorem
1180 3101 1415 3147 fortitudo
1436 3101 1679 3165 clypeum,
1704 3101 1936 3150 adversus
1960 3100 2266 3164 cupiditatem
2293 3107 2420 3144 tem-

342 3282 462 3322 ¹Luc.,
479 3291 550 3322 cap.
564 3290 624 3322 xu,
637 3291 665 3314 v.
684 3283 737 3315 47.
754 3298 795 3306 ·-
810 3284 820 3301 ²
835 3281 1005 3323 Petr.,11,
1027 3292 1096 3323 cap.
1115 3291 1154 3324 n,
1176 3292 1205 3314 v.
1223 3285 1274 3316 21.
