2638 3866
338 259 431 307 478
1146 250 1316 298 PETRI
1351 248 1667 296 ABAELARffl

336 357 619 407 deteriorem
638 352 741 402 fieri
762 362 809 401 et
830 353 1035 419 amplius
1058 365 1283 417 peccare3
1307 349 1406 397 hoc
1432 358 1503 396 est
1533 347 1741 413 amplius
1764 355 2030 395 creatorem
2055 363 2196 395 suum
2219 347 2465 397 offendere

335 448 476 503 atque
498 446 821 484 contemnere.
855 434 980 492 Quis.
1001 433 1096 480 hoc
1120 441 1299 489 autem,
1331 428 1466 494 quod
1496 426 1851 494 iniquissimum
1864 437 1952 487 est,
1968 427 2149 492 justum
2173 430 2276 476 es'se
2299 428 2428 478 dicat
2453 446 2466 488 ς

335 535 445 566 cum
468 516 684 564 videlicet
706 515 865 581 potius
887 514 1163 578 resipiscere
1179 519 1408 576 peccator
1424 508 1600 557 debeat
1627 524 1774 574 quam
1796 523 1973 574 augere
1995 519 2194 574 peccata
2219 509 2239 555 ἱ)
2273 509 2466 574 Quippe
2539 567 2541 570 Ι

334 598 372 644 si
384 597 568 660 justum
591 605 713 645 esset
735 612 845 642 eum
872 593 1080 659 amplius
1094 606 1311 657 peccare,
1332 588 1584 654 quomodo
1602 605 1721 637 vreus
1741 598 2044 648 statueretur,
2079 598 2163 637 aut
2185 589 2331 638 etiam
2356 604 2469 654 pec·

333 692 439 723 care
461 676 698 723 diceretur
717 675 767 723 id
811 673 1051 732 faciendo,
1076 670 1208 736 quod
1227 670 1395 735 utique
1428 685 1541 717 eum
1567 670 1723 723 facere
1747 670 1927 734 justum
1962 680 2085 718 esset
2114 669 2134 715 Ρ
2166 669 2262 717 Sed
2293 668 2468 717 harum

331 756 525 820 quidem
553 756 696 804 trium
718 755 1073 821 propositarum
1105 751 1435 814 quaestionum
1456 750 1721 808 solutiones
1754 750 2014 816 Theologioe
2049 760 2224 798 nostrae
2261 749 2467 798 examini

331 852 642 890 reservamus.

398 937 423 962 «
451 921 649 982 P10pter
671 915 819 981 quod.
843 929 865 959 n
891 916 927 962 Α
949 912 1174 976 singulari
1196 912 1468 960 invectione
1488 913 1536 959 in
1564 912 1760 976 gentiles
1785 911 1847 960 ad
1884 911 2155 976 generalem
2191 911 2377 972 transit,
2409 926 2468 960 ac

331 998 368 1043 si
402 998 464 1044 ita
491 998 654 1045 dicat:
687 967 1091 1059 Quandoquidem
1114 992 1165 1039 hi
1188 1010 1241 1040 se
1261 1009 1487 1046 excusare
1508 1009 1609 1041 non
1635 1002 1836 1058 possunt
1856 1008 1943 1058 per
1964 992 2287 1056 ignorantiam
2312 991 2402 1039 Dei
2437 989 2486 1039 a*

330 1088 544 1142 peccato,
576 1077 626 1124 id
662 1086 748 1135 est,
781 1093 809 1123 a
843 1083 1123 1139 contemptu
1145 1075 1399 1134 Creatoris,
1439 1073 1616 1139 quibus
1637 1073 1712 1121 lex
1740 1074 1915 1139 scripta
1950 1090 2053 1121 non
2084 1073 2198 1121 data
2232 1082 2320 1134 est,
2351 1075 2467 1136 ergo

330 1157 504 1218 nullus,
533 1167 579 1203 et
602 1157 696 1203 hoc
721 1166 790 1202 est
819 1174 831 1201 :
855 1174 878 1199 «
906 1157 1032 1217 Ergo
1057 1153 1389 1202 inexcusabilis
1424 1171 1497 1216 es,
1524 1154 1674 1202 homo
1706 1154 1862 1201 omnis
1883 1155 1969 1219 qui
1988 1153 2194 1218 judicas.
2225 1172 2249 1196 »
2275 1151 2463 1212 Omnis,

329 1239 540 1299 inquam,
567 1237 648 1300 qui
665 1236 868 1300 judicas,
898 1234 947 1281 id
971 1244 1058 1294 est,
1076 1234 1313 1298 judicium
1330 1236 1536 1285 rationis
1554 1245 1603 1282 et
1625 1235 1962 1283 discretionem
1976 1234 2097 1281 boni
2109 1231 2462 1281 habesetmali.

330 1315 396 1362 Ab
417 1316 511 1362 hoc
536 1317 715 1381 quippe
738 1325 1022 1380 contemptu
1039 1316 1226 1380 parvuli
1250 1316 1334 1380 qui
1356 1315 1578 1364 nondum
1602 1315 1942 1362 discretionem
1959 1313 2143 1363 habent
2167 1313 2307 1361 liberi
2332 1320 2460 1360 sunt.

330 1417 352 1438 «
371 1400 423 1442 In
443 1413 541 1460 quo
567 1397 695 1443 enim
717 1412 828 1443 vere
851 1395 1213 1444 inexcusabiles.
1241 1415 1265 1441 »
1291 1395 1416 1454 Quia
1439 1397 1585 1444 etiam
1607 1396 1806 1461 proprio
1827 1406 1913 1443 tuo
1925 1395 2110 1460 judicio
2131 1393 2465 1442 condemnan-

326 1476 430 1538 dus,
458 1493 569 1523 cum
593 1477 639 1523 in
665 1477 767 1524 aliis
788 1476 1110 1542 reprehendas
1125 1476 1296 1524 eadem
1314 1494 1419 1542 quae
1444 1477 1575 1538 facis,
1605 1486 1688 1525 aut
1717 1477 1904 1524 similia.
1946 1479 2049 1523 Hoc
2071 1484 2232 1522 autem
2256 1473 2464 1521 maxime

326 1563 502 1621 spectat
523 1556 583 1602 ad
607 1555 863 1621 superbam
890 1559 1218 1604 Romanorum
1243 1558 1626 1617 contentionem,
1655 1573 1752 1622 qua
1785 1574 1835 1604 se
1868 1557 2151 1604 'alterutrum
2182 1567 2462 1621 praeponere

325 1635 563 1698 volebant,
601 1646 647 1683 et
679 1637 859 1701 seipsos
891 1637 1064 1702 singuli
1085 1637 1414 1700 defendentes,
1443 1638 1563 1685 alios
1591 1637 1879 1685 criminosos
1902 1636 2203 1701 judicabant.
2229 1655 2252 1678 ι(
2279 1637 2333 1681 In
2365 1647 2461 1698 quo

325 1717 451 1763 enim
461 1717 662 1781 judicas,
677 1717 727 1764 id
740 1727 827 1777 est,
844 1717 906 1765 de
916 1717 1090 1765 eodem
1103 1728 1302 1782 peccato
1321 1718 1382 1765 de
1395 1735 1495 1783 quo
1506 1717 1708 1782 judicas,
1725 1737 1748 1762 n
1763 1717 1813 1764 id
1828 1727 1915 1779 est,
1929 1715 2242 1782 reprehendis
2257 1715 2463 1762 alterum

325 1807 371 1843 et
405 1814 567 1844 censes
585 1798 935 1858 damnandum,
962 1808 1007 1845 te
1027 1799 1185 1863 ipsum
1207 1799 1522 1860 condemnas,
1562 1799 1613 1846 id
1647 1808 1735 1858 est,
1772 1815 1828 1846 ea
1862 1797 2114 1864 operando
2137 1793 2463 1844 damnabilem

324 1877 433 1924 facis
454 1878 529 1926 vel
553 1879 736 1936 asseris,
761 1889 808 1926 et
829 1879 878 1926 in
903 1879 1108 1945 teipsum
1134 1880 1334 1945 proprio
1364 1879 1548 1944 judicio
1581 1879 1869 1927 sententiam
1904 1878 2106 1944 profers,
2132 1887 2179 1924 et
2203 1891 2354 1941 quare
2385 1873 2463 1921 vel

323 1958 568 2021 quomodo
591 1960 823 2024 supponit
845 1959 1011 2007 dicens
1037 1978 1048 2006 ε
1075 1980 1098 2006 «
1123 1959 1304 2008 Eadem
1327 1977 1442 2007 vero
1467 1961 1564 2023 agis
1586 1977 1691 2024 quae
1709 1959 1913 2023 judicas,
1935 1981 1958 2003 ³>
1985 1957 2036 2005 id
2058 1968 2145 2014 est,
2165 1973 2272 2022 quae
2293 1956 2343 2002 in
2360 1954 2464 2003 aliis

320 2039 647 2103 reprehendis,
681 2040 860 2087 scilicet
881 2041 1007 2089 mala
1031 2057 1178 2106 opera
1196 2058 1301 2106 quae
1323 2050 1491 2088 contra
1522 2040 1771 2106 propriam
1806 2039 2150 2087 conscientiam
2180 2035 2458 2084 committis.

323 2121 378 2164 Et
401 2119 517 2166 dixit
536 2137 640 2184 quae
657 2121 845 2184 judicas
868 2121 1290 2187 reprehendendo,
1311 2121 1395 2168 sed
1418 2121 1542 2168 bene
1562 2119 1750 2185 judicas
1784 2119 1887 2167 haec
1917 2118 2168 2184 arguendo
2206 2133 2312 2182 quae
2332 2117 2462 2163 Deus

321 2197 420 2262 ipse
439 2199 620 2262 judicat
643 2202 918 2266 puniend03
939 2213 985 2250 et
1005 2203 1102 2250 hoc
1123 2213 1222 2250 est:
1248 2223 1270 2247 α
1291 2202 1479 2250 Scimus
1502 2202 1650 2263 enim,
1674 2211 1790 2259 etc.,
1812 2219 1835 2245 »
1860 2201 1937 2248 vel
1957 2201 2023 2248 ita
2043 2218 2053 2246 ε
2077 2199 2204 2259 Dixi,
2229 2207 2276 2244 te
2302 2198 2460 2262 ipsum

323 2280 632 2340 condemnas,
652 2282 702 2328 id
725 2282 1151 2342 est,damnabilem
1172 2283 1286 2331 sacis
1307 2300 1364 2331 ea
1384 2281 1653 2347 operando.
1684 2284 1743 2328 Et
1761 2298 1931 2328 verum
1945 2291 2016 2328 est
2038 2279 2253 2345 quidem.
2276 2277 2462 2326 Scimus

322 2357 449 2404 enim
473 2377 579 2422 nos,
607 2361 770 2409 divina
806 2363 951 2426 gratia
977 2363 1264 2424 illuminati,
1295 2364 1529 2428 quoniam
1548 2362 1788 2426 judicium
1812 2362 1924 2422 Dei,
1947 2360 2082 2425 quod
2105 2369 2174 2407 est
2193 2357 2461 2406 secundum

320 2439 562 2487 veritatem
578 2442 730 2507 ipsam
742 2443 828 2504 rei,
855 2460 954 2490 non
976 2443 1071 2490 salli
1084 2453 1260 2508 potest.
1287 2463 1309 2487 «
1324 2446 1405 2490 Est
1427 2443 1479 2490 in
1504 2458 1603 2502 eos,
1626 2460 1650 2485 »
1675 2441 1724 2488 id
1742 2451 1830 2500 est,
1856 2451 2027 2488 contra
2049 2440 2172 2499 illos,
2203 2458 2226 2483 «
2249 2439 2333 2502 qui
2349 2436 2460 2484 talia
2513 2475 2515 2477 .

319 2529 480 2582 agunt.
503 2541 525 2564 »
551 2522 622 2568 Ad
639 2523 770 2587 ipsos
795 2523 973 2571 scilicet
997 2523 1272 2589 puniendos
1289 2533 1432 2588 atque
1463 2521 1784 2569 damnandos.
1820 2524 1878 2567 Et
1911 2537 2024 2568 cum
2047 2521 2112 2567 ita
2133 2519 2208 2578 sit,
2237 2517 2372 2583 quod
2396 2516 2462 2563 vi-

320 2597 488 2647 delicet
505 2604 633 2649 Deus
656 2603 771 2650 tales
794 2604 1007 2666 damnet,
1032 2625 1054 2648 «
1070 2605 1320 2653 Existimas
1342 2613 1392 2651 tu
1416 2603 1499 2668 qui
1519 2602 1723 2666 judicas,
1752 2622 1775 2645 2>
1797 2601 1848 2648 id
1878 2611 1950 2648 est
1978 2601 2137 2665 arguis
2169 2599 2244 2647 vel
2266 2613 2461 2646 accusas

323 2697 345 2722 α
364 2695 444 2726 eos
467 2683 550 2744 qui
574 2682 683 2729 talia
707 2694 871 2747 agunt,
892 2695 940 2732 et
960 2685 1074 2733 facis
1098 2702 1171 2732 ea.
1189 2707 1212 2730 x·
1242 2685 1509 2746 ExistimaS,
1535 2684 1753 2747 inquam,
1787 2682 1901 2747 quia
1923 2692 1974 2729 tu
1998 2681 2196 2745 effugies
2222 2678 2458 2743 judicium

320 2759 422 2819 Dei,
446 2760 495 2806 id
511 2771 579 2808 est
595 2762 773 2825 justam
795 2765 896 2828 ejus
918 2765 980 2813 de
999 2765 1172 2813 talibus
1185 2766 1468 2823 vindictam,
1486 2774 1532 2811 et
1544 2762 1784 2827 numquid
1799 2763 1942 2809 etiam
1961 2763 2169 2826 ignoras,
2188 2760 2302 2824 quia
2324 2767 2458 2806 tanto

321 2836 635 2888 damnabilior
653 2860 717 2904 es,
737 2855 918 2908 quanto
938 2847 1110 2910 majori
1130 2847 1360 2911 patientia
1382 2848 1512 2892 Deus
1533 2854 1579 2892 te
1602 2853 1863 2909 exspectat,
1884 2853 1932 2890 et
1949 2839 2274 2907 exspectando
2292 2838 2382 2886 diu
2396 2836 2457 2885 ad

324 2919 646 2979 poenitentiam
681 2923 781 2986 ejus
812 2927 982 2973 invitat
1024 2927 1310 2992 benignitas,
1351 2936 1399 2973 et
1436 2926 1564 2973 hanc
1600 2925 1701 2989 ejus
1746 2924 2094 2987 benignitatem
2130 2919 2370 2986 patientiae
2406 2917 2455 2963 in

322 3007 648 3063 contemptum
669 3003 773 3065 ejus
792 3007 1047 3068 convertis,
1071 3017 1117 3054 et
1139 3017 1276 3055 tanto
1297 3006 1458 3054 minus
1478 3023 1589 3053 eum
1611 3005 1806 3067 vereris,
1826 3013 2011 3068 quanto
2031 3001 2235 3067 amplius
2258 2997 2457 3045 sustinet

322 3075 525 3124 offensas
552 3089 671 3138 tuas,
698 3099 786 3128 nec
810 3086 966 3131 statim
1001 3088 1155 3151 punit.
1190 3090 1250 3134 Et
1281 3086 1376 3133 hoc
1399 3095 1470 3132 est
1492 3085 1627 3149 quod
1650 3086 1716 3132 ait
1740 3102 1750 3130 :
1783 3103 1807 3129 «
1826 3086 1897 3130 An
1923 3084 2133 3146 ignoras.
2162 3101 2184 3124 >³
2211 3076 2455 3142 Numquid

320 3158 586 3204 contemnis
623 3158 809 3208 divitias
842 3163 1069 3214 bonitatis
1107 3168 1227 3231 ejus,
1269 3166 1320 3213 id
1357 3175 1425 3212 est
1462 3165 1566 3227 Dei,
1590 3164 1688 3211 hoc
1707 3174 1776 3211 est
1794 3164 1992 3211 divitem
2015 3172 2063 3209 et
2085 3160 2331 3226 copiosam
2354 3158 2456 3222 eJus

318 3235 464 3281 animi
488 3236 820 3287 dulcedinem:
859 3242 1084 3292 bonitatis
1107 3245 1235 3308 dico,
1256 3245 1489 3311 patientiae
1518 3254 1565 3292 et
1595 3243 1990 3308 longanimitatis,
2014 3241 2062 3288 id
2089 3251 2157 3288 est
2178 3240 2330 3303 longae
2356 3238 2456 3301 ejus

318 3316 569 3377 patientiae.
597 3337 618 3363 «
641 3321 871 3382 Ignorans
894 3326 1126 3386 quoniam
1147 3327 1416 3391 benignitas
1440 3325 1545 3384 Dei,
1578 3344 1601 3370 »
1635 3324 1684 3371 id
1715 3334 1784 3372 est
1811 3323 1913 3370 haec
1934 3322 2163 3371 bonitatis
2193 3321 2296 3384 ejus
2322 3317 2452 3366 exhi-
