2638 3866
299 171 396 219 808
1127 171 1290 218 PETRI
1325 170 1635 217 ABAELARDI

296 282 483 320 tantum
528 283 573 319 et
614 272 809 337 propria
844 270 1192 334 significatione
1240 271 1481 319 vocabulo
1531 289 1644 319 usus
1683 272 1917 332 caritatis,
1965 283 2179 322 nostram
2216 274 2445 324 intellexit

296 353 540 400 caritatem
571 361 782 409 tantum,
810 367 916 414 quae
946 359 1070 410 tota,
1105 361 1158 398 ut
1182 351 1365 399 dictum
1386 362 1479 412 est,
1523 353 1693 399 caritas
1726 353 1922 418 propria
1951 365 2273 419 nuncupatur.
2314 356 2442 414 Quid

295 430 424 475 enim
458 428 595 475 obest
624 429 663 474 si
702 428 919 476 dicamus
951 438 997 475 et
1024 429 1270 476 caritatem
1303 447 1403 487 non
1435 445 1645 494 quaerere
1676 446 1784 489 sua,
1820 430 1871 477 id
1903 439 1999 491 est,
2034 447 2135 478 non
2169 449 2270 479 esse
2308 433 2446 481 solli—

295 509 442 555 citum
470 508 531 554 de
563 508 660 554 suis
693 508 991 570 commodis,
1030 510 1115 573 qui
1152 509 1339 557 nullum
1374 510 1422 556 in
1464 510 1627 574 aliquo
1666 510 1981 557 commodum
2017 511 2218 577 adipisci
2256 523 2441 578 potest,

294 604 407 634 cum
439 589 486 633 in
517 605 567 635 se
598 589 704 654 ipso
736 590 957 636 omnium
993 590 1346 654 plenitudinem
1374 590 1622 637 bonorum
1655 590 1860 650 habeat,
1899 607 1990 638 nec
2021 591 2115 638 alio
2150 594 2445 642 extrinsecus

293 667 503 731 indigeat
528 669 824 716 commodo?
847 669 941 716 Sed
969 680 1016 717 et
1037 687 1173 731 cum,
1198 671 1335 734 juxta
1355 672 1668 734 Gregorium,
1695 670 1866 718 caritas
1891 672 2086 736 proprie
2108 688 2208 719 non
2238 673 2442 736 dicatur,

293 747 381 794 nisi
425 765 530 812 quae
569 749 617 795 in
657 749 859 797 alterum
897 749 1118 810 habetur,
1154 750 1274 797 nihil
1315 751 1526 799 fortassis
1560 750 1726 809 officit,
1765 751 1804 798 si
1838 751 2084 799 caritatem
2118 753 2206 799 Dei
2242 753 2362 800 sicut
2397 763 2446 801 et

291 837 506 875 nostram
539 846 779 894 ponamus
811 846 1023 893 quaerere
1052 848 1152 878 non
1184 848 1292 888 sua;
1331 849 1385 879 ac
1416 832 1455 878 si
1490 832 1555 879 ita
1591 832 1832 891 dicamu5‚
1874 848 2032 897 neque
2065 833 2248 897 ipsum,
2286 850 2445 899 neque

293 924 383 954 nos
418 924 474 955 ex
511 910 708 956 caritate
747 927 893 974 quam
931 911 980 957 in
1015 911 1219 958 alterum
1258 911 1511 969 habemus,
1552 911 1612 958 de
1651 912 1826 958 nostris
1863 911 2023 972 bonis,
2062 912 2168 960 sed¹
2209 913 2270 960 de
2305 913 2446 962 bonis

292 987 485 1036 alterius
533 991 761 1052 cogitare.
803 994 926 1038 Cum
958 992 1120 1056 itaque
1156 992 1291 1055 juxta
1336 978 1660 1058 suprapositas
1698 993 1908 1040 rationes
1948 1003 2169 1059 oporteat
2203 996 2361 1041 Deum
2393 995 2444 1042 in

293 1069 524 1116 omnibus
569 1088 673 1134 quae
712 1072 808 1134 agit
846 1071 952 1135 plus
987 1072 1188 1120 honoris
1224 1074 1295 1120 sui
1327 1073 1529 1137 gloriam
1565 1091 1711 1138 quam
1748 1073 1986 1137 quidlibet
2023 1074 2237 1122 attendat
2282 1074 2441 1137 aliud,

291 1149 510 1213 profecto
552 1150 779 1210 decebat,
816 1161 869 1198 ut
900 1168 999 1198 non
1037 1154 1194 1200 solum
1232 1170 1317 1217 per
1354 1163 1605 1212 naturam,
1646 1170 1815 1200 verum
1851 1155 1993 1201 etiam
2028 1170 2115 1220 per
2148 1154 2445 1203 existentiam

291 1238 390 1276 tam
423 1230 662 1277 mundum
691 1247 835 1294 quam
871 1242 1047 1280 cuncta
1081 1234 1244 1281 omnia
1274 1233 1580 1298 praecederet.

358 1310 504 1368 Quod
523 1311 667 1358 etiam
685 1311 900 1358 oblatum
931 1323 1002 1359 est
1027 1332 1038 1360 z
1069 1337 1088 1353 «
1114 1314 1355 1378 Sapientia
1379 1313 1609 1361 absconsa
1640 1324 1688 1361 et
1714 1314 1963 1362 thesaurus
1986 1314 2313 1375 absconditus,
2340 1332 2446 1380 quae

291 1391 468 1439 utilitas
491 1392 539 1438 in
566 1393 813 1455 utrisque?
835 1414 856 1436 »
886 1393 1021 1441 facile
1045 1393 1219 1459 depelli
1249 1404 1407 1459 potest
1439 1414 1450 1440 :
1478 1394 1562 1441 sed
1588 1412 1645 1442 ex
1669 1394 1810 1442 nobis
1834 1388 2030 1460 quoque
2063 1396 2176 1461 ipsis
2205 1396 2255 1443 id
2287 1397 2446 1462 ipsum

292 1470 629 1532 discutiamus,
671 1482 717 1519 et
751 1473 956 1536 qualiter
986 1474 1352 1538 intelligendum
1386 1475 1446 1521 sit
1481 1474 1734 1538 diligenter
1769 1476 2084 1540 inquiramus.
2115 1476 2239 1523 Utile
2267 1467 2448 1542 quippe

291 1560 362 1597 est
391 1552 688 1616 quandoque
727 1554 876 1601 multa
913 1554 1142 1617 ignorari,
1182 1564 1229 1602 et
1265 1554 1429 1602 multis
1461 1555 1623 1602 utilius
1657 1555 1798 1602 fuisse
1828 1556 2036 1615 videtur,
2072 1573 2172 1603 non
2206 1558 2447 1605 invenisse

291 1630 570 1678 thesaurum
617 1649 762 1696 quam
802 1635 1061 1692 invenisse,
1106 1645 1153 1682 et
1190 1652 1426 1700 pauperes
1463 1636 1670 1683 extitisse
1713 1652 1859 1700 quam
1893 1636 2213 1684 abundantes.
2266 1640 2445 1685 Verum

292 1720 451 1758 tamen
474 1722 543 1758 est
573 1713 707 1776 quod
732 1714 923 1773 dicitur,
954 1715 1187 1781 quoniam
1212 1732 1266 1762 ex
1284 1717 1297 1739 ²
1322 1716 1517 1763 scientia
1554 1716 1863 1778 abscondita,
1897 1716 2130 1781 quamdiu
2161 1717 2448 1765 abscondita

292 1800 378 1849 est,
404 1792 584 1838 nullam
604 1793 971 1857 participatione
992 1796 1066 1840 sui
1093 1794 1231 1842 affert
1255 1795 1528 1855 utilitatem,
1556 1798 1726 1860 quam³
1747 1796 1981 1844 abscondi
2001 1797 2242 1862 aliquibus
2262 1808 2310 1845 et
2331 1815 2448 1863 par-

292 1871 477 1936 ticipari
508 1872 569 1919 ab
592 1873 659 1920 eis
682 1873 898 1920 similiter
922 1891 1021 1920 non
1046 1885 1220 1938 potest.
1249 1878 1414 1922 Postea
1439 1892 1555 1922 vero
1582 1876 1865 1940 participata
1896 1887 2032 1924 tanto
2070 1878 2266 1925 fortasse
2289 1879 2447 1926 carior

291 1967 393 1998 esse
417 1952 615 2016 poterit,
642 1936 827 2016 quanto
860 1954 1067 2018 amplius
1098 1954 1245 2002 dilata
1270 1955 1426 2002 fuerit.
1456 1955 1637 2002 Eadem
1662 1965 1708 2002 et
1741 1955 1801 2002 de
1836 1957 2059 2004 thesauro
2082 1958 2205 2004 ratio
2230 1967 2333 2005 est:
2363 1959 2447 2021 qui

292 2032 524 2095 quamdiu
561 2032 874 2080 absconditus
904 2044 1001 2092 est,
1037 2035 1224 2081 nullum
1256 2052 1310 2082 ex
1344 2035 1757 2082 administratione
1785 2036 1859 2082 vel
1890 2054 1980 2083 usu
2010 2054 2098 2084 suo
2130 2038 2447 2086 commodum

290 2121 496 2176 praestat.
533 2113 626 2159 Sed
659 2130 758 2160 non
790 2114 901 2161 ideo
931 2115 1093 2162 statim
1124 2116 1199 2162 vel
1231 2116 1481 2164 scientiam
1506 2115 1581 2162 vel
1607 2115 1887 2162 thesaurum
1904 2117 2105 2164 revelari
2134 2116 2366 2184 oportuit,
2394 2127 2448 2166 ut
2519 2174 2522 2178 ¹

291 2194 448 2238 statim
499 2193 709 2257 aliquam
750 2204 993 2258 praestaret
1031 2195 1313 2257 utilitatem,
1363 2196 1447 2261 qui
1482 2196 1788 2243 commodius
1823 2207 2043 2262 tempore
2082 2215 2172 2246 suo
2213 2199 2447 2263 majorem

291 2272 499 2319 fructum
537 2274 748 2338 potuerit
778 2276 1039 2335 reservari3
1068 2276 1191 2323 sicut
1220 2286 1268 2323 et
1298 2276 1359 2323 de
1395 2277 1558 2323 divina
1587 2278 1822 2341 contingit
1850 2278 2105 2343 sapientia,
2137 2279 2187 2325 in
2219 2296 2316 2344 qua
2343 2296 2445 2327 non

290 2368 481 2417 semper
502 2371 591 2400 nos
614 2355 900 2420 participare
924 2357 1157 2421 oportuit,
1186 2367 1237 2403 ut
1262 2373 1374 2403 cum
1399 2374 1507 2404 eam
1528 2359 1813 2422 participare
1837 2359 2088 2423 coepimuS,
2112 2375 2218 2406 eam
2240 2359 2446 2425 amplius

290 2448 589 2480 veneremuS.
619 2436 799 2481 Verum
823 2436 957 2499 quod
981 2453 1128 2483 omne
1151 2436 1356 2497 bonum,
1383 2454 1496 2484 cum
1522 2438 1570 2484 in
1596 2442 1861 2509 commune
1892 2439 2163 2499 deducitur,
2198 2439 2446 2504 pulchrius

290 2513 530 2572 elucescit,
559 2514 655 2561 hoc
681 2525 769 2574 est,
799 2526 933 2562 tanto
960 2517 1179 2581 pluribus
1205 2527 1393 2581 gratum
1417 2535 1518 2565 esse
1542 2529 1775 2583 quantum
1802 2519 2010 2583 amplius
2034 2520 2441 2567 communicatur.

291 2596 384 2642 Sed
420 2614 519 2644 non
558 2597 668 2644 ideo
702 2599 861 2646 statim
896 2616 1040 2647 omne
1074 2601 1261 2648 bonum
1295 2601 1523 2648 omnibus
1555 2601 1903 2667 publicandum
1935 2613 2039 2650 est:
2070 2602 2155 2650 sed
2178 2603 2444 2650 secundum
2472 2652 2479 2659 ,

292 2677 500 2724 rationes
533 2678 710 2742 quibus
741 2688 788 2726 et
823 2680 1023 2743 quando
1055 2680 1104 2727 id
1131 2682 1599 2728 communicandum
1632 2683 1714 2740 sit,
1751 2699 1870 2747 quas
1905 2682 2361 2730 incommutabiliter
2393 2683 2444 2730 in

293 2757 520 2804 omnibus
543 2775 649 2822 quae
672 2759 795 2822 agit,
823 2759 986 2806 divina
1020 2759 1602 2811 observatProvidentia.
1631 2765 1748 2820 Quae
1779 2763 1976 2826 quidem
1993 2746 2312 2810 ’Providentia
2344 2780 2447 2810 om-

293 2836 410 2883 nino
447 2854 547 2884 non
586 2848 724 2899 esset,
764 2840 854 2886 nisi
887 2843 1016 2887 Deus
1049 2842 1236 2888 cunctis
1267 2859 1354 2907 per
1382 2843 1682 2889 existentiam
1716 2859 1912 2907 quoque
1943 2844 2145 2908 praeiret.
2182 2846 2288 2891 Non
2314 2844 2443 2891 enim

293 2916 597 2964 Providentia
620 2920 711 2965 nisi
736 2919 796 2966 de
822 2920 993 2967 futuris
1018 2937 1119 2968 esse
1143 2930 1324 2986 potest,
1352 2939 1464 2969 cum
1490 2923 1550 2969 sit
1569 2923 1872 2970 Providentia
1899 2923 2171 2970 futurorum
2193 2924 2445 2988 praescien-

294 2995 376 3042 tia.
406 2999 539 3043 Patet
567 2999 728 3063 itaque
752 3003 909 3047 Deum
933 3010 1031 3048 tam
1055 3002 1258 3065 dignum
1286 3004 1513 3064 extitisse,
1541 3013 1594 3050 ut
1618 3021 1703 3068 per
1725 3004 2024 3051 existentiam
2050 3020 2244 3068 quoque
2271 3013 2446 3051 cuncta

297 3076 587 3140 praecederet
623 3081 786 3127 omnia
800 3083 830 3127 ⁴.
866 3084 1031 3145 Neque
1066 3083 1163 3129 hoc
1200 3082 1406 3131 bonitati
1441 3084 1543 3147 ejus
1581 3084 1629 3131 in
1671 3084 1834 3148 aliquo
1873 3084 2128 3148 derogare,
2169 3084 2207 3131 si
2242 3083 2445 3131 voluerit

344 3200 350 3218 ¹
367 3195 457 3229 Tosti
474 3197 513 3229 de
529 3198 656 3230 nostris
672 3198 767 3231 bonis
783 3208 842 3231 seu
858 3202 887 3233 et
904 3201 943 3234 de
959 3201 1067 3234 bonis.
1082 3219 1123 3225 —
1137 3203 1149 3221 ²
1166 3202 1219 3235 Sic
1234 3203 1336 3235 Tosti.
1357 3203 1406 3235 Ex
1420 3203 1651 3237 delendum.—
1667 3205 1679 3224 ³
1695 3203 1749 3237 Sic
1764 3203 1866 3237 Tosti.
1884 3205 2072 3245 Legendum
2091 3213 2178 3246 quae.
2189 3220 2230 3226 —
2245 3204 2256 3224 ⁴
2267 3202 2322 3236 Sic
2340 3202 2441 3236 Tosti.

299 3243 428 3277 Cuncta
447 3244 497 3276 vel
508 3245 629 3277 omnia
645 3247 830 3279 delendum.
