<?xml version="1.0" encoding="UTF-8"?>
<!DOCTYPE html PUBLIC "-//W3C//DTD XHTML 1.0 Transitional//EN"
    "http://www.w3.org/TR/xhtml1/DTD/xhtml1-transitional.dtd">
<html xmlns="http://www.w3.org/1999/xhtml" xml:lang="en" lang="en">
 <head>
  <title>
</title>
<meta http-equiv="Content-Type" content="text/html;charset=utf-8" />
  <meta name='ocr-system' content='tesseract 3.04.00' />
  <meta name='ocr-capabilities' content='ocr_page ocr_carea ocr_par ocr_line ocrx_word'/>
</head>
<body>
  <div class='ocr_page' id='page_1' title='image "./operahactenusseo00abeluoft_0453.png"; bbox 0 0 2638 3866; ppageno 0'>
   <div class='ocr_carea' id='block_1_1' title="bbox 973 202 2422 256">
    <p class='ocr_par' dir='ltr' id='par_1_1' title="bbox 973 202 2422 256">
     <span class='ocr_line' id='line_1_1' title="bbox 973 202 2422 256; baseline 0.005 -8"><span class='ocrx_word' id='word_1_1' title='bbox 973 202 1318 250; x_wconf 84' lang='lat' dir='ltr'><strong>THEOLOGlA</strong></span> <span class='ocrx_word' id='word_1_2' title='bbox 1352 202 1701 252; x_wconf 84' lang='lat' dir='ltr'><strong>CHRlSTlANA</strong></span> <span class='ocrx_word' id='word_1_3' title='bbox 2326 206 2422 256; x_wconf 74' lang='lat'><strong>443</strong></span> 
     </span>
    </p>
   </div>
   <div class='ocr_carea' id='block_1_2' title="bbox 200 302 2426 3114">
    <p class='ocr_par' dir='ltr' id='par_1_2' title="bbox 200 302 2426 3114">
     <span class='ocr_line' id='line_1_2' title="bbox 274 302 2417 375; baseline 0 -21"><span class='ocrx_word' id='word_1_4' title='bbox 274 303 510 354; x_wconf 82' lang='lat' dir='ltr'><strong>sumtibus</strong></span> <span class='ocrx_word' id='word_1_5' title='bbox 545 302 777 364; x_wconf 90' lang='lat' dir='ltr'><strong>eruditos,</strong></span> <span class='ocrx_word' id='word_1_6' title='bbox 816 310 864 350; x_wconf 89' lang='lat' dir='ltr'><strong>et</strong></span> <span class='ocrx_word' id='word_1_7' title='bbox 897 302 1031 367; x_wconf 91' lang='lat' dir='ltr'><strong>quod</strong></span> <span class='ocrx_word' id='word_1_8' title='bbox 1058 304 1108 351; x_wconf 91' lang='lat' dir='ltr'><strong>in</strong></span> <span class='ocrx_word' id='word_1_9' title='bbox 1147 305 1414 354; x_wconf 90' lang='lat' dir='ltr'><strong>corbonam</strong></span> <span class='ocrx_word' id='word_1_10' title='bbox 1451 321 1542 371; x_wconf 89' lang='lat' dir='ltr'><strong>pro</strong></span> <span class='ocrx_word' id='word_1_11' title='bbox 1580 315 1782 371; x_wconf 88' lang='lat' dir='ltr'><strong>peccato</strong></span> <span class='ocrx_word' id='word_1_12' title='bbox 1818 307 2020 373; x_wconf 81' lang='lat' dir='ltr'><strong>quilibet</strong></span> <span class='ocrx_word' id='word_1_13' title='bbox 2058 324 2241 375; x_wconf 85' lang='lat' dir='ltr'>pauper</span> <span class='ocrx_word' id='word_1_14' title='bbox 2267 317 2417 356; x_wconf 88' lang='lat' dir='ltr'><strong>totam</strong></span> 
     </span>
     <span class='ocr_line' id='line_1_3' title="bbox 272 381 2413 455; baseline 0.001 -21"><span class='ocrx_word' id='word_1_15' title='bbox 272 385 587 434; x_wconf 82' lang='lat' dir='ltr'><strong>substantiam</strong></span> <span class='ocrx_word' id='word_1_16' title='bbox 626 382 881 433; x_wconf 77' lang='lat' dir='ltr'><strong>effundens</strong></span> <span class='ocrx_word' id='word_1_17' title='bbox 915 381 1172 446; x_wconf 82' lang='lat' dir='ltr'><strong>obtulerat,</strong></span> <span class='ocrx_word' id='word_1_18' title='bbox 1209 385 1306 434; x_wconf 91' lang='lat' dir='ltr'><strong>hoc</strong></span> <span class='ocrx_word' id='word_1_19' title='bbox 1341 387 1389 433; x_wconf 89' lang='lat' dir='ltr'><strong>in</strong></span> <span class='ocrx_word' id='word_1_20' title='bbox 1427 386 1751 435; x_wconf 80' lang='lat' dir='ltr'><strong>Saturnalium</strong></span> <span class='ocrx_word' id='word_1_21' title='bbox 1786 388 2052 455; x_wconf 86' lang='lat' dir='ltr'><strong>sportulam</strong></span> <span class='ocrx_word' id='word_1_22' title='bbox 2083 399 2131 438; x_wconf 87' lang='lat' dir='ltr'><strong>et</strong></span> <span class='ocrx_word' id='word_1_23' title='bbox 2162 390 2413 449; x_wconf 78' lang='lat' dir='ltr'><strong>Minervae,</strong></span> 
     </span>
     <span class='ocr_line' id='line_1_4' title="bbox 271 463 2415 535; baseline 0 -19"><span class='ocrx_word' id='word_1_24' title='bbox 271 476 355 516; x_wconf 88' lang='lat' dir='ltr'><strong>aut</strong></span> <span class='ocrx_word' id='word_1_25' title='bbox 390 467 440 515; x_wconf 90' lang='lat' dir='ltr'><strong>in</strong></span> <span class='ocrx_word' id='word_1_26' title='bbox 478 475 665 515; x_wconf 89' lang='lat' dir='ltr'><strong>sumtus</strong></span> <span class='ocrx_word' id='word_1_27' title='bbox 700 463 1019 522; x_wconf 87' lang='lat' dir='ltr'><strong>domesticos,</strong></span> <span class='ocrx_word' id='word_1_28' title='bbox 1052 474 1136 512; x_wconf 92' lang='lat' dir='ltr'><strong>aut</strong></span> <span class='ocrx_word' id='word_1_29' title='bbox 1168 465 1217 512; x_wconf 92' lang='lat' dir='ltr'><strong>in</strong></span> <span class='ocrx_word' id='word_1_30' title='bbox 1253 466 1450 515; x_wconf 90' lang='lat' dir='ltr'><strong>sordida</strong></span> <span class='ocrx_word' id='word_1_31' title='bbox 1477 477 1636 516; x_wconf 88' lang='lat' dir='ltr'><strong>scorta</strong></span> <span class='ocrx_word' id='word_1_32' title='bbox 1667 470 1901 517; x_wconf 89' lang='lat' dir='ltr'><strong>converti.</strong></span> <span class='ocrx_word' id='word_1_33' title='bbox 1927 490 1949 514; x_wconf 74' lang='lat' dir='ltr'>n</span> <span class='ocrx_word' id='word_1_34' title='bbox 1980 470 2112 518; x_wconf 83' lang='lat' dir='ltr'><strong>Idem</strong></span> <span class='ocrx_word' id='word_1_35' title='bbox 2135 471 2184 518; x_wconf 89' lang='lat' dir='ltr'><strong>in</strong></span> <span class='ocrx_word' id='word_1_36' title='bbox 2217 470 2415 535; x_wconf 88' lang='lat' dir='ltr'><strong>epistola</strong></span> 
     </span>
     <span class='ocr_line' id='line_1_5' title="bbox 272 544 2417 609; baseline 0.001 -14"><span class='ocrx_word' id='word_1_37' title='bbox 272 547 340 594; x_wconf 80' lang='lat' dir='ltr'><strong>acl</strong></span> <span class='ocrx_word' id='word_1_38' title='bbox 368 547 676 595; x_wconf 75' lang='lat' dir='ltr'><strong>Eustochium</strong></span> <span class='ocrx_word' id='word_1_39' title='bbox 705 544 967 609; x_wconf 81' lang='lat' dir='ltr'><strong>virginem¹</strong></span> <span class='ocrx_word' id='word_1_40' title='bbox 995 562 1006 591; x_wconf 89' lang='lat'><strong>:</strong></span> <span class='ocrx_word' id='word_1_41' title='bbox 1038 548 1192 603; x_wconf 86' lang='lat' dir='ltr'><strong>«Quae</strong></span> <span class='ocrx_word' id='word_1_42' title='bbox 1221 548 1598 595; x_wconf 87' lang='lat' dir='ltr'><strong>communicatio</strong></span> <span class='ocrx_word' id='word_1_43' title='bbox 1626 547 1746 596; x_wconf 92' lang='lat' dir='ltr'><strong>lucis</strong></span> <span class='ocrx_word' id='word_1_44' title='bbox 1776 549 1837 596; x_wconf 90' lang='lat' dir='ltr'><strong>ad</strong></span> <span class='ocrx_word' id='word_1_45' title='bbox 1863 550 2114 599; x_wconf 78' lang='lat' dir='ltr'><strong>tenebras?</strong></span> <span class='ocrx_word' id='word_1_46' title='bbox 2148 551 2268 609; x_wconf 91' lang='lat' dir='ltr'><strong>Quis</strong></span> <span class='ocrx_word' id='word_1_47' title='bbox 2304 567 2417 598; x_wconf 91' lang='lat' dir='ltr'><strong>con-</strong></span> 
     </span>
     <span class='ocr_line' id='line_1_6' title="bbox 270 624 2412 696; baseline 0.001 -20"><span class='ocrx_word' id='word_1_48' title='bbox 270 645 437 676; x_wconf 86' lang='lat' dir='ltr'><strong>sensus</strong></span> <span class='ocrx_word' id='word_1_49' title='bbox 472 628 647 677; x_wconf 78' lang='lat' dir='ltr'><strong>Christi</strong></span> <span class='ocrx_word' id='word_1_50' title='bbox 681 626 744 675; x_wconf 90' lang='lat' dir='ltr'><strong>ad</strong></span> <span class='ocrx_word' id='word_1_51' title='bbox 776 624 954 673; x_wconf 81' lang='lat' dir='ltr'><strong>Belial?</strong></span> <span class='ocrx_word' id='word_1_52' title='bbox 995 626 1123 684; x_wconf 90' lang='lat' dir='ltr'><strong>Quid</strong></span> <span class='ocrx_word' id='word_1_53' title='bbox 1159 627 1270 675; x_wconf 83' lang='lat' dir='ltr'><strong>facit</strong></span> <span class='ocrx_word' id='word_1_54' title='bbox 1311 645 1423 676; x_wconf 91' lang='lat' dir='ltr'><strong>cum</strong></span> <span class='ocrx_word' id='word_1_55' title='bbox 1463 629 1687 695; x_wconf 88' lang='lat' dir='ltr'><strong>psalterio</strong></span> <span class='ocrx_word' id='word_1_56' title='bbox 1723 631 1977 693; x_wconf 87' lang='lat' dir='ltr'><strong>Horatius,</strong></span> <span class='ocrx_word' id='word_1_57' title='bbox 2017 649 2128 679; x_wconf 89' lang='lat' dir='ltr'><strong>cum</strong></span> <span class='ocrx_word' id='word_1_58' title='bbox 2156 632 2412 696; x_wconf 88' lang='lat' dir='ltr'><strong>Evangelio</strong></span> 
     </span>
     <span class='ocr_line' id='line_1_7' title="bbox 271 705 2416 779; baseline 0.001 -22"><span class='ocrx_word' id='word_1_59' title='bbox 271 711 424 769; x_wconf 86' lang='lat' dir='ltr'><strong>Maro,</strong></span> <span class='ocrx_word' id='word_1_60' title='bbox 452 726 565 757; x_wconf 90' lang='lat' dir='ltr'><strong>cum</strong></span> <span class='ocrx_word' id='word_1_61' title='bbox 583 706 817 774; x_wconf 88' lang='lat' dir='ltr'><strong>Apostolo</strong></span> <span class='ocrx_word' id='word_1_62' title='bbox 853 705 1094 754; x_wconf 77' lang='lat' dir='ltr'><strong>Cicero?»</strong></span> <span class='ocrx_word' id='word_1_63' title='bbox 1133 707 1227 765; x_wconf 91' lang='lat' dir='ltr'><strong>Qui</strong></span> <span class='ocrx_word' id='word_1_64' title='bbox 1259 708 1402 756; x_wconf 86' lang='lat' dir='ltr'><strong>etiam</strong></span> <span class='ocrx_word' id='word_1_65' title='bbox 1433 710 1591 757; x_wconf 87' lang='lat' dir='ltr'><strong>statim</strong></span> <span class='ocrx_word' id='word_1_66' title='bbox 1614 710 1663 757; x_wconf 92' lang='lat' dir='ltr'><strong>in</strong></span> <span class='ocrx_word' id='word_1_67' title='bbox 1697 710 1869 758; x_wconf 88' lang='lat' dir='ltr'><strong>eadem</strong></span> <span class='ocrx_word' id='word_1_68' title='bbox 1905 712 2107 777; x_wconf 90' lang='lat' dir='ltr'><strong>epistola</strong></span> <span class='ocrx_word' id='word_1_69' title='bbox 2137 729 2187 760; x_wconf 91' lang='lat' dir='ltr'><strong>se</strong></span> <span class='ocrx_word' id='word_1_70' title='bbox 2217 723 2416 779; x_wconf 90' lang='lat' dir='ltr'><strong>propter</strong></span> 
     </span>
     <span class='ocr_line' id='line_1_8' title="bbox 269 787 2414 855; baseline 0.002 -18"><span class='ocrx_word' id='word_1_71' title='bbox 269 788 529 837; x_wconf 88' lang='lat' dir='ltr'><strong>lectionem</strong></span> <span class='ocrx_word' id='word_1_72' title='bbox 582 788 792 837; x_wconf 79' lang='lat' dir='ltr'><strong>Platonis</strong></span> <span class='ocrx_word' id='word_1_73' title='bbox 834 803 918 835; x_wconf 93' lang='lat' dir='ltr'><strong>seu</strong></span> <span class='ocrx_word' id='word_1_74' title='bbox 960 787 1166 834; x_wconf 87' lang='lat' dir='ltr'><strong>aliorum</strong></span> <span class='ocrx_word' id='word_1_75' title='bbox 1206 787 1611 855; x_wconf 89' lang='lat' dir='ltr'><strong>philosophorum</strong></span> <span class='ocrx_word' id='word_1_76' title='bbox 1651 790 1827 855; x_wconf 88' lang='lat' dir='ltr'><strong>quibus</strong></span> <span class='ocrx_word' id='word_1_77' title='bbox 1863 792 2169 854; x_wconf 84' lang='lat' dir='ltr'><strong>intendebat,</strong></span> <span class='ocrx_word' id='word_1_78' title='bbox 2216 810 2327 840; x_wconf 90' lang='lat' dir='ltr'><strong>cum</strong></span> <span class='ocrx_word' id='word_1_79' title='bbox 2371 794 2414 841; x_wconf 92' lang='lat' dir='ltr'><strong>ei</strong></span> 
     </span>
     <span class='ocr_line' id='line_1_9' title="bbox 269 867 2412 937; baseline 0.002 -19"><span class='ocrx_word' id='word_1_80' title='bbox 269 886 428 918; x_wconf 86' lang='lat' dir='ltr'><strong>sermo</strong></span> <span class='ocrx_word' id='word_1_81' title='bbox 461 870 772 936; x_wconf 89' lang='lat' dir='ltr'><strong>propheticus</strong></span> <span class='ocrx_word' id='word_1_82' title='bbox 809 868 1022 916; x_wconf 88' lang='lat' dir='ltr'><strong>incultus</strong></span> <span class='ocrx_word' id='word_1_83' title='bbox 1054 867 1304 930; x_wconf 89' lang='lat' dir='ltr'><strong>horreret,</strong></span> <span class='ocrx_word' id='word_1_84' title='bbox 1346 880 1537 936; x_wconf 86' lang='lat' dir='ltr'><strong>raptum</strong></span> <span class='ocrx_word' id='word_1_85' title='bbox 1579 872 1627 918; x_wconf 93' lang='lat' dir='ltr'><strong>in</strong></span> <span class='ocrx_word' id='word_1_86' title='bbox 1669 873 1838 937; x_wconf 88' lang='lat' dir='ltr'><strong>spiritu</strong></span> <span class='ocrx_word' id='word_1_87' title='bbox 1879 873 2019 921; x_wconf 83' lang='lat' dir='ltr'><strong>fuisse</strong></span> <span class='ocrx_word' id='word_1_88' title='bbox 2059 883 2169 921; x_wconf 90' lang='lat' dir='ltr'><strong>ante</strong></span> <span class='ocrx_word' id='word_1_89' title='bbox 2204 874 2412 922; x_wconf 87' lang='lat' dir='ltr'><strong>tribunal</strong></span> 
     </span>
     <span class='ocr_line' id='line_1_10' title="bbox 200 946 2415 1015; baseline 0 -14"><span class='ocrx_word' id='word_1_90' title='bbox 200 999 207 1002; x_wconf 23' lang='lat'><em>⁷</em></span> <span class='ocrx_word' id='word_1_91' title='bbox 270 950 470 999; x_wconf 87' lang='lat' dir='ltr'><strong>districti</strong></span> <span class='ocrx_word' id='word_1_92' title='bbox 504 950 679 1015; x_wconf 90' lang='lat' dir='ltr'><strong>judicis</strong></span> <span class='ocrx_word' id='word_1_93' title='bbox 719 949 913 1009; x_wconf 89' lang='lat' dir='ltr'><strong>asserit,</strong></span> <span class='ocrx_word' id='word_1_94' title='bbox 955 946 1040 995; x_wconf 89' lang='lat' dir='ltr'><strong>ubi</strong></span> <span class='ocrx_word' id='word_1_95' title='bbox 1078 949 1400 1014; x_wconf 85' lang='lat' dir='ltr'><strong>interrogatus</strong></span> <span class='ocrx_word' id='word_1_96' title='bbox 1435 951 1768 1000; x_wconf 90' lang='lat' dir='ltr'><strong>conditionem</strong></span> <span class='ocrx_word' id='word_1_97' title='bbox 1806 970 1970 1013; x_wconf 89' lang='lat' dir='ltr'><strong>suam,</strong></span> <span class='ocrx_word' id='word_1_98' title='bbox 2013 953 2326 1001; x_wconf 89' lang='lat' dir='ltr'><strong>christianum</strong></span> <span class='ocrx_word' id='word_1_99' title='bbox 2367 971 2415 1002; x_wconf 93' lang='lat' dir='ltr'><strong>se</strong></span> 
     </span>
     <span class='ocr_line' id='line_1_11' title="bbox 269 1029 2412 1098; baseline 0.001 -18"><span class='ocrx_word' id='word_1_100' title='bbox 269 1031 667 1098; x_wconf 86' lang='lat' dir='ltr'><strong>esse-respondit.</strong></span> <span class='ocrx_word' id='word_1_101' title='bbox 711 1030 796 1079; x_wconf 89' lang='lat' dir='ltr'><strong>Cui</strong></span> <span class='ocrx_word' id='word_1_102' title='bbox 831 1029 910 1077; x_wconf 88' lang='lat' dir='ltr'><strong>ille</strong></span> <span class='ocrx_word' id='word_1_103' title='bbox 946 1029 1030 1093; x_wconf 89' lang='lat' dir='ltr'><strong>qui</strong></span> <span class='ocrx_word' id='word_1_104' title='bbox 1066 1029 1368 1095; x_wconf 76' lang='lat' dir='ltr'><strong>praesidebat,</strong></span> <span class='ocrx_word' id='word_1_105' title='bbox 1404 1033 1645 1094; x_wconf 86' lang='lat' dir='ltr'><strong>Mentiris,</strong></span> <span class='ocrx_word' id='word_1_106' title='bbox 1682 1033 1775 1094; x_wconf 88' lang='lat' dir='ltr'><strong>ait,</strong></span> <span class='ocrx_word' id='word_1_107' title='bbox 1814 1034 2158 1081; x_wconf 89' lang='lat' dir='ltr'><strong>Ciceronianus</strong></span> <span class='ocrx_word' id='word_1_108' title='bbox 2193 1051 2271 1094; x_wconf 92' lang='lat' dir='ltr'><strong>es,</strong></span> <span class='ocrx_word' id='word_1_109' title='bbox 2313 1051 2412 1082; x_wconf 88' lang='lat' dir='ltr'><strong>non</strong></span> 
     </span>
     <span class='ocr_line' id='line_1_12' title="bbox 269 1110 2417 1174; baseline 0.001 -14"><span class='ocrx_word' id='word_1_110' title='bbox 269 1112 566 1161; x_wconf 88' lang='lat' dir='ltr'><strong>Christianus</strong></span> <span class='ocrx_word' id='word_1_111' title='bbox 578 1131 591 1174; x_wconf 90' lang='lat'>;</span> <span class='ocrx_word' id='word_1_112' title='bbox 631 1111 765 1159; x_wconf 92' lang='lat' dir='ltr'><strong>«ubi</strong></span> <span class='ocrx_word' id='word_1_113' title='bbox 797 1110 929 1158; x_wconf 90' lang='lat' dir='ltr'><strong>enim</strong></span> <span class='ocrx_word' id='word_1_114' title='bbox 966 1110 1107 1158; x_wconf 86' lang='lat' dir='ltr'><strong>suerit</strong></span> <span class='ocrx_word' id='word_1_115' title='bbox 1130 1110 1385 1160; x_wconf 87' lang='lat' dir='ltr'><strong>thesaurus</strong></span> <span class='ocrx_word' id='word_1_116' title='bbox 1420 1122 1545 1172; x_wconf 90' lang='lat' dir='ltr'><strong>tuus,</strong></span> <span class='ocrx_word' id='word_1_117' title='bbox 1584 1112 1680 1160; x_wconf 91' lang='lat' dir='ltr'><strong>illic</strong></span> <span class='ocrx_word' id='word_1_118' title='bbox 1716 1122 1763 1160; x_wconf 89' lang='lat' dir='ltr'><strong>et</strong></span> <span class='ocrx_word' id='word_1_119' title='bbox 1795 1130 1881 1161; x_wconf 89' lang='lat' dir='ltr'><strong>cor</strong></span> <span class='ocrx_word' id='word_1_120' title='bbox 1903 1117 2080 1161; x_wconf 85' lang='lat' dir='ltr'><strong>tuum&#39;.</strong></span> <span class='ocrx_word' id='word_1_121' title='bbox 2105 1133 2128 1159; x_wconf 93' lang='lat'>»</span> <span class='ocrx_word' id='word_1_122' title='bbox 2155 1115 2249 1173; x_wconf 90' lang='lat' dir='ltr'><strong>Qui</strong></span> <span class='ocrx_word' id='word_1_123' title='bbox 2285 1115 2417 1163; x_wconf 87' lang='lat' dir='ltr'><strong>deni-</strong></span> 
     </span>
     <span class='ocr_line' id='line_1_13' title="bbox 271 1192 2417 1260; baseline 0.001 -18"><span class='ocrx_word' id='word_1_124' title='bbox 271 1210 367 1259; x_wconf 90' lang='lat' dir='ltr'><strong>que</strong></span> <span class='ocrx_word' id='word_1_125' title='bbox 402 1204 507 1260; x_wconf 87' lang='lat' dir='ltr'><strong>post</strong></span> <span class='ocrx_word' id='word_1_126' title='bbox 531 1192 684 1242; x_wconf 90' lang='lat' dir='ltr'><strong>multa</strong></span> <span class='ocrx_word' id='word_1_127' title='bbox 705 1192 872 1251; x_wconf 84' lang='lat' dir='ltr'><strong>verba,</strong></span> <span class='ocrx_word' id='word_1_128' title='bbox 900 1207 1042 1257; x_wconf 87' lang='lat' dir='ltr'><strong>prece</strong></span> <span class='ocrx_word' id='word_1_129' title='bbox 1066 1192 1385 1240; x_wconf 88' lang='lat' dir='ltr'><strong>assistentium</strong></span> <span class='ocrx_word' id='word_1_130' title='bbox 1411 1203 1708 1255; x_wconf 85' lang='lat' dir='ltr'><strong>sanctorum,</strong></span> <span class='ocrx_word' id='word_1_131' title='bbox 1745 1203 1791 1241; x_wconf 93' lang='lat' dir='ltr'><strong>et</strong></span> <span class='ocrx_word' id='word_1_132' title='bbox 1819 1196 1955 1259; x_wconf 89' lang='lat' dir='ltr'><strong>quasi</strong></span> <span class='ocrx_word' id='word_1_133' title='bbox 1983 1195 2072 1243; x_wconf 90' lang='lat' dir='ltr'><strong>sub</strong></span> <span class='ocrx_word' id='word_1_134' title='bbox 2098 1195 2417 1244; x_wconf 88' lang='lat' dir='ltr'><strong>obtestatione</strong></span> 
     </span>
     <span class='ocr_line' id='line_1_14' title="bbox 270 1273 2414 1341; baseline 0.001 -19"><span class='ocrx_word' id='word_1_135' title='bbox 270 1275 583 1336; x_wconf 83' lang='lat' dir='ltr'><strong>sacramenti,</strong></span> <span class='ocrx_word' id='word_1_136' title='bbox 621 1273 755 1339; x_wconf 92' lang='lat' dir='ltr'><strong>quod</strong></span> <span class='ocrx_word' id='word_1_137' title='bbox 792 1288 1060 1338; x_wconf 89' lang='lat' dir='ltr'><strong>numquam</strong></span> <span class='ocrx_word' id='word_1_138' title='bbox 1098 1273 1304 1338; x_wconf 89' lang='lat' dir='ltr'><strong>amplius</strong></span> <span class='ocrx_word' id='word_1_139' title='bbox 1339 1273 1586 1321; x_wconf 75' lang='lat' dir='ltr'><strong>saeculares</strong></span> <span class='ocrx_word' id='word_1_140' title='bbox 1619 1273 1770 1322; x_wconf 89' lang='lat' dir='ltr'><strong>libros</strong></span> <span class='ocrx_word' id='word_1_141' title='bbox 1802 1275 2001 1339; x_wconf 88' lang='lat' dir='ltr'><strong>legeret,</strong></span> <span class='ocrx_word' id='word_1_142' title='bbox 2045 1276 2120 1322; x_wconf 83' lang='lat' dir='ltr'><strong>vix</strong></span> <span class='ocrx_word' id='word_1_143' title='bbox 2159 1276 2414 1341; x_wconf 89' lang='lat' dir='ltr'><strong>impetrare</strong></span> 
     </span>
     <span class='ocr_line' id='line_1_15' title="bbox 270 1353 2412 1421; baseline 0.001 -18"><span class='ocrx_word' id='word_1_144' title='bbox 270 1356 429 1421; x_wconf 87' lang='lat' dir='ltr'><strong>potuit</strong></span> <span class='ocrx_word' id='word_1_145' title='bbox 462 1355 810 1419; x_wconf 85' lang='lat' dir='ltr'><strong>indulgentiam</strong></span> <span class='ocrx_word' id='word_1_146' title='bbox 834 1371 922 1419; x_wconf 92' lang='lat' dir='ltr'><strong>per</strong></span> <span class='ocrx_word' id='word_1_147' title='bbox 944 1370 1090 1419; x_wconf 91' lang='lat' dir='ltr'><strong>quam</strong></span> <span class='ocrx_word' id='word_1_148' title='bbox 1123 1353 1363 1401; x_wconf 85' lang='lat' dir='ltr'><strong>evaderet.</strong></span> <span class='ocrx_word' id='word_1_149' title='bbox 1390 1354 1529 1401; x_wconf 90' lang='lat' dir='ltr'><strong>Unde</strong></span> <span class='ocrx_word' id='word_1_150' title='bbox 1564 1363 1611 1402; x_wconf 91' lang='lat' dir='ltr'><strong>et</strong></span> <span class='ocrx_word' id='word_1_151' title='bbox 1646 1353 1872 1402; x_wconf 85' lang='lat' dir='ltr'><strong>Rabanus</strong></span> <span class='ocrx_word' id='word_1_152' title='bbox 1906 1355 1964 1402; x_wconf 85' lang='lat' dir='ltr'><strong>de</strong></span> <span class='ocrx_word' id='word_1_153' title='bbox 1986 1358 2234 1403; x_wconf 79' lang='lat' dir='ltr'><strong>Pressuris</strong></span> <span class='ocrx_word' id='word_1_154' title='bbox 2251 1359 2412 1405; x_wconf 85' lang='lat' dir='ltr'><strong>Eccle-</strong></span> 
     </span>
     <span class='ocr_line' id='line_1_16' title="bbox 270 1434 2412 1503; baseline 0.001 -20"><span class='ocrx_word' id='word_1_155' title='bbox 270 1438 478 1484; x_wconf 60' lang='lat' dir='ltr'><strong>siasticcis·</strong></span> <span class='ocrx_word' id='word_1_156' title='bbox 507 1446 644 1503; x_wconf 88' lang='lat' dir='ltr'><strong>parte</strong></span> <span class='ocrx_word' id='word_1_157' title='bbox 672 1435 903 1484; x_wconf 91' lang='lat' dir='ltr'><strong>secunda.</strong></span> <span class='ocrx_word' id='word_1_158' title='bbox 949 1455 972 1479; x_wconf 78' lang='lat' dir='ltr'><strong>c&lt;</strong></span> <span class='ocrx_word' id='word_1_159' title='bbox 1006 1435 1244 1499; x_wconf 87' lang='lat' dir='ltr'><strong>Legimus,</strong></span> <span class='ocrx_word' id='word_1_160' title='bbox 1279 1435 1454 1499; x_wconf 90' lang='lat' dir='ltr'><strong>inquit,</strong></span> <span class='ocrx_word' id='word_1_161' title='bbox 1496 1434 1559 1482; x_wconf 91' lang='lat' dir='ltr'><strong>de</strong></span> <span class='ocrx_word' id='word_1_162' title='bbox 1594 1438 1646 1481; x_wconf 92' lang='lat' dir='ltr'><strong>B.</strong></span> <span class='ocrx_word' id='word_1_163' title='bbox 1682 1436 1997 1501; x_wconf 86' lang='lat' dir='ltr'><strong>Hieronymo,</strong></span> <span class='ocrx_word' id='word_1_164' title='bbox 2035 1437 2265 1501; x_wconf 88' lang='lat' dir='ltr'><strong>quoniam</strong></span> <span class='ocrx_word' id='word_1_165' title='bbox 2299 1454 2412 1486; x_wconf 91' lang='lat' dir='ltr'><strong>cum</strong></span> 
     </span>
     <span class='ocr_line' id='line_1_17' title="bbox 268 1514 2416 1582; baseline 0 -17"><span class='ocrx_word' id='word_1_166' title='bbox 268 1516 448 1565; x_wconf 88' lang='lat' dir='ltr'><strong>librum</strong></span> <span class='ocrx_word' id='word_1_167' title='bbox 496 1518 673 1582; x_wconf 91' lang='lat' dir='ltr'><strong>legeret</strong></span> <span class='ocrx_word' id='word_1_168' title='bbox 707 1516 954 1564; x_wconf 88' lang='lat' dir='ltr'><strong>Ciceronis</strong></span> <span class='ocrx_word' id='word_1_169' title='bbox 994 1515 1055 1562; x_wconf 91' lang='lat' dir='ltr'><strong>ab</strong></span> <span class='ocrx_word' id='word_1_170' title='bbox 1092 1514 1272 1580; x_wconf 89' lang='lat' dir='ltr'><strong>Angelo</strong></span> <span class='ocrx_word' id='word_1_171' title='bbox 1318 1524 1569 1581; x_wconf 89' lang='lat' dir='ltr'><strong>correptus</strong></span> <span class='ocrx_word' id='word_1_172' title='bbox 1607 1526 1703 1574; x_wconf 91' lang='lat' dir='ltr'><strong>est,</strong></span> <span class='ocrx_word' id='word_1_173' title='bbox 1747 1532 1806 1563; x_wconf 94' lang='lat' dir='ltr'><strong>eo</strong></span> <span class='ocrx_word' id='word_1_174' title='bbox 1845 1516 1978 1581; x_wconf 92' lang='lat' dir='ltr'><strong>quod</strong></span> <span class='ocrx_word' id='word_1_175' title='bbox 2015 1516 2302 1565; x_wconf 90' lang='lat' dir='ltr'><strong>christianus</strong></span> <span class='ocrx_word' id='word_1_176' title='bbox 2343 1520 2416 1567; x_wconf 86' lang='lat' dir='ltr'><strong>vir</strong></span> 
     </span>
     <span class='ocr_line' id='line_1_18' title="bbox 269 1595 2410 1665; baseline 0 -19"><span class='ocrx_word' id='word_1_177' title='bbox 269 1614 570 1665; x_wconf 86' lang='lat' dir='ltr'><strong>paganorum</strong></span> <span class='ocrx_word' id='word_1_178' title='bbox 605 1598 876 1645; x_wconf 86' lang='lat' dir='ltr'><strong>intenderet</strong></span> <span class='ocrx_word' id='word_1_179' title='bbox 905 1597 1162 1661; x_wconf 81' lang='lat' dir='ltr'><strong>figmentis.</strong></span> <span class='ocrx_word' id='word_1_180' title='bbox 1186 1617 1209 1640; x_wconf 85' lang='lat'>»</span> <span class='ocrx_word' id='word_1_181' title='bbox 1239 1595 1448 1643; x_wconf 83' lang='lat' dir='ltr'><strong>Isidorus</strong></span> <span class='ocrx_word' id='word_1_182' title='bbox 1474 1598 1833 1644; x_wconf 77' lang='lat' dir='ltr'><strong>Sententiarum</strong></span> <span class='ocrx_word' id='word_1_183' title='bbox 1853 1596 1980 1644; x_wconf 92' lang='lat' dir='ltr'><strong>libro</strong></span> <span class='ocrx_word' id='word_1_184' title='bbox 2013 1600 2098 1658; x_wconf 87' lang='lat'><strong>111,</strong></span> <span class='ocrx_word' id='word_1_185' title='bbox 2131 1615 2240 1663; x_wconf 85' lang='lat' dir='ltr'><strong>cap.</strong></span> <span class='ocrx_word' id='word_1_186' title='bbox 2271 1601 2410 1646; x_wconf 76' lang='lat' dir='ltr'><strong>xm’:</strong></span> 
     </span>
     <span class='ocr_line' id='line_1_19' title="bbox 273 1676 2418 1745; baseline 0.001 -21"><span class='ocrx_word' id='word_1_187' title='bbox 273 1699 296 1725; x_wconf 78' lang='grc' dir='ltr'>α</span> <span class='ocrx_word' id='word_1_188' title='bbox 315 1678 430 1727; x_wconf 89' lang='lat' dir='ltr'><strong>ldeo</strong></span> <span class='ocrx_word' id='word_1_189' title='bbox 459 1677 749 1745; x_wconf 89' lang='lat' dir='ltr'><strong>prohibetur</strong></span> <span class='ocrx_word' id='word_1_190' title='bbox 770 1677 1058 1726; x_wconf 88' lang='lat' dir='ltr'><strong>christianus</strong></span> <span class='ocrx_word' id='word_1_191' title='bbox 1081 1677 1238 1741; x_wconf 87' lang='lat' dir='ltr'><strong>legere</strong></span> <span class='ocrx_word' id='word_1_192' title='bbox 1263 1676 1491 1740; x_wconf 85' lang='lat' dir='ltr'><strong>figmenta</strong></span> <span class='ocrx_word' id='word_1_193' title='bbox 1513 1685 1784 1741; x_wconf 88' lang='lat' dir='ltr'><strong>poetarum,</strong></span> <span class='ocrx_word' id='word_1_194' title='bbox 1818 1677 1934 1741; x_wconf 91' lang='lat' dir='ltr'><strong>quia</strong></span> <span class='ocrx_word' id='word_1_195' title='bbox 1957 1694 2044 1742; x_wconf 91' lang='lat' dir='ltr'><strong>per</strong></span> <span class='ocrx_word' id='word_1_196' title='bbox 2067 1677 2418 1727; x_wconf 88' lang='lat' dir='ltr'><strong>oblectamenta</strong></span> 
     </span>
     <span class='ocr_line' id='line_1_20' title="bbox 270 1755 2418 1808; baseline -0 0"><span class='ocrx_word' id='word_1_197' title='bbox 270 1761 491 1808; x_wconf 87' lang='lat' dir='ltr'><strong>inanium</strong></span> <span class='ocrx_word' id='word_1_198' title='bbox 526 1758 799 1807; x_wconf 82' lang='lat' dir='ltr'><strong>fabularum</strong></span> <span class='ocrx_word' id='word_1_199' title='bbox 822 1767 1037 1806; x_wconf 89' lang='lat' dir='ltr'><strong>mentem</strong></span> <span class='ocrx_word' id='word_1_200' title='bbox 1059 1757 1232 1804; x_wconf 86' lang='lat' dir='ltr'><strong>excitat</strong></span> <span class='ocrx_word' id='word_1_201' title='bbox 1255 1755 1316 1803; x_wconf 91' lang='lat' dir='ltr'><strong>ad</strong></span> <span class='ocrx_word' id='word_1_202' title='bbox 1340 1756 1651 1803; x_wconf 87' lang='lat' dir='ltr'><strong>incitamenta</strong></span> <span class='ocrx_word' id='word_1_203' title='bbox 1672 1755 1947 1804; x_wconf 87' lang='lat' dir='ltr'><strong>libidinum.</strong></span> <span class='ocrx_word' id='word_1_204' title='bbox 1978 1760 2082 1805; x_wconf 90' lang='lat' dir='ltr'><strong>Non</strong></span> <span class='ocrx_word' id='word_1_205' title='bbox 2106 1759 2236 1806; x_wconf 90' lang='lat' dir='ltr'><strong>enim</strong></span> <span class='ocrx_word' id='word_1_206' title='bbox 2260 1759 2418 1807; x_wconf 91' lang='lat' dir='ltr'><strong>solum</strong></span> 
     </span>
     <span class='ocr_line' id='line_1_21' title="bbox 270 1836 2421 1896; baseline -0 -7"><span class='ocrx_word' id='word_1_207' title='bbox 270 1841 415 1889; x_wconf 85' lang='lat' dir='ltr'><strong>thura</strong></span> <span class='ocrx_word' id='word_1_208' title='bbox 447 1839 700 1888; x_wconf 77' lang='lat' dir='ltr'><strong>offerendo</strong></span> <span class='ocrx_word' id='word_1_209' title='bbox 731 1838 1034 1887; x_wconf 90' lang='lat' dir='ltr'><strong>daemonibus</strong></span> <span class='ocrx_word' id='word_1_210' title='bbox 1070 1837 1375 1896; x_wconf 83' lang='lat' dir='ltr'><strong>immolatur3</strong></span> <span class='ocrx_word' id='word_1_211' title='bbox 1417 1836 1503 1884; x_wconf 92' lang='lat' dir='ltr'><strong>sed</strong></span> <span class='ocrx_word' id='word_1_212' title='bbox 1539 1837 1684 1884; x_wconf 91' lang='lat' dir='ltr'><strong>etiam</strong></span> <span class='ocrx_word' id='word_1_213' title='bbox 1720 1853 1890 1885; x_wconf 91' lang='lat' dir='ltr'><strong>eorum</strong></span> <span class='ocrx_word' id='word_1_214' title='bbox 1923 1838 2049 1887; x_wconf 92' lang='lat' dir='ltr'><strong>dicta</strong></span> <span class='ocrx_word' id='word_1_215' title='bbox 2085 1839 2311 1888; x_wconf 90' lang='lat' dir='ltr'><strong>libentius</strong></span> <span class='ocrx_word' id='word_1_216' title='bbox 2346 1857 2421 1889; x_wconf 89' lang='lat' dir='ltr'><strong>ca·</strong></span> 
     </span>
     <span class='ocr_line' id='line_1_22' title="bbox 271 1917 2420 1989; baseline 0 -20"><span class='ocrx_word' id='word_1_217' title='bbox 271 1921 470 1989; x_wconf 88' lang='lat' dir='ltr'><strong>piendo.</strong></span> <span class='ocrx_word' id='word_1_218' title='bbox 496 1940 519 1966; x_wconf 85' lang='lat'><strong><em>»</em></strong></span> <span class='ocrx_word' id='word_1_219' title='bbox 546 1924 692 1969; x_wconf 90' lang='lat' dir='ltr'><strong>Item:</strong></span> <span class='ocrx_word' id='word_1_220' title='bbox 721 1919 974 1968; x_wconf 89' lang='lat' dir='ltr'><strong>«Cavendi</strong></span> <span class='ocrx_word' id='word_1_221' title='bbox 1003 1928 1117 1967; x_wconf 90' lang='lat' dir='ltr'><strong>sunt</strong></span> <span class='ocrx_word' id='word_1_222' title='bbox 1150 1917 1261 1966; x_wconf 88' lang='lat' dir='ltr'><strong>libri</strong></span> <span class='ocrx_word' id='word_1_223' title='bbox 1286 1918 1552 1983; x_wconf 86' lang='lat' dir='ltr'><strong>gentilium,</strong></span> <span class='ocrx_word' id='word_1_224' title='bbox 1592 1927 1640 1965; x_wconf 87' lang='lat' dir='ltr'><strong>et</strong></span> <span class='ocrx_word' id='word_1_225' title='bbox 1671 1928 1870 1984; x_wconf 91' lang='lat' dir='ltr'><strong>propter</strong></span> <span class='ocrx_word' id='word_1_226' title='bbox 1897 1936 2114 1967; x_wconf 89' lang='lat' dir='ltr'><strong>amorem</strong></span> <span class='ocrx_word' id='word_1_227' title='bbox 2146 1931 2420 1969; x_wconf 90' lang='lat' dir='ltr'><strong>sanctarum</strong></span> 
     </span>
     <span class='ocr_line' id='line_1_23' title="bbox 271 1998 2421 2068; baseline 0 -18"><span class='ocrx_word' id='word_1_228' title='bbox 271 2002 620 2068; x_wconf 88' lang='lat' dir='ltr'><strong>scripturarum</strong></span> <span class='ocrx_word' id='word_1_229' title='bbox 670 2000 873 2049; x_wconf 82' lang='lat' dir='ltr'><strong>vitandi.</strong></span> <span class='ocrx_word' id='word_1_230' title='bbox 927 1998 1313 2065; x_wconf 90' lang='lat' dir='ltr'><strong>Simplicioribus</strong></span> <span class='ocrx_word' id='word_1_231' title='bbox 1350 1998 1518 2045; x_wconf 89' lang='lat' dir='ltr'><strong>litteris</strong></span> <span class='ocrx_word' id='word_1_232' title='bbox 1568 2014 1671 2045; x_wconf 92' lang='lat' dir='ltr'><strong>non</strong></span> <span class='ocrx_word' id='word_1_233' title='bbox 1725 2008 1795 2045; x_wconf 87' lang='lat' dir='ltr'><strong>est</strong></span> <span class='ocrx_word' id='word_1_234' title='bbox 1840 2000 2196 2064; x_wconf 85' lang='lat' dir='ltr'><strong>praeponendus</strong></span> <span class='ocrx_word' id='word_1_235' title='bbox 2249 2018 2421 2050; x_wconf 87' lang='lat' dir='ltr'><strong>succus</strong></span> 
     </span>
     <span class='ocr_line' id='line_1_24' title="bbox 272 2079 2419 2147; baseline -0 -16"><span class='ocrx_word' id='word_1_236' title='bbox 272 2084 592 2147; x_wconf 78' lang='lat' dir='ltr'><strong>grammaticae</strong></span> <span class='ocrx_word' id='word_1_237' title='bbox 626 2082 763 2141; x_wconf 81' lang='lat' dir='ltr'><strong>artis3</strong></span> <span class='ocrx_word' id='word_1_238' title='bbox 802 2081 1026 2129; x_wconf 89' lang='lat' dir='ltr'><strong>meliores</strong></span> <span class='ocrx_word' id='word_1_239' title='bbox 1056 2080 1187 2127; x_wconf 92' lang='lat' dir='ltr'><strong>enim</strong></span> <span class='ocrx_word' id='word_1_240' title='bbox 1224 2088 1336 2126; x_wconf 90' lang='lat' dir='ltr'><strong>sunt</strong></span> <span class='ocrx_word' id='word_1_241' title='bbox 1374 2079 1674 2142; x_wconf 88' lang='lat' dir='ltr'><strong>grammatici</strong></span> <span class='ocrx_word' id='word_1_242' title='bbox 1709 2095 1856 2143; x_wconf 90' lang='lat' dir='ltr'><strong>quam</strong></span> <span class='ocrx_word' id='word_1_243' title='bbox 1892 2079 2116 2127; x_wconf 88' lang='lat' dir='ltr'><strong>haeretici.</strong></span> <span class='ocrx_word' id='word_1_244' title='bbox 2156 2083 2419 2130; x_wconf 90' lang='lat' dir='ltr'><strong>Gramma-</strong></span> 
     </span>
     <span class='ocr_line' id='line_1_25' title="bbox 273 2158 2419 2228; baseline -0.001 -16"><span class='ocrx_word' id='word_1_245' title='bbox 273 2165 481 2212; x_wconf 91' lang='lat' dir='ltr'><strong>ticorum</strong></span> <span class='ocrx_word' id='word_1_246' title='bbox 517 2163 738 2211; x_wconf 90' lang='lat' dir='ltr'><strong>doctrina</strong></span> <span class='ocrx_word' id='word_1_247' title='bbox 771 2171 928 2228; x_wconf 91' lang='lat' dir='ltr'><strong>potest</strong></span> <span class='ocrx_word' id='word_1_248' title='bbox 950 2162 1094 2208; x_wconf 86' lang='lat' dir='ltr'><strong>etiam</strong></span> <span class='ocrx_word' id='word_1_249' title='bbox 1126 2159 1362 2225; x_wconf 81' lang='lat' dir='ltr'><strong>proficere</strong></span> <span class='ocrx_word' id='word_1_250' title='bbox 1392 2159 1456 2206; x_wconf 91' lang='lat' dir='ltr'><strong>ad</strong></span> <span class='ocrx_word' id='word_1_251' title='bbox 1487 2159 1654 2220; x_wconf 86' lang='lat' dir='ltr'><strong>vitam,</strong></span> <span class='ocrx_word' id='word_1_252' title='bbox 1681 2158 1798 2206; x_wconf 90' lang='lat' dir='ltr'><strong>dum</strong></span> <span class='ocrx_word' id='word_1_253' title='bbox 1827 2160 2037 2207; x_wconf 84' lang='lat' dir='ltr'><strong>fueritin</strong></span> <span class='ocrx_word' id='word_1_254' title='bbox 2062 2161 2283 2209; x_wconf 88' lang='lat' dir='ltr'><strong>meliores</strong></span> <span class='ocrx_word' id='word_1_255' title='bbox 2305 2179 2419 2210; x_wconf 90' lang='lat' dir='ltr'><strong>usus</strong></span> 
     </span>
     <span class='ocr_line' id='line_1_26' title="bbox 274 2239 2415 2305; baseline -0.001 -13"><span class='ocrx_word' id='word_1_256' title='bbox 274 2254 502 2292; x_wconf 88' lang='lat' dir='ltr'><strong>assumta.</strong></span> <span class='ocrx_word' id='word_1_257' title='bbox 528 2264 552 2287; x_wconf 86' lang='lat'>»</span> <span class='ocrx_word' id='word_1_258' title='bbox 590 2246 659 2290; x_wconf 87' lang='lat' dir='ltr'><strong>Ex</strong></span> <span class='ocrx_word' id='word_1_259' title='bbox 697 2241 906 2289; x_wconf 91' lang='lat' dir='ltr'><strong>concilio</strong></span> <span class='ocrx_word' id='word_1_260' title='bbox 931 2244 992 2288; x_wconf 90' lang='lat' dir='ltr'><strong>IV</strong></span> <span class='ocrx_word' id='word_1_261' title='bbox 1017 2240 1346 2304; x_wconf 87' lang='lat' dir='ltr'><strong>Cartaginensi</strong></span> <span class='ocrx_word' id='word_1_262' title='bbox 1377 2255 1484 2304; x_wconf 84' lang='lat' dir='ltr'><strong>cap.</strong></span> <span class='ocrx_word' id='word_1_263' title='bbox 1514 2256 1562 2285; x_wconf 84' lang='lat' dir='ltr'><strong>lx</strong></span> <span class='ocrx_word' id='word_1_264' title='bbox 1591 2256 1602 2285; x_wconf 73' lang='grc' dir='ltr'><strong><em>ε</em></strong></span> <span class='ocrx_word' id='word_1_265' title='bbox 1635 2239 1943 2305; x_wconf 87' lang='lat' dir='ltr'><strong>«Episcopus</strong></span> <span class='ocrx_word' id='word_1_266' title='bbox 1977 2241 2223 2305; x_wconf 86' lang='lat' dir='ltr'><strong>gentilium</strong></span> <span class='ocrx_word' id='word_1_267' title='bbox 2266 2242 2415 2291; x_wconf 87' lang='lat' dir='ltr'><strong>libros</strong></span> 
     </span>
     <span class='ocr_line' id='line_1_27' title="bbox 274 2320 2418 2389; baseline -0.001 -16"><span class='ocrx_word' id='word_1_268' title='bbox 274 2342 374 2373; x_wconf 90' lang='lat' dir='ltr'><strong>non</strong></span> <span class='ocrx_word' id='word_1_269' title='bbox 403 2325 546 2389; x_wconf 88' lang='lat' dir='ltr'><strong>legat,</strong></span> <span class='ocrx_word' id='word_1_270' title='bbox 584 2323 922 2371; x_wconf 66' lang='lat' dir='ltr'><strong>haereticorum</strong></span> <span class='ocrx_word' id='word_1_271' title='bbox 955 2330 1117 2370; x_wconf 88' lang='lat' dir='ltr'><strong>autem</strong></span> <span class='ocrx_word' id='word_1_272' title='bbox 1152 2337 1242 2386; x_wconf 90' lang='lat' dir='ltr'><strong>pro</strong></span> <span class='ocrx_word' id='word_1_273' title='bbox 1279 2320 1558 2367; x_wconf 85' lang='lat' dir='ltr'><strong>necessitate</strong></span> <span class='ocrx_word' id='word_1_274' title='bbox 1590 2329 1639 2367; x_wconf 91' lang='lat' dir='ltr'><strong>et</strong></span> <span class='ocrx_word' id='word_1_275' title='bbox 1675 2330 1907 2386; x_wconf 90' lang='lat' dir='ltr'><strong>tempore.</strong></span> <span class='ocrx_word' id='word_1_276' title='bbox 1934 2322 2247 2384; x_wconf 84' lang='lat' dir='ltr'><strong>»Gregorius</strong></span> <span class='ocrx_word' id='word_1_277' title='bbox 2284 2323 2418 2370; x_wconf 90' lang='lat' dir='ltr'><strong>Desi-</strong></span> 
     </span>
     <span class='ocr_line' id='line_1_28' title="bbox 277 2400 2420 2471; baseline -0.002 -17"><span class='ocrx_word' id='word_1_278' title='bbox 277 2406 414 2455; x_wconf 87' lang='lat' dir='ltr'><strong>derio</strong></span> <span class='ocrx_word' id='word_1_279' title='bbox 445 2405 737 2471; x_wconf 78' lang='lat' dir='ltr'><strong>episcopo⁴t</strong></span> <span class='ocrx_word' id='word_1_280' title='bbox 770 2423 793 2447; x_wconf 76' lang='grc' dir='ltr'><strong>ιι</strong></span> <span class='ocrx_word' id='word_1_281' title='bbox 815 2401 1037 2450; x_wconf 88' lang='lat' dir='ltr'><strong>Pervenit</strong></span> <span class='ocrx_word' id='word_1_282' title='bbox 1065 2401 1128 2449; x_wconf 92' lang='lat' dir='ltr'><strong>ad</strong></span> <span class='ocrx_word' id='word_1_283' title='bbox 1154 2417 1244 2448; x_wconf 91' lang='lat' dir='ltr'><strong>nos</strong></span> <span class='ocrx_word' id='word_1_284' title='bbox 1275 2400 1620 2447; x_wconf 85' lang='lat' dir='ltr'><strong>fraternitatem</strong></span> <span class='ocrx_word' id='word_1_285' title='bbox 1652 2409 1785 2448; x_wconf 87' lang='lat' dir='ltr'><strong>tuam</strong></span> <span class='ocrx_word' id='word_1_286' title='bbox 1818 2402 2180 2465; x_wconf 87' lang='lat' dir='ltr'><strong>grammaticam</strong></span> <span class='ocrx_word' id='word_1_287' title='bbox 2213 2401 2420 2467; x_wconf 85' lang='lat' dir='ltr'><strong>quibus-</strong></span> 
     </span>
     <span class='ocr_line' id='line_1_29' title="bbox 274 2480 2422 2553; baseline -0.002 -18"><span class='ocrx_word' id='word_1_288' title='bbox 274 2488 388 2535; x_wconf 88' lang='lat' dir='ltr'><strong>dam</strong></span> <span class='ocrx_word' id='word_1_289' title='bbox 409 2501 681 2553; x_wconf 79' lang='lat' dir='ltr'><strong>exponere3</strong></span> <span class='ocrx_word' id='word_1_290' title='bbox 708 2500 856 2550; x_wconf 86' lang='lat' dir='ltr'><strong>quam</strong></span> <span class='ocrx_word' id='word_1_291' title='bbox 882 2499 985 2530; x_wconf 89' lang='lat' dir='ltr'><strong>rem</strong></span> <span class='ocrx_word' id='word_1_292' title='bbox 1008 2483 1073 2530; x_wconf 90' lang='lat' dir='ltr'><strong>ita</strong></span> <span class='ocrx_word' id='word_1_293' title='bbox 1098 2480 1298 2529; x_wconf 90' lang='lat' dir='ltr'><strong>moleste</strong></span> <span class='ocrx_word' id='word_1_294' title='bbox 1320 2481 1636 2546; x_wconf 74' lang='lat' dir='ltr'><strong>suscepimuS,</strong></span> <span class='ocrx_word' id='word_1_295' title='bbox 1662 2496 1719 2528; x_wconf 89' lang='lat' dir='ltr'><strong>ac</strong></span> <span class='ocrx_word' id='word_1_296' title='bbox 1746 2497 1912 2528; x_wconf 91' lang='lat' dir='ltr'><strong>sumus</strong></span> <span class='ocrx_word' id='word_1_297' title='bbox 1937 2481 2246 2530; x_wconf 87' lang='lat' dir='ltr'><strong>vehementer</strong></span> <span class='ocrx_word' id='word_1_298' title='bbox 2267 2499 2422 2549; x_wconf 90' lang='lat' dir='ltr'><strong>asper·</strong></span> 
     </span>
     <span class='ocr_line' id='line_1_30' title="bbox 275 2561 2422 2631; baseline -0.002 -16"><span class='ocrx_word' id='word_1_299' title='bbox 275 2567 393 2626; x_wconf 91' lang='lat' dir='ltr'><strong>nati,</strong></span> <span class='ocrx_word' id='word_1_300' title='bbox 425 2576 478 2614; x_wconf 92' lang='lat' dir='ltr'><strong>ut</strong></span> <span class='ocrx_word' id='word_1_301' title='bbox 510 2582 566 2613; x_wconf 91' lang='lat' dir='ltr'><strong>ea</strong></span> <span class='ocrx_word' id='word_1_302' title='bbox 587 2582 694 2631; x_wconf 84' lang='lat' dir='ltr'><strong>quae</strong></span> <span class='ocrx_word' id='word_1_303' title='bbox 724 2564 856 2630; x_wconf 91' lang='lat' dir='ltr'><strong>prius</strong></span> <span class='ocrx_word' id='word_1_304' title='bbox 878 2563 1006 2611; x_wconf 89' lang='lat' dir='ltr'><strong>dicta</strong></span> <span class='ocrx_word' id='word_1_305' title='bbox 1037 2563 1228 2610; x_wconf 87' lang='lat' dir='ltr'><strong>fuerant</strong></span> <span class='ocrx_word' id='word_1_306' title='bbox 1257 2561 1307 2608; x_wconf 91' lang='lat' dir='ltr'><strong>in</strong></span> <span class='ocrx_word' id='word_1_307' title='bbox 1339 2561 1570 2625; x_wconf 90' lang='lat' dir='ltr'><strong>gemitum</strong></span> <span class='ocrx_word' id='word_1_308' title='bbox 1607 2570 1653 2607; x_wconf 94' lang='lat' dir='ltr'><strong>et</strong></span> <span class='ocrx_word' id='word_1_309' title='bbox 1684 2561 1921 2608; x_wconf 91' lang='lat' dir='ltr'><strong>tristitiam</strong></span> <span class='ocrx_word' id='word_1_310' title='bbox 1955 2572 2280 2610; x_wconf 90' lang='lat' dir='ltr'><strong>verteremus:</strong></span> <span class='ocrx_word' id='word_1_311' title='bbox 2309 2564 2422 2627; x_wconf 90' lang='lat' dir='ltr'><strong>quia</strong></span> 
     </span>
     <span class='ocr_line' id='line_1_31' title="bbox 275 2640 2422 2707; baseline -0.002 -13"><span class='ocrx_word' id='word_1_312' title='bbox 275 2663 376 2694; x_wconf 89' lang='lat' dir='ltr'><strong>uno</strong></span> <span class='ocrx_word' id='word_1_313' title='bbox 413 2663 463 2694; x_wconf 91' lang='lat' dir='ltr'><strong>se</strong></span> <span class='ocrx_word' id='word_1_314' title='bbox 499 2663 584 2695; x_wconf 88' lang='lat' dir='ltr'><strong>ore</strong></span> <span class='ocrx_word' id='word_1_315' title='bbox 617 2663 729 2693; x_wconf 90' lang='lat' dir='ltr'><strong>cum</strong></span> <span class='ocrx_word' id='word_1_316' title='bbox 762 2645 893 2693; x_wconf 88' lang='lat' dir='ltr'><strong>Jovis</strong></span> <span class='ocrx_word' id='word_1_317' title='bbox 924 2643 1149 2692; x_wconf 90' lang='lat' dir='ltr'><strong>laudibus</strong></span> <span class='ocrx_word' id='word_1_318' title='bbox 1183 2641 1360 2689; x_wconf 89' lang='lat' dir='ltr'><strong>Christi</strong></span> <span class='ocrx_word' id='word_1_319' title='bbox 1401 2640 1569 2688; x_wconf 89' lang='lat' dir='ltr'><strong>laudes</strong></span> <span class='ocrx_word' id='word_1_320' title='bbox 1606 2657 1706 2687; x_wconf 91' lang='lat' dir='ltr'><strong>non</strong></span> <span class='ocrx_word' id='word_1_321' title='bbox 1747 2643 1944 2706; x_wconf 87' lang='lat' dir='ltr'><strong>capiunt</strong></span> <span class='ocrx_word' id='word_1_322' title='bbox 1974 2658 1985 2687; x_wconf 73' lang='grc' dir='ltr'>ε</span> <span class='ocrx_word' id='word_1_323' title='bbox 2025 2651 2072 2688; x_wconf 92' lang='lat' dir='ltr'><strong>et</strong></span> <span class='ocrx_word' id='word_1_324' title='bbox 2106 2658 2252 2707; x_wconf 89' lang='lat' dir='ltr'><strong>quam</strong></span> <span class='ocrx_word' id='word_1_325' title='bbox 2281 2659 2422 2706; x_wconf 87' lang='lat' dir='ltr'><strong>grave</strong></span> 
     </span>
     <span class='ocr_line' id='line_1_32' title="bbox 277 2719 2420 2792; baseline -0.002 -17"><span class='ocrx_word' id='word_1_326' title='bbox 277 2727 635 2792; x_wconf 86' lang='lat' dir='ltr'><strong>nefandumque</strong></span> <span class='ocrx_word' id='word_1_327' title='bbox 672 2726 733 2773; x_wconf 91' lang='lat' dir='ltr'><strong>sit</strong></span> <span class='ocrx_word' id='word_1_328' title='bbox 765 2726 1048 2791; x_wconf 86' lang='lat' dir='ltr'><strong>episcopum</strong></span> <span class='ocrx_word' id='word_1_329' title='bbox 1085 2739 1257 2771; x_wconf 87' lang='lat' dir='ltr'><strong>canere</strong></span> <span class='ocrx_word' id='word_1_330' title='bbox 1295 2738 1401 2786; x_wconf 85' lang='lat' dir='ltr'><strong>quae</strong></span> <span class='ocrx_word' id='word_1_331' title='bbox 1436 2737 1526 2768; x_wconf 90' lang='lat' dir='ltr'><strong>nec</strong></span> <span class='ocrx_word' id='word_1_332' title='bbox 1551 2719 1678 2768; x_wconf 91' lang='lat' dir='ltr'><strong>laico</strong></span> <span class='ocrx_word' id='word_1_333' title='bbox 1717 2720 1940 2784; x_wconf 90' lang='lat' dir='ltr'><strong>religioso</strong></span> <span class='ocrx_word' id='word_1_334' title='bbox 1972 2723 2280 2780; x_wconf 89' lang='lat' dir='ltr'><strong>conveniant,</strong></span> <span class='ocrx_word' id='word_1_335' title='bbox 2320 2723 2420 2788; x_wconf 90' lang='lat' dir='ltr'><strong>ipse</strong></span> 
     </span>
     <span class='ocr_line' id='line_1_33' title="bbox 278 2800 2422 2869; baseline -0.002 -15"><span class='ocrx_word' id='word_1_336' title='bbox 278 2807 551 2854; x_wconf 89' lang='lat' dir='ltr'><strong>considera.</strong></span> <span class='ocrx_word' id='word_1_337' title='bbox 575 2827 599 2850; x_wconf 87' lang='lat'>»</span> <span class='ocrx_word' id='word_1_338' title='bbox 627 2805 768 2853; x_wconf 88' lang='lat' dir='ltr'><strong>Unde</strong></span> <span class='ocrx_word' id='word_1_339' title='bbox 800 2815 847 2852; x_wconf 91' lang='lat' dir='ltr'><strong>et</strong></span> <span class='ocrx_word' id='word_1_340' title='bbox 884 2805 1016 2851; x_wconf 89' lang='lat' dir='ltr'><strong>Plato</strong></span> <span class='ocrx_word' id='word_1_341' title='bbox 1049 2804 1147 2869; x_wconf 91' lang='lat' dir='ltr'><strong>ipse</strong></span> <span class='ocrx_word' id='word_1_342' title='bbox 1178 2818 1289 2848; x_wconf 92' lang='lat' dir='ltr'><strong>cum</strong></span> <span class='ocrx_word' id='word_1_343' title='bbox 1323 2800 1526 2847; x_wconf 89' lang='lat' dir='ltr'><strong>civitatis</strong></span> <span class='ocrx_word' id='word_1_344' title='bbox 1559 2809 1687 2846; x_wconf 87' lang='lat' dir='ltr'><strong>recte</strong></span> <span class='ocrx_word' id='word_1_345' title='bbox 1725 2800 2007 2847; x_wconf 87' lang='lat' dir='ltr'><strong>ordinandae</strong></span> <span class='ocrx_word' id='word_1_346' title='bbox 2045 2801 2253 2849; x_wconf 87' lang='lat' dir='ltr'><strong>traderet</strong></span> <span class='ocrx_word' id='word_1_347' title='bbox 2290 2803 2422 2850; x_wconf 89' lang='lat' dir='ltr'><strong>insti-</strong></span> 
     </span>
     <span class='ocr_line' id='line_1_34' title="bbox 280 2878 2423 2951; baseline -0.002 -18"><span class='ocrx_word' id='word_1_348' title='bbox 280 2888 536 2945; x_wconf 90' lang='lat' dir='ltr'><strong>tutionem,</strong></span> <span class='ocrx_word' id='word_1_349' title='bbox 572 2894 742 2951; x_wconf 87' lang='lat' dir='ltr'><strong>poetas</strong></span> <span class='ocrx_word' id='word_1_350' title='bbox 777 2900 807 2932; x_wconf 89' lang='lat' dir='ltr'><strong>a</strong></span> <span class='ocrx_word' id='word_1_351' title='bbox 845 2882 1116 2931; x_wconf 90' lang='lat' dir='ltr'><strong>civitatibus</strong></span> <span class='ocrx_word' id='word_1_352' title='bbox 1149 2879 1410 2945; x_wconf 86' lang='lat' dir='ltr'><strong>ejiciendos</strong></span> <span class='ocrx_word' id='word_1_353' title='bbox 1443 2895 1545 2926; x_wconf 88' lang='lat' dir='ltr'><strong>esse</strong></span> <span class='ocrx_word' id='word_1_354' title='bbox 1574 2878 1801 2936; x_wconf 85' lang='lat' dir='ltr'><strong>decrevit,</strong></span> <span class='ocrx_word' id='word_1_355' title='bbox 1831 2879 1954 2927; x_wconf 90' lang='lat' dir='ltr'><strong>sicut</strong></span> <span class='ocrx_word' id='word_1_356' title='bbox 1985 2880 2034 2927; x_wconf 90' lang='lat' dir='ltr'><strong>in</strong></span> <span class='ocrx_word' id='word_1_357' title='bbox 2068 2883 2107 2928; x_wconf 83' lang='lat'><strong>11</strong></span> <span class='ocrx_word' id='word_1_358' title='bbox 2143 2880 2202 2928; x_wconf 85' lang='lat' dir='ltr'><strong>de</strong></span> <span class='ocrx_word' id='word_1_359' title='bbox 2225 2883 2423 2930; x_wconf 66' lang='lat' dir='ltr'><strong>Ciuitate</strong></span> 
     </span>
     <span class='ocr_line' id='line_1_35' title="bbox 278 2960 2426 3029; baseline -0.003 -14"><span class='ocrx_word' id='word_1_360' title='bbox 278 2969 377 3014; x_wconf 72' lang='lat' dir='ltr'><strong>Dec·</strong></span> <span class='ocrx_word' id='word_1_361' title='bbox 405 2966 573 3014; x_wconf 90' lang='lat' dir='ltr'><strong>beatus</strong></span> <span class='ocrx_word' id='word_1_362' title='bbox 603 2965 892 3029; x_wconf 89' lang='lat' dir='ltr'><strong>Augustinus</strong></span> <span class='ocrx_word' id='word_1_363' title='bbox 927 2963 1004 3010; x_wconf 90' lang='lat' dir='ltr'><strong>his</strong></span> <span class='ocrx_word' id='word_1_364' title='bbox 1037 2961 1196 3009; x_wconf 87' lang='lat' dir='ltr'><strong>verbis</strong></span> <span class='ocrx_word' id='word_1_365' title='bbox 1229 2960 1607 3008; x_wconf 83' lang='lat' dir='ltr'><strong>commemorat⁸</strong></span> <span class='ocrx_word' id='word_1_366' title='bbox 1644 2977 1655 3006; x_wconf 74' lang='grc' dir='ltr'>ε</span> <span class='ocrx_word' id='word_1_367' title='bbox 1686 2962 1797 3006; x_wconf 80' lang='lat' dir='ltr'><strong>«An</strong></span> <span class='ocrx_word' id='word_1_368' title='bbox 1836 2960 1975 3021; x_wconf 88' lang='lat' dir='ltr'><strong>sorte,</strong></span> <span class='ocrx_word' id='word_1_369' title='bbox 2012 2962 2197 3026; x_wconf 86' lang='lat' dir='ltr'><strong>inquit,</strong></span> <span class='ocrx_word' id='word_1_370' title='bbox 2239 2962 2426 3011; x_wconf 91' lang='lat' dir='ltr'><strong>Platoni</strong></span> 
     </span>
     <span class='ocr_line' id='line_1_36' title="bbox 280 3039 2424 3114; baseline -0.002 -19"><span class='ocrx_word' id='word_1_371' title='bbox 280 3048 441 3114; x_wconf 90' lang='lat' dir='ltr'><strong>potius</strong></span> <span class='ocrx_word' id='word_1_372' title='bbox 474 3047 635 3113; x_wconf 91' lang='lat' dir='ltr'><strong>palma</strong></span> <span class='ocrx_word' id='word_1_373' title='bbox 663 3044 824 3094; x_wconf 89' lang='lat' dir='ltr'><strong>danda</strong></span> <span class='ocrx_word' id='word_1_374' title='bbox 857 3052 945 3104; x_wconf 87' lang='lat' dir='ltr'><strong>est,</strong></span> <span class='ocrx_word' id='word_1_375' title='bbox 984 3043 1203 3108; x_wconf 90' lang='lat' dir='ltr'><strong>quicum</strong></span> <span class='ocrx_word' id='word_1_376' title='bbox 1239 3041 1423 3089; x_wconf 90' lang='lat' dir='ltr'><strong>ratione</strong></span> <span class='ocrx_word' id='word_1_377' title='bbox 1459 3039 1688 3087; x_wconf 84' lang='lat' dir='ltr'><strong>formaret</strong></span> <span class='ocrx_word' id='word_1_378' title='bbox 1719 3040 1875 3104; x_wconf 85' lang='lat' dir='ltr'><strong>qualis</strong></span> <span class='ocrx_word' id='word_1_379' title='bbox 1910 3057 2011 3089; x_wconf 87' lang='lat' dir='ltr'><strong>esse</strong></span> <span class='ocrx_word' id='word_1_380' title='bbox 2038 3043 2203 3090; x_wconf 86' lang='lat' dir='ltr'><strong>civitas</strong></span> <span class='ocrx_word' id='word_1_381' title='bbox 2231 3042 2424 3102; x_wconf 86' lang='lat' dir='ltr'><strong>debeat,</strong></span> 
     </span>
    </p>
   </div>
   <div class='ocr_carea' id='block_1_3' title="bbox 282 3247 2429 3352">
    <p class='ocr_par' dir='ltr' id='par_1_3' title="bbox 282 3247 2429 3352">
     <span class='ocr_line' id='line_1_37' title="bbox 328 3247 2429 3299; baseline -0.003 -9"><span class='ocrx_word' id='word_1_382' title='bbox 328 3256 431 3299; x_wconf 80' lang='lat' dir='ltr'><strong>&#39;Opp.</strong></span> <span class='ocrx_word' id='word_1_383' title='bbox 450 3261 475 3290; x_wconf 89' lang='lat' dir='ltr'><strong>t.</strong></span> <span class='ocrx_word' id='word_1_384' title='bbox 490 3255 551 3298; x_wconf 88' lang='lat' dir='ltr'><strong>1v,</strong></span> <span class='ocrx_word' id='word_1_385' title='bbox 571 3265 605 3297; x_wconf 85' lang='lat' dir='ltr'><strong>p.</strong></span> <span class='ocrx_word' id='word_1_386' title='bbox 625 3257 659 3295; x_wconf 84' lang='lat' dir='ltr'><strong>t,</strong></span> <span class='ocrx_word' id='word_1_387' title='bbox 678 3255 741 3287; x_wconf 85' lang='lat' dir='ltr'><strong>col.</strong></span> <span class='ocrx_word' id='word_1_388' title='bbox 761 3255 822 3291; x_wconf 70' lang='grc' dir='ltr'><strong>[Ως</strong></span> <span class='ocrx_word' id='word_1_389' title='bbox 842 3251 995 3286; x_wconf 79' lang='lat' dir='ltr'><strong>Corinth.</strong></span> <span class='ocrx_word' id='word_1_390' title='bbox 1013 3250 1056 3290; x_wconf 82' lang='lat'><strong>11.</strong></span> <span class='ocrx_word' id='word_1_391' title='bbox 1076 3260 1150 3293; x_wconf 84' lang='lat' dir='ltr'><strong>cap.</strong></span> <span class='ocrx_word' id='word_1_392' title='bbox 1168 3259 1255 3291; x_wconf 78' lang='lat' dir='ltr'><strong>v1,v.</strong></span> <span class='ocrx_word' id='word_1_393' title='bbox 1270 3251 1364 3283; x_wconf 78' lang='lat'><strong>14.—</strong></span> <span class='ocrx_word' id='word_1_394' title='bbox 1379 3249 1390 3268; x_wconf 84' lang='lat'>²</span> <span class='ocrx_word' id='word_1_395' title='bbox 1403 3247 1538 3291; x_wconf 61' lang='lat' dir='ltr'><strong>Manli„</strong></span> <span class='ocrx_word' id='word_1_396' title='bbox 1557 3257 1630 3290; x_wconf 84' lang='lat' dir='ltr'><strong>cap.</strong></span> <span class='ocrx_word' id='word_1_397' title='bbox 1648 3257 1691 3290; x_wconf 76' lang='lat' dir='ltr'><strong>vi,</strong></span> <span class='ocrx_word' id='word_1_398' title='bbox 1710 3257 1740 3282; x_wconf 78' lang='lat' dir='ltr'><strong>v.</strong></span> <span class='ocrx_word' id='word_1_399' title='bbox 1758 3250 1853 3283; x_wconf 85' lang='lat'>21.-</span> <span class='ocrx_word' id='word_1_400' title='bbox 1871 3250 1883 3271; x_wconf 81' lang='lat'>⁸</span> <span class='ocrx_word' id='word_1_401' title='bbox 1897 3249 1981 3292; x_wconf 80' lang='lat' dir='ltr'><strong>Opp.</strong></span> <span class='ocrx_word' id='word_1_402' title='bbox 1996 3255 2020 3282; x_wconf 90' lang='lat' dir='ltr'><strong>t.</strong></span> <span class='ocrx_word' id='word_1_403' title='bbox 2042 3249 2098 3292; x_wconf 80' lang='lat' dir='ltr'><strong>vl,</strong></span> <span class='ocrx_word' id='word_1_404' title='bbox 2119 3259 2151 3292; x_wconf 85' lang='lat' dir='ltr'><strong>p.</strong></span> <span class='ocrx_word' id='word_1_405' title='bbox 2164 3252 2279 3285; x_wconf 81' lang='lat'>29⁵.—</span> <span class='ocrx_word' id='word_1_406' title='bbox 2295 3250 2429 3292; x_wconf 80' lang='lat' dir='ltr'><strong>⁴Epist.‚</strong></span> 
     </span>
     <span class='ocr_line' id='line_1_38' title="bbox 282 3307 967 3352; baseline -0.004 -8"><span class='ocrx_word' id='word_1_407' title='bbox 282 3312 340 3344; x_wconf 74' lang='lat' dir='ltr'><strong>nb.</strong></span> <span class='ocrx_word' id='word_1_408' title='bbox 356 3309 415 3352; x_wconf 83' lang='lat' dir='ltr'><strong>XI,</strong></span> <span class='ocrx_word' id='word_1_409' title='bbox 431 3320 485 3352; x_wconf 84' lang='lat' dir='ltr'><strong>ep.</strong></span> <span class='ocrx_word' id='word_1_410' title='bbox 502 3311 555 3346; x_wconf 83' lang='lat'><strong>54.</strong></span> <span class='ocrx_word' id='word_1_411' title='bbox 574 3327 616 3335; x_wconf 98' lang='lat'><strong>—</strong></span> <span class='ocrx_word' id='word_1_412' title='bbox 631 3311 643 3332; x_wconf 81' lang='lat'>⁶</span> <span class='ocrx_word' id='word_1_413' title='bbox 660 3309 733 3343; x_wconf 85' lang='lat' dir='ltr'><strong>Lib.</strong></span> <span class='ocrx_word' id='word_1_414' title='bbox 750 3307 793 3350; x_wconf 92' lang='lat'><strong>11,</strong></span> <span class='ocrx_word' id='word_1_415' title='bbox 808 3317 878 3350; x_wconf 82' lang='lat' dir='ltr'><strong>cap.</strong></span> <span class='ocrx_word' id='word_1_416' title='bbox 898 3316 967 3341; x_wconf 80' lang='lat' dir='ltr'><strong>xiv.</strong></span> 
     </span>
    </p>
   </div>
  </div>
 </body>
</html>
