2638 3866
739 203 1137 255 INTRODUCTlO
1172 205 1256 253 AD
1290 203 1699 252 THEOLOGlAM.
2239 204 2299 247 87

142 312 433 378 loquitur,›«
455 310 539 375 qui
561 317 634 357 est
656 308 783 356 misit
805 323 885 355 me
909 306 971 354 ad
994 321 1097 353 VOS.
1129 324 1152 350 »
1180 308 1238 353 Et
1269 305 1407 354 alibi¹
1440 323 1451 353 :
1482 324 1506 350 «
1537 307 1636 368 Ego
1659 322 1767 352 sum
1799 308 1930 352 Deus
1966 314 2015 351 et
2059 320 2158 350 non
2191 319 2300 349 mu-

142 404 235 452 tor,
265 413 288 437 »
315 393 445 458 ipsos
479 387 801 455 Philosophus
827 386 1048 445 consulat
1068 387 1152 452 qui
1186 388 1545 453 Scripturarum
1575 402 1820 435 sacrarum
1849 384 2154 433 documentis
2182 400 2300 431 con—

141 484 301 522 tentus
334 489 435 520 non
461 480 547 519 est.
573 469 712 518 Unde
735 467 1026 530 Macrobius,
1057 483 1170 516 cum
1187 468 1321 532 juxta
1352 467 1594 516 Plotinum
1617 476 1826 532 quatuor
1849 467 2047 514 virtutes
2066 468 2170 513 Deo
2195 466 2302 511 assi—

142 556 371 617 gnaret¹:
411 572 435 599 «
465 550 741 611 Fortitudo,
767 549 953 615 inquit,
989 548 1056 596 illi
1096 556 1205 611 est,·
1228 549 1374 614 ‚quod
1399 562 1591 614 semper
1619 547 1747 595 idem
1782 557 1878 609 est,
1918 563 2007 595 nec
2040 545 2301 610 aliquando

141 643 368 696 mutatur,
391 654 414 679 »
441 633 538 682 hoc
570 642 642 681 est
664 630 800 696 quod
823 645 969 696 supra
992 639 1286 678 memoratus
1317 629 1510 691 doctor,
1539 639 1588 677 et
1611 629 1849 677 maximus
1875 629 2155 676 Latinorum
2184 626 2301 692 pbi—

140 715 460 781 losophorum
481 713 708 762 Boethius
723 749 735 772 ,
761 713 809 760 in
834 711 918 760 lib.
943 714 1004 759 ΙΙΙ
1025 710 1088 759 de
1115 711 1454 759 Consolatione
1475 710 1789 775 Philosophiae
1816 710 1986 757 astruit
2007 709 2082 756 his
2107 706 2266 755 verbis
2288 727 2296 753 :

618 842 752 900 Oqui
774 851 982 908 perpetua
1004 838 1217 882 mundum
1239 839 1407 882 ratione
1430 838 1666 899 gubernas,

616 914 847 957 Terrarum
865 912 1043 973 coelique
1066 922 1197 966 sator,
1222 927 1305 971 que
1326 922 1496 971 tempus
1519 910 1573 952 ab
1596 925 1686 952 aevo

619 986 687 1029 Ire
704 985 853 1043 jubes,
876 983 1122 1044 stabilisque
1145 998 1347 1038 manens,
1373 982 1449 1026 das
1469 993 1622 1027 cuncta
1644 982 1822 1025 moveri.

137 1122 295 1167 Omne
328 1119 511 1185 quippe
545 1118 679 1184 quod
700 1119 940 1179 variatur,
965 1117 1065 1166 sive
1087 1132 1175 1183 per
1198 1116 1533 1164 alterationem
1552 1153 1564 1175 ‚
1600 1125 1646 1163 et
1670 1114 1938 1180 quamlibet
1968 1115 2035 1161 rei
2072 1117 2295 1163 mutatio-

136 1215 249 1248 nem
275 1209 462 1247 motum
485 1215 588 1248 esse
611 1209 816 1248 constat.
838 1202 999 1258 Quam
1019 1198 1218 1264 quidem
1246 1196 1786 1246 incommutabilitatem
1809 1197 1925 1258 Dei,
1953 1196 2294 1243 immortalita—

135 1291 231 1328 tem
252 1280 402 1346 ipsius
423 1280 741 1347 appellamus.
762 1280 904 1328 Unde
921 1280 1212 1345 Augustinus
1234 1278 1291 1325 de
1313 1282 1502 1327 Natura
1526 1280 1707 1325 summi
1725 1277 1881 1324 boni⁸z
1906 1279 2087 1339 «Vera,
2116 1277 2290 1342 inquit,

134 1361 469 1410 immortalitas
484 1399 496 1420 ‚
522 1361 621 1410 hoc
643 1371 715 1409 est
736 1378 926 1410 summa
946 1359 1028 1409 illa
1050 1359 1515 1408 incommutabilitas
1539 1375 1685 1423 quam
1705 1361 1835 1406 Deus
1856 1357 2004 1406 habet
2026 1357 2156 1405 solus
2171 1395 2183 1419 ‚
2210 1360 2292 1422 qui

134 1443 310 1490 mutari
325 1443 529 1491 omnino
545 1460 647 1491 non
662 1452 837 1509 potest.
860 1462 884 1488 »
908 1442 1042 1490 ldem
1056 1442 1252 1507 supra‘:
1274 1461 1295 1484 «
1315 1443 1505 1488 Naturae
1523 1439 1864 1506 corruptibiles
1878 1440 1977 1504 jam
1992 1455 2091 1486 non
2111 1440 2293 1486 incom-

134 1523 389 1571 mutabiles
409 1533 539 1586 sunt,
564 1525 678 1589 quia
701 1524 768 1572 nil
792 1533 863 1571 est
885 1523 1017 1571 unde
1039 1523 1172 1571 factae
1194 1532 1324 1572 sunt.
1349 1522 1523 1569 Omnis
1548 1522 1678 1569 enim
1705 1521 1908 1568 mutatio
1933 1521 2043 1568 facit
2065 1536 2165 1568 non
2191 1537 2293 1567 esse

133 1605 268 1668 quod
286 1614 412 1665 erat;
430 1621 541 1652 vere
554 1621 669 1669 ergo
690 1604 769 1652 ille
790 1604 959 1670 estqui
975 1602 1384 1651 incommutabilis
1404 1611 1491 1650 est.
1515 1621 1538 1647 »
1565 1604 1688 1650 Cum
1706 1602 1765 1649 sit
1787 1603 1948 1667 itaque
1964 1610 2098 1650 tanta
2120 1600 2294 1648 divinae

132 1683 411 1733 substantiae
442 1685 628 1746 unitas,
662 1684 962 1751 simplicitas,
989 1685 1190 1750 puritas,
1226 1693 1370 1748 atque
1394 1682 1639 1744 identitas,
1677 1693 1727 1730 ut
1759 1683 1809 1730 in
1834 1698 1890 1730 ea
1912 1681 2133 1729 videlicet
2162 1682 2293 1729 nulla

132 1766 192 1812 sit
209 1766 418 1831 partium
442 1775 526 1813 aut.
541 1765 865 1813 accidentium
891 1768 983 1812 seu‘
1002 1763 1328 1830 quarumlibet
1347 1764 1615 1810 formarum
1634 1762 1901 1825 diversitas,
1926 1762 2058 1812 nulla
2077 1779 2292 1827 unquam

130 1846 350 1908 variatio,
378 1846 631 1912 quomodo
650 1856 745 1895 tres
767 1863 988 1912 personae
1009 1847 1059 1894 in
1082 1862 1139 1894 ea
1162 1845 1410 1911 assignari,
1436 1845 1536 1893 sive
1557 1844 1759 1908 intelligi
1775 1845 1989 1910 queant?
2016 1847 2138 1891 Cum
2162 1845 2292 1891 nulla

130 1927 197 1975 ibi
217 1929 278 1975 sit
302 1944 463 1976 rerum
488 1928 751 1976 multitudo
770 1966 782 1991 ,
812 1927 897 1976 ubi
919 1937 1105 1976 tantum
1127 1937 1198 1976 est
1219 1943 1319 1975 una
1342 1936 1486 1991 atque
1509 1926 1761 1974 individua
1793 1927 1985 1992 penitus
2008 1925 2288 1984 substantia,

129 2007 290 2056 nullus
325 2008 394 2057 ibi
430 2024 593 2057 rerum
629 2025 887 2070 numerus,
922 2020 975 2057 ut
1000 2009 1080 2057 vel'
1100 2010 1192 2058 tria
1224 2008 1299 2056 vel
1334 2008 1486 2056 multa
1518 2007 1680 2056 dicere
1706 2009 1973 2074 possimus,
2008 2007 2093 2055 sed
2122 2007 2291 2055 eadem

129 2090 321 2155 penitus
360 2089 627 2139 substantia
664 2090 864 2157 simplex
900 2090 1104 2139 omnino
1136 2100 1280 2156 atque
1316 2089 1567 2138 individua
1605 2091 1680 2152 sit,
1714 2089 1917 2154 singulae
1944 2105 2159 2155 personae
2193 2090 2290 2135 sive

129 2187 298 2219 omnes
329 2171 490 2231 simul,
523 2172 619 2219 hoc
646 2181 717 2220 est
746 2188 1047 2238 unaquaeque
1070 2173 1217 2220 trium
1249 2187 1589 2238 personarum,
1616 2172 1714 2219 sive
1747 2172 1867 2237 ipsa,
1907 2181 1959 2219 ut
1986 2171 2167 2218 dictum
2200 2181 2285 2229 est,

128 2249 346 2297 Trinitas.
372 2251 564 2315 Quippe
591 2250 673 2297 ubi
701 2250 834 2298 nulla
863 2260 935 2298 est
959 2250 1220 2298 multitudo
1250 2267 1440 2309 rerum,
1477 2251 1577 2297 imo
1611 2250 1803 2315 penitus
1834 2249 1966 2296 nulla
1995 2248 2255 2296 multitudo
2275 2288 2285 2306 ,

130 2328 570 2395 nullapluralitas,
611 2332 747 2379 nulla
781 2332 1053 2394 diversitas,
1092 2332 1346 2397 quomodo
1383 2330 1646 2378 multitudo
1685 2319 2034 2396 personarum,
2077 2340 2160 2378 aut
2196 2329 2289 2376 ulla

128 2414 299 2457 earum
328 2410 579 2459 diversitas
610 2413 732 2460 erit?
769 2416 876 2472 Qua
915 2413 1103 2460 ratione
1140 2413 1290 2460 altera
1321 2427 1530 2477 persona
1572 2411 1634 2460 ab
1667 2411 1815 2460 altera
1845 2412 2034 2462 diversa
2065 2420 2153 2470 est,
2192 2412 2287 2457 sive

126 2491 269 2538 etiam
298 2491 360 2539 ab
378 2493 484 2557 ipsa
512 2493 758 2555 Trinitate‚
791 2510 904 2542 eum
933 2493 1103 2542 eadem
1134 2493 1344 2558 penitus,
1381 2503 1433 2540 ut
1462 2492 1646 2540 dictum
1677 2502 1774 2554 est,
1807 2493 1952 2540 trium
1973 2508 2287 2557 personarum

128 2571 393 2620 substantia
421 2574 503 2635 sit,
531 2566 622 2622 nec
646 2575 741 2623 ulla
764 2574 1032 2623 abinvicem
1058 2574 1134 2622 vel
1163 2574 1379 2622 essentiae
1404 2573 1678 2622 diversitate
1705 2574 1780 2621 vel
1804 2573 2147 2630 aceidenfium,
2187 2573 2287 2618 sive

127 2648 394 2701 formarum
430 2656 724 2720 proprietate
759 2656 1008 2721 disjunctae
1041 2655 1188 2703 sunt?
1229 2654 1432 2702 Difficile
1473 2654 1697 2706 fortasser
1738 2655 1837 2701 imo
1877 2652 2172 2718 impossibile
2218 2662 2286 2698 est

129 2733 316 2781 homini
346 2734 442 2781 hoe
467 2721 724 2797 disserere,
755 2747 803 2784 et
837 2737 880 2784 ei
910 2737 1117 2783 maxime
1139 2737 1223 2800 qui
1256 2736 1306 2781 in
1335 2735 1564 2782 omnibus
1594 2752 1700 2799 quae
1736 2734 1902 2781 astruit
1935 2750 2022 2798 per
2050 2733 2287 2780 humanas

129 2815 337 2862 rationes
359 2815 628 2864 satisfacere
647 2818 915 2878 contendit,
939 2827 986 2864 et
1009 2833 1121 2864 cum
1139 2816 1200 2862 de
1221 2832 1271 2861 re
1289 2815 1449 2878 aliqua
1465 2816 1768 2877 singulariter
1787 2815 2054 2880 quidquam
2073 2814 2282 2874 discutit,

127 2894 262 2959 quod
283 2895 344 2942 ad
368 2895 471 2959 ejus
493 2897 837 2961 proprietatem
862 2898 1086 2962 pertinet,
1114 2895 1316 2942 aliarum
1334 2895 1383 2942 id
1403 2911 1566 2942 rerum
1588 2894 1896 2943 multitudine
1919 2896 2088 2943 nititur
2109 2894 2282 2942 confir-

129 2994 284 3038 mare,
321 2995 433 3026 cum
468 2979 691 3027 videlicet
723 2996 1027 3044 unaquaeque
1056 2995 1132 3027 res
1170 2981 1422 3044 proprium
1458 2978 1692 3044 quiddam
1717 2979 1931 3040 habeat,
1972 2996 2058 3045 per
2088 2979 2221 3043 quod
2258 2995 2285 3025 a

128 3058 298 3104 ceteris
344 3057 572 3105 omnibus
622 3058 807 3119 differt,
848 3074 939 3106 nec
974 3057 1109 3106 facile
1146 3058 1205 3105 sit
1238 3057 1682 3105 dissimilitudinem
1718 3058 1986 3106 incaeteris
2025 3059 2279 3121 assignare.

168 3266 316 3350 ¹¹Malac„
341 3276 414 3308 cap.
432 3276 481 3308 in,
499 3277 529 3300 v.
547 3270 579 3301 6.
598 3285 639 3292 —
654 3269 666 3288 ²
681 3267 717 3300 ln
733 3269 851 3302 Somn.
871 3269 977 3310 Scip„
994 3269 1051 3302 tib.
1070 3268 1096 3310 1,
1114 3277 1187 3310 cap.
1206 3276 1275 3301 νιιι.
1296 3287 1332 3291 -
1352 3267 1481 3310 ³Opp.,
1499 3274 1522 3302 t.
1543 3267 1625 3300 Vlll.
1649 3286 1685 3291 -
1704 3269 1714 3287 ⁴
1730 3268 1907 3309 1bid.,cap.
1933 3277 2002 3300 xix.
2035 3267 2137 3308 0pp.‚
2154 3272 2175 3297 t.
2198 3265 2236 3298 Vl
2257 3267 2283 3302 1,

129 3327 167 3350 co
184 3343 190 3349 .
209 3321 281 3353 505.
