2638 3866
931 279 1271 328 THEOLOGlA
1307 281 1527 330 CHRISTI
1533 282 1670 346 ᾼΝΑ.
2273 279 2369 326 409

229 378 387 427 tandae
422 378 665 443 religionis
700 379 1011 446 impudentiae
1048 391 1221 429 nostrae
1256 399 1548 448 proponere,
1588 382 1668 447 qui
1707 381 1952 446 utriusque
1987 380 2255 428 testamenti
2291 396 2371 446 pa·

230 458 351 522 ginis
380 470 429 507 et
455 460 720 508 innumeris
743 470 1020 508 sanctorum
1047 462 1232 528 scriptis
1257 462 1493 523 instructi,
1524 479 1610 528 per
1640 462 1802 509 omnia
1826 460 2085 509 deteriores
2103 461 2365 522 existimuS,

228 555 341 586 cum
372 557 461 588 nec
495 542 561 589 sic
594 541 928 607 obtemperare
960 542 1203 589 volumus.
1233 543 1329 600 Qui
1359 553 1407 590 et
1431 543 1562 607 juxta
1598 542 1903 606 Gregorium,
1933 559 2031 589 una
2060 559 2170 589 cum
2197 545 2249 589 B.
2277 541 2367 589 Job

230 618 348 666 illud
384 619 524 668 nobis
560 622 892 687 improperant
932 621 1288 686 propheticum¹
1324 641 1334 668 ε
1375 622 1660 670 «Erubesce
1695 622 1863 680 Sidon,
1902 623 1967 669 ait
1998 638 2145 670 mare.
2176 642 2198 666 »
2231 621 2368 669 Unde

229 709 276 745 et
300 698 424 748 bene
456 702 694 750 Dominus
721 710 830 749 ante
855 702 1042 766 scriptae
1066 701 1182 766 legis
1208 702 1515 750 traditionem
1537 703 1608 750 vel
1633 703 1975 750 miraculorum
2007 718 2205 750 suorum
2235 702 2368 750 exhi·

229 778 483 842 bitionem,
522 781 758 845 quosdam
779 782 828 828 in
853 790 1057 845 utroque
1096 798 1208 829 sexu
1245 782 1386 830 nobis
1415 782 1673 831 virtutibus
1706 782 1964 829 imitandos
1993 783 2234 847 praemisit,
2265 792 2368 831 tum

231 869 281 905 ut
316 876 400 924 per
428 877 511 908 eos
538 871 699 909 nostra
722 860 1053 909 inexcusabilis
1078 873 1305 927 appareat
1339 863 1644 927 negligentia,
1669 872 1772 910 tum
1799 862 1943 909 etiam
1965 871 2019 908 ut
2040 862 2367 910 obedientium

230 939 384 1002 major
418 952 728 989 conservetur
764 941 1025 1004 humilitas,
1061 943 1099 988 si
1134 952 1244 1007 post
1278 952 1347 989 tot
1379 943 1671 991 documenta
1708 951 1805 990 tam
1843 941 2183 989 miraculorum
2223 959 2367 1007 quam

228 1020 534 1085 scriptorum,
569 1032 680 1087 post
711 1032 783 1070 tot
805 1021 1027 1088 ‘exempla
1055 1032 1351 1082 sanctorum,
1392 1023 1551 1087 aliqua
1580 1022 1714 1071 bona
1742 1021 2007 1070 habeamus
2038 1039 2215 1088 opera3
2256 1040 2367 1070 cum

229 1098 295 1146 illi
329 1101 432 1148 sine
460 1103 639 1168 scripto
669 1103 802 1166 legis,
848 1103 952 1150 sine
988 1102 1320 1151 admonitione
1353 1102 1724 1169 praedicationis,
1762 1103 1902 1150 tantis
1925 1102 2198 1162 virtutibus,
2237 1113 2367 1151 tanta

229 1180 373 1227 etiam
407 1199 599 1229 morum
630 1183 883 1248 disciplina
914 1183 1190 1242 claruerint,
1231 1193 1425 1249 tamque
1450 1183 1694 1231 constanti
1720 1183 1882 1230 animo
1918 1183 1965 1229 in
1997 1182 2368 1248 reprehensione

228 1260 455 1309 vitiorum
493 1264 814 1328 praestiterint,
855 1274 906 1311 ut
942 1281 1032 1328 pro
1057 1264 1268 1311 veritatis
1304 1264 1582 1312 defensione
1618 1273 1824 1310 mortem
1857 1263 2079 1310 nonnulli
2114 1262 2363 1312 subierint.

229 1342 346 1398 Quae
379 1342 479 1406 jam
520 1361 605 1409 per
644 1345 830 1409 singula
867 1344 1090 1409 subjectis
1129 1345 1413 1392 testimoniis
1450 1355 1498 1392 et
1535 1344 1764 1409 exemplis
1801 1343 2160 1391 confirmemus.
2205 1344 2366 1393 Fidem

227 1421 405 1486 itaque,
446 1434 497 1471 ut
532 1424 755 1485 diximus,
792 1424 1069 1491 philosophi
1107 1424 1385 1490 praedicant,
1426 1435 1474 1472 et
1510 1424 1914 1472 immortalitatem
1948 1425 2117 1472 animae
2152 1424 2365 1482 tradunt,

230 1500 536 1568 futuramque
575 1522 663 1570 pro
697 1506 876 1553 meritis
900 1505 1266 1553 retributionem
1295 1506 1568 1552 animarum
1593 1506 1690 1552 sive
1727 1505 1788 1552 ad
1819 1521 2014 1570 poenam
2048 1505 2146 1552 sive
2177 1504 2239 1553 ad
2270 1506 2369 1569 glo-

227 1582 349 1629 riam
374 1601 384 1629 :
422 1584 551 1632 unde
583 1595 631 1632 et
654 1586 715 1633 ad
751 1585 881 1633 bona
912 1603 1001 1633 nos
1028 1586 1232 1633 maxime
1256 1585 1573 1633 cohortantur
1609 1602 1774 1651 opera,
1803 1602 1887 1651 spe
1917 1584 2138 1633 videlicet
2168 1584 2370 1632 coelestis

227 1662 539 1711 beatitudinis
576 1676 621 1713 et
659 1667 1034 1715 comminatione
1059 1665 1303 1713 infernalis
1335 1666 1575 1732 supplicii,
1620 1665 1679 1713 de
1718 1665 1893 1730 quibus
1931 1665 2069 1730 plura
2102 1663 2371 1712 Macrobius

228 1742 458 1808 loquitur.
513 1746 632 1793 Hinc
671 1757 719 1794 et
754 1748 1074 1811 Hieronymus
1109 1746 1171 1794 ad
1200 1745 1514 1794 Heliodorum
1539 1746 1822 1811 episcopum
1851 1746 1902 1792 in
1926 1745 2183 1810 Epitaphio
2209 1746 2370 1810 Nepo-

228 1823 371 1882 tiani,
403 1827 607 1884 «TaceO,
644 1826 816 1891 inquit,
840 1827 902 1875 de
925 1827 1119 1887 Graecis,
1154 1825 1364 1873 Hebraeis
1395 1835 1442 1873 et
1466 1826 1661 1887 Latinis,
1696 1842 1816 1891 quas
1847 1826 2066 1874 nationes
2095 1826 2250 1873 crucis
2277 1842 2370 1872 suae

228 1902 367 1950 titulo
402 1906 638 1953 Dominus
663 1906 918 1955 dedicavit.
948 1907 1275 1955 Immortalem
1305 1907 1517 1954 animam
1550 1916 1596 1953 et
1626 1916 1735 1972 post
1758 1906 2123 1954 dissolutionem
2155 1907 2371 1971 corporis

227 1983 595 2053 subsistentem,
632 1987 766 2052 quod
810 1988 1104 2053 Pythagoras
1136 1987 1423 2046 somniavit,
1459 1987 1765 2035 Democritus
1802 1987 2032 2049 credidit,
2068 1988 2117 2034 in
2151 1986 2370 2034 consola·

227 2063 410 2112 tionem
444 2065 767 2116 damnationis
803 2085 898 2128 suae
933 2070 1152 2116 Socrates
1186 2068 1446 2133 disputavit
1481 2067 1531 2114 in
1561 2083 1770 2114 carcere.
1803 2088 1825 2110 2>
1870 2067 1964 2125 Qui
1999 2067 2141 2114 ctiam
2179 2066 2368 2130 quantis

227 2143 484 2193 claruerint
507 2147 782 2208 virtutibus,
816 2149 918 2214 ipsa
953 2165 1124 2196 eorum
1161 2158 1260 2196 tam
1293 2148 1391 2195 vita
1423 2164 1570 2211 quam
1605 2147 1826 2195 doctrina
1865 2146 2124 2212 perhibet:
2163 2146 2247 2210 qui
2285 2162 2371 2192 ne-

228 2242 491 2290 quaquam,
513 2236 565 2274 ut
588 2227 812 2290 arbitror,
830 2239 928 2276 tam
940 2229 1192 2293 diligenter
1212 2228 1411 2275 virtutes
1433 2227 1776 2287 describerent,
1804 2226 1922 2274 dum
1947 2226 2147 2274 moralia
2172 2225 2369 2274 tradunt

227 2306 465 2366 instituta,
512 2307 603 2355 nisi
644 2325 723 2356 eas
756 2309 806 2355 in
847 2309 1014 2375 seipsis
1049 2308 1189 2356 certis
1226 2317 1573 2372 cognoscerent
1608 2307 1969 2373 experimentis3
2014 2322 2135 2371 quas
2171 2305 2368 2371 quidem

227 2385 573 2452 descriptiones
595 2388 828 2437 virtutum
853 2389 1006 2437 sancti
1026 2399 1074 2437 et
1101 2388 1326 2437 doctores
1348 2389 1410 2436 ab
1439 2389 1553 2454 ipsis
1575 2404 1815 2435 assumere
1841 2403 1941 2435 non
1972 2396 2084 2434 sunt
2106 2386 2365 2449 dedignati,

228 2483 339 2514 cum
379 2478 462 2515 aut
493 2467 726 2532 justitiam
759 2479 841 2517 aut
875 2469 1225 2531 fortitudinem,
1266 2480 1349 2517 aut
1382 2452 1795 2517 ceteras‘virtutes
1829 2468 2010 2516 eisdem
2040 2467 2185 2515 nobis
2214 2468 2371 2532 expri-

230 2557 368 2594 munt
398 2547 581 2609 verbis,
608 2550 746 2615 quasi
766 2560 813 2598 et
830 2552 961 2617 ipsos
979 2551 1154 2617 Spiritu
1177 2550 1352 2598 eodem
1372 2551 1562 2598 locutos
1582 2549 1726 2597 fuisse
1746 2566 1847 2596 non
1869 2548 2129 2612 ambigant.
2148 2550 2368 2605 Quorum

229 2627 425 2690 quidem
465 2646 601 2677 unus⁴
627 2646 739 2677 cum
773 2630 1035 2679 honestatis
1077 2631 1279 2679 sormam
1318 2630 1543 2691 traderet,
1583 2629 1769 2694 egregie
1809 2629 1937 2676 ait':

764 2742 960 2785 Oderunt
984 2758 1160 2802 peccare
1182 2742 1288 2783 boni
1308 2741 1473 2783 virtutis
1496 2756 1641 2783 amore
1669 2756 1679 2783 :

230 2853 290 2898 Ac
328 2851 365 2897 si
396 2862 558 2917 aperte
592 2853 765 2901 doceat
792 2870 820 2902 a
842 2854 1139 2920 turpitudine
1175 2854 1403 2901 vitiorum
1436 2854 1584 2918 magis
1618 2851 1959 2900 abstinendum
2002 2850 2151 2916 ipsius
2184 2850 2371 2897 virtutis

230 2948 426 2992 amore,
484 2949 590 2997 quae
651 2933 825 2981 dicitur
885 2934 1141 2992 honestas,
1200 2949 1346 2998 quam
1388 2933 1610 2998 supplicii
1648 2933 1839 2991 timore,
1874 2947 1973 2995 quo
2018 2930 2192 2993 ingrati
2226 2946 2370 2978 coer-

229 3021 398 3058 centur
441 3013 580 3060 servi.
632 3013 779 3071 Quod
813 3014 852 3060 si
883 3013 932 3060 id
977 3013 1137 3060 minus
1177 3013 1367 3061 videtur
1412 3030 1513 3061 esse
1548 3014 1609 3062 ad
1652 3013 1879 3060 meritum
1922 3010 2196 3059 salvationis
2237 3011 2370 3075 quod

230 3089 407 3139 dicitur
451 3108 622 3141 amore*
669 3094 875 3154 virtutis,
921 3102 968 3141 et
1002 3109 1102 3140 non
1144 3093 1305 3158 potius
1343 3109 1508 3141 amore
1545 3094 1651 3153 Dei,
1690 3109 1746 3141 ac
1787 3092 1825 3139 si
1870 3091 2129 3150 virtutem,
2170 3090 2246 3138 vel
2285 3090 2368 3137 ali-

229 3172 365 3234 quod
403 3171 590 3221 bonum
636 3191 760 3239 opus
799 3173 980 3222 habere
1020 3167 1291 3239 possimus,
1345 3173 1479 3238 quod
1518 3190 1618 3221 non
1679 3171 1943 3221 secundum
2003 3172 2160 3236 ipsum
2214 3174 2370 3218 Deum

273 3363 281 3380 1
298 3358 385 3400 lsai,
404 3370 476 3402 cap.
496 3371 589 3400 xxm,
606 3372 638 3395 v.
655 3366 684 3397 [ι.
698 3342 747 3387 ”..-
769 3365 779 3382 ²
796 3362 923 3402 Horat„
941 3363 1050 3405 Epist.
1071 3362 1103 3403 1,
1122 3371 1229 3402 xv1,v.
1251 3364 1303 3396 52.

390 3435 420 3459 11
2160 3420 2210 3456 52
