2638 3866
951 215 1292 264 THEOLOGIA
1339 215 1687 264 eflsslsTlANA
1698 249 1709 260 .
2307 211 2403 260 487

257 339 372 370 vero
406 320 725 369 differentiam
757 319 860 384 ipse
882 334 1079 383 quoque
1109 318 1403 384 Porphyrius
1435 319 1483 366 in
1513 316 1944 365 communitatibus
1980 325 2144 382 aperte
2175 315 2402 374 insinuat,

258 403 340 451 ubi
383 402 604 451 videlicet
641 399 855 449 ostendit
889 399 1299 464 generalissimum
1337 410 1382 447 et
1416 399 1811 466 specialissimum
1848 399 1895 446 in
1931 415 1990 446 eo
2019 397 2230 459 differre,
2272 397 2406 462 quod

257 500 413 550 neque
444 482 852 549 generalissimum
881 479 963 528 fiet
995 496 1211 545 unquam
1237 480 1679 547 specialissimum',
1707 496 1864 545 neque
1898 479 2291 546 specialissimum
2325 495 2406 542 ge-

256 565 624 614 neralissimum.
652 567 837 612 Horum
872 571 1032 610 autem
1071 578 1177 627 quae
1209 562 1520 610 essentialiter
1553 562 1737 610 diversa
1774 570 1912 621 sunt,
1949 560 2169 626 quaedam
2202 576 2406 608 numero

253 664 353 712 quo
377 663 472 712 que
495 647 685 695 diversa
708 653 839 704 sunt,
863 642 1084 708 quaedam
1109 643 1323 690 minime.

320 729 522 776 Diversa
555 727 736 793 quippe
765 740 971 773 numero
1002 723 1225 782 dicimus,
1258 741 1364 789 quae
1397 723 1520 772 adeo
1555 734 1655 772 tota
1690 724 1905 772 essentiae
1935 739 2030 771 suae
2055 724 2321 788 quantitate
2344 724 2406 772 ab

255 809 459 856 invicem
483 808 688 856 discreta
713 815 843 868 sunt,
870 815 1042 853 utnon
1070 805 1228 852 solum
1256 804 1353 852 lioc
1381 821 1480 852 non
1511 805 1569 852 sit
1592 804 1731 865 illud,
1757 821 1926 853 verum
1948 820 2011 852 ne
2038 821 2191 851 unum
2214 804 2406 852 alterius

255 905 364 954 pars
399 890 472 947 sit,
508 888 585 937 vel
612 886 834 937 eamdem
866 903 979 935 cum
1011 902 1070 934 eo
1106 886 1434 934 communicet
1468 896 1671 952 partem.
1712 889 1821 934 Haec
1845 886 2006 951 itaque
2035 886 2136 933 sola
2165 895 2213 933 et
2242 886 2405 932 omnia

256 987 460 1019 numero
492 979 605 1018 sunt
633 969 921 1031 differentia,
960 985 1066 1033 quae
1101 977 1198 1015 tota
1223 967 1489 1032 quantitate
1523 984 1620 1015 suae
1648 967 1861 1015 essentiae
1897 967 2103 1015 discreta
2141 977 2269 1027 sunt,
2309 967 2406 1013 sive

254 1050 359 1099 solo
383 1067 588 1099 numero
612 1050 674 1099 ab
695 1050 904 1098 invicem
930 1048 1125 1108 distent,
1159 1058 1213 1095 ut
1242 1050 1461 1096 Socrates
1484 1057 1531 1096 et
1555 1049 1714 1108 Plato;
1743 1049 1842 1097 sive
1874 1049 2019 1097 etiam
2048 1048 2225 1114 specie,
2253 1057 2305 1095 ut
2326 1047 2406 1094 hic

254 1131 406 1180 homo
431 1142 479 1180 et
503 1131 583 1180 ille
611 1148 795 1197 equus;
827 1147 911 1178 seu
941 1146 1116 1194 genere
1141 1145 1355 1194 quoque,
1383 1138 1435 1176 ut
1463 1129 1542 1176 hic
1567 1129 1720 1177 homo
1739 1139 1787 1178 et
1809 1129 1912 1178 haec
1943 1129 2145 1192 albedo3
2173 1146 2256 1177 seu
2291 1145 2407 1194 qua-

254 1230 465 1278 cumque
502 1213 658 1261 forma
684 1211 747 1260 ab
773 1212 980 1260 invicem
1014 1210 1256 1273 differant,
1291 1211 1389 1258 sive
1415 1210 1496 1258 illa
1532 1210 1687 1259 forma
1711 1212 1770 1258 sit
1802 1211 2078 1259 communis
2109 1211 2403 1270 differentia,

254 1293 348 1340 hoc
378 1304 449 1342 est
485 1293 750 1360 separabile
775 1292 1018 1352 accidens,
1045 1300 1099 1339 ut
1126 1292 1231 1340 nasi
1254 1292 1476 1354 curvitas,
1512 1292 1610 1340 sive
1638 1293 1788 1356 magis
1809 1293 2009 1359 propria
2040 1292 2325 1355 differentia,
2357 1293 2407 1339 id

253 1384 325 1422 est
344 1374 687 1437 substantialis,
716 1374 840 1422 sicut
864 1382 934 1421 est
961 1371 1283 1434 rationalitaS,
1310 1388 1416 1436 quae
1451 1372 1631 1420 scilicet
1660 1373 1986 1421 substantialis
2008 1373 2279 1421 differentia
2305 1389 2405 1421 non

253 1455 410 1502 solum
446 1455 559 1503 facit
592 1455 817 1514 alterum,
859 1453 907 1502 id
937 1463 1007 1502 est
1033 1469 1234 1519 quoquo
1265 1453 1416 1502 modo
1453 1453 1723 1515 diversum3
1749 1471 1917 1503 verum
1948 1455 2091 1503 etiam
2124 1456 2272 1514 aliud,
2311 1454 2407 1502 hoc

253 1546 323 1583 est
363 1535 739 1586 substantialiter
769 1545 915 1600 atque
947 1537 1104 1602 specie
1135 1535 1397 1584 diversum.
1434 1538 1492 1584 Et
1522 1536 1625 1583 haec
1658 1536 1758 1584 sola
1787 1537 1983 1602 proprie
2020 1536 2248 1584 dicuntur
2269 1536 2406 1602 plura

252 1618 351 1664 sive
372 1617 543 1679 multa,
567 1634 627 1666 eo
648 1618 783 1683 quod
800 1617 939 1684 plura
963 1627 1010 1665 et
1032 1617 1181 1666 multa
1205 1618 1403 1684 proprie
1422 1617 1483 1666 ad
1503 1635 1762 1666 numerum
1783 1618 2043 1684 pertinent,
2067 1628 2110 1665 et
2137 1618 2407 1666 secundum

254 1714 511 1746 numerum
535 1699 857 1765 accipiuntur.
881 1701 1004 1747 Sunt
1036 1699 1199 1764 itaque
1223 1698 1446 1763 quaedam
1471 1698 1785 1747 essentialiter
1807 1698 2013 1760 diversa,
2040 1715 2146 1764 quae
2168 1715 2269 1746 non
2296 1710 2407 1746 sunt

254 1795 460 1827 numero
485 1779 781 1838 differentia,
810 1789 978 1845 utpote
1009 1780 1187 1827 domus
1212 1788 1259 1826 et
1288 1779 1463 1844 parieS,
1493 1789 1540 1827 et
1563 1778 1814 1844 quodlibet
1848 1780 2093 1844 integrum
2115 1789 2270 1828 totum
2296 1797 2407 1828 cum

253 1860 450 1924 propria
479 1870 616 1926 parte
645 1877 750 1909 sua.
777 1863 995 1925 Utroque
1021 1869 1182 1908 autem
1217 1860 1448 1926 praedicto
1477 1860 1763 1909 diversitatis
1796 1861 1947 1909 modo
1975 1862 2078 1927 ipse
2107 1862 2252 1910 etiam
2281 1865 2408 1910 Deus

251 1939 480 1988 differens
503 1940 679 1989 dicitur
702 1957 729 1989 a
752 1942 1000 2003 creaturis,
1027 1951 1128 1989 tam
1153 1942 1467 1990 essentialiter
1494 1943 1674 1990 scilicet
1709 1959 1857 2007 quam
1878 1959 2102 1990 numero.
2129 1945 2235 1990 Hoc
2265 1943 2407 1991 etiam

253 2020 402 2068 modo
422 2020 611 2070 diversa
634 2023 888 2083 sumimus,
915 2022 1115 2087 quando
1135 2039 1367 2087 negamus
1389 2024 1439 2070 in
1459 2040 1558 2071 uno
1579 2024 1789 2071 ternario
1812 2023 2028 2071 diversos
2050 2040 2153 2071 esse
2172 2023 2403 2071 binarios.

244 2104 371 2149 *Nam
400 2102 508 2151 licet
542 2104 680 2151 tertia
705 2103 864 2150 unitas
887 2120 998 2150 cum
1029 2119 1323 2168 unaquaque
1361 2103 1563 2151 aliarum
1587 2103 1796 2151 duarum
1819 2104 2057 2152 unitatum
2089 2121 2242 2151 unum
2264 2104 2409 2151 bina-

251 2183 377 2230 rium
396 2183 599 2242 efficiat,
630 2193 678 2231 et
697 2184 779 2231 hic
801 2184 1018 2231 binarius
1040 2200 1140 2231 non
1166 2184 1225 2231 sit
1256 2184 1353 2244 ille,
1381 2184 1596 2232 diversos
1617 2195 1778 2233 tamen
1799 2184 2012 2233 binarios
2035 2184 2131 2233 dici
2155 2202 2403 2250 negamus,

251 2281 362 2311 cum
385 2281 486 2311 non
511 2265 606 2313 sint
627 2275 729 2312 tota
752 2265 1013 2331 capacitate
1035 2265 1111 2312 vel
1134 2266 1434 2314 continentia
1458 2283 1554 2314 suae
1576 2267 1788 2314 essentiae
1810 2266 2021 2329 discreti,
2048 2283 2161 2315 cum
2185 2266 2405 2315 eamdem

252 2345 432 2392 scilicet
467 2346 703 2394 unitatem
740 2347 1122 2394 communicent.
1151 2346 1244 2394 Sed
1285 2356 1331 2394 et
1368 2364 1481 2394 cum
1519 2347 1724 2395 dicimus
1760 2348 1970 2413 aliquem
2009 2347 2161 2396 solam
2202 2347 2406 2395 domum

253 2425 519 2490 possidere,
549 2427 647 2475 hoc
680 2437 769 2490 est,
797 2427 1002 2476 domum
1024 2437 1072 2475 et
1101 2427 1217 2475 nihil
1251 2427 1384 2476 aliud
1408 2428 1653 2477 diversum
1675 2445 1704 2477 a
1732 2429 1902 2492 domo,
1929 2429 2173 2478 diversum
2203 2445 2407 2476 numero

251 2508 413 2571 potius
447 2524 593 2573 quam
630 2508 945 2557 essentialiter
966 2508 1309 2573 intelligimus.
1340 2511 1435 2568 Qui
1471 2514 1603 2558 enim
1634 2510 1837 2558 domum
1868 2510 2101 2577 possidet,
2138 2511 2281 2558 etiam
2318 2526 2404 2574 pa-

252 2588 439 2650 rietem,
477 2590 560 2654 qui
592 2606 692 2637 non
723 2600 795 2638 est
819 2590 1014 2650 domus,
1041 2591 1090 2637 in
1120 2591 1425 2655 possessione
1453 2591 1616 2640 habet.
1653 2592 1748 2640 Sed
1771 2609 1883 2641 cum
1913 2593 1974 2640 sit
1995 2592 2150 2657 paries
2178 2591 2405 2639 essentia-

252 2667 360 2715 liter
387 2669 604 2717 diversus
632 2686 662 2717 a
690 2670 861 2729 domo,
896 2671 946 2717 in
977 2687 1070 2735 qua
1096 2687 1196 2718 non
1233 2681 1305 2718 est
1334 2671 1552 2719 diversus
1585 2689 1811 2733 numero,
1847 2690 1961 2720 cum
1984 2671 2208 2719 videlicet
2231 2672 2281 2718 in
2305 2672 2407 2736 ipsa

251 2749 520 2813 quantitate
546 2750 723 2798 domus
745 2750 1207 2816 comprehendatur.
1237 2755 1294 2798 Et
1327 2753 1598 2800 notandum
1623 2753 1758 2817 quod
1780 2769 1892 2801 cum
1921 2769 2067 2800 omne
2090 2752 2220 2800 idern
2253 2768 2407 2799 essen-

254 2829 428 2877 tialiter
458 2847 572 2877 cum
604 2831 767 2895 aliquo
792 2832 851 2878 sit
874 2831 1002 2878 idem
1026 2848 1232 2879 numero
1256 2849 1369 2879 cum
1391 2833 1499 2898 ipso
1523 2843 1570 2880 et
1597 2850 1624 2881 e
1649 2850 1915 2894 converso3
1952 2850 2051 2882 non
2076 2842 2236 2881 tamen
2259 2849 2406 2881 omne

252 2910 499 2958 diversum
537 2911 849 2959 essentialiter
885 2911 947 2959 ab
982 2912 1147 2976 aliquo
1182 2912 1427 2960 diversum
1463 2914 1512 2961 in
1552 2931 1758 2962 numero
1795 2925 1866 2963 est
1901 2915 1963 2962 ab
1998 2915 2134 2980 ipso,
2174 2924 2227 2962 ut
2264 2931 2409 2981 supra

253 2991 528 3039 docuimus.
568 2994 683 3039 Pars
716 2992 899 3057 quippe
933 2992 1156 3057 quaelibet
1185 2992 1375 3041 diversa
1411 3004 1483 3042 est
1520 2994 1834 3043 essentialiter
1855 3011 1885 3044 a
1907 3012 1996 3043 suo
2021 3005 2150 3058 toto,
2188 2995 2272 3044 sed
2307 3012 2407 3043 non

252 3072 442 3121 diversa
475 3089 715 3133 numero,
755 3089 846 3121 nec
882 3073 1093 3121 fortassis
1129 3074 1297 3123 eadem
1331 3092 1565 3137 numero,
1606 3076 1698 3124 nisi
1730 3077 1839 3142 quis
1880 3076 2002 3125 forte
2038 3093 2244 3126 numero
2281 3076 2408 3125 idem

300 3284 306 3302 ¹
329 3283 381 3315 Sic
402 3284 509 3315 iocum
534 3285 737 3316 restituimus
760 3293 798 3315 ex
823 3286 891 3324 ipsa
919 3285 1087 3327 Porphyrii
1117 3287 1157 3319 (le
1180 3287 1355 3326 generibus
1378 3292 1411 3319 et
1435 3288 1609 3329 speciebus
1625 3289 1784 3321 doctrina.
1807 3287 1843 3321 ln
1860 3290 1957 3322 editis
1978 3287 2272 3330 yeneralissimum
2293 3287 2405 3327 fictum

255 3344 362 3376 qnam
378 3336 689 3377 specialissimum3
707 3338 797 3379 quod
809 3347 910 3371 sensu
927 3345 1028 3372 caret.
