2638 3866
850 253 907 302 IN
939 253 1266 301 EPlSTOLAM
1298 253 1379 302 AD
1414 255 1711 303 ROMANOS.
2088 283 2091 286 -
2258 256 2354 304 337

221 363 267 401 et
307 355 556 419 sanguine.
595 356 784 420 Moyses
821 353 951 401 enim
985 370 1012 400 a
1043 353 1341 418 temporibus
1377 356 1584 420 antiquis
1614 354 1821 403 habetur
1856 356 1915 402 in
1956 355 2227 404 civitatibus
2260 357 2356 404 sin·

221 435 344 499 gulis
365 452 472 500 quae
495 451 608 483 eum
638 434 899 501 praedicent
921 433 970 480 in
999 434 1249 497 synagogis
1281 434 1365 481 ubi
1401 452 1487 500 per
1516 451 1662 482 omne
1692 434 1943 483 sabbatum
1977 437 2166 500 legitur.
2186 455 2211 481 n
2249 437 2358 483 Ori·-

221 531 366 578 genes
387 515 436 563 in
453 514 546 564 hac
566 514 777 581 Epistola
798 530 944 579 supra
963 512 1047 560 ubi
1072 513 1301 579 scriptum
1328 525 1401 562 est
1422 534 1431 562 :
1461 536 1482 560 α
1504 517 1551 563 Si
1576 516 1718 579 igitur
1748 517 2033 581 praeputium
2064 518 2180 583 legis
2204 520 2234 579 ¹,
2262 527 2355 565 etc,

229 596 306 644 Vis
328 606 489 644 autem
516 596 680 649 videre
703 611 854 660 usque
883 594 1076 658 sanguis
1099 603 1171 642 est
1192 594 1357 660 ipsius,
1385 614 1408 640 »
1434 596 1569 661 quod
1589 597 1815 643 invenies
1837 597 2053 661 superius
2082 599 2132 646 in
2164 615 2210 646 11
2239 614 2358 663 qua·

223 678 461 725 ternione.
484 697 507 722 ιο
523 676 804 725 Ambrosius
821 676 870 723 in
895 675 1159 741 Epistolam
1178 674 1246 722 ad
1264 676 1463 724 Galatas
1477 678 1538 725 de
1560 677 1796 742 Apostolis
1814 680 1851 723 ²:
1885 697 1907 721 «
1922 680 2146 726 Praeterea
2164 696 2275 726 cum
2292 680 2362 727 le-

225 774 333 820 gem
355 757 600 806 dedissent
623 773 722 805 non
747 756 990 804 molestari
1012 772 1098 803 eos
1115 757 1199 820 qui
1215 773 1273 803 ex
1289 757 1524 805 Gentibus
1548 756 1825 815 credebant,
1846 757 1930 805 sed
1953 767 2006 804 ut
2021 758 2082 805 ab
2107 759 2163 806 iis
2176 768 2361 808 tantum

224 837 551 898 observarent,
578 837 627 885 id
649 846 719 885 est
735 854 766 886 a
786 838 1019 901 sanguine
1036 846 1083 884 et
1114 836 1433 885 fornicatione
1450 848 1499 885 et
1519 837 1805 886 idololatria.
1846 840 1953 886 Non
1983 839 2149 903 utique
2178 838 2240 887 ab
2273 838 2363 886 ho-

227 917 422 965 micidio
438 917 670 984 prohibiti
701 927 832 979 sunt,
856 934 968 965 cum
982 916 1214 981 jubentur
1233 933 1262 966 a
1281 919 1510 982 sanguine
1529 917 1784 966 observare
1805 938 1818 979 ;
1846 918 1930 965 sed
1951 917 2047 966 hoc
2080 929 2367 984 acceperunt

225 997 359 1062 quod
381 1000 484 1046 Noe
505 1013 535 1046 a
555 1000 660 1045 Deo
679 996 928 1058 didicerat,
953 1007 1004 1045 ut
1025 997 1338 1046 observarent
1357 1015 1406 1045 se
1422 1015 1450 1046 a
1469 999 1699 1062 sanguine
1716 998 1908 1046 edendo
1926 1015 2038 1046 cum
2063 1016 2222 1047 carne.
2251 1001 2368 1058 Quae

226 1077 451 1143 sophistae
472 1080 750 1126 Graecorum
772 1094 872 1126 non
897 1077 1215 1142 intelligentes
1229 1114 1242 1139 ‚
1272 1079 1474 1126 scientes
1501 1088 1661 1126 tamen
1684 1095 1713 1126 a
1733 1079 1966 1142 sanguine
1997 1078 2335 1127 abstinendum
2354 1116 2366 1138 ,

227 1158 558 1208 adulterarunt
600 1159 848 1224 scriptum,
896 1169 1122 1225 quartum
1157 1159 1442 1207 mandatum
1488 1159 1737 1220 addentes,
1794 1169 1841 1206 et
1871 1176 1900 1207 a
1937 1159 2173 1208 suffocato
2206 1159 2370 1207 obser-

229 1238 458 1296 vandum,
498 1240 614 1305 quia
662 1239 763 1303 jam
809 1256 965 1306 supra.
1000 1239 1185 1287 dictum
1235 1249 1337 1287 erat
1380 1239 1514 1303 quod
1549 1239 1858 1288 addiderunt.
1893 1259 1915 1284 »
1956 1240 2278 1305 Hieronymus
2323 1241 2371 1285 ιή.

232 1319 488 1367 Ezechiel:
511 1340 536 1365 «
555 1322 713 1368 Omne
729 1321 1041 1368 morticinum
1067 1330 1115 1368 et
1137 1329 1331 1386 captum
1361 1337 1390 1367 a
1425 1320 1577 1367 bestia
1614 1320 1675 1368 de
1703 1320 1873 1367 avibus
1909 1330 1956 1367 et
1983 1319 2239 1385 pecoribus
2271 1336 2369 1367 non

228 1399 494 1448 comedunt
530 1400 830 1461 Sacerdotes,
865 1411 914 1448 et
928 1402 1062 1466 juxta
1099 1401 1306 1448 litteram
1342 1401 1477 1448 omni
1511 1402 1673 1464 generi
1708 1401 1888 1461 electo,
1924 1400 2071 1464 regali
2110 1399 2289 1448 scilicet
2326 1409 2372 1447 et

229 1479 532 1540 sacerdotali,
561 1480 694 1545 quod
714 1482 909 1546 proprie
933 1481 994 1529 ad
1021 1481 1317 1529 Christianos
1338 1481 1557 1543 refertur,
1590 1481 1675 1545 qui
1697 1480 1828 1528 uncti
1853 1489 1964 1527 sunt
1987 1480 2096 1528 oleo
2121 1479 2370 1546 spirituali,

229 1559 288 1607 de
319 1576 418 1624 quo
441 1561 673 1625 scriptum
705 1563 799 1609 est,³
827 1580 837 1608 ε
868 1562 1050 1609 «Unxit
1069 1571 1118 1609 te
1146 1564 1275 1609 Deus
1300 1563 1409 1609 oleo
1436 1562 1740 1609 exultationis
1759 1577 1855 1626 prae
1877 1559 2194 1626 participibus
2214 1561 2326 1621 tuis,
2352 1579 2373 1601 »

229 1641 328 1688 haec
367 1651 604 1706 praecepta
632 1643 952 1704 conveniunt,
985 1653 1047 1690 ut·
1073 1643 1384 1690 morticinum
1421 1659 1522 1690 non
1548 1641 1806 1689 comedant
1826 1651 1923 1688 tam
1947 1641 2008 1688 de
2034 1640 2203 1688 avibus
2224 1657 2371 1705 quam

230 1720 291 1768 de
304 1720 576 1786 pecoribus,
598 1722 734 1786 cujus
751 1739 1059 1788 nequaquam
1074 1723 1266 1786 sanguis
1285 1722 1465 1770 effusus
1484 1731 1579 1782 est3
1607 1721 1742 1786 quod
1758 1722 1807 1768 in
1820 1719 2015 1767 Actibus
2030 1719 2370 1786 Apostolorum

178 1812 181 1814 ·
230 1800 407 1849 dicitur
430 1794 724 1864 «suffocato,
748 1824 770 1847 >³
797 1813 845 1850 et
868 1804 982 1869 quia
1003 1804 1270 1852 necessario
1292 1788 1596 1850 observanda
1616 1803 1959 1868 Apostolorum
1972 1801 2174 1868 epistola
2187 1812 2370 1860 monet,

230 1891 279 1928 et
298 1882 485 1947 capitur
507 1898 534 1929 a
558 1881 727 1942 bestia,
760 1885 874 1948 quia
890 1895 938 1932 et
962 1886 1064 1950 ipse
1095 1884 1312 1932 similiter
1334 1884 1594 1931 suffocatus
1617 1893 1702 1932 est.
1736 1905 1757 1926 »
1780 1885 1849 1932 Ex
1870 1882 2201 1930 Poenz'tentialc‘
2218 1883 2375 1931 Theo—

230 1961 364 2008 dori:
395 1962 670 2018 «Animalia
691 1979 797 2028 quae
822 1980 851 2012 a
871 1950 999 2031 'lupis
1033 1982 1118 2013 seu
1144 1965 1349 2013 canibus
1368 1965 1642 2012 lacerantur
1667 1980 1769 2012 non
1793 1973 1906 2011 sunt
1931 1963 2254 2024 comedenda,
2284 1980 2373 2010 nec

231 2042 330 2089 avis
364 2058 455 2090 nec
475 2059 639 2108 capra,
666 2044 706 2091 si
727 2047 910 2092 mortui
932 2046 1115 2093 inventi
1138 2046 1332 2106 fuerint,
1359 2046 1450 2092 nisi
1475 2045 1597 2092 sorte
1623 2044 1684 2092 ab
1706 2044 1906 2092 homine
1934 2043 2094 2091 adhuc
2119 2044 2225 2091 viva
2251 2043 2377 2091 occi—

231 2121 409 2171 dantur
441 2123 599 2188 prius,
626 2124 712 2172 sed
735 2126 896 2190 porcis
927 2136 975 2173 et
998 2126 1201 2174 canibus
1231 2127 1425 2174 dentur.
1454 2130 1574 2173 Aves
1596 2142 1713 2173 vero
1742 2135 1790 2171 et
1821 2123 2046 2171 animalia
2072 2132 2238 2170 caetera
2263 2123 2303 2170 si
2328 2123 2376 2169 in

233 2202 412 2252 retibus
445 2204 820 2277 strangulentur,
858 2224 958 2255 non
984 2218 1096 2255 sunt
1125 2206 1447 2265 comedenda,
1482 2222 1572 2254 nec
1604 2206 1643 2253 si
1677 2205 1967 2271 oppresserit
1997 2204 2238 2268 accipiter,
2266 2213 2314 2250 et
2340 2204 2379 2250 si

233 2284 300 2330 sic
330 2293 523 2331 mortua
553 2274 888 2345 inveniuntur,
929 2288 1043 2352 quia
1073 2289 1124 2335 in
1158 2287 1357 2335 Actibus
1392 2287 1734 2352 Apostolorum
1764 2285 2038 2351 praecipitur
2071 2283 2312 2331 abstinere
2349 2301 2378 2331 a

235 2363 567 2423 fornicatione,
586 2380 614 2411 a
627 2368 861 2430 sanguine
875 2367 1128 2429 suffocato,
1144 2367 1489 2416 etidololatria.
1500 2386 1523 2412 »
1550 2370 1671 2415 Item
1691 2385 1701 2412 :
1735 2387 1757 2409 ι(
1770 2367 1820 2413 Si
1837 2365 1973 2431 porci
1986 2364 2060 2412 vel
2076 2363 2259 2428 gallinae
2269 2379 2378 2411 san-

235 2445 429 2506 guinem
465 2443 678 2493 hominis
711 2447 1037 2508 comederint,
1079 2465 1192 2498 mox
1230 2449 1538 2509 occidantur,
1573 2458 1621 2495 et
1652 2446 1916 2513 penetralia
1952 2444 2294 2511 projiciantur,
2332 2453 2376 2489 et

234 2532 401 2571 caetera
422 2540 536 2572 caro
560 2525 886 2576 manduceturv
906 2547 917 2574 ε
943 2529 983 2576 si
1005 2539 1168 2577 autem
1191 2529 1442 2578 tardentur
1463 2528 1639 2588 occidi,
1666 2544 1766 2575 non
1792 2526 2138 2574 comedantur:
2156 2525 2194 2571 si
2218 2532 2377 2571 autem

236 2603 468 2653 cadavera
513 2605 827 2655 laceraverint
862 2618 1186 2668 mortuorum,
1216 2619 1536 2670 macerentur,
1576 2619 1623 2656 et
1645 2618 1755 2674 post
1790 2607 1906 2654 anni
1937 2604 2172 2653 circulum
2214 2619 2379 2650 come-

237 2684 430 2731 dantur.
471 2685 521 2732 Si
557 2695 720 2734 autem
753 2690 891 2751 porci
930 2689 1196 2738 occiderint
1230 2690 1512 2749 hominem,
1559 2689 1722 2737 statim
1755 2685 2118 2744 interficiantur,
2161 2692 2208 2730 et
2243 2699 2379 2748 sepe-

237 2764 430 2811 liantur.
454 2783 478 2810 »
506 2768 624 2814 Item
646 2784 658 2812 :
688 2786 712 2811 «
732 2769 828 2825 Qui
850 2770 1114 2818 manducat
1135 2786 1332 2818 carnem
1354 2769 1659 2816 immundam
1679 2777 1762 2815 aut
1781 2766 2087 2814 morticinam
2104 2772 2189 2810 aut
2207 2761 2380 2810 dilace-

238 2853 390 2890 ratam
412 2860 441 2891 a
466 2843 646 2903 bestiis,
665 2847 982 2912 quadraginta
999 2850 1102 2897 dies
1124 2850 1375 2915 poeniteat„
1400 2849 1449 2895 Si
1468 2858 1630 2895 autem
1651 2847 1931 2894 necessitate
1953 2844 2090 2892 famis
2113 2842 2377 2906 contingat,

239 2923 392 2972 multo
426 2924 579 2972 levius
597 2935 685 2973 est.
706 2945 729 2971 »
755 2930 873 2975 Item
893 2947 904 2975 ε
937 2949 960 2972 «
981 2930 1076 2987 Qui
1099 2930 1330 2993 sanguine
1354 2930 1430 2977 vel
1464 2944 1756 2994 quocunque
1780 2925 2037 2975 immundo
2060 2924 2310 2990 polluitur,
2340 2924 2381 2971 si

239 3004 391 3051 nescit
412 3004 548 3068 quod
570 3006 848 3069 manducat,
868 3008 974 3056 leve
993 3019 1081 3057 est.
1112 3029 1134 3054 >›
1159 3011 1276 3058 Item
1300 3028 1311 3056 :
1342 3029 1366 3053 «
1388 3009 1485 3067 Qui
1506 3008 1791 3073 sanguinem
1806 3017 1891 3054 aut
1913 3021 2078 3054 semen
2092 3003 2271 3052 biberit
2291 3020 2381 3070 pro

241 3083 398 3147 aliqua
410 3095 703 3150 re,quatuor
717 3088 855 3135 annis
867 3089 1148 3154 poeniteat.»
1171 3092 1319 3136 ltem:
1343 3090 1526 3138 «Piscis
1544 3088 1998 3136 mortuusinventus
2011 3086 2060 3133 in
2073 3084 2271 3132 flumine
2282 3099 2379 3131 non

240 3173 310 3210 est
332 3163 567 3214 edendus.
594 3168 643 3215 Si
670 3183 785 3215 vero
806 3168 1041 3233 piscando
1064 3179 1218 3218 tactus
1242 3170 1386 3218 fuerit
1410 3180 1458 3218 et
1482 3171 1587 3236 ipso
1604 3170 1683 3217 die
1703 3169 1944 3229 inventus,
1971 3167 2055 3232 qui
2077 3182 2178 3213 non
2203 3164 2384 3212 haesitat

288 3350 294 3366 ¹
310 3348 429 3391 Rom,
445 3360 518 3393 cap.
539 3361 574 3393 n,
588 3363 617 3386 v.
637 3356 688 3389 26.
710 3357 770 3380 -²
792 3356 895 3398 opp.‚
916 3361 940 3390 ι.
959 3356 1000 3398 11,
1019 3359 1051 3390 in
1066 3360 1229 3400 append.,
1245 3360 1308 3393 col.
1323 3360 1385 3394 214
1401 3363 1435 3393 et
1446 3359 1520 3393 215.
1533 3374 1574 3386 -
1591 3354 1748 3391 Ῥεαῑοπ.
1768 3364 1869 3396 xuv,
1885 3364 1915 3388 v.
1933 3357 1966 3388 8.

407 3424 437 3448 ιι
2170 3410 2219 3447 43

1345 3496 1367 3522 1
