2638 3866
958 204 1304 253 THEOLOGIA
1340 207 1712 257 CHRlSTlANA.
2322 201 2420 254 483

272 308 631 357 transferimus:
655 322 761 372 quae
784 304 983 371 quidem
1006 305 1243 356 vocabula
1264 306 1488 357 homines
1502 309 1810 357 instituerunt
1822 306 1884 356 ad
1906 315 2146 358 creaturas
2169 306 2423 372 designan-

270 389 360 438 das
384 405 504 454 quas
532 387 795 452 intelligere
813 395 1096 452 potuerunt,
1136 404 1248 435 cum
1271 387 1496 437 videlicet
1524 406 1610 455 per
1639 389 1720 438 illa
1740 389 1977 438 vocabula
1999 404 2123 436 ⁴suos
2156 387 2424 436 intellectus

275 469 578 519 manifestare
610 468 803 516 vellent.
832 470 957 515 Cum
988 467 1151 532 itaque
1176 467 1329 517 homo
1360 486 1503 518 voces
1535 471 1771 519 invenerit
1802 470 1863 518 ad
1889 486 2001 518 suos
2034 469 2301 517 intellectus
2325 483 2424 516 ma-

275 550 588 611 nifestandOS,
616 552 775 598 Deum
807 558 968 596 autem
999 547 1200 597 minime
1230 549 1493 615 intelligere
1515 551 1737 613 sufficiat,
1772 560 1899 599 recte
1928 550 2047 598 illud
2075 549 2316 598 ineffabile
2340 549 2425 597 bo·

275 648 395 679 num
424 631 559 680 effari
585 630 784 678 nomine
806 645 905 677 non
931 637 1003 676 est
1035 645 1205 688 ausus,
1232 630 1364 679 unde
1386 631 1434 678 in
1468 634 1573 679 Deo
1602 632 1791 679 nullum
1826 632 2074 697 propriam
2095 631 2425 679 inventionem

276 711 569 760 vocabulum
598 726 793 771 „servare
817 709 1006 758 videtur
1032 727 1042 756 τ
1070 708 1155 757 sed
1187 712 1353 759 omnia
1386 729 1492 777 quae
1524 712 1586 760 de
1619 728 1679 760 eo
1712 711 1941 760 dicuntur
1963 711 2355 760 translationibus
2379 721 2427 758 et

277 792 564 860 parabolicis
589 791 920 857 aenigmatibus
947 790 1164 838 involuta
1189 802 1320 854 sunt,
1345 803 1392 840 et
1415 810 1502 858 per
1524 793 1887 842 similitudinem
1905 793 2116 858 aliquam
2134 794 2428 858 vestigantur

276 890 332 922 ex
361 883 497 939 parte
529 872 689 938 aliqua
719 872 990 932 inductam,
1019 881 1071 919 ut
1093 871 1274 937 aliquid
1302 873 1364 921 de
1390 873 1470 921 illa
1494 874 1728 922 ineffabili
1754 875 1999 940 majestate
2026 873 2317 940 suspicando
2342 891 2428 939 po-

278 955 372 1003 tius
401 971 548 1020 quam
572 953 886 1019 intelligendo
919 953 1248 1017 degustemus.
1282 957 1342 1001 Et
1376 956 1610 1020 quoniam
1642 956 1804 1003 minus
1826 955 2066 1022 plenarias
2098 955 2430 1004 similitudines

278 1036 550 1084 invenimus
590 1034 652 1083 ad
691 1034 813 1083 illud
847 1033 983 1099 quod
1016 1034 1257 1099 singulare
1293 1045 1365 1083 est
1399 1035 1727 1099 inducendas,
1764 1037 1925 1084 minus
1959 1036 2021 1084 de
2058 1053 2117 1084 eo
2164 1036 2431 1084 satisfacere

280 1134 536 1183 possumus
573 1133 661 1183 per
691 1115 1067 1164 similitudines:
1107 1132 1226 1181 quas
1262 1126 1422 1165 tamen
1458 1134 1716 1183 possumus
1752 1118 2103 1183 aggrediemur,
2143 1119 2349 1167 maxime
2383 1127 2434 1165 ut

280 1198 832 1264 pseudodialecticorum
868 1197 1283 1262 importunitatem
1322 1198 1595 1248 refellamus
1615 1235 1627 1258 ‚
1674 1215 1885 1263 quorum
1929 1199 2206 1266 disciplinas
2257 1209 2306 1248 et
2344 1217 2434 1247 nos

280 1279 532 1345 paululum
568 1279 876 1343 attingimus,
916 1288 1064 1343 atque
1096 1278 1220 1326 adeo
1261 1280 1312 1327 in
1348 1280 1518 1328 studiis
1560 1297 1733 1328 eorum
1767 1281 2091 1347 profecimus,
2130 1291 2184 1328 ut
2219 1282 2433 1328 Domino

280 1361 556 1426 adjuvante,
581 1362 696 1427 ipsis
727 1361 777 1408 in
809 1360 901 1408 hac
933 1377 984 1408 re
1009 1376 1098 1426 per
1124 1360 1364 1409 humanas
1395 1362 1624 1423 rationeS,
1657 1379 1775 1427 quas
1803 1364 1929 1411 solas
1957 1362 2234 1410 desiderant
2252 1400 2264 1422 ,
2299 1364 2434 1410 satis·

281 1443 434 1491 facere
474 1459 565 1491 nos
612 1459 753 1509 posse
789 1440 1110 1490 confidamus.
1152 1442 1308 1490 Habet
1346 1443 1475 1490 enim
1509 1442 1747 1492 humanas
1789 1445 1933 1498 etiam
1971 1445 2182 1492 rationes
2214 1443 2437 1491 conditor

281 1526 384 1590 ipse
432 1524 664 1584 rationis,
708 1522 884 1588 quibus
931 1523 1213 1571 animalium
1259 1523 1516 1572 hominum
1562 1542 1648 1573 ora
1694 1524 1943 1573 obstruere
1992 1526 2170 1591 possit,
2218 1525 2302 1590 qui
2350 1541 2438 1572 nos

282 1623 370 1672 per
414 1607 691 1672 Sapientem
738 1605 875 1652 illum
918 1605 1149 1653 admonet
1192 1605 1355 1654 dicens
1377 1609 1389 1632 ¹
1432 1625 1443 1654 :
1480 1627 1503 1651 ε(
1526 1607 1780 1672 Responde
1828 1607 1974 1655 stulto
2013 1607 2147 1671 juxta
2191 1606 2438 1654 stultitiam

283 1703 446 1749 suam,
483 1703 545 1734 ne
585 1685 675 1733 sibi
714 1685 903 1750 sapiens
944 1703 1046 1734 esse
1082 1686 1358 1734 videatur.»
1405 1689 1476 1734 De
1514 1687 1650 1751 cujus
1683 1687 1829 1734 etiam
1864 1687 2096 1752 sapientia
2131 1687 2315 1753 inipso
2351 1689 2440 1733 Sa·-

276 1770 474 1833 pientiae
501 1767 627 1815 libro
660 1767 788 1814 inter
809 1777 991 1814 ceteras
1015 1768 1163 1834 ipsius
1195 1767 1362 1815 laudes
1397 1768 1593 1815 dicitur-²
1618 1786 1630 1815 ε
1660 1787 1683 1812 α
1701 1768 1798 1815 Scit
1818 1769 2052 1815 versutias
2079 1784 2362 1816 sermonum
2394 1777 2441 1814 et

282 1849 645 1914 dispositiones⁸
675 1857 1136 1914 argumentorum.»
1165 1848 1288 1895 Illud
1316 1858 1477 1896 autem
1506 1849 1721 1915 primum
1749 1865 2084 1897 removeamus
2116 1848 2436 1908 obstaculum,

284 1928 419 1994 quod
451 1928 513 1976 de
544 1927 814 1976 differentia
839 1917 1159 1992 personarum
1193 1929 1336 1976 unius
1366 1938 1414 1976 et
1435 1929 1653 1993 ejusdem
1687 1930 1879 1995 penitus
1911 1931 2125 1978 essentiae
2155 1941 2437 1996 opponunt,

283 2027 398 2058 cum
431 2009 509 2057 hic
541 2008 822 2057 differentiae
862 2009 1039 2058 modus
1078 2018 1177 2057 tam
1221 2009 1528 2076 philosophis
1569 2027 1720 2075 quam
1757 2011 1927 2058 ceteris
1961 2010 2188 2058 omnibus
2226 2011 2442 2058 videatur

288 2092 500 2156 ignotus.

353 2172 500 2231 Quod
519 2183 680 2221 autem
708 2173 1031 2240 Porphyrium
1052 2170 1196 2219 nobis
1216 2181 1492 2237 opponunt,
1522 2172 1605 2236 qui
1628 2171 1690 2219 de
1712 2171 1992 2219 differentiis
2016 2182 2243 2231 tractans,
2270 2172 2442 2220 modos

288 2254 669 2303 differentiarum
701 2255 935 2313 distinxit,
970 2253 1061 2300 sub
1088 2253 1266 2318 quibus
1296 2253 1471 2301 modus
1494 2254 1581 2302 iste
1605 2253 1885 2301 differentiae
1906 2270 2225 2319 personarum
2257 2271 2363 2319 quae
2393 2255 2441 2301 in

287 2338 392 2383 Deo
431 2345 545 2384 sunt
576 2354 678 2384 non
714 2336 860 2398 cadit,
899 2334 1019 2382 nihil
1050 2334 1270 2401 impedit.
1307 2334 1376 2382 lbi
1405 2335 1587 2401 quippe
1613 2335 1924 2383 solummodo
1953 2335 2245 2397 differentias
2276 2345 2445 2384 tractat

286 2433 395 2482 quae
431 2418 482 2464 in
521 2417 689 2466 formis
726 2417 1018 2475 consistunt,
1064 2415 1263 2480 quando
1299 2415 1522 2464 videlicet
1554 2433 1630 2464 res
1665 2416 1883 2464 discretae
1907 2417 2108 2465 diversis
2145 2417 2207 2464 ab
2240 2418 2443 2464 invicem

290 2495 457 2542 formis
489 2495 685 2555 distant,
716 2496 791 2544 vel
814 2495 986 2544 eadem
1012 2510 1088 2541 res
1113 2511 1202 2559 per
1228 2494 1406 2543 formas
1433 2494 1525 2542 sibi
1555 2495 1764 2543 invicem
1787 2495 2098 2543 succedentes
2127 2504 2439 2560 permutatur.

291 2579 345 2623 In
370 2578 475 2624 Deo
504 2587 667 2625 autem
692 2577 833 2625 nullae
858 2576 1024 2623 formae
1043 2584 1171 2637 sunt,
1198 2592 1289 2623 nec
1312 2584 1473 2624 tamen
1498 2576 1614 2624 ideo
1635 2577 1795 2624 minus
1820 2593 1932 2623 eum
1959 2593 1985 2623 a
2006 2577 2235 2623 creaturis
2254 2575 2444 2622 differre

290 2643 520 2718 dicimus,
558 2658 670 2706 licet
700 2657 997 2723 Porphyrius
1042 2657 1093 2702 in
1131 2665 1335 2705 tractatu
1364 2656 1642 2705 differentiae
1677 2657 1803 2704 hanc
1837 2656 2155 2704 differentiam
2191 2673 2292 2703 non
2329 2673 2447 2703 con-

293 2748 531 2785 numeret.
573 2739 751 2786 Multos
785 2739 929 2785 etiam
965 2737 1084 2784 alios
1128 2736 1409 2785 differentiae
1446 2738 1622 2786 modos
1655 2747 1825 2802 praeter
1857 2737 1948 2785 hos
1986 2754 2109 2802 quos
2151 2737 2446 2803 Porphyrius

293 2818 560 2882 distinguit,
581 2819 718 2867 fateri
739 2819 960 2882 cogimur
988 2835 998 2863 ι
1027 2828 1151 2881 quos
1183 2825 1354 2866 omnes
1378 2828 1432 2865 ut
1465 2819 1654 2883 plenius
1685 2836 1742 2867 ac
1769 2818 2044 2883 diligentius
2071 2834 2443 2883 prosequamur,

296 2899 691 2964 distinguendum
715 2910 787 2947 est
812 2907 933 2963 quot
961 2906 1009 2944 et
1031 2897 1211 2962 quibus
1234 2898 1394 2946 modis
1417 2899 1548 2947 idem
1572 2900 1851 2965 accipiatur,
1877 2900 1976 2947 sive
2005 2899 2150 2946 etiam
2180 2899 2443 2957 diversum,

295 2982 557 3046 praesertim
590 2998 703 3029 cum
742 2980 889 3027 totius
920 2979 1262 3030 controversiae
1298 2996 1488 3028 summa
1524 2997 1581 3028 ex
1611 2980 1858 3029 identitate
1894 2980 2069 3028 divinae
2097 2979 2374 3028 substantiae
2404 2992 2451 3028 et.

294 3061 571 3110 diversitate
603 3077 922 3128 personarum
944 3058 1182 3123 pendeat,
1216 3076 1307 3108 nec
1335 3061 1471 3110 aliter
1500 3062 1603 3127 ipsa
1634 3071 1780 3127 queat
1814 3061 2062 3109 terminari
2096 3063 2447 3120 controversia,

300 3143 392 3191 nisi
428 3142 742 3191 ostendamus
764 3141 893 3189 hanc
922 3138 1220 3188 identitatem
1255 3141 1615 3190 illisdiversitati
1638 3159 1740 3191 non
1770 3160 1872 3191 esse
1895 3141 2204 3191 contrariam.
2233 3145 2377 3201 Quod
2403 3153 2452 3190 ut

352 3328 491 3370 ¹1’rov.,
510 3337 582 3369 cap.
603 3337 701 3370 xxvi,
722 3337 750 3360 v.
766 3330 798 3361 5.
819 3346 857 3352 —
873 3330 885 3349 ²
899 3329 1002 3370 Sap.,
1022 3337 1095 3369 cap.
1113 3336 1183 3369 vm,
1200 3337 1231 3359 v.
1250 3328 1280 3362 8.
1300 3330 1339 3352 -ἑ
1353 3327 1365 3349 ⁸
1378 3326 1415 3360 ln
1432 3328 1562 3369 vulgata
1580 3329 1725 3363 editione
1749 3329 1999 3365 dissolutiones.
