2638 3866
803 200 1194 250 INTRODUCTIO
1230 202 1311 250 AD
1344 201 1752 251 THEOLOGlAM.
2295 206 2347 253 8⁴

210 319 310 370 quo
329 302 528 368 quidem
551 312 600 351 et
622 317 888 369 congruam
905 303 1064 351 statim
1088 303 1451 352 similitudinem
1475 303 1711 352 inducens
1736 306 1819 353 ait·
1842 327 1851 353 ;
1884 325 1908 351 «
1932 308 2050 365 Quae
2072 306 2174 354 sine
2197 307 2356 369 anima

210 393 322 431 sunt
337 399 507 432 vocem
523 383 704 446 dantia,
725 383 824 431 sive
849 383 983 445 tibia,
1007 384 1107 432 sive
1124 385 1323 446 cithara,
1350 385 1441 434 nisi
1465 384 1821 433 distinctionem
1844 387 2090 434 sonituum
2115 386 2353 448 dederint,

210 464 461 530 quomodo
484 466 658 513 scietur
678 464 814 531 quod
834 465 1040 527 canitur,
1065 475 1148 514 aut
1174 464 1512 515 citharizatur?
1537 467 1725 514 Etenim
1754 468 1792 514 si
1827 470 2059 516 incertam
2083 484 2253 516 vocem
2277 468 2359 517 det

208 544 343 606 tuba,
375 546 483 612 quis
510 545 699 613 parabit
726 563 777 594 se
812 545 876 594 ad
903 544 1363 613 bellumPItaergo
1396 557 1444 595 et
1474 564 1563 595 vos
1597 564 1684 613 per
1706 537 1916 613 linguam
1935 550 2024 597 nisi
2050 549 2356 598 manifestum

209 643 483 676 sermonem
506 626 749 688 dederitis,
777 626 1030 693 quomodo
1057 628 1232 676 scietur
1254 628 1304 676 id
1323 628 1457 694 quod
1481 626 1691 676 dicitur?
1722 629 1864 678 Eritis
1891 630 2019 677 enim
2055 631 2102 677 in
2141 646 2251 679 aera
2282 630 2357 679 lo—

209 718 426 772 quentes.
456 729 478 752 >›
513 709 660 768 Quasi
695 708 928 757 inutiliter
963 725 1123 757 aerem
1159 709 1316 757 solum
1351 709 1558 758 exterius
1590 708 1752 773 lingua
1782 709 2104 770 verberantes,
2142 729 2241 759 non
2272 728 2357 760 cor

207 788 407 836 interius
438 806 526 855 per
548 789 912 854 intelligentiam
933 791 1283 856 contingentes.
1315 793 1375 838 Et
1396 792 1587 838 rursus’
1615 808 1625 836 :
1657 793 1800 854 «Ego
1825 791 1863 837 si
1892 791 2107 839 nesciero
2131 792 2356 840 virtutem

207 870 354 931 vocis,
383 886 468 918 ero
491 871 534 918 ei
556 872 633 919 cui
654 871 850 937 loquor,
876 870 1128 933 barbarus,
1156 881 1202 919 et
1225 872 1311 937 qui
1330 870 1544 937 loquitur
1576 871 1695 918 mihi
1717 870 1968 932 barbarus,
1991 871 2059 919 sic
2084 881 2130 919 et
2152 889 2239 920 vos
2260 884 2351 921 etc.

207 951 376 998 Omnis
401 953 485 1017 qui
506 953 722 1018 loquitur
742 953 905 1017 lingua
923 990 935 1014 ,
963 961 1068 1000 oret
1090 962 1143 1000 ut
1167 952 1525 1019 interpretetur.
1553 971 1577 998 »
1604 951 1751 1015 Quid,
1779 969 1960 1018 quaeso,
1984 952 2210 1002 virtutem
2227 955 2357 1003 vocis

176 1093 178 1095 ‚
205 1030 338 1092 dicit,
364 1032 456 1104 nisi
492 1034 594 1099 ejus
618 1033 982 1099 intelligentiam
1010 1043 1209 1100 propter
1230 1051 1380 1099 quam
1402 1043 1474 1082 est
1495 1031 1714 1100 reperta?
1734 1033 1880 1093 Quod
1914 1034 2059 1082 etiam
2092 1033 2277 1097 beatus,
2307 1046 2358 1083 ut

137 1177 142 1180 ᾖ
205 1127 350 1177 supra
386 1114 712 1175 meminimus,
753 1114 1007 1163 attendens
1032 1116 1319 1181 Augustinus
1350 1134 1359 1162 :
1392 1135 1415 1161 «
1445 1115 1575 1174 Quid
1609 1115 1836 1181 prodest,
1875 1115 2054 1180 inquit,
2098 1114 2356 1164 locutionis

206 1192 450 1258 integritas
474 1211 623 1261 quam
647 1212 748 1243 non
770 1196 987 1261 sequitur
1017 1195 1288 1245 intellectus
1313 1196 1570 1256 audientis,
1605 1214 1716 1244 cum
1743 1196 1978 1261 loquendi
2001 1197 2204 1244 omnino
2228 1197 2357 1245 nulla

205 1273 265 1320 sit
285 1290 446 1337 causa,
474 1276 514 1323 si
538 1276 674 1342 quod
698 1276 944 1343 loquimur
973 1294 1073 1325 non
1102 1277 1374 1342 intelligunt
1409 1287 1607 1344 propter
1641 1295 1783 1343 quos,
1814 1287 1864 1325 ut
1894 1277 2176 1342 intelligant,
2203 1279 2358 1344 loqui-

206 1356 340 1403 mur?
368 1375 391 1401 n
427 1357 523 1416 Qui
559 1359 705 1406 etiam
738 1368 839 1406 tam
869 1358 1131 1407 verborum
1161 1359 1523 1423 intelligentiam
1554 1360 1604 1406 in
1634 1358 1843 1406 Ecclesia
1873 1360 2190 1407 necessariam
2218 1360 2356 1419 dicit,

205 1446 257 1483 ut
277 1453 390 1485 cum
413 1437 481 1501 ibi
505 1438 675 1505 aliquae
695 1439 1062 1488 benedictiones
1084 1439 1224 1500 fiunt,
1252 1457 1353 1488 non
1386 1440 1560 1488 debeat
1582 1442 1730 1488 Amen
1754 1439 2053 1506 responderi,
2084 1440 2178 1488 nisi
2199 1440 2261 1487 ab
2285 1441 2357 1488 in·

205 1516 553 1583 telligentibus,
597 1520 681 1585 qui
710 1520 931 1569 videlicet
962 1521 1235 1570 discernere
1270 1521 1456 1586 possint
1482 1538 1544 1569 an
1573 1520 1926 1570 benedictionis
1954 1520 2100 1569 verba
2141 1522 2259 1581 sint,
2298 1538 2358 1569 an

204 1599 572 1649 maledictionis.
600 1620 623 1647 «
645 1601 927 1663 Quomodo,
954 1623 976 1647 »
996 1603 1194 1668 inquit³,
1227 1622 1249 1646 «
1274 1601 1401 1649 dicet
1425 1605 1574 1649 Amen
1610 1618 1755 1668 super
1786 1611 1920 1649 tuam
1946 1600 2355 1662 benedictionem,

204 1680 403 1744 quando
427 1699 532 1746 quae
552 1682 683 1731 dicas
705 1681 893 1731 nescit?
912 1702 937 1728 »
966 1685 1024 1731 Et
1046 1685 1263 1731 rursum*
1285 1701 1294 1728 :
1326 1703 1348 1727 «
1374 1684 1562 1730 Gratias
1585 1699 1674 1746 ago
1698 1685 1804 1730 Deo
1841 1699 1970 1740 meo,
2001 1683 2234 1747 quoniam
2263 1699 2362 1730 om-

206 1761 340 1808 nium
364 1771 577 1810 vestrum
599 1762 763 1827 lingua
803 1763 995 1830 loquor.
1034 1763 1130 1812 Sed
1170 1764 1219 1811 in
1259 1763 1470 1811 Ecclesia
1497 1763 1610 1811 volo
1645 1764 1857 1828 quinque
1884 1763 2031 1811 verba
2071 1780 2215 1811 sensu
2250 1781 2359 1812 meo

203 1841 356 1907 loqui,
377 1852 431 1890 ut
450 1853 498 1891 et
515 1843 634 1892 alios
658 1845 914 1908 instruam,
938 1861 1087 1910 quam
1111 1844 1280 1893 decem
1303 1843 1566 1893 verborum
1591 1845 1739 1892 millia
1772 1845 1820 1892 in
1850 1843 2030 1908 lingua.
2050 1865 2072 1887 >2
2114 1846 2171 1892 Et
2202 1846 2361 1893 statim

204 1922 263 1970 ad
298 1923 644 1989 perfectionem
673 1925 998 1992 intelligentiae
1039 1943 1287 1975 sacrorum
1321 1925 1585 1974 verborum
1624 1943 1714 1973 nos
1746 1925 2052 1988 adhortans⁵,
2096 1945 2119 1970 «
2156 1928 2358 1983 Fratres,

205 2004 380 2069 inquit,
410 2006 560 2054 nolite
585 2008 724 2073 pueri
760 2007 885 2055 effici
911 2007 1150 2070 sensibus,
1190 2007 1274 2056 sed
1308 2007 1488 2055 malitia
1518 2007 1704 2073 parvuli
1746 2016 1914 2067 estote,
1949 2006 2168 2056 sensibus
2199 2016 2360 2054 autem

206 2085 421 2150 perfecti.
455 2108 477 2130 >2
509 2088 605 2146 Qui
633 2088 778 2137 etiam
810 2106 895 2137 eos
923 2090 1005 2154 qui
1039 2107 1144 2155 quae
1168 2089 1432 2155 praedicant
1463 2105 1708 2154 exponere
1736 2105 1853 2150 non,
1872 2086 2131 2148 sufficiunt,
2171 2098 2362 2153 quantae

205 2165 414 2215 irrisioni
446 2169 540 2216 sint
566 2168 805 2232 habendi,
838 2187 939 2218 non
979 2171 1145 2219 reticet
1176 2170 1396 2219 dicens⁶z
1429 2191 1452 2214 ιι
1481 2171 1529 2218 Si
1566 2187 1681 2235 ergo
1715 2170 1974 2218 conveniat
2016 2170 2238 2218 universa
2275 2172 2362 2217 Ec-

204 2247 349 2295 clesia
383 2250 431 2296 in
469 2266 640 2312 unum,
681 2267 853 2299 omnes
887 2251 1062 2316 linguis
1089 2251 1374 2317 loquantur,
1408 2253 1590 2299 intrent
1625 2261 1788 2299 autem
1816 2251 1976 2299 idiotae
2009 2260 2092 2298 aut
2125 2249 2358 2312 infideles,

205 2344 371 2377 nonne
390 2329 553 2378 dicent
569 2331 705 2395 quod
726 2332 977 2380 insanitis?
1002 2351 1025 2378 »
1048 2332 1189 2380 Unde
1212 2343 1259 2380 et
1281 2342 1392 2398 post
1412 2333 1574 2398 aliqua
1590 2332 1651 2380 de
1670 2332 1753 2380 illo
1771 2333 1854 2397 qui
1869 2332 2112 2398 praedicat,
2132 2331 2325 2395 adjecit⁷
2346 2349 2357 2376 :

209 2429 231 2452 (ε
259 2409 308 2456 Si
330 2420 492 2458 autem
515 2428 616 2459 non
640 2412 782 2461 suerit
803 2414 1057 2480 interpreS,
1084 2423 1239 2462 taceat
1262 2415 1310 2460 in
1332 2413 1560 2474 Ecclesia,
1586 2412 1675 2461 sibi
1699 2422 1863 2460 autem
1882 2412 2110 2477 loquatur
2132 2422 2178 2459 et
2196 2415 2318 2459 Deo.
2336 2432 2357 2454 »

205 2491 273 2538 Ac
299 2491 338 2537 si
372 2501 535 2557 aperte
562 2492 691 2541 dicat
713 2512 724 2540 ε
751 2510 851 2542 non
885 2504 1144 2560 praesumat
1180 2494 1316 2559 loqui
1339 2493 1641 2556 hominibus,
1670 2494 1755 2559 qui
1777 2494 1840 2542 ad
1871 2493 2216 2558 exponendum
2258 2509 2362 2557 quae

205 2570 337 2632 dicit,
365 2588 466 2619 non
490 2572 694 2635 sufficit3
721 2574 807 2622 sed
830 2575 982 2639 magis
1005 2575 1066 2623 ad
1090 2578 1264 2631 Deum,
1294 2575 1379 2639 qui
1401 2575 1700 2640 expositione
1718 2591 1819 2621 uon
1842 2573 2041 2637 indiget,
2071 2574 2119 2620 in
2134 2590 2230 2620 suae
2250 2571 2362 2620 fidei

206 2651 508 2701 confessione
549 2654 698 2703 verba
741 2665 1011 2717 convertat,
1050 2673 1198 2721 quam
1235 2656 1297 2703 ad
1335 2656 1592 2703 hominum
1634 2655 1908 2703 doctrinam
1944 2653 2091 2701 verba
2133 2670 2239 2719 quae
2261 2670 2359 2702 non

207 2732 549 2798 intelligantur,
570 2735 741 2783 frustra
756 2737 986 2802 proferat.
1016 2737 1064 2783 Si
1083 2746 1249 2783 autem
1269 2751 1352 2783 eos
1375 2736 1459 2799 qui
1482 2735 1762 2800 praedicant,
1787 2751 1897 2782 cum
1915 2733 1994 2781 illa
2007 2750 2114 2799 quae
2135 2734 2364 2782 dicuntur

208 2829 448 2877 exponere
468 2831 568 2861 non
584 2815 846 2878 sufficiunt,
873 2833 1059 2864 cessare
1084 2816 1316 2863 convenit
1339 2831 1365 2862 a
1386 2815 1743 2880 praedicatione,
1771 2823 1954 2879 quanto
1970 2815 2121 2879 magis
2138 2831 2251 2863 cum
2272 2832 2362 2863 nec

208 2877 298 2958 ipsi
323 2894 598 2958 intelligunt
630 2911 687 2942 ea
716 2913 822 2960 quae
862 2897 1141 2962 proferunt,
1179 2904 1227 2942 et
1264 2903 1366 2942 tota
1399 2911 1572 2942 eorum
1608 2894 1727 2942 fides
1751 2895 1800 2941 in
1838 2911 1923 2942 ore
1954 2895 2118 2960 potius
2142 2912 2290 2960 quam
2312 2896 2362 2943 in

208 2973 357 3022 corde
375 2975 623 3037 consistat,
643 2992 753 3023 cum
773 2993 800 3023 e
823 2978 1069 3024 contrario
1090 2975 1222 3023 dicat
1244 2975 1553 3042 Apostolus⁸:
1585 2995 1606 3021 α
1629 2975 1787 3023 Corde
1803 2975 2016 3024 creditur
2035 2976 2094 3024 ad
2109 2977 2357 3041 justitiam,

209 3070 293 3101 ore
313 3064 474 3102 autem
498 3055 738 3103 confessio
755 3055 809 3104 fit
827 3056 890 3104 ad
907 3057 1139 3106 salutem?
1158 3077 1180 3103 η
1205 3057 1302 3116 Qui
1326 3057 1454 3105 enim
1480 3055 1614 3120 quod
1638 3055 1755 3103 dicit
1768 3073 1869 3104 non
1892 3056 2126 3121 intelligit,
2146 3057 2362 3123 profecto

252 3262 463 3313 ¹1⁸00rineh.
481 3294 483 3305 =
503 3276 574 3307 cap.
594 3276 660 3306 xiv,
688 3278 717 3301 v.
749 3271 764 3302 7
784 3274 816 3301 et
828 3277 877 3310 sq.
906 3286 944 3293 —
963 3269 1095 3312 ²1bid.‚
1115 3279 1146 3305 r.
1166 3271 1213 3304 11.
1237 3287 1272 3293 —-
1290 3269 1400 3302 ³1bz'd.
1421 3279 1452 3301 v.
1473 3270 1523 3303 16.
1537 3286 1579 3294 -—
1594 3270 1604 3289 ⁴
1622 3269 1711 3302 [bid.
1733 3279 1761 3302 v.
1784 3270 1833 3302 18.
1850 3285 1889 3293 -
1903 3269 1915 3290 ⁵
1929 3268 2032 3307 Ibid·‚
2050 3276 2079 3301 V·
2098 3270 2150 3301 20·
2171 3285 2207 3291 ···
2235 3268 2247 3288 ⁸
2261 3266 2336 3300 'bid
2353 3287 2362 3301 ¹

205 3325 235 3349 v.
253 3319 348 3350 23.—
361 3319 483 3360 τΠ)ιίἰ.,
504 3331 532 3353 v.
551 3324 602 3355 28.
616 3325 673 3347 —⁸
686 3324 798 3365 Rom„
816 3333 888 3365 cap.
907 3333 941 3364 x,
953 3333 981 3357 v.
1004 3327 1052 3359 10.
1919 3320 1928 3327 s

2148 3384 2189 3420 Η
