2638 3866
248 247 298 292 54
311 247 342 290 2
1053 240 1225 287 PETRl
1261 241 1434 287 ABAEL
1441 241 1580 289 ARDI

248 361 424 404 unum,
446 354 492 391 et
516 343 662 391 sessio
688 352 736 389 et
755 341 951 401 sedens,
980 340 1149 388 eadem
1171 340 1362 406 penitus
1384 341 1584 389 fortasse
1607 352 1720 390 sunt
1742 343 1791 389 in
1822 341 2187 407 significatione,
2214 360 2315 391 non
2339 345 2391 392 in

247 421 627 480 constructione,
653 419 776 466 sicut
789 418 903 466 alibi
923 417 1198 479 docuimus,
1222 435 1336 466 cum
1358 419 1420 467 de
1440 420 1726 467 discretione
1745 421 2231 486 praedicamentorum
2250 421 2393 470 nobis

247 511 368 550 esset
393 499 714 547 tractandum.
742 498 872 557 Quid
895 500 1038 563 igitur
1061 499 1239 546 mirum
1260 509 1347 561 est,
1375 500 1414 547 si
1433 517 1673 565 ponamus
1694 500 1797 548 haec
1819 501 2019 548 nomina
2038 504 2179 549 Pater
2197 511 2244 549 et
2262 505 2394 549 Deus

247 582 555 645 omnipotens
592 579 807 645 ejusdem
839 580 1030 645 penitus
1064 596 1166 627 esse
1201 579 1563 644 significationis
1590 582 1639 628 in
1678 584 1809 641 De0,
1847 598 1947 628 non
1982 592 2143 628 tamen
2178 581 2394 645 ejusdem

247 660 621 709 constructionis
655 677 756 708 esse
782 661 1123 723 concedamus,
1150 678 1241 708 nec
1272 678 1328 709 ea
1360 661 1409 708 in
1435 672 1663 709 contextu
1695 662 1927 710 orationis
1953 661 2178 709 eumdem
2203 662 2393 727 penitus

246 740 489 789 custodire
502 741 727 788 sensum?
744 744 896 806 Atque
919 742 982 789 ita
1000 741 1160 790 dicere
1181 741 1344 789 licebit
1363 742 1498 807 quod
1513 742 1615 790 haec
1634 743 1909 790 enunciatio
1930 746 2104 789 «Pater
2116 752 2186 789 est
2199 751 2389 807 potens,

248 822 348 869 sive
373 822 581 887 sapiens,
606 832 688 869 aut
717 821 979 887 benignus⁷
999 841 1022 867 »
1048 822 1111 870 ad
1138 822 1437 871 identitatem
1462 833 1652 871 tantum
1679 823 1893 871 essentiae
1920 823 1979 870 sit
2008 822 2389 884 accommodata,

250 918 305 948 ac
329 901 368 948 si
391 901 579 950 dicatur
604 901 739 966 quod
761 903 800 950 is
824 904 908 968 qui
932 906 1072 950 Pater
1102 913 1202 962 est,
1241 904 1301 950 sit
1328 914 1520 969 potens,
1556 907 1655 951 sive
1692 904 1882 969 sapiens
1905 912 1987 950 aut
2009 902 2266 967 benignus.
2287 906 2399 950 Haec

248 991 410 1029 autem
439 972 714 1031 enunciatio
745 1003 767 1028 α
787 986 926 1031 Pater
948 994 1018 1031 est
1049 984 1193 1031 Filius
1222 984 1321 1032 sive
1356 984 1560 1050 Spiritus
1592 993 1810 1044 sanctus,
1830 1003 1852 1028 »
1885 983 1949 1031 ad
1979 982 2307 1037 identitatem,
2340 993 2396 1030 ut

249 1063 433 1110 dictum
463 1073 551 1126 est,
593 1064 900 1130 proprietatis
934 1065 1277 1113 tantummodo
1314 1075 1514 1130 spectat,
1553 1074 1606 1111 ut
1644 1064 1865 1112 videlicet
1894 1063 2023 1111 idem
2057 1063 2117 1110 sit
2147 1063 2396 1128 utriusque

250 1144 521 1210 proprium,
551 1155 605 1192 ut
629 1145 903 1210 expositum
926 1155 1013 1207 est,
1043 1145 1250 1210 ideoque
1271 1144 1615 1193 tantummodo
1650 1143 1765 1192 falsa
1800 1154 1871 1192 est
1890 1144 2183 1192 enunciatio.
2223 1146 2398 1191 Praete-

248 1244 330 1274 rea
353 1230 459 1292 quis
489 1245 547 1276 ex
576 1229 889 1295 suprapositis
917 1229 1108 1277 edoceri
1140 1246 1240 1276 non
1273 1229 1448 1294 possit,
1474 1227 1609 1293 quod
1638 1244 1739 1275 non
1770 1227 1900 1276 idem
1922 1228 2112 1293 penitus
2143 1237 2316 1274 sonent
2345 1227 2396 1274 in

248 1310 351 1355 Deo
383 1308 484 1355 haec
516 1309 720 1357 nomina
754 1312 893 1357 Pater
923 1321 970 1358 et
991 1313 1201 1372 Potens;
1228 1320 1276 1358 et
1296 1309 1442 1357 Filius
1479 1319 1527 1356 et
1557 1309 1782 1374 Sapiens3
1819 1319 1866 1357 et
1901 1309 2104 1375 Spiritus
2135 1318 2327 1356 sanctus
2351 1316 2398 1355 et

250 1389 521 1452 Benignus?
544 1388 769 1454 Alioquin
793 1407 895 1438 non
920 1391 1069 1455 magis
1094 1390 1289 1438 relative
1312 1391 1523 1437 invicem
1545 1389 1817 1437 dicerentur
1835 1393 1975 1438 Pater
1993 1399 2041 1436 et
2061 1388 2222 1449 Filius,
2251 1404 2397 1452 quam

250 1472 426 1516 Potens
453 1479 502 1517 et
529 1470 757 1536 Sapiens;
782 1471 860 1519 vel
895 1472 1098 1536 Spiritus
1127 1480 1319 1519 sanctus
1342 1471 1405 1519 ad
1438 1474 1630 1518 Patrem
1658 1480 1706 1517 et
1733 1470 1925 1530 Filium,
1959 1485 2106 1534 quam
2136 1469 2393 1532 Benignus.

248 1551 356 1596 Non
372 1550 534 1615 itaque
551 1553 690 1598 Pater
704 1551 800 1599 hoc
816 1568 995 1599 nomen
1013 1562 1153 1599 sonat
1170 1551 1510 1599 tantummodo
1533 1550 1749 1598 divinam
1763 1544 2047 1617 potentiam,
2067 1565 2237 1597 verum
2255 1548 2401 1596 etiam

249 1630 403 1694 ipsam
428 1640 482 1677 ut
503 1631 778 1694 gignentem
795 1631 1085 1680 determinat
1103 1652 1114 1692 ;
1138 1649 1193 1679 ac
1217 1633 1256 1679 si
1277 1633 1342 1679 ita
1361 1631 1565 1692 dicatur,
1599 1631 1814 1680 «Divina
1833 1630 2052 1678 Potentia
2074 1644 2306 1694 generans
2329 1628 2402 1676 di-

248 1710 413 1756 vinam
428 1711 772 1775 Sapientiam.»
794 1716 890 1760 Nec
909 1713 1052 1759 Filius
1075 1713 1354 1777 simpliciter
1366 1713 1577 1760 ostendit
1599 1711 1814 1759 divinam
1838 1711 2150 1776 Sapientiam,
2168 1726 2337 1759 verum
2354 1718 2402 1756 et

249 1791 404 1856 ipsam
438 1791 673 1856 significat
709 1803 959 1858 tamquam
989 1810 1046 1841 ex
1086 1797 1224 1841 Patre
1255 1795 1480 1857 genitam.
1517 1792 1612 1840 Sed
1647 1803 1694 1840 et
1727 1793 1930 1858 Spiritus
1961 1802 2153 1839 sanctus
2187 1791 2402 1838 divinam

252 1872 525 1919 Bonitatem
553 1882 802 1937 tamquam
831 1891 860 1922 a
893 1877 1033 1922 Patre
1061 1884 1108 1921 et
1135 1874 1254 1921 Filio
1277 1873 1624 1938 procedentem
1649 1873 1953 1920 determinat.
1977 1870 2117 1918 Unde
2145 1880 2274 1918 recte
2300 1869 2402 1916 haec

252 1952 452 2000 nomina
468 1955 622 2014 Pater,
643 1953 803 2016 Filius,
821 1955 1025 2020 Spiritus
1043 1964 1255 2016 sanctus,
1271 1954 1526 2002 discretiva
1545 1970 1863 2019 personarum
1874 1961 1986 2000 sunt
2007 1950 2132 1998 :hoc
2151 1960 2221 1998 est
2236 1966 2404 1997 earum

253 2031 315 2078 ab
343 2033 550 2080 invicem
579 2033 907 2082 diversitatem
934 2035 1281 2096 monstrantia3
1316 2051 1430 2081 cum
1459 2034 1684 2082 videlicet
1705 2034 1834 2080 hanc
1859 2048 2116 2099 personam
2156 2041 2405 2095 tamquam

251 2123 579 2176 generantem,
615 2114 748 2162 illam
772 2126 1019 2179 tamquam
1043 2125 1322 2180 generatam
1354 2114 1416 2162 ab
1443 2115 1532 2163 ista
1548 2151 1561 2175 ,
1589 2125 1638 2162 et
1659 2130 1824 2161 rursus
1847 2112 1990 2160 aliam
2021 2121 2269 2176 tamquam
2292 2127 2406 2176 proa-

252 2192 505 2240 cedentem
543 2211 602 2241 ex
635 2196 735 2243 istis
770 2196 960 2244 duabus
994 2196 1096 2244 haec
1132 2197 1334 2243 nomina
1368 2195 1661 2242 discernant.
1701 2193 1935 2251 Quaedam
1971 2193 2101 2240 enim
2136 2191 2407 2239 differentia

252 2289 415 2319 rerum
434 2274 775 2338 praedicatione
799 2276 860 2324 ab
883 2277 1091 2325 invicem
1112 2277 1481 2341 disjunctarum,
1507 2276 1557 2323 in
1580 2274 1789 2322 relativis
1813 2272 2093 2321 nominibus
2114 2273 2400 2333 insinuatur,

255 2352 384 2399 unde
409 2354 513 2417 ipsa
541 2354 603 2402 ab
631 2356 881 2404 Aristotele
909 2358 1135 2423 opposita
1164 2357 1421 2418 dicuntur3
1449 2367 1497 2403 et
1525 2355 1747 2420 quaedam
1771 2353 2123 2420 praedicationis
2149 2352 2405 2416 disjunctio

252 2432 470 2480 innuitur
494 2434 545 2480 in
577 2451 635 2482 eo
670 2436 752 2499 qui
777 2447 972 2499 generat
994 2447 1041 2484 et
1069 2438 1154 2502 qui
1180 2436 1242 2485 ab
1264 2438 1373 2508 ipso
1385 2446 1675 2501 ‘generatum
1710 2445 1758 2482 et
1783 2435 1835 2481 in
1862 2451 1921 2482 eo
1945 2434 2028 2498 qui
2053 2432 2275 2498 procedit
2304 2441 2351 2478 et
2379 2447 2409 2479 a

253 2512 428 2576 quibus
463 2515 700 2579 procedit.
736 2516 876 2564 Unde
908 2517 1131 2565 mirabile
1164 2534 1266 2565 non
1298 2509 1386 2577 esst,
1414 2517 1454 2563 si
1490 2533 1546 2562 ex
1583 2514 1864 2579 hujusmodi
1889 2527 2206 2578 personarum
2232 2510 2408 2557 discre-

253 2592 386 2641 tione
407 2592 510 2641 haec
537 2595 740 2644 nomina
758 2595 820 2644 ab
843 2597 1050 2645 invicem
1070 2614 1157 2663 per
1180 2596 1576 2663 praedicationem
1597 2595 1838 2659 disjuncta
1859 2594 1954 2640 sint
1980 2610 1991 2638 :
2020 2607 2124 2656 quae
2153 2589 2408 2638 relationes

257 2682 304 2718 et
338 2673 610 2738 significent
635 2687 683 2724 et
714 2677 973 2743 copulent3
1010 2689 1057 2726 et
1083 2695 1185 2726 non
1218 2678 1299 2725 illa
1326 2677 1631 2743 supraposita
1664 2692 1770 2740 quae
1807 2675 2008 2721 minime
2034 2682 2146 2720 sunt
2176 2670 2404 2718 relativa:

259 2753 393 2815 quod
422 2765 470 2802 et
496 2756 610 2821 ipsis
639 2774 838 2823 quoque
870 2776 1034 2806 rerum
1057 2758 1260 2807 aliarum
1284 2756 1676 2823 generationibus
1698 2772 1783 2803 seu
1816 2753 2142 2802 creationibus
2173 2751 2310 2798 facile
2340 2759 2411 2797 est

261 2832 505 2896 assignari,
542 2836 623 2884 ubi
663 2839 807 2887 etiam
843 2840 914 2887 rei
947 2841 1221 2904 generantis
1253 2849 1302 2887 et
1334 2839 1504 2903 genitae
1534 2846 1606 2885 est
1639 2836 1811 2884 eadem
1848 2834 2070 2882 essentia.
2106 2836 2178 2880 Ex
2212 2829 2410 2878 materia

261 2911 440 2977 quippe
467 2915 627 2980 ipsum
658 2920 962 2967 materiatum
990 2921 1209 2985 generari
1239 2931 1286 2968 et
1309 2920 1461 2968 creari
1483 2914 1852 2983 quodammodo
1885 2913 2082 2962 tradunt
2111 2909 2404 2977 philosophi.

264 2990 401 3038 Unde
421 2993 555 3042 Plato
584 3001 627 3044 Y
626 2998 722 3061 len,
745 3000 797 3046 id
820 3010 891 3047 est
913 3017 1198 3066 corpoream
1221 3010 1444 3048 naturam
1471 3010 1701 3063 tanquam
1725 3005 1929 3043 matrem
1955 3008 2218 3058 corporum
2250 2989 2406 3054 ponit.

266 3070 324 3114 Et
355 3071 546 3120 Boetius
577 3076 628 3122 in
655 3077 780 3125 libro
803 3081 1103 3128 Divisionum
1136 3097 1287 3145 genus
1313 3079 1465 3127 dividi
1493 3079 1544 3126 in
1581 3077 1763 3143 species
1785 3075 1921 3139 quasi
1952 3074 2003 3120 in
2035 3070 2270 3136 quasdam
2300 3085 2329 3115 a
2359 3084 2410 3116 se

266 3148 632 3212 quodammodo
666 3159 932 3207 creationes
955 3161 1085 3222 dicit,
1121 3178 1181 3208 eo
1203 3161 1338 3225 quod
1365 3160 1548 3226 species
1570 3175 1629 3205 ex
1652 3157 1756 3221 ipsa
1778 3154 1963 3219 generis
1986 3150 2250 3199 substantia
2278 3149 2412 3196 nasci

266 3238 312 3275 et
342 3230 518 3279 confici
552 3233 781 3299 habeant,
822 3242 1190 3304 superveniente
1225 3241 1380 3288 forma
1407 3258 1417 3286 :
1452 3249 1507 3287 ut
1528 3238 1682 3286 homo
1703 3252 1760 3284 ex
1792 3232 2005 3294 animali,
2045 3229 2410 3295 superveniente

267 3310 460 3359 animali
482 3313 799 3364 rationalitate
827 3327 874 3365 et
894 3319 1209 3380 mortalitate3
1236 3321 1357 3367 sicut
1380 3328 1536 3367 statua
1559 3334 1617 3365 ex
1640 3332 1750 3375 aere,
1772 3311 2138 3379 superveniente
2161 3309 2328 3373 figura.
2354 3311 2413 3354 Et
