2638 3866
238 229 331 277 334
896 220 898 222 ’
1042 223 1214 270 PETRI
1228 288 1231 290 Δ
1248 223 1564 273 ABAELARDI

234 332 368 377 sione
391 337 546 376 vestra
567 342 594 374 a
618 323 711 371 fide
733 322 942 371 recedat.
970 327 1028 371 Et
1052 324 1284 389 quoniam
1309 334 1408 373 tota
1441 324 1542 371 haec
1568 323 1815 373 contentio
1847 339 1904 372 ex
1939 324 2058 372 cibis
2089 327 2193 390 lege
2229 328 2373 375 inter-

237 410 374 458 dictis
395 405 693 465 nascebatur,
717 403 832 451 dicit
854 405 1099 452 neminem
1118 421 1175 452 ex
1197 405 1423 470 qualitate
1448 404 1669 452 ciborum
1694 404 2031 466 contaminari,
2061 406 2146 454 sed
2172 423 2228 456 ex
2257 423 2374 455 con·

235 480 429 538 scientia
451 495 638 534 tantum
663 484 1074 549 transgressionis,
1101 485 1137 531 si
1162 485 1229 532 eis
1254 494 1424 532 contra
1451 484 1795 532 conscientiam
1818 495 2051 534 vescatur.
2074 489 2133 534 Et
2153 486 2250 534 hoc
2270 497 2368 535 est:

238 589 261 614 «
282 570 406 627 Scio,
431 587 454 611 2>
483 565 532 612 id
551 574 622 612 est
638 580 738 612 non
757 581 813 612 ex
839 582 942 625 me,
966 564 1051 612 sed
1072 563 1373 612 confidenter
1397 564 1494 612 hoc
1526 564 1638 612 dico
1663 581 1719 613 ex
1745 565 1963 614 doctrina
1990 567 2187 618 Domini
2211 567 2296 631 qui
2318 583 2373 616 ex

237 650 307 695 his
326 645 634 694 solummodo
657 662 762 710 quae
781 646 842 692 de
864 645 1010 693 corde
1033 655 1226 706 exeunt,
1248 661 1347 692 non
1372 661 1430 692 ex
1454 644 1530 692 his
1552 662 1657 710 quae
1679 646 1859 694 intrant
1890 647 1938 694 in
1972 664 2044 707 os,
2075 647 2373 711 coinquinari

234 727 479 774 hominem
501 725 632 772 dicit.
657 728 716 772 Et
732 726 924 773 mittens
946 725 1006 773 ad
1031 724 1391 790 praedicandum
1410 725 1672 791 discipulos
1693 726 1806 774 ait¹:
1827 746 1850 772 α
1874 724 2080 774 Edentes
2096 737 2143 775 et
2155 726 2374 775 bibentes

233 824 336 871 quae
355 805 484 871 apud
507 804 614 852 illos
636 815 765 866 sunt,
782 824 804 847 22
828 806 942 871 quia
973 805 1130 853 nullus
1154 805 1289 853 cibus
1312 806 1584 854 communis
1617 816 1663 854 et
1700 806 1980 855 immundus
1999 818 2069 855 est
2086 822 2173 874 per
2196 808 2370 873 ipsum,

232 887 280 934 id
318 896 388 935 est
421 903 477 934 ex
513 886 787 951 semetipso,
820 886 904 934 sed
934 887 1095 952 potius
1132 903 1190 934 ex
1216 887 1506 936 conscientia
1541 887 1858 935 comedentis.
1897 889 1956 934 Et
1989 887 2083 935 hoc
2107 898 2194 950 est,
2225 908 2248 932 (ι
2278 889 2375 937 Nisi

232 969 292 1015 ei.
323 989 348 1012 »
388 971 453 1015 Ac
492 967 531 1014 si
573 966 752 1014 diceret
778 985 789 1014 z
827 967 922 1014 Sed
966 968 1009 1014 ei
1047 967 1131 1032 qui
1174 968 1410 1016 existimat
1451 967 1659 1032 aliquem
1700 967 1864 1015 cibum
1907 984 2009 1015 esse
2043 968 2370 1030 immundum,

233 1049 281 1095 id
301 1057 387 1109 est,
414 1049 622 1096 animam
646 1064 782 1094 suam
801 1047 915 1096 inde
931 1047 1100 1113 pollui,
1144 1047 1213 1096 illi
1244 1048 1524 1096 immundus
1563 1058 1652 1109 est,
1685 1048 1795 1113 quia
1825 1058 1996 1096 contra
2019 1049 2373 1097 'conscientiam

232 1146 366 1179 suam
390 1129 523 1178 illum
539 1128 842 1176 comedendo
860 1138 1044 1194 peccat.
1066 1131 1183 1186 Quae
1204 1130 1626 1177 communicantur
1641 1129 1740 1177 sive
1762 1128 2086 1195 publicantur,
2112 1138 2247 1176 tanto
2271 1146 2372 1178 am·

231 1210 354 1274 plius
369 1210 617 1257 immunda
632 1219 743 1257 sunt
760 1219 944 1274 quanto
963 1209 1122 1257 minus
1140 1210 1506 1258 custodiuntur:
1524 1209 2002 1274 ideoquecommune
2014 1226 2104 1275 pro
2118 1210 2373 1258 immundo

231 1291 440 1354 ponitur.
471 1290 605 1338 Unde
640 1299 686 1337 et
716 1291 765 1337 in
791 1289 988 1337 Actibus
1011 1290 1351 1354 Apostolorum
1363 1293 1393 1352 ²,
1421 1291 1581 1355 inquit
1613 1290 1872 1355 OrigeneS,
1899 1290 2138 1338 Dominus
2169 1290 2285 1338 dicit
2312 1291 2371 1339 ad

232 1373 449 1419 Petrum:
480 1390 505 1417 <c
523 1371 667 1429 Quod
685 1373 815 1418 Deus
836 1370 1116 1427 mundavit,
1143 1380 1193 1417 tu
1211 1387 1275 1419 ne
1295 1386 1555 1418 commune
1574 1370 1766 1419 dixeris.
1789 1390 1811 1414 n
1838 1373 2025 1418 Marcus
2049 1370 2193 1420 etiam
2216 1374 2374 1419 Evan-

228 1451 391 1514 gelista
412 1452 772 1499 communicare
798 1467 889 1515 pro
912 1451 1217 1514 coinquinari
1238 1467 1427 1517 ponens
1450 1451 1570 1499 ait³:
1596 1470 1619 1495 c<
1640 1454 1747 1498 Non
1776 1449 2037 1514 intelligitis
2061 1450 2197 1515 quod
2228 1467 2373 1499 omne

230 1531 520 1578 extrinsecus
541 1531 774 1578 introiens
792 1531 840 1577 in
860 1530 1128 1592 hominem,
1150 1548 1250 1578 non
1267 1540 1425 1596 potest
1443 1547 1555 1579 eum
1573 1531 1951 1590 communicare,
1972 1530 2082 1595 quia
2097 1546 2196 1578 non
2211 1531 2375 1578 introit

229 1611 277 1657 in
304 1627 388 1657 cor
408 1611 525 1675 ejus,
550 1611 634 1658 sed
657 1612 706 1658 in
726 1621 946 1658 ventrem
968 1611 1118 1659 vadit.
1136 1614 1252 1669 Quae
1275 1611 1336 1659 de
1359 1611 1559 1660 homine
1582 1621 1775 1670 exeunt,
1801 1610 1882 1660 illa
1903 1611 2265 1659 communicant
2283 1609 2374 1658 bo·-

230 1691 427 1738 minem.
447 1709 471 1736 n
495 1710 519 1736 α
537 1692 585 1737 Si
599 1691 743 1738 enim.
761 1709 786 1736 υ
804 1691 910 1736 Dixi
930 1708 940 1736 :
960 1694 1067 1737 Non
1090 1691 1280 1755 ponatis
1301 1691 1647 1740 offendiculum
1669 1692 1821 1753 fratri,
1841 1691 1955 1756 quia
1977 1691 2195 1756 quisquis
2208 1706 2276 1753 es,
2297 1710 2320 1737 «
2335 1692 2375 1739 si

229 1781 427 1836 propter
445 1771 608 1819 cibum
630 1781 785 1833 tuum,
803 1780 918 1831 etc.,
938 1791 961 1815 >³
979 1770 1030 1818 id
1049 1781 1138 1832 est,
1155 1772 1194 1818 si
1208 1772 1410 1819 sustines
1424 1789 1536 1819 eum
1549 1773 1618 1819 sic
1631 1771 1897 1833 offendere,
1919 1781 2010 1819 etc.
2033 1771 2195 1820 «Noli.
2219 1791 2242 1817 »
2263 1774 2378 1819 Post

232 1851 578 1899 offendiculum
601 1862 730 1900 vetat
751 1853 894 1899 etiam
919 1851 1216 1911 scandalum,
1243 1852 1356 1916 quia
1379 1852 1591 1899 offensus
1617 1852 1753 1899 facile
1777 1851 2022 1899 recederet
2044 1867 2074 1900 a
2095 1851 2209 1914 fide,
2236 1873 2259 1895 «
2284 1869 2373 1918 pro

230 1948 327 1996 quo
350 1951 377 1978 »
403 1932 580 1980 scilicet
601 1931 850 1993 salvando,
881 1952 903 1978 «
927 1933 1069 1980 etiam
1094 1932 1327 1979 Christus.
1351 1953 1375 1976 22
1402 1936 1468 1981 Ac
1495 1933 1533 1981 si
1553 1933 1735 1981 diceret
1757 1949 1768 1978 ε
1791 1935 1860 1980 Ne
1882 1933 2016 1998 parvi
2045 1932 2230 1998 pendas
2248 1932 2374 1980 salu-

230 2021 327 2059 tem
351 2013 471 2076 ejus,
497 2029 588 2078 pro
603 2029 702 2077 quo
727 2022 914 2060 tantum
932 2013 1142 2079 pretium
1162 2012 1330 2060 datum
1353 2022 1440 2060 est.

298 2112 321 2136 (ι
339 2095 445 2140 Non
470 2109 584 2158 ergo
605 2113 628 2137 »
657 2092 938 2157 generaliter
962 2092 1193 2141 admonet
1208 2110 1298 2140 nos
1321 2094 1471 2140 vitare
1485 2091 1839 2158 blasphemiam
1871 2110 2086 2153 omnem,
2115 2108 2202 2158 per
2229 2109 2374 2157 quam

230 2172 453 2220 videlicet
480 2189 508 2220 a
546 2183 711 2221 nostra
745 2172 840 2221 fide
873 2173 993 2221 alios
1025 2172 1332 2239 repellamus,
1373 2189 1428 2221 ac
1466 2173 1505 2220 si
1542 2172 1669 2220 dicat
1696 2192 1707 2221 z
1747 2174 1874 2232 Quia
1909 2173 2133 2221 videlicet
2153 2172 2374 2238 exemplo

229 2252 404 2300 Christi
436 2253 656 2301 lucrandi
691 2263 803 2301 sunt
836 2254 1001 2319 potius
1026 2253 1250 2301 homines
1283 2253 1425 2301 nobis
1454 2270 1600 2318 quam
1632 2253 1886 2319 perdendi,
1915 2269 2172 2302 caveamus
2201 2253 2373 2314 facere,

230 2344 464 2397 quantum
476 2351 751 2400 possumus,
771 2350 859 2398 per
875 2333 1009 2397 quod
1022 2333 1154 2381 bona
1167 2343 1332 2381 nostra
1351 2333 1470 2381 fides
1488 2334 1867 2399 blasphemetur.
1895 2355 1918 2379 «
1939 2338 2047 2382 Non
2069 2343 2156 2394 est,
2177 2352 2201 2378 »
2220 2332 2270 2380 id
2286 2343 2373 2392 est,

230 2412 364 2462 nullo
382 2430 554 2477 genere
571 2413 667 2461 cibi
685 2413 761 2461 vel
779 2423 922 2478 potus
946 2430 1281 2478 promeremur
1304 2423 1355 2461 ut
1369 2417 1499 2461 Deus
1521 2414 1569 2459 in
1589 2413 1732 2461 nobis
1750 2424 1916 2478 regnet
1931 2414 2006 2461 vel
2020 2413 2220 2462 habitet.
2237 2415 2376 2470 Quae-

230 2510 421 2559 cunque
445 2495 574 2542 enim
598 2494 804 2541 exterius
819 2492 944 2540 bene
961 2492 1065 2541 fieri
1081 2492 1325 2554 videntur,
1350 2503 1397 2540 et
1420 2493 1626 2540 maxime
1649 2510 1755 2557 quae
1779 2493 1840 2541 ad
1864 2493 2201 2541 abstinentiam
2222 2494 2374 2557 perti-

231 2583 366 2636 nent,
389 2592 524 2640 aeque
547 2573 767 2640 reprobis
790 2583 842 2621 ut
864 2574 1024 2621 electis
1047 2575 1324 2622 communia
1339 2583 1469 2635 sunt,
1495 2583 1543 2620 et
1562 2573 1827 2639 hypocritis
1843 2575 1966 2622 sicut
1986 2574 2111 2621 veris
2133 2572 2370 2621 fidelibus.

235 2675 257 2699 κ
281 2655 374 2703 Sed
388 2656 572 2720 justitia
593 2675 616 2701 »
636 2655 832 2719 aequitas
856 2654 936 2703 illa
954 2671 1040 2720 per
1059 2671 1206 2719 quam
1229 2654 1363 2720 quod
1382 2654 1470 2703 tibi
1491 2671 1592 2701 non
1615 2654 1687 2702 vis
1714 2653 1835 2716 fieri,
1864 2655 2000 2703 alteri
2021 2671 2084 2702 ne
2107 2654 2266 2714 facias,
2291 2672 2316 2699 «
2330 2664 2376 2702 et

233 2751 362 2798 pax»
390 2736 521 2799 inde,
543 2736 593 2783 id
615 2746 702 2799 est,
722 2736 1013 2802 proveniens
1036 2752 1066 2783 a
1083 2735 1345 2783 concordia
1367 2752 1479 2783 cum
1502 2734 1747 2797 fratribus,
1773 2745 1820 2783 et
1842 2735 2020 2783 deinde
2049 2755 2071 2779 «
2100 2734 2330 2799 gaudium
2349 2755 2371 2778 »

234 2816 474 2879 spirituale
507 2818 622 2865 hinc
659 2827 901 2879 exortum,
944 2835 967 2863 «
998 2817 1049 2864 in
1074 2816 1170 2864 hoc
1198 2837 1223 2860 n
1255 2816 1434 2864 scilicet
1466 2816 1600 2881 quod
1635 2816 1752 2879 dixi,
1795 2827 1848 2864 ut
1881 2815 2059 2864 scilicet
2096 2814 2375 2864 scandalum

237 2895 395 2943 fratris
404 2898 519 2944 vitet
535 2908 582 2945 et
589 2899 821 2962 justitiam
835 2907 1041 2946 sectetur
1059 2907 1105 2945 et
1120 2914 1306 2964 pacem,
1323 2907 1376 2944 ut
1394 2897 1579 2945 dictum
1599 2907 1686 2959 est,
1707 2917 1729 2942 «
1751 2898 1894 2945 servit
1907 2897 2097 2945 Christo
2118 2915 2142 2941 »
2165 2896 2262 2943 hoc
2284 2905 2370 2954 est,

236 2974 280 3020 ei
300 2974 396 3022 hoc
421 2978 712 3042 praecipienti
735 2977 926 3040 obedit,
960 2999 982 3022 «
1009 2988 1057 3026 et
1077 2978 1308 3043 probatus
1331 2987 1429 3038 est3
1456 2997 1479 3022 »
1505 2978 1554 3025 id
1578 2987 1666 3040 est,
1693 2978 1950 3025 hominum
1974 2993 2171 3042 quoque
2190 2975 2373 3040 judicio

235 3054 485 3119 probatur,
509 3056 728 3104 laudatur
750 3067 892 3121 atque
915 3058 1299 3105 commendatur.
1331 3076 1355 3102 «
1372 3060 1554 3123 Itaque,
1577 3077 1600 3103 »
1626 3058 1676 3105 id
1693 3068 1763 3106 est
1785 3067 1832 3105 et
1853 3058 1935 3117 ita,
1972 3057 2165 3116 scilicet,
2195 3065 2248 3102 ut
2277 3054 2373 3101 dixi

236 3133 461 3182 scandala
502 3134 697 3183 vitando
728 3137 859 3200 prius
888 3153 994 3200 quae
1028 3136 1091 3184 ad
1126 3152 1295 3201 pacem
1326 3138 1584 3201 pertinent,
1624 3147 1678 3184 ut
1699 3137 1798 3184 dixi
1827 3158 1848 3181 «
1870 3147 2125 3196 sectemur,
2146 3154 2173 3181 »
2208 3134 2257 3181 id
2285 3143 2369 3195 est,

281 3319 390 3359 mue„
409 3329 479 3362 cap.
501 3329 535 3361 x,
551 3330 583 3355 v.
602 3322 684 3353 ¹1.—
703 3320 795 3354 ²Act.
813 3321 949 3362 Apum,
968 3330 1040 3362 cap.
1062 3331 1095 3361 x,
1112 3331 1141 3354 v.
1161 3322 1211 3355 15.
1225 3339 1263 3346 -
1278 3323 1289 3342 ³
1303 3323 1417 3365 Marc„
1434 3333 1504 3364 cap.
1519 3332 1614 3364 νων.
1635 3323 1671 3356 18
