2638 3866
907 265 1247 317 THEOLOGlA
1298 268 1666 318 CHRISTlANA.
2269 269 2365 317 419

217 385 331 418 cum
366 368 493 418 filius
531 385 645 417 suus
674 366 894 417 adulterii
933 369 1134 416 crimine
1172 369 1447 430 damnatus,
1478 369 1747 418 secundum
1774 369 1853 433 jus
1886 369 1947 418 ab
1979 370 2084 436 ipso
2116 379 2364 433 statutum,

219 460 428 516 utroque
457 449 600 498 oculo
633 465 795 497 carere
825 447 1040 509 deberet,
1076 466 1132 498 ac
1162 460 1262 499 tota
1284 452 1449 499 civitas
1469 452 1517 499 in
1540 451 1781 499 honorem
1805 451 1950 516 patris
1966 468 2159 517 poenam
2183 452 2369 501 adoles·

220 531 415 579 centulo
449 531 738 591 remitteret,
763 529 1043 595 aliquandiu
1066 532 1350 597 repugnavit
1377 550 1387 579 z
1414 532 1608 580 tandem
1632 532 1800 598 populi
1834 531 2055 597 precibus
2078 533 2246 593 victus,
2280 551 2369 582 suo

222 612 380 677 prius,
417 611 594 659 deinde
633 609 717 657 filii
755 611 898 658 oculo
935 622 1104 671 eruto,
1146 613 1335 677 utrique
1377 629 1518 660 usum
1557 612 1753 661 videndi
1796 612 2002 677 reliquit.
2048 616 2115 662 lta
2152 613 2369 663 debitum

222 694 445 760 supplicii
476 693 680 741 modum
713 693 804 758 legi
832 692 1099 741 reddidit.»
1139 696 1339 758 Magnus
1371 695 1418 741 in
1449 694 1543 742 hoc
1577 694 1661 742 filii
1693 710 1847 753 amor,
1886 694 1971 742 sed
2005 695 2158 758 major
2181 696 2372 759 justitiae

223 774 493 823 exhibetur.
521 777 706 822 Naturae
729 773 925 821 indulsit
944 784 1180 839 quantum
1205 775 1380 840 potuit,
1407 774 1489 822 sed
1515 784 1677 822 tamen
1697 774 1847 821 virtus
1867 784 2088 822 naturam
2103 777 2367 841 superavit;

223 857 330 921 plus
354 872 405 903 se
435 857 703 922 principem
731 870 879 919 quam
902 864 1088 921 patrem
1113 855 1327 921 profiteri
1349 855 1514 903 voluit.
1561 859 1753 914 Quanta
1793 856 1937 903 etiam
1974 873 2063 921 pro
2104 858 2301 905 veritate
2326 869 2372 905 et

226 936 452 985 fidelitate
472 935 804 984 conservanda
829 936 1167 996 sustinuerint,
1194 946 1239 984 et
1263 946 1447 1001 quanto
1483 935 1776 984 fortitudinis
1811 936 1914 983 zelo
1937 936 2206 985 libertatem
2227 939 2373 985 animi

225 1016 313 1064 sibi
333 1016 710 1078 vindicaverint,
738 1015 816 1064 ille
840 1017 888 1063 in
914 1017 1134 1083 exemplo
1153 1027 1366 1083 praestat,
1394 1018 1477 1083 qui
1497 1035 1559 1065 ne
1584 1017 1968 1082 conjurationem
2006 1018 2053 1064 in
2087 1017 2374 1083 supplicium

227 1099 417 1164 tyranni
454 1117 480 1147 a
517 1115 567 1146 se
607 1108 654 1146 et
679 1098 884 1146 consciis
922 1098 1019 1146 suis
1054 1098 1226 1147 factam
1264 1099 1487 1164 detegere
1528 1099 1653 1163 cogi,
1684 1109 1732 1147 et
1764 1099 1921 1146 socios
1951 1098 2160 1165 prodere
2194 1110 2372 1164 posset,

228 1180 440 1245 linguam
474 1179 565 1227 sibi
586 1197 751 1227 morsu
783 1179 1054 1227 vehementi
1078 1181 1340 1245 praecisam,
1371 1181 1471 1246 ipse
1509 1181 1559 1227 in
1595 1197 1650 1228 os
1674 1179 1887 1246 praedicti
1920 1180 2111 1244 tyranni
2141 1181 2375 1228 saevientis

226 1262 406 1327 expuit,
432 1262 553 1309 sicut
576 1272 622 1309 et
644 1261 884 1309 secundus
912 1261 1062 1309 Boetii
1089 1260 1147 1308 de
1170 1262 1505 1310 Consolatione
1517 1261 1833 1327 philosophiae
1858 1261 2090 1309 continet.

292 1343 439 1402 Quod
483 1343 523 1391 si
569 1342 631 1390 ad
672 1343 891 1408 ipsorum
941 1342 1345 1409 philosophorum
1400 1343 1747 1409 perfectionem
1797 1343 1901 1389 vitae
1958 1343 2156 1391 rationis
2201 1354 2375 1392 nostrae

227 1440 427 1471 examen
464 1422 790 1477 sublevemus,
826 1440 1065 1471 summam
1101 1424 1150 1471 in
1185 1425 1252 1472 eis
1293 1424 1694 1472 anachoretarum
1727 1440 1812 1472 seu
1849 1423 2202 1471 monachorum
2239 1426 2378 1473 mira-

229 1503 389 1551 bimur
411 1503 754 1553 abstinentiam
770 1515 815 1552 et
839 1505 1223 1571 contemplativae
1236 1507 1343 1553 vitae
1361 1505 1712 1566 celsitudinem,
1733 1504 1794 1552 de
1817 1521 2027 1569 quorum
2050 1504 2250 1569 quidem
2264 1523 2378 1554 con-

228 1586 448 1632 versione
480 1602 506 1633 a
528 1585 715 1633 'saeculo
744 1585 807 1634 ad
843 1585 1063 1633 solitariae
1090 1586 1195 1634 vitae
1222 1587 1451 1652 quietem,
1481 1596 1583 1634 tum
1615 1595 1814 1652 propter
1839 1585 2086 1633 illecebras
2119 1587 2276 1633 saeculi
2310 1587 2380 1635 fu-

225 1665 443 1728 giendas,
472 1677 573 1714 tum
605 1667 750 1715 etiam
773 1684 863 1733 pro
888 1666 1129 1715 desiderio
1158 1667 1332 1715 divinae
1354 1667 1777 1733 contemplationis
1808 1676 1855 1714 et
1877 1665 2198 1732 philosophiae
2220 1667 2380 1715 studio

229 1746 568 1812 adipiscendae,
611 1748 749 1796 multi
790 1748 996 1814 posteris
1033 1748 1243 1797 scribere
1288 1758 1596 1798 curaverunt.
1625 1747 1764 1795 Unde
1800 1756 1846 1795 et
1885 1750 1934 1793 B.
1975 1747 2297 1812 Hieronymus
2332 1749 2380 1796 in

229 1828 444 1876 secundo
485 1831 666 1877 Contra
711 1830 1016 1877 Joviuianum
1064 1830 1126 1878 ad
1157 1830 1510 1896 impudentiam
1547 1828 1671 1876 illius
1709 1828 1930 1894 Epicurei
1965 1827 2174 1876 haeretici
2211 1839 2384 1877 conte-

229 1908 460 1967 rendam,
503 1909 910 1976 philosophorum
955 1928 1151 1977 quoque
1196 1912 1259 1960 ab
1297 1911 1536 1960 illecebris
1582 1910 1740 1959 saeculi
1791 1910 2159 1958 conversionem
2201 1910 2385 1958 inducit

230 1990 396 2038 dicens
433 2009 443 2038 z
490 2012 512 2036 «
535 1994 632 2040 Nos
655 2009 866 2057 quorum
893 2002 942 2041 et
971 1994 1274 2042 conversatio
1304 1994 1355 2041 in
1384 1993 1516 2042 coelis
1545 2003 1632 2051 est,
1668 2009 1759 2040 nec
1789 1993 1833 2040 ei
1862 1991 2095 2040 debemus
2123 1992 2201 2039 cui
2229 1992 2383 2039 nasci-

233 2089 358 2132 mur,
401 2072 486 2120 sed
523 2074 598 2121 cui
642 2075 954 2122 renascimur.
1003 2078 1122 2123 Esus
1155 2076 1374 2124 carnium
1415 2085 1462 2122 et
1498 2084 1644 2140 potus
1678 2074 1807 2132 vini,
1845 2074 2024 2120 ventris
2061 2083 2133 2119 est
2167 2073 2381 2131 satietas,

231 2154 545 2201 seminarium
568 2154 783 2202 libidinis
807 2165 894 2203 est.
921 2155 1060 2203 Unde
1079 2165 1126 2204 et
1146 2156 1362 2203 comicus
1387 2176 1410 2201 «
1433 2157 1544 2202 Sine
1569 2157 1758 2214 Cerere,
1786 2154 1961 2219 inquit,
1988 2163 2035 2200 et
2054 2153 2227 2201 Libero
2251 2153 2387 2216 friget

235 2254 258 2279 «
285 2238 463 2282 Venus.
487 2256 510 2279 ›>
542 2239 632 2283 Per
649 2237 867 2301 quinque
884 2253 1050 2284 sensus
1071 2238 1207 2301 quasi
1230 2254 1317 2302 per
1339 2236 1574 2302 quasdam
1599 2237 1829 2284 fenestras
1847 2235 2077 2282 vitiorum
2093 2233 2155 2281 ad
2175 2235 2386 2282 animam

232 2319 455 2366 introitus
479 2328 569 2366 est.
604 2321 713 2367 Non
743 2330 901 2386 potest
930 2320 1212 2387 metropolis
1236 2330 1283 2368 et
1303 2337 1388 2369 arx
1409 2320 1582 2367 mentis
1612 2320 1738 2385 capi,
1772 2318 1863 2365 nisi
1887 2334 1973 2382 per
2005 2327 2171 2383 portas
2199 2317 2389 2364 irruerit

232 2398 420 2447 hostilis
447 2401 698 2448 exercitus.
727 2401 777 2448 Si
799 2401 1095 2450 circensibus
1118 2403 1375 2467 quisquam
1397 2401 1682 2461 delectatur,
1712 2399 1751 2446 si
1776 2398 2066 2447 athletarum
2095 2398 2384 2455 certamine,

232 2480 269 2526 si
314 2479 582 2529 mobilitate
616 2480 936 2542 histrionum,
981 2483 1022 2530 si
1059 2483 1227 2530 formis
1269 2482 1544 2539 mulierum,
1587 2481 1626 2528 si
1657 2479 1916 2546 splendore
1948 2495 2269 2544 gemmarum,
2314 2495 2392 2524 ve-

234 2561 407 2621 stium,
450 2571 540 2609 etc.
585 2562 873 2627 Hujusmodi
911 2580 997 2629 per
1033 2563 1289 2611 oculorum
1330 2561 1560 2611 fenestras
1595 2562 1765 2610 animae
1805 2571 1945 2626 capta
1984 2560 2177 2608 libertas
2218 2567 2312 2617 est,
2344 2567 2390 2605 et

234 2642 463 2707 impletur
484 2643 603 2690 illud
626 2644 985 2709 propheticum¹
1013 2662 1025 2692 t
1051 2647 1216 2692 «Mors
1240 2644 1435 2692 intravit
1459 2660 1546 2709 per
1570 2643 1799 2690 fenestras
1823 2651 2028 2689 nostras.
2054 2660 2077 2684 υ
2103 2641 2252 2703 Igitur
2280 2655 2392 2686 cum

235 2738 322 2786 per
349 2722 438 2770 has
471 2734 662 2788 portaS,
698 2725 837 2789 quasi
873 2725 1072 2790 quidam
1102 2724 1524 2790 perturbationum
1552 2723 1695 2770 cunei
1722 2722 1783 2770 ad
1815 2738 1976 2770 arcem
2010 2730 2185 2768 nostrae
2219 2720 2393 2767 mentis

236 2803 538 2865 intraverint,
565 2803 652 2850 ubi
685 2805 774 2851 erit
794 2804 1020 2853 libertas?
1052 2805 1134 2853 ubi
1160 2804 1396 2852 fortitudo
1420 2803 1552 2867 ejus?
1580 2803 1663 2850 ubi
1696 2803 1757 2850 de
1779 2805 1883 2850 Deo
1906 2800 2166 2865 cogitatio?
2193 2800 2395 2848 maxime

236 2900 349 2930 cum
394 2894 547 2931 tactus
576 2884 806 2949 depingat
836 2885 927 2932 sibi
950 2886 1095 2933 etiam
1126 2884 1386 2951 praeteritas
1410 2883 1706 2949 voluptates,
1738 2892 1786 2930 et
1809 2881 2145 2930 recordatione
2169 2881 2396 2928 vitiorum

239 2973 380 3027 cogat
417 2964 631 3011 animam
664 2966 896 3030 compati,
933 2975 981 3012 et
1016 2964 1385 3029 quodammodo
1421 2980 1641 3011 exercere
1677 2963 1811 3027 quod
1846 2979 1947 3010 non
1982 2963 2094 3026 agit.
2139 2963 2221 3009 His
2256 2962 2399 3024 igitur

241 3043 510 3091 rationibus
542 3044 727 3092 invitati
770 3045 909 3092 multi
941 3045 1379 3111 philosophorum,
1416 3045 1715 3109 reliquerunt
1755 3043 2046 3107 frequentias
2080 3042 2307 3102 urbium,
2352 3052 2398 3088 et

238 3123 460 3171 hortulos
490 3124 817 3184 suburbanos,
852 3126 936 3174 ubi
967 3142 1079 3190 ager
1102 3126 1310 3190 irriguus
1334 3135 1380 3173 et
1419 3124 1653 3173 arborum
1682 3141 1856 3184 comae,
1891 3134 1936 3171 et
1967 3140 2186 3170 susurrus
2216 3123 2395 3182 avium,

242 3204 387 3252 fontis
418 3207 692 3271 speculum,
726 3207 859 3256 rivus
893 3224 1222 3269 murmuranS,
1250 3216 1297 3255 et
1325 3206 1487 3255 multae
1521 3205 1776 3255 oculorum
1813 3205 2101 3270 auriumque
2137 3203 2394 3263 illecebrae,

291 3389 449 3424 nerem..
469 3401 541 3434 cap.
561 3402 611 3436 ix,
633 3404 662 3427 v.
681 3397 735 3428 21.
