2638 3866
235 251 331 299 454
1045 246 1214 294 PETRI
1249 245 1564 294 ABAELARDI

241 371 263 394 «
284 354 390 398 Non
423 349 488 398 ob
507 347 636 397 aliud
666 355 778 394 sunt
806 346 1034 406 haeretici,
1060 346 1151 394 nisi
1173 344 1307 410 quod
1328 346 1584 411 scripturas
1615 346 1871 394 canonicas
1907 362 2007 393 non
2037 354 2164 394 recte
2195 343 2369 393 intelli-

235 440 414 494 gentes,
446 445 556 477 suas
586 426 723 474 falsas
755 426 1010 492 opiniones
1040 435 1212 475 contra
1242 443 1408 474 earum
1429 426 1679 474 veritatem
1707 426 2017 492 pervicaciter
2040 434 2272 474 asserunt.
2300 424 2368 472 Ad

235 509 368 574 qnod
408 517 540 555 tanto
576 505 757 554 facilius
796 505 1091 571 professores
1126 506 1385 554 dialecticae
1424 506 1636 573 pertrahi
1665 507 1838 568 solent,
1875 516 2058 571 quanto
2088 521 2138 553 se
2171 503 2372 570 amplius

234 586 501 637 rationibus
535 593 744 635 armatos
779 602 880 634 esse
915 595 1185 646 autumant,
1223 595 1271 634 et
1305 595 1440 634 tanto
1478 586 1742 634 securiores
1780 585 1975 634 liberius
2006 584 2258 651 quodlibet
2293 591 2374 631 aut

232 666 509 727 defendere,
552 675 636 714 aut
670 667 954 731 impugnare
994 675 1308 731 praesumunt,
1338 683 1549 731 quorum
1582 675 1714 714 tanta
1745 675 1815 714 est
1844 666 2133 731 arrogantia,
2171 673 2224 711 ut
2252 662 2372 711 nihil

232 763 335 795 esse
368 747 652 812 opinentur,
702 745 833 811 quod
872 763 1043 793 eorum
1077 746 1354 794 ratiunculis
1388 745 1736 812 comprehendi
1769 755 1852 794 aut
1887 745 2080 793 edisseri
2132 752 2368 809 nequeat,

234 827 620 892 contemptisque
645 826 878 874 universis
901 826 1286 888 auctoritatibus,
1306 826 1420 874 solis
1442 826 1532 874 sibi
1551 826 1746 874 credere
1772 826 2051 891 glorientur.
2078 824 2225 883 Quod
2243 824 2372 872 enim

232 906 282 954 id
302 907 459 955 solum
482 907 739 972 recipiunt,
764 906 896 970 quod
917 907 985 954 eis
1006 907 1128 954 ratio
1152 923 1238 955 sua
1263 906 1531 973 persuadet,
1556 907 1771 972 profecto
1790 906 1882 955 sibi
1903 905 2017 953 solis
2039 905 2366 970 acquiescunt,

233 988 368 1052 quasi
394 1004 478 1036 eos
504 987 716 1036 habeant
742 987 927 1048 oculos,
955 987 1039 1051 qui
1074 987 1124 1034 in
1149 987 1293 1034 nullis
1315 987 1519 1052 caligare
1542 987 1781 1035 noverint.
1810 986 2048 1035 Adversus
2069 985 2233 1050 quales
2255 983 2374 1032 illud

232 1068 477 1132 Augustini
517 1067 692 1115 dicitur
727 1084 870 1133 super
906 1085 1049 1115 xxmx
1085 1068 1325 1133 psalmum
1363 1085 1374 1114 x
1418 1088 1442 1112 α
1458 1069 1630 1116 Nonne
1674 1066 1911 1133 superbus
1949 1066 2212 1126 inveniris,
2258 1079 2371 1112 cum

233 1148 352 1195 dicis
373 1167 382 1194 :
414 1148 574 1195 Primo
594 1147 784 1195 videam
817 1157 863 1195 et
884 1148 951 1195 sic
974 1147 1170 1195 credam
1184 1147 1234 1194 Ρ»
1255 1147 1460 1209 Quibus,
1483 1146 1618 1212 quod
1637 1147 1813 1195 mirum
1836 1157 1924 1207 est,
1949 1164 2005 1194 ex
2026 1145 2223 1194 scientia
2239 1145 2376 1209 igno-

234 1228 389 1276 rantia
422 1237 692 1292 generatur,
728 1237 780 1275 ut
812 1228 1109 1275 contrarium
1137 1228 1306 1275 vitium
1337 1227 1488 1275 virtus
1521 1228 1689 1293 pariat.
1718 1229 1973 1276 Scientiam
2007 1227 2188 1293 quippe
2217 1241 2379 1291 super·

233 1308 332 1368 bia,
360 1307 635 1373 superbiam
659 1309 843 1355 caecitas
865 1308 1141 1366 comitatur,
1181 1324 1295 1355 cum
1330 1308 1438 1371 quis
1460 1307 1681 1356 videlicet
1701 1308 1888 1356 donum
1922 1307 2206 1368 maximum,
2242 1304 2376 1371 quod

235 1405 263 1434 a
285 1390 388 1435 Deo
419 1388 617 1453 recepit,
655 1387 746 1435 sibi
778 1387 992 1450 ascribit,
1027 1398 1074 1435 et
1105 1404 1207 1435 non
1236 1388 1630 1452 recognoscendo
1653 1387 1867 1449 dantem,
1906 1387 2080 1436 amittit
2110 1386 2303 1447 datum;
2331 1394 2380 1433 et

236 1478 370 1518 tanto
396 1469 712 1534 postmodum
740 1468 950 1517 deterior
980 1468 1048 1530 fit,
1090 1478 1274 1533 quanto
1310 1469 1481 1517 melior
1517 1479 1629 1517 ante
1660 1468 1810 1517 factus
1843 1468 2012 1517 factori
2043 1468 2214 1531 gratias
2242 1482 2380 1530 agere

237 1549 508 1596 contemsit.
548 1552 735 1596 Justum
765 1550 946 1615 quippe
980 1558 1068 1611 est,
1103 1558 1156 1596 ut
1187 1550 1267 1597 cui
1304 1550 1412 1615 plus
1446 1550 1777 1610 committitur,
1815 1548 1923 1615 plus
1956 1548 2019 1596 ab
2053 1565 2113 1596 eo
2148 1547 2375 1611 exigatur.

237 1629 422 1677 Talium
450 1646 566 1677 vero
585 1629 763 1693 justam
795 1631 1181 1691 excaecationem,
1206 1639 1252 1677 et
1273 1647 1440 1678 sensus
1471 1640 1519 1677 et
1541 1631 1649 1677 vitae
1679 1629 1896 1695 reprobae
1916 1629 2228 1694 ignominiam
2256 1630 2382 1693 Apo-

238 1709 388 1756 stolus
418 1709 719 1774 conspiciens
748 1710 840 1757 ait¹
865 1727 876 1756 :
909 1729 932 1753 c<
954 1710 1049 1767 Qui
1083 1727 1195 1757 cum
1226 1712 1566 1774 cognovissent
1598 1713 1772 1773 Deum,
1810 1726 1912 1757 non
1947 1710 2071 1757 sicut
2098 1711 2256 1756 Deum
2287 1708 2383 1771 glo-

238 1788 574 1848 rificaverunt,
612 1799 695 1836 aut
733 1789 907 1852 gratias
942 1799 1172 1853 egerunt,
1212 1790 1296 1838 scd
1335 1800 1634 1838 evanuerunt
1669 1791 1718 1837 in
1758 1788 2130 1854 cogitationibus
2170 1788 2297 1849 suis,
2339 1796 2385 1835 et

239 1869 553 1916 obscuratum
583 1878 655 1916 est
684 1869 913 1934 insipiens
947 1886 1033 1916 cor
1066 1886 1253 1917 eorum.
1296 1871 1521 1918 Dicentes
1559 1871 1689 1918 enim
1730 1886 1782 1917 se
1815 1886 1917 1917 esse
1958 1869 2214 1934 sapientes,
2254 1866 2383 1914 stulti

242 1948 354 1996 facti
383 1957 495 1996 sunt
522 1967 533 1996 :
563 1958 761 2014 propter
794 1949 927 2012 quod
958 1949 1155 1998 tradidit
1186 1949 1294 1997 illos
1325 1952 1455 1998 Deus
1482 1950 1532 1997 in
1565 1949 1810 2015 passiones
1841 1948 2133 2012 ignominiae,
2160 1956 2252 1995 etc.
2277 1966 2301 1991 υ
2331 1948 2384 1992 Et

239 2028 487 2077 Psalmista
521 2028 582 2076 de
613 2028 895 2093 hujusmodi
928 2030 1242 2078 contentiosis
1273 2029 1425 2091 elatis,
1454 2030 1537 2095 qui
1564 2046 1615 2078 se
1643 2030 1779 2094 quasi
1801 2028 2054 2092 magistros
2076 2037 2124 2075 et
2145 2027 2386 2092 principes

239 2107 445 2155 aliorum
479 2109 763 2156 aestimant’:
795 2128 817 2154 «
840 2108 1000 2156 Effusa
1035 2119 1123 2171 est,
1165 2110 1342 2174 inquit,
1383 2110 1649 2158 contemtio
1683 2126 1829 2175 super
1865 2107 2124 2173 principes,
2150 2117 2196 2154 et
2230 2122 2387 2154 errare

240 2188 349 2235 fecit
381 2205 466 2235 eos
493 2188 542 2235 in
575 2187 704 2235 invio
726 2198 774 2235 et
799 2205 899 2235 non
926 2189 974 2235 in
999 2189 1090 2236 via.
1116 2208 1140 2234 υ
1168 2190 1426 2237 Haereticus
1449 2190 1649 2255 quippe,
1675 2197 1730 2236 ut
1761 2189 1913 2249 aiunt,
1945 2186 2123 2234 electus
2154 2187 2388 2251 interpre-

240 2277 382 2328 tatur,
410 2285 469 2315 eo
503 2268 725 2316 videlicet
750 2269 882 2333 quod
910 2286 1053 2317 nemo
1079 2269 1328 2317 haereticus
1351 2269 1450 2329 fiat,
1492 2270 1582 2317 nisi
1617 2286 1765 2335 quem
1787 2267 1994 2334 propriae
2019 2265 2241 2324 elationis
2263 2267 2386 2314 aesti·

243 2348 391 2395 matio
420 2349 598 2395 caeteris
628 2349 862 2413 praeferat,
898 2360 949 2396 ut
969 2350 1069 2414 jam
1094 2349 1155 2398 de
1177 2350 1523 2398 communione
1551 2350 1755 2398 aliorum
1784 2349 1938 2397 videri
1957 2347 2219 2397 erubescat.
2249 2345 2389 2393 Unde

243 2426 453 2474 Isidorus
487 2428 898 2494 Etymologz‘alum
934 2429 1057 2476 libro
1086 2431 1167 2489 lV,
1197 2446 1305 2494 cap.
1353 2431 1438 2476 111³
1471 2448 1482 2477 z
1515 2430 1770 2488 «Haeresis,
1812 2429 1985 2493 inquit,
2020 2443 2170 2491 graece
2200 2425 2261 2473 ab
2295 2425 2388 2473 ele·

243 2508 403 2556 ctione
453 2518 677 2568 vocatur,
716 2509 851 2573 quod
890 2509 1070 2557 scilicet
1103 2510 1436 2574 unusquisque
1469 2508 1561 2557 sibi
1601 2510 1742 2573 eligat
1775 2509 1909 2574 quod
1955 2508 2127 2556 melius
2161 2505 2253 2553 sibi
2288 2521 2388 2553 esse

243 2588 450 2636 videtur.
483 2590 579 2636 «Ac
601 2589 641 2635 si
662 2588 858 2649 diceret,
892 2606 993 2636 non
1024 2589 1244 2655 spiritum
1267 2589 1372 2650 Dei,
1406 2589 1492 2637 sed
1517 2606 1657 2637 suum
1679 2598 1948 2653 sequentes.
1983 2589 2191 2635 Omnem
2231 2593 2390 2632 autem

244 2667 423 2716 elatum
456 2669 579 2716 sicut
612 2669 961 2735 impatientem,
1000 2670 1065 2717 ita
1096 2679 1142 2717 et
1179 2670 1542 2717 contentiosum
1576 2686 1768 2717 necesse
1805 2678 1875 2716 est
1910 2684 2030 2729 esse,
2064 2683 2175 2714 cum
2210 2665 2318 2730 quis
2348 2664 2391 2711 ei

246 2749 598 2812 quoquomodo
630 2750 847 2797 resistere
875 2751 1090 2815 coeperit.
1119 2753 1173 2797 Et
1195 2750 1297 2797 haec
1324 2749 1520 2814 quidem
1544 2766 1601 2797 ea
1623 2760 1695 2797 est
1721 2750 1987 2807 contentio,
2013 2763 2136 2812 quae,
2164 2756 2217 2793 ut
2249 2760 2392 2810 supra

252 2830 575 2891 meminimus,
588 2831 837 2879 haereticos
862 2831 988 2878 facit.
1014 2830 1152 2878 Unde
1170 2831 1449 2879 Gennadius
1468 2830 1525 2878 de
1550 2829 1827 2878 Orthodoxa
1842 2828 1942 2896 fide
1960 2827 2390 2876 ecclesiasticorum

257 2907 554 2972 dogmatum,
593 2927 701 2976 cap.
726 2928 795 2959 vn
824 2913 889 2960 ita
917 2912 1031 2959 dicit
1060 2929 1071 2958 :
1109 2910 1375 2969 «Quolibet
1407 2911 1515 2977 quis
1544 2912 1814 2977 acquiescat
1845 2909 1994 2957 modo
2012 2948 2025 2971 ,
2062 2925 2162 2955 non
2195 2915 2267 2954 est
2295 2903 2394 2952 hae-

251 2988 446 3048 reticus,
473 2990 567 3036 nisi
588 2991 637 3037 in
659 2993 972 3039 contentione
999 2992 1249 3039 haereticus
1280 2991 1379 3039 fiat.
1399 3012 1422 3035 n
1454 2991 1586 3039 Idem
1609 2990 1667 3037 de
1691 2991 1830 3038 unico
1866 2991 2113 3053 Baptismo
2138 2986 2264 3034 libro
2291 2985 2351 3031 tv
2379 3003 2388 3030 :

257 3069 509 3129 «Justum,
547 3085 646 3116 non
678 3070 984 3132 haereticum,
1022 3071 1156 3132 dico,
1196 3072 1286 3119 nisi
1323 3072 1572 3120 manifesta
1614 3070 1705 3118 sibi
1743 3069 1966 3117 doctrina
1999 3066 2244 3115 catholicae
2282 3062 2393 3111 fidei

252 3147 470 3194 resistere
505 3148 742 3209 maluerit,
784 3160 830 3197 et
866 3151 982 3197 illud
1007 3152 1139 3215 quod
1162 3151 1355 3199 tenebat
1377 3152 1654 3216 elegerit.»
1690 3153 1761 3198 De
1797 3148 1971 3197 talibus
2006 3146 2201 3210 quidem
2234 3143 2394 3191 electis

302 3334 435 3375 ·R‹›m.,
457 3343 529 3375 cap.
551 3343 575 3376 1,
594 3344 625 3368 v.
648 3336 701 3369 21.
721 3353 758 3359 —
775 3336 786 3355 ²
802 3335 933 3382 Psaqlm.
952 3345 1020 3379 cvi,
1045 3346 1073 3369 v.
1094 3340 1144 3371 40.
1166 3357 1203 3363 -
1219 3337 1362 3371 ³1:1d0r.
1382 3336 1535 3379 Etymol.,
1553 3338 1611 3371 lib.
1627 3334 1714 3377 vm,
1726 3344 1798 3378 cap,
1810 3343 1854 3367 nt.
