2638 3866
215 259 310 306 542
1022 257 1194 304 PETRI
1229 258 1546 306 ABAELARDI

210 369 300 419 est,
326 359 447 406 sicut
470 358 690 404 hocloco
714 358 1058 423 principaliter,
1092 368 1138 405 et
1161 358 1359 407 fortasse
1388 360 1564 408 eodem
1591 361 1740 408 modo
1771 361 1866 409 dici
1887 361 2039 409 videri
2062 371 2241 427 posset,
2269 363 2358 410 nisi

213 439 347 503 quod
379 438 445 484 ibi
482 437 776 484 interseritur
807 437 942 502 quod
964 448 1010 485 et
1032 438 1176 486 Filius
1202 456 1258 486 ex
1284 443 1418 488 Patre
1442 451 1583 489 natus
1606 442 1665 488 sit
1687 442 1907 508 proprie,
1938 442 2059 489 sicut
2082 452 2129 489 et
2152 443 2355 508 Spiritus

214 539 243 569 a
270 524 405 568 Patre
435 520 630 584 proprie
652 519 827 568 dicitur
849 521 1009 568 esse⁸P
1034 522 1228 569 Dictum
1258 523 1437 590 quippe
1463 523 1642 571 ibidem
1666 534 1735 572 est
1759 543 1768 571 :
1797 524 1939 572 Filius
1964 541 2065 572 non
2100 542 2155 572 ex
2181 535 2360 572 semet-

215 604 319 667 ipso
353 609 493 647 natus
526 610 621 659 est,
650 601 734 648 sed
768 619 825 649 ex
850 605 985 650 Patre
1009 612 1149 649 natus
1183 613 1254 650 est
1282 605 1502 670 proprie,
1541 621 1641 652 non
1666 605 1715 652 in
1748 615 1994 670 tempore,
2022 605 2106 652 sed
2135 621 2356 671 semper:

215 698 314 729 non
341 679 535 727 aliunde
550 717 562 741 ,
591 681 677 728 sed
700 681 761 728 de
786 699 869 728 sua
900 681 1193 743 substantia3
1221 701 1320 731 non
1344 684 1404 732 de
1427 685 1599 745 aliena,
1624 685 1709 732 sed
1734 684 1795 732 de
1819 702 1902 733 sua
1926 685 2140 751 propria.
2170 688 2226 731 At
2245 701 2360 732 vero

217 763 256 809 si
279 761 452 809 eodem
477 760 625 808 modo
649 771 696 808 et
721 762 770 809 in
790 762 908 809 Filio
929 772 976 810 et
995 763 1043 809 in
1069 763 1248 828 Spiritu
1267 775 1432 812 sancto
1452 766 1685 831 accipitur
1707 766 1920 831 proprie,
1945 782 2057 813 cum
2082 765 2160 812 hic
2183 760 2361 812 scilicet

215 843 410 908 proprie
434 842 563 888 nasci
601 859 659 889 ex
695 845 857 902 Patre,
890 854 939 890 et
967 842 1045 891 ille
1081 845 1276 909 proprie
1306 846 1568 910 procedere
1601 845 1788 893 dicatur
1820 863 1877 892 ex
1907 849 2074 906 Patre3
2107 855 2155 893 et
2176 845 2268 893 tale
2303 845 2364 892 sit

218 924 376 970 dicere
399 922 617 987 proprie,
643 939 699 970 ac
722 924 761 970 si
786 923 1024 971 diceretur
1047 925 1401 991 principaliter3
1430 943 1528 991 quo
1563 926 1711 973 modo
1736 926 1905 973 Filium
1943 943 1997 973 ex
2022 929 2162 973 Patre
2184 926 2363 992 princi-

220 1004 390 1069 paliter
414 1003 547 1049 nasci
578 1002 817 1063 dicemus,
856 1021 967 1051 cum
997 1022 1055 1052 ex
1077 1022 1136 1053 eo
1159 1005 1264 1053 solo
1287 1016 1430 1054 natus
1463 1007 1555 1053 sit?
1588 1007 1684 1053 Nisi
1710 1006 1833 1053 forte
1855 1023 1968 1053 cum
1999 1005 2180 1053 ibidem
2205 1006 2365 1053 statim

219 1084 439 1132 additum
469 1083 546 1143 sit,
584 1099 684 1130 non
720 1085 1067 1150 temporaliter,
1099 1085 1183 1134 sed
1216 1104 1423 1153 semper,
1469 1096 1690 1152 respectu
1732 1086 2009 1152 temporalis
2047 1086 2365 1150 generationis

219 1164 435 1229 ejusdem
456 1163 575 1222 Filii,
606 1163 656 1210 id
679 1163 862 1211 dictum
894 1166 970 1226 sit,
1010 1176 1062 1213 ut
1091 1166 1314 1215 videlicet
1348 1167 1451 1214 haec
1486 1166 1761 1232 principalis
1795 1176 1842 1214 et
1879 1168 2033 1232 prima
2070 1167 2129 1214 sit
2163 1183 2268 1231 quae
2296 1175 2368 1214 est

219 1256 411 1304 aeterna,
447 1261 534 1309 per
568 1261 713 1309 quam
740 1245 802 1292 ab
821 1246 1090 1309 aequalitate
1123 1248 1275 1295 Patris
1302 1265 1401 1295 non
1430 1247 1695 1309 receditur;
1722 1247 1803 1295 illa
1825 1265 1940 1295 vero
1963 1248 2098 1313 quasi
2126 1247 2367 1313 posterior

220 1336 267 1374 et
301 1325 578 1391 temporalis
613 1326 881 1373 secundum
927 1342 1073 1391 quam
1109 1328 1270 1375 minor
1306 1331 1440 1376 Patre
1477 1328 1623 1375 Filius
1658 1328 1759 1393 ipse
1795 1327 1985 1375 dicitur.
2026 1331 2283 1375 Possumus
2321 1337 2369 1375 et

219 1407 380 1454 dicere
403 1407 453 1453 in
478 1423 538 1453 eo
560 1406 731 1454 Filium
763 1423 820 1454 ex
851 1410 987 1454 Patre
1010 1408 1207 1473 proprie
1238 1418 1409 1456 natum
1446 1426 1549 1457 esse
1572 1409 1671 1456 sive
1697 1409 1935 1472 genitum,
1971 1408 2103 1473 quod
2138 1408 2369 1457 naturalis

219 1487 318 1551 ejus
340 1488 398 1534 sit
418 1486 580 1546 Filius,
606 1504 707 1534 non
733 1486 1017 1552 adoptivus,
1044 1489 1166 1536 sicut
1198 1499 1244 1536 et
1276 1490 1435 1537 statim
1469 1488 1834 1550 determinatur,
1869 1505 1983 1536 cum
2012 1487 2237 1535 subditur
2268 1505 2369 1536 non

221 1568 392 1626 alium,
430 1567 514 1614 sed
549 1566 608 1614 de
643 1583 728 1614 sua
760 1567 1043 1616 substantia.
1079 1569 1174 1616 Sed
1205 1579 1252 1616 et
1287 1569 1555 1617 secundum
1588 1569 1686 1617 hoc
1718 1568 1852 1634 quod
1884 1568 2020 1633 juxta
2051 1567 2372 1634 philosophos

221 1658 334 1696 nata
356 1649 453 1694 sive
478 1648 637 1710 genita
659 1648 823 1694 omnia
846 1648 1088 1707 dicuntur,
1113 1667 1220 1714 quae
1244 1650 1305 1696 ab
1330 1650 1491 1715 aliquo
1511 1649 1693 1698 habent
1719 1666 1838 1711 esse,
1864 1649 2060 1715 proprie
2077 1649 2222 1695 Filius
2242 1647 2372 1695 solus

223 1746 279 1776 ex
302 1732 437 1775 Patre
461 1737 603 1774 natus
626 1737 696 1774 est
723 1745 733 1774 :
762 1728 876 1791 quia
909 1728 1039 1775 solus
1064 1729 1165 1794 ipse
1187 1730 1433 1778 nascendo
1459 1748 1517 1778 ex
1545 1730 1649 1796 ipsa
1671 1730 1822 1777 Patris
1853 1729 2120 1778 substantia
2151 1738 2239 1776 est.
2265 1728 2372 1794 Spi-

222 1810 342 1856 ritus
363 1824 480 1855 vero
510 1817 720 1869 sanctus,
763 1807 1032 1855 secundum
1077 1808 1191 1871 hoc,
1235 1826 1291 1856 ex
1331 1811 1435 1857 solo
1475 1814 1612 1857 Patre
1647 1810 1842 1875 proprie
1881 1808 2145 1874 procedere
2176 1808 2369 1868 dicitur,

223 1889 357 1952 quod
387 1887 448 1935 ab
476 1903 534 1934 eo
568 1888 635 1934 sic
663 1887 900 1953 procedit,
934 1889 1071 1952 quasi
1103 1904 1131 1936 a
1162 1905 1353 1936 summo
1384 1890 1642 1955 principio,
1669 1889 1803 1954 quod
1822 1888 2047 1936 videlicet
2065 1888 2127 1936 ab
2145 1889 2240 1935 alio
2270 1904 2371 1935 non

223 1979 312 2016 est.
354 1968 472 2015 Inde
513 1969 642 2015 enim
688 1967 870 2032 aliquid
918 1969 1114 2034 proprie
1156 1970 1421 2035 procedere
1471 1970 1671 2027 dicitur,
1726 1968 1856 2016 unde
1905 1969 2064 2035 primo
2117 1968 2282 2016 venire
2319 1972 2376 2016 'ac

223 2049 409 2096 moveri
442 2050 604 2113 coepit,
623 2049 745 2095 sicut
760 2048 892 2095 lacus
914 2065 970 2095 ex
995 2048 1147 2111 fonte,
1174 2066 1275 2097 non
1299 2066 1356 2097 ex
1378 2051 1504 2110 rivo,
1532 2049 1615 2097 sed
1635 2066 1723 2115 per
1748 2050 1922 2110 rivum,
1949 2049 1998 2095 in
2025 2065 2172 2113 quem
2191 2065 2219 2095 a
2242 2047 2375 2095 fonte

225 2131 424 2177 emissus
442 2146 529 2194 per
557 2146 670 2175 eum
714 2129 918 2190 transiit,
966 2145 1022 2177 ac
1062 2130 1281 2195 pervenit
1321 2131 1371 2177 in
1408 2139 1645 2194 stagnum.
1681 2130 1758 2177 Sic
1786 2138 1834 2177 et
1867 2129 2069 2194 Spiritus
2098 2137 2292 2176 sanctus
2318 2123 2376 2174 ex

225 2214 362 2258 Patre
389 2210 585 2276 proprie
620 2209 882 2274 procedere
921 2208 1114 2272 dicitur,
1154 2211 1292 2276 quasi
1327 2226 1356 2259 a
1383 2227 1574 2258 summa
1596 2211 1800 2274 origine,
1837 2227 1944 2274 quae
1971 2209 2149 2257 scilicet
2180 2206 2376 2256 aliunde

226 2307 327 2338 non
358 2291 434 2351 sit,
472 2300 519 2337 et
552 2290 613 2337 ab
662 2290 767 2355 ipso
812 2290 862 2337 in
895 2290 1066 2338 Filium
1096 2292 1231 2355 quasi
1260 2292 1309 2338 in
1346 2291 1502 2339 rivum
1528 2309 1538 2338 :
1567 2291 1680 2356 quia
1709 2300 1755 2339 et
1779 2290 1913 2356 quod
1941 2289 2088 2337 habet
2123 2288 2283 2349 Filius,
2314 2287 2377 2336 ab

225 2372 331 2435 ipso
354 2371 501 2418 habet
531 2387 559 2418 a
587 2387 684 2434 quo
709 2380 755 2417 et
777 2371 874 2418 hoc
902 2372 1061 2436 ipsum
1088 2371 1235 2419 habet
1255 2371 1390 2435 quod
1415 2372 1518 2437 ipse
1544 2381 1638 2422 est.
1672 2382 1718 2419 et
1744 2388 1828 2436 per
1847 2371 2020 2418 Filium
2045 2370 2107 2417 ad
2137 2386 2228 2417 nos
2268 2370 2379 2416 tan·-

227 2451 339 2499 dem
383 2451 518 2515 quasi
547 2451 597 2497 in
633 2460 854 2515 stagnum
886 2451 1031 2515 hujus
1072 2452 1247 2499 saeculi.
1283 2452 1476 2517 Quippe
1507 2453 1591 2516 qui
1611 2453 1775 2499 omnia
1810 2453 1860 2498 in
1897 2451 2140 2516 Sapientia
2176 2449 2287 2497 facit
2320 2465 2378 2497 ac

227 2532 465 2597 disponit,
499 2532 621 2578 etin
651 2531 743 2578 hac
775 2532 878 2596 ipsa
914 2532 1146 2596 sapientia
1183 2548 1270 2578 sua
1301 2533 1533 2597 Spiritum
1572 2532 1740 2578 tribuit
1783 2548 1982 2578 suorum
2017 2527 2377 2576 distributorem

227 2612 468 2659 donorum
504 2628 603 2658 non
642 2612 913 2677 improvide
960 2613 1034 2659 vel
1072 2611 1443 2659 inconsiderate.
1499 2611 1639 2658 Unde
1682 2621 1729 2658 et
1772 2610 1939 2657 beatus
1982 2609 2190 2656 Hilarius
2232 2607 2381 2673 Spiri-

228 2701 331 2738 tum
371 2708 400 2739 a
434 2695 571 2739 Patre
608 2708 694 2756 per
724 2691 896 2738 Filium
926 2693 1077 2755 magis
1104 2708 1252 2756 quam
1283 2709 1309 2738 a
1335 2695 1473 2739 Patre
1499 2701 1546 2739 et
1567 2691 1687 2738 Filio
1714 2689 1977 2756 procedere
2009 2706 2091 2736 seu
2124 2704 2228 2736 esse
2258 2687 2381 2734 sicut

230 2781 276 2818 et
299 2773 419 2818 mitti
451 2771 699 2837 perhibet,
730 2771 793 2819 ita
826 2771 887 2819 ad
911 2775 1067 2819 Deum
1091 2776 1280 2820 Patrem
1309 2772 1371 2819 de
1404 2773 1586 2838 Spiritu
1615 2772 1721 2836 ipso
1758 2780 1806 2818 et
1833 2770 1952 2818 Filio
1984 2769 2190 2833 loquens
2213 2769 2263 2815 in
2295 2770 2379 2814 XII

233 2851 288 2897 de
323 2855 554 2899 Trinitate
583 2852 729 2913 libro,
765 2873 787 2898 «
817 2856 869 2899 ln
891 2863 1055 2901 sancto
1091 2854 1272 2918 Spiritu
1291 2863 1375 2900 tuo
1399 2870 1455 2900 ex
1479 2862 1525 2900 te
1549 2852 1767 2917 profecto
1804 2861 1851 2898 et
1883 2868 1970 2917 per
2009 2867 2120 2897 eum
2164 2849 2328 2896 misso.
2354 2866 2376 2891 »

291 3022 306 3040 ⁰
337 3013 497 3054 Caritas
523 3013 620 3064 Dei,
645 3029 727 3071 qua
747 3029 790 3056 se
812 3029 890 3072 per
910 3024 1124 3055 creaturas
1145 3011 1201 3055 ad
1223 3011 1424 3055 effectum
1454 3012 1662 3065 extendit,
1681 3011 1728 3054 id
1749 3021 1813 3054 est
1829 3011 1947 3052 bona
1976 3011 2065 3066 ejus
2084 3024 2186 3068 erga
2203 3022 2274 3049 eas
2296 3020 2380 3048 vo-

234 3076 390 3130 luntas,
406 3087 495 3118 tam
514 3078 558 3118 in
574 3078 633 3119 eis
649 3077 887 3120 condendis
904 3094 1033 3136 quam
1053 3077 1346 3137 disponendis,
1371 3094 1456 3136 qua
1472 3078 1673 3120 videlicet
1688 3078 1804 3120 Deus
1821 3091 1911 3118 non
1931 3075 2071 3118 solum
2087 3074 2254 3116 bonum
2269 3070 2376 3122 vult,

235 3140 311 3183 sed
333 3141 462 3183 etiam
488 3141 617 3195 bene,
645 3152 693 3182 ut
719 3142 935 3184 rationalis
955 3153 1232 3195 monstretur,
1259 3159 1313 3185 ex
1336 3143 1462 3185 Patre
1484 3142 1719 3201 procedere
1742 3141 1898 3183 dicitur
1921 3151 1965 3182 et
1990 3139 2115 3190 Filio,
2137 3138 2221 3180 hoc
2246 3146 2310 3179 est
2336 3136 2382 3177 in

233 3206 312 3248 illis
329 3206 447 3264 quasi
463 3205 746 3264 primordium
768 3218 809 3248 et
827 3222 998 3248 causam
1020 3223 1106 3248 suoe
1127 3208 1365 3250 existentiae
1389 3208 1566 3260 habere,
1590 3223 1690 3250 cum
1717 3222 1770 3248 ex
1795 3221 1848 3248 eo
1871 3206 1984 3246 Deus
1999 3202 2264 3245 rationaliter
2281 3201 2384 3243 velit

233 3271 436 3329 quicquid
454 3270 507 3312 de
531 3270 768 3313 condendis
783 3271 850 3313 vel
869 3271 1145 3330 disponendis
1161 3274 1364 3314 creaturis
1383 3273 1586 3326 instituit3
1608 3272 1706 3329 quia
1723 3281 1765 3314 et
1785 3269 2019 3328 potentiam
2040 3278 2084 3310 et
2102 3267 2319 3310 solertiam
2337 3267 2383 3307 in

234 3338 300 3379 his
315 3339 381 3379 vel
397 3335 636 3378 condendis
651 3336 717 3377 vel
738 3336 1015 3395 disponendis
1036 3336 1208 3395 plenam
1228 3338 1412 3379 obtinet.
