2638 3866
258 105 354 155 820

256 206 380 244 Pam
404 219 476 258 per
497 204 708 260 ingenitam
734 208 915 248 deitatem
943 209 1210 262 omnipotenS,
1235 212 1294 258 Π,

309 273 386 311 367
403 288 413 321 ;
434 273 592 324 propria
611 274 734 312 Patris
752 274 924 325 potentia
949 288 1027 326 qua
1051 274 1156 314 solus
1175 275 1259 327 ipse
1274 288 1297 314 a

307 349 364 387 se,
380 350 461 375 non
479 336 530 375 ab
549 337 625 375 alio
645 337 833 387 subsistit,
854 341 907 384 ΙΙ,
932 342 978 377 17
998 347 1037 379 et
1054 353 1166 392 sqq.;
1188 342 1293 390 3673

306 401 464 440 nomine
492 402 615 440 Patris
642 403 814 454 potentia
842 402 1081 456 designatur,
1108 406 1169 452 ΙΙ,
1191 407 1291 454 361;

305 469 405 516 364;
436 470 550 506 Pater
580 468 742 507 aliarum
766 482 1022 521 personarum
1053 470 1193 519 causa,
1225 483 1293 509 seu

302 532 552 586 principium,
573 534 864 586 quodammodo
880 534 1036 584 dicitur,
1057 537 1111 585 II,
1133 529 1226 576 529.

246 634 458 681 Pronus,
486 642 530 672 ut
553 634 770 684 homicida,
797 635 982 687 peremit,
1003 635 1070 686 qui
1089 647 1188 686 quos
1215 648 1290 687 po-

300 706 387 747 test,
406 713 486 737 non
503 709 691 739 sustentat
709 700 980 752 eleemosynis,
999 703 1034 748 1,
1054 703 1146 739 550.

243 799 416 836 Pacem
431 799 697 841 sacerdotibus
714 800 890 840 confiteri
909 801 1111 850 debemus,
1131 804 1164 848 Ι,
1188 803 1287 850 416;

296 865 350 912 ΙΙ,
387 866 485 913 59Ο;
515 867 592 903 632
627 874 664 904 et
682 880 794 918 sqq.;
821 875 953 906 utrum
975 867 1209 920 generaliter
1238 866 1289 905 ad

295 942 431 967 omnes
462 930 641 982 praelatos
671 932 863 983 pertineat
886 941 1047 984 peccata
1073 933 1286 981 remittere,

294 996 348 1041 ΙΙ,
371 996 471 1045 638;
492 1006 741 1048 peccatorum
767 998 946 1037 remissio
970 999 1144 1038 consistit
1163 999 1204 1037 in
1229 998 1290 1037 in·

293 1061 516 1100 carnatione
544 1062 685 1101 divinae
715 1064 945 1115 Sapientiae,
967 1067 1019 1115 11,
1046 1068 1124 1113 26;
1146 1079 1287 1117 pecca-

292 1134 374 1164 tum
384 1140 498 1166 omne
509 1136 566 1167 est
572 1129 853 1179 voluntarium,
865 1139 903 1168 et
916 1143 965 1169 ex
976 1130 1102 1170 libero
1113 1131 1288 1183 procedit

291 1190 473 1241 arbitrio,
505 1206 585 1232 non
617 1208 667 1233 ex
700 1194 831 1248 aliqua
863 1195 1005 1235 divinae
1032 1196 1286 1249 providentiae

289 1259 572 1310 compulsione,
593 1263 646 1312 II,
668 1264 763 1301 145.

233 1358 399 1396 Pacem
429 1372 575 1399 nomen
603 1361 782 1413 pluribus
814 1361 941 1400 modis
959 1360 1159 1413 Scriptura
1175 1372 1284 1398 sacra

287 1424 447 1476 accipit,
469 1428 523 1476 ΙΙ,
547 1428 650 1475 238;
675 1428 777 1476 6163
798 1436 1000 1479 peccatum
1017 1427 1176 1479 proprie
1195 1426 1280 1464 dic-

288 1496 368 1527 tum
387 1499 445 1528 est
471 1491 556 1544 ipsa
576 1493 716 1531 animae
735 1493 796 1531 cul
802 1507 851 1545 pa
868 1501 906 1531 et
931 1500 1175 1544 contemptus
1190 1492 1280 1540 Dei,

287 1555 402 1605 ibid.;
420 1559 619 1608 quomodo
641 1559 824 1598 differant
843 1560 983 1598 vitium
1004 1568 1041 1598 et
1051 1566 1276 1612 peccatum,

284 1623 347 1670 11,
371 1625 464 1672 5873
485 1627 578 1672 5953
602 1627 707 1675 5963
738 1634 897 1678 peccata
925 1625 1161 1678 spiritualia,
1182 1638 1281 1677 pec—

286 1695 370 1725 cata
393 1689 579 1738 carnalia,
602 1693 695 1729 609.

230 1799 437 1836 Pacem-um
456 1800 495 1838 in
514 1814 637 1852 prava
656 1801 858 1839 voluntate
871 1831 881 1849 ,
901 1814 982 1838 non
1003 1800 1044 1838 in
1063 1813 1183 1852 opere
1202 1813 1280 1839 ex-

285 1865 419 1903 teriori
432 1866 617 1915 consistit,
629 1869 662 1913 1,
680 1869 778 1915 1173
794 1869 846 1916 II,
865 1868 940 1905 587
955 1874 1178 1918 ,peccatum
1198 1879 1279 1904 non

284 1937 342 1967 est
371 1930 447 1968 nisi
485 1940 621 1971 contra
650 1932 951 1980 conscientiam,
983 1935 1043 1981 ΙΙ,
1079 1934 1179 1980 615;
1206 1945 1280 1971 nec

282 1993 567 2045 homicidium,
609 2010 681 2036 nec
710 1997 947 2036 adulterium
965 2029 974 2045 ,
1011 2011 1084 2037 nec
1117 1997 1278 2049 aliquod

283 2070 486 2114 peccatum
506 2063 698 2102 Dominus
718 2063 832 2114 dicit,
853 2064 929 2103 nisi
951 2077 1074 2116 quum
1095 2064 1178 2103 haec
1193 2065 1276 2103 illi-

285 2128 360 2166 cita
387 2130 705 2181 recognoscimus
731 2130 781 2168 ad
806 2143 892 2182 quae
915 2144 987 2169 nos
1003 2131 1164 2170 inclinat
1179 2145 1276 2170 con-

282 2206 433 2245 sensus,
455 2198 489 2243 Ι,
511 2198 614 2245 273,
636 2198 736 2245 6033
758 2209 967 2235 consensus
984 2196 1083 2249 ipse,
1099 2210 1178 2235 non
1195 2198 1278 2236 sola

282 2261 461 2300 voluntas
497 2263 559 2300 vel
590 2261 829 2300 desiderium
862 2261 1030 2300 faciendi
1060 2261 1166 2313 quod
1194 2276 1275 2301 non

280 2327 393 2376 licet,
422 2336 623 2379 peccatum
651 2329 806 2376 dicitur,
833 2331 888 2378 ΙΙ,
920 2329 996 2367 599
1012 2345 1022 2375 ;
1055 2342 1126 2366 cur
1156 2342 1276 2381 opera

278 2393 426 2445 peccati
446 2394 568 2447 magis
585 2407 703 2446 quam
722 2394 852 2446 ipsum
872 2393 1099 2446 puniantur,
1120 2397 1175 2443 11,
1198 2396 1275 2434 608

281 2468 319 2499 et
338 2473 422 2511 sqq.
438 2476 449 2509 ;
465 2464 669 2512 peccatum
691 2469 850 2500 excusat
868 2460 1103 2514 ignorantia,
1123 2465 1177 2509 H,
1198 2465 1276 2502 617

281 2534 319 2564 et
337 2539 447 2577 sqq.;
468 2535 600 2565 utrum
615 2528 755 2567 melius
777 2527 859 2566 sita
879 2526 1093 2566 levioribus
1112 2526 1278 2580 peccatis

284 2604 399 2642 quam
444 2605 467 2630 a
512 2593 757 2644 gravioribus
803 2591 998 2631 abstinere
1012 2625 1022 2643 ‚
1064 2596 1104 2632 11
1119 2624 1130 2643 ‚
1175 2596 1247 2632 621
1265 2609 1277 2643 ;

279 2663 438 2706 peccata
472 2657 602 2695 omnia
639 2658 750 2709 paria
783 2671 867 2697 esse
907 2658 1144 2699 contendere
1174 2658 1280 2698 insa·-

287 2732 397 2770 num,
416 2723 470 2770 II,
489 2723 584 2762 682.

222 2829 426 2867 Paeonum
453 2829 644 2883 originale
669 2831 869 2882 quomodo
899 2830 1187 2880 definiendum,
1209 2834 1271 2882 II,

279 2895 382 2943 2383
405 2895 528 2948 magis
554 2895 603 2934 ad
623 2910 778 2948 poenam
798 2899 946 2950 peccati
968 2911 1085 2950 quam
1110 2897 1160 2935 ad
1182 2897 1272 2935 cul-

277 2971 369 3011 pam
392 2960 529 2999 animae
558 2970 595 3000 et
624 2971 890 3016 contemptum
918 2964 993 3004 Dei
1019 2963 1270 3004 referendum

275 3024 445 3076 videtur,
465 3026 560 3066 ibid.
574 3058 585 3077 ,
605 3030 703 3069 502.
725 3030 863 3071 ‘002

220 3135 426 3172 PnccA'rtm
460 3135 502 3173 in
540 3136 725 3188 Spiritum
755 3139 952 3190 Sanctum,
991 3141 1037 3188 1,
1070 3141 1179 3189 2573
1204 3142 1266 3190 H,

277 3201 354 3239 630
374 3209 413 3239 et
429 3214 515 3253 sqq.

914 111 1095 175 INDEX
1125 111 1323 159 RERUM
1356 111 1432 158 ET
1470 110 1761 159 NOMINUM.

1370 212 1542 249 Par-som
1554 239 1565 259 ,
1587 209 1801 250 secundum
1820 215 2110 265 grammaticos,
2129 225 2189 256 est
2205 218 2275 269 qui
2291 218 2415 270 loqui-

1423 282 1500 324 tur,
1513 275 1575 314 vel
1597 275 1645 314 de
1658 288 1751 327 qu0,
1770 285 1952 330 tanquam
1970 280 2139 333 diverso,
2156 283 2344 335 loquitur,
2357 287 2411 333 11,

1423 342 1497 390 96;
1523 343 1616 381 494.

1366 430 1543 467 Pznsom:
1570 438 1647 469 tres
1677 431 1719 470 in
1745 445 1824 471 una
1848 441 1886 471 et
1913 433 2050 473 eadem
2075 435 2287 476 divinitatis
2311 437 2411 477 sub—

1419 495 1573 544 stantia,
1588 499 1641 548 II,
1659 499 1726 547 103
1743 500 1819 537 465
1833 515 1845 549 3
1860 511 1940 538 non
1951 501 2083 552 plures
2096 502 2179 541 sive
2190 503 2409 555 pauciores,

1419 561 1819 618 496317bpersonarum
1863 564 2058 605 distinctio
2103 568 2269 618 qualiter
2314 569 2413 609 defi—

1417 620 1577 676 nienda,
1599 631 1652 676 11,
1671 631 1743 678 12;
1761 631 1812 668 95
1832 638 1870 668 et
1889 643 1975 690 sqq.
1991 646 2002 679 ;
2025 645 2200 684 personae
2219 647 2354 674 omnes
2368 635 2411 674 in

1417 692 1555 732 eodem
1588 703 1870 747 cooperantur,
1903 691 1976 735 n'ec
2011 705 2140 736 tamen
2170 700 2410 750 operationis

1416 757 1537 797 verba
1552 773 1637 811 quae
1654 761 1721 799 uni
1743 774 1917 812 personae
1932 773 2169 817 congruunt,
2184 765 2296 804 alteri
2313 779 2411 804 con-

1415 824 1592 876 veniunt,
1613 829 1667 875 II,
1690 828 1789 878 518;
1806 835 1937 867 utrum
1955 830 2218 882 personalium
2236 831 2412 884 proprie-

1415 898 1536 929 tatum
1571 893 1750 943 nomina,
1771 895 2005 950 paternitas,
2035 897 2189 946 filiatio,
2220 901 2409 948 processio

1415 953 1465 996 de
1485 959 1568 995 Deo
1592 957 1795 1009 praedicari
1819 960 1996 1007 valeant,
2017 963 2088 1011 Π,-
2103 964 2205 1009 548;
2237 976 2316 1002 una
2339 976 2406 1002 so-

1414 1021 1615 1061 lummodo
1639 1023 1680 1061 in
1696 1023 1848 1063 Christo
1861 1038 2042 1077 persona,
2057 1029 2091 1075 1,
2111 1029 2209 1077 6103
2231 1030 2284 1077 ΙΙ,
2311 1030 2405 1067 571.

1359 1107 1508 1144 Pernus
1525 1114 1581 1145 est
1595 1107 1890 1147 fundamentum
1910 1109 2096 1160 ecclesiae,
2118 1113 2152 1159 I,
2166 1112 2268 1160 5043
2288 1120 2405 1151 caete-

1413 1184 1548 1210 rorum
1568 1172 1855 1212 firmamentum
1875 1183 1913 1213 et
1930 1175 2196 1225 confirmatio,
2218 1178 2296 1215 505
2307 1179 2330 1226 3‘
2339 1190 2407 1216 se-

1414 1236 1482 1276 des
1503 1237 1584 1286 ejus
1603 1239 1704 1278 inter
1720 1241 1923 1280 universas
1943 1242 2132 1282 Ecclesias
2145 1242 2406 1295 principatum

1412 1303 1581 1356 accepit,
1614 1304 1732 1354 ibid.;
1771 1314 1849 1344 tam
1884 1307 2116 1347 sacerdotali
2150 1321 2268 1360 quam
2298 1310 2407 1362 regia

1411 1371 1614 1422 praeminet
1627 1372 1828 1426 dignitate,
1844 1377 1921 1414 507
1936 1390 1948 1424 ;
1964 1375 2037 1415 soli
2055 1379 2172 1415 Petro
2190 1376 2408 1417 clavescoe-

1410 1436 1539 1476 lorum
1556 1438 1669 1487 datae,
1694 1440 1790 1479 ibid.

1355 1525 1502 1561 Pn'rnus
1525 1524 1768 1575 Lombardus
1791 1528 1995 1580 Theologia
2021 1527 2219 1568 Abaelardi
2243 1515 2337 1568 usus
2363 1528 2406 1568 in

1410 1590 1693 1642 compositione
1715 1595 2012 1643 Sententiarum,
2034 1596 2070 1641 Ι,
2093 1597 2159 1634 52.

1353 1675 1501 1711 Pmms
1519 1674 1738 1726 haereticus,
1753 1678 1807 1724 ΙΙ,
1825 1677 1888 1717 84.

1352 1759 1476 1794 Pauo
1498 1757 1664 1806 judaeus.
1687 1759 1965 1799 Testimonium
1984 1763 2162 1798 Historiae
2184 1761 2400 1811 Trzpartitae

1409 1821 1458 1860 de
1482 1835 1543 1880 eo,
1570 1823 1602 1872 Ι,
1630 1825 1723 1861 129.

1350 1913 1583 1950 Pmmsopm
1600 1911 1815 1951 rationibus
1830 1913 2031 1951 veritatem
2044 1913 2292 1966 investigant,
2308 1914 2402 1953 etin

1405 1977 1587 2015 omnibus
1606 1990 1686 2015 non
1709 1978 1934 2030 opinionem
1951 1978 2172 2026 hominum,
2195 1978 2264 2018 sed
2281 1979 2403 2018 ratio-

1403 2055 1495 2081 nem
1514 2051 1746 2094 sequuntur,
1768 2046 1821 2093 ΙΙ,
1838 2045 1941 2093 644;
1967 2046 2063 2084 671.

1348 2134 1584 2171 Pmmsopm
1611 2133 1785 2172 Gentiles
1808 2146 1858 2172 ex
1877 2133 1993 2173 laude
2013 2132 2103 2173 vitae
2130 2132 2259 2185 potius
2280 2145 2399 2186 quam

1403 2197 1574 2237 scientiae
1588 2198 1642 2237 sic
1651 2199 1857 2248 nominati,
1877 2201 1911 2246 Ι,
1936 2201 2008 2247 14;
2030 2207 2183 2250 quantae
2199 2196 2400 2236 continen-

1402 2255 1465 2302 tiae
1497 2265 1559 2303 vel
1597 2264 1837 2304 abstinentiae
1863 2265 2023 2314 suerint,
2054 2264 2149 2304 ibid.
2166 2296 2177 2315 ,
2209 2265 2312 2312 5763
2342 2265 2396 2312 11,

1403 2331 1454 2368 29
1468 2345 1478 2379 3
1503 2332 1578 2368 379
1592 2345 1603 2379 ;
1622 2332 1698 2369 424
1711 2339 1749 2369 et
1762 2344 1868 2383 sqq.;
1884 2344 2008 2369 unum
2024 2338 2172 2369 tantum
2185 2332 2312 2368 Deum
2332 2342 2399 2368 co-

1402 2404 1637 2446 gnoverunt,
1659 2398 1713 2443 ΙΙ,
1733 2397 1806 2444 29;
1824 2397 1928 2444 375;
1950 2395 2030 2434 imo
2049 2395 2099 2434 ad
2111 2395 2232 2447 ipsius
2252 2394 2396 2434 divinae

1401 2460 1598 2500 Trinitatis
1616 2460 1879 2514 cognitionem
1891 2460 2226 2510 conscenderunt,
2245 2459 2341 2498 ibid.
2357 2468 2396 2499 et

1403 2539 1488 2578 sqq.
1503 2556 1514 2575 ,
1537 2528 1636 2574 172;
1652 2540 1739 2564 cum
1751 2526 1898 2579 populo
1917 2527 2149 2564 exteriorem
2165 2525 2395 2577 religionem

1402 2593 1555 2646 templis
1574 2593 1797 2642 exibebant,
1817 2592 1999 2645 privatim
2018 2600 2162 2631 sectam
2182 2591 2273 2630 fidei
2291 2604 2394 2630 con-

1403 2659 1561 2697 trariam
1572 2658 1868 2711 profitebantur,
1886 2660 1958 2707 333
1974 2657 2080 2710 apud
2103 2658 2258 2696 Graecos
2278 2655 2394 2695 unius

1401 2725 1476 2764 Dei
1502 2725 1597 2764 fides
1623 2739 1694 2778 per
1715 2723 1971 2777 philosophos
1994 2722 2178 2775 innotuit,
2210 2724 2310 2770 169;
2332 2724 2394 2760 De

1401 2790 1578 2828 laudibus
1581 2792 1655 2841 plu·
1659 2791 1889 2841 losophorum
1901 2789 1997 2829 Vide
2009 2791 2156 2827 Introd.
2172 2789 2230 2826 ad
2243 2789 2395 2826 Theolo-

1397 2861 1502 2908 giam
1522 2856 1608 2897 Lib.
1625 2859 1683 2906 II,
1700 2865 1739 2896 et
1763 2857 1936 2906 Theolog.
1956 2856 2092 2893 Christ.
2108 2853 2193 2892 Lib.
2215 2856 2275 2903 11;
2301 2851 2392 2905 phi·
2430 2910 2433 2911 ⁷

1397 2921 1650 2973 losophorum
1670 2921 1847 2960 doctrina
1861 2921 1979 2960 sacris
1998 2920 2136 2959 litteris
2156 2918 2389 2967 necessaria,

1397 2989 1451 3033 11,
1470 2987 1563 3026 440.

1341 3077 1667 3113 Pmmsomonuu
1681 3073 1915 3121 testimonia,
1929 3086 2009 3112 non
2022 3086 2071 3112 ex
2087 3084 2224 3111 eorum
2237 3068 2390 3122 scriptis

1358 3155 1361 3157 ·
1394 3154 1563 3192 quorum
1581 3153 1706 3193 pauca
1723 3139 1848 3189 novit,
1869 3138 1950 3177 imo
1967 3151 2019 3177 ex
2036 3137 2145 3177 libris
2164 3144 2389 3177 sanctorum

1392 3208 1550 3245 Patrum
1579 3204 1735 3259 collegit
1777 3203 2006 3245 Abaelardus
2019 3235 2031 3255 ,
2078 3205 2138 3253 ΙΙ,
2180 3203 2254 3249 66;
2283 3201 2384 3249 405,
