2638 3866
1202 140 1506 188 DIALOGUS.
2336 144 2431 192 699

287 242 469 288 tionem
490 239 638 287 habet
662 240 882 303 localem,
908 241 1044 305 cujus
1065 241 1268 288 omnino
1290 240 1493 307 simplex
1508 251 1555 289 et
1576 242 1863 307 incorporea
1886 252 2158 307 perseverat
2176 244 2429 292 aeternitas.

285 323 409 368 Cum
440 320 583 384 igitur
603 337 843 386 nusquam
866 322 926 369 sit
953 321 1185 383 localiter,
1218 320 1270 369 id
1292 331 1362 369 est
1381 321 1620 387 positione
1649 321 1790 369 locali
1818 322 2091 385 conclusus,
2117 321 2301 388 ubique
2330 332 2429 371 tam

287 402 334 448 in
359 399 586 448 omnibus
605 400 740 458 locis,
764 418 912 465 quam
934 401 1061 449 circa
1082 402 1245 449 omnia
1267 401 1373 450 loca
1398 419 1484 467 per
1508 403 1800 468 operationis
1820 403 2085 468 potentiam
2108 420 2210 451 8558
2234 403 2423 452 dicitur.

292 481 476 529 Etenim
498 482 547 528 in
574 480 802 529 omnibus
823 481 942 529 locis
965 481 1097 530 nulla
1121 483 1210 530 nisi
1234 498 1294 530 eo
1317 482 1605 547 disponente
1628 493 1877 547 geruntur,
1902 493 1949 531 et
1970 484 2038 532 sic
2061 484 2104 531 ei
2127 484 2235 532 loca
2258 494 2433 532 cuncta

288 563 537 627 praesentia
573 561 664 610 sibi
700 561 774 610 vel
808 562 910 627 ipse
947 562 1071 624 illis,
1110 573 1161 610 ut
1198 562 1525 628 quodcunque
1557 563 1670 611 velit
1706 563 1774 611 ibi
1809 562 1911 612 fleri
1948 581 2140 613 necesse
2174 565 2249 626 sit,
2289 573 2336 612 et
2367 566 2434 613 sic

291 640 487 706 ubique,
516 651 571 689 ut
593 641 779 690 dictum
810 652 898 702 est,
930 657 1018 708 pei·
1044 643 1271 707 potentiae
1300 659 1394 690 suae
1429 643 1812 708 magnitudinem
1847 661 1948 692 esse
1983 644 2174 693 dicitur.
2212 644 2352 692 Unde
2383 646 2432 692 in

287 731 437 770 semet
465 738 552 787 per
574 721 866 787 prophetam
894 722 1107 786 loquitur
1136 725 1173 768 ¹:
1210 722 1431 770 «Coelum
1455 732 1502 770 et
1526 733 1702 772 terram
1730 740 1819 788 ego
1843 724 2041 790 impleo,
2060 745 2081 768 n
2114 734 2162 772 et
2188 724 2433 773 Psalmista

287 816 527 866 nusquam
559 802 665 849 irati
694 803 963 868 potentiam
992 819 1042 851 se
1067 802 1275 867 effugere
1304 818 1446 867 posse
1479 803 1792 851 considerans
1824 803 2034 851 dicebat²
2059 822 2070 851 ε
2108 824 2130 848 α
2154 806 2265 863 Quo
2298 804 2381 852 ibo
2406 821 2433 852 a

287 882 459 947 spiritu
482 891 567 931 tuo
592 891 639 930 et
672 899 771 948 quo
789 899 816 931 a
834 882 953 931 facie
976 892 1057 932 tua
1085 881 1302 946 fugiam?
1325 882 1374 928 Si
1403 883 1665 931 ascendero
1689 884 1738 931 in
1771 883 1964 941 coelum,
1991 893 2044 931 tu
2067 884 2161 932 illic
2189 899 2257 943 es,
2286 884 2325 931 si
2347 884 2431 932 de-

286 961 519 1010 scendero
553 962 615 1011 ad
646 963 912 1024 infernum,
947 963 1084 1025 adeS,
1122 972 1213 1011 etc.
1252 983 1275 1006 ›>
1317 963 1447 1010 Sicut
1481 973 1643 1012 autem
1679 964 1729 1011 in
1763 963 1990 1012 omnibus
2024 964 2141 1012 locis
2183 963 2260 1011 vel
2309 965 2434 1011 intra

289 1044 454 1091 omnia
479 1059 564 1109 per
587 1043 812 1108 potentiae
838 1060 933 1092 suae
963 1043 1295 1110 operationem
1319 1043 1394 1090 vel
1418 1043 1781 1109 dispositionem
1805 1043 1981 1092 dicitur
2006 1060 2122 1102 esse,
2164 1043 2276 1108 quia
2299 1043 2433 1091 vide·

287 1125 397 1171 licet
426 1134 600 1173 cuncta
622 1124 691 1172 ibi
713 1124 788 1172 vel
813 1124 1006 1191 disponi
1037 1141 1126 1191 per
1150 1141 1263 1172 eum
1287 1140 1480 1171 necesse
1505 1133 1592 1185 est,
1615 1124 1682 1172 sic
1706 1125 1849 1172 etiam
1874 1126 1976 1191 ipsa
2002 1125 2110 1172 loca
2140 1123 2435 1171 concludens

287 1205 412 1254 circa
440 1221 497 1253 ea
521 1204 836 1253 nihilominus
864 1206 1088 1253 asseritur
1118 1221 1245 1262 esse,
1272 1204 1368 1252 hoc
1394 1214 1489 1265 est,
1515 1205 1582 1251 sic
1613 1221 1670 1252 ea
1701 1205 1751 1252 in
1774 1222 1861 1253 sua
1888 1214 2122 1271 potestate
2148 1203 2328 1252 habere
2344 1239 2356 1263 ,
2384 1213 2438 1250 ut

289 1285 410 1332 nihil
427 1286 478 1333 in
509 1287 576 1334 eis
596 1287 698 1334 sine
723 1287 829 1352 ipso
855 1287 932 1334 vel
949 1286 1051 1352 ejus
1074 1285 1390 1352 dispositione
1415 1284 1519 1333 fieri
1543 1286 1708 1350 possit.
1735 1287 1856 1332 Cum
1879 1286 2039 1350 itaque
2062 1302 2150 1351 per
2172 1285 2435 1350 potentiam

289 1382 444 1428 suam,
467 1377 520 1414 ut
539 1366 724 1415 dictum
743 1378 829 1427 est,
861 1377 959 1415 tam
983 1368 1110 1416 intra
1131 1367 1313 1429 omnia,
1343 1383 1491 1431 quam
1515 1376 1645 1414 extra
1669 1369 1797 1414 Deus
1819 1367 1879 1414 sit
1899 1376 1948 1414 et
1968 1367 2150 1426 omnia,
2185 1374 2438 1430 quantum-

289 1459 481 1508 cunque
519 1443 671 1492 solida
709 1445 831 1505 sint,
869 1445 1067 1511 propria
1102 1444 1276 1492 virtute
1312 1453 1557 1510 penetret,
1596 1443 1702 1508 quis
1736 1460 1846 1490 eum
1885 1442 2020 1491 locus
2056 1442 2316 1508 impediat,
2355 1458 2434 1500 ne,

289 1524 565 1590 ubicunque
604 1525 830 1573 omnibus
869 1525 1009 1587 velit,
1053 1542 1189 1590 aeque
1230 1541 1367 1572 suam
1399 1525 1644 1590 impertire
1676 1524 1897 1572 notitiam
1930 1523 2117 1589 possit?
2156 1526 2226 1570 Eo
2259 1522 2439 1587 quippe

291 1605 457 1665 modo,
498 1622 598 1670 quo
626 1606 744 1654 locis
774 1606 1001 1654 omnibus
1034 1607 1188 1654 inesse
1213 1606 1286 1653 vel
1317 1621 1518 1671 praeesse
1544 1621 1632 1670 per
1653 1605 1944 1669 potentiam,
1979 1621 2081 1652 non
2120 1620 2207 1668 per
2236 1602 2438 1650 localem

291 1686 600 1750 positionem,
636 1685 828 1747 dicitur,
860 1686 1043 1752 ubique
1068 1686 1143 1734 sui
1175 1686 1423 1746 notitiam,
1451 1684 1820 1750 quibuscunque
1842 1683 2066 1742 voluerit,
2097 1682 2247 1730 habet
2270 1683 2441 1746 imper-

291 1761 397 1820 tire,
445 1777 535 1809 nec
577 1777 767 1809 summa
803 1770 850 1809 et
880 1760 1103 1826 spiritalis
1137 1761 1314 1819 virtus,
1352 1761 1428 1807 cui
1468 1759 1637 1806 omnia
1671 1768 1783 1806 sunt
1820 1758 1984 1823 pervia
2020 1757 2128 1805 loca
2162 1773 2268 1821 quae
2301 1767 2435 1815 sunt,

290 1840 451 1905 aliqua
481 1840 719 1889 soliditate
753 1840 829 1888 vel
855 1840 1084 1905 qualitate
1115 1839 1369 1906 praepediri
1391 1848 1567 1904 potest.
1600 1839 1792 1904 Quippe
1823 1855 1935 1885 cum
1967 1838 2155 1886 claritas
2187 1837 2299 1885 solis
2325 1837 2440 1884 soli-

290 1920 542 1968 dissimum
568 1921 742 1968 vitrum
759 1921 828 1968 sic
850 1910 1086 1986 penetret,
1117 1930 1171 1968 ut
1190 1937 1277 1986 per
1300 1921 1461 1986 ipsum
1483 1934 1680 1984 quoque
1706 1934 1843 1966 suam
1872 1917 2015 1965 nobis
2038 1917 2439 1965 illuminationem

291 2001 543 2063 infundat,
586 2011 632 2049 et
678 2018 886 2067 corpora
921 2011 1086 2049 nostra
1121 2011 1231 2067 post
1264 2000 1663 2048 resurrectionem
1702 2008 1841 2046 tantae
1876 1998 2151 2046 subtilitatis
2194 1996 2299 2044 fore
2337 2013 2442 2043 cre-

292 2081 481 2140 damus,
513 2091 562 2128 ut
580 2081 680 2145 jam
707 2082 774 2128 eis
797 2082 1011 2146 quodam
1034 2081 1184 2128 modo
1208 2079 1500 2146 spiritalibus
1520 2079 1654 2126 factis
1678 2077 1809 2125 nulla
1834 2078 1983 2141 possit
2005 2076 2196 2125 obstare
2222 2077 2436 2133 materia,

293 2161 423 2209 unde
461 2172 508 2209 et
541 2161 842 2208 dominicum
873 2178 1078 2227 corpus,
1116 2160 1251 2224 quod
1283 2159 1444 2207 adhuc
1475 2157 1667 2205 mortali
1702 2157 1864 2205 clauso
1898 2158 2022 2218 vitro
2057 2167 2223 2204 natum
2258 2156 2436 2216 fuerat,

294 2251 403 2306 post
438 2242 847 2295 resurrectionem
868 2242 970 2306 jam
1001 2239 1271 2288 immortale
1302 2249 1349 2287 et
1378 2236 1672 2303 impassibile
1703 2236 1873 2284 clausis
1895 2237 2053 2301 januis
2086 2236 2147 2284 ad
2182 2235 2441 2301 discipulos

292 2322 505 2383 intravit,
536 2321 689 2370 multo
725 2338 839 2386 ergo
865 2322 1015 2386 magis
1038 2337 1279 2388 summam
1304 2319 1436 2367 illam
1460 2317 1634 2365 divinae
1662 2316 1885 2364 claritatis
1905 2316 2142 2364 visionem
2165 2314 2301 2363 nullo
2325 2332 2441 2380 prae-

293 2402 448 2467 pediri
480 2419 620 2468 posse
658 2402 936 2461 obstaculo,
975 2402 1052 2449 vel
1081 2401 1176 2449 loci
1209 2399 1569 2466 propinquitate
1602 2397 1664 2445 ad
1693 2396 2068 2445 illuminandum
2099 2397 2313 2461 adjuvari
2345 2411 2442 2442 cre-

293 2482 511 2531 dendum
541 2493 628 2531 est.
673 2486 795 2531 Nam
820 2492 867 2531 et
901 2483 1062 2546 ignem
1093 2482 1177 2547 qui
1209 2481 1377 2529 ceteris
1402 2478 1622 2527 subtilior
1650 2488 1722 2526 est
1746 2477 2017 2538 elementiS,
2053 2476 2165 2524 inde
2196 2492 2297 2523 non
2329 2476 2442 2521 reci-

294 2579 410 2628 pere
445 2564 709 2611 sectionem
734 2563 911 2625 dicitis,
938 2563 1052 2627 quia
1073 2562 1208 2609 nullo
1233 2560 1518 2626 interposito
1541 2574 1746 2624 corpore
1769 2567 1925 2623 partes
1947 2557 2047 2620 ejus
2066 2555 2216 2603 dividi
2239 2563 2436 2619 queant.

298 2642 448 2691 Multo
485 2653 649 2692 autem
680 2644 841 2691 minus
864 2642 1085 2709 spiritalis
1107 2641 1376 2689 substantia
1400 2657 1507 2705 quae
1529 2639 1672 2703 longe
1697 2638 1831 2686 omni
1860 2653 2063 2702 corpore
2097 2634 2318 2683 subtilior
2341 2643 2437 2692 est,

299 2739 535 2788 corporeo
572 2723 863 2790 praepeditur
887 2723 1155 2771 obstaculo.
1188 2724 1310 2769 Cum
1335 2736 1449 2768 vero
1484 2719 1705 2766 divinitas
1736 2726 1875 2765 tantae
1901 2715 2168 2763 subtilitatis
2198 2715 2281 2775 sit,
2310 2724 2363 2761 ut
2389 2714 2439 2760 in

298 2807 400 2867 ejus
448 2804 811 2868 comparatione
857 2802 1080 2868 quaelibet
1115 2802 1217 2850 aliae
1264 2810 1445 2848 naturae
1483 2814 1726 2864 corporeae
1768 2806 2069 2857 censeantur,
2116 2804 2162 2843 et
2199 2795 2303 2860 ipsa
2338 2793 2441 2841 sola

298 2892 518 2947 respectu
568 2882 770 2931 aliarum
804 2884 1091 2949 incorporea
1124 2881 1395 2947 judicetur,
1440 2877 1691 2944 quomodo
1733 2892 1920 2924 summa
1959 2876 2060 2940 ejus
2094 2874 2283 2923 claritas
2333 2890 2438 2938 quae.

298 2973 472 3010 cuncta
497 2963 839 3028 cognoscendo
865 2963 1155 3024 considerat,
1181 2960 1486 3010 obstaculum
1508 2957 1736 3006 habebit?
1760 2959 1866 3015 Qua
1889 2956 2054 3018 ctiam,
2085 2956 2167 3020 qui
2195 2954 2435 3013 fruuntur,

297 3061 411 3091 cum
438 3044 602 3091 omnia
640 3043 851 3106 videant,
885 3043 1114 3109 quicquid
1149 3059 1234 3092 eos
1268 3042 1388 3090 scire
1419 3039 1699 3100 conveniat,
1735 3046 2165 3102 quantumcunque
2199 3045 2438 3084 remotum

355 3227 503 3269 ¹Jerem.‚
518 3238 590 3271 cap.
607 3238 701 3271 xxm,
718 3240 749 3263 v.
770 3233 821 3266 24.
842 3250 878 3255 —
896 3233 907 3252 ²
923 3230 1053 3265 Psalm.
1072 3238 1206 3272 cxxxix,
1221 3239 1252 3262 v.
1270 3232 1301 3270 7,
1316 3229 1347 3263 8.
