2638 3866
843 223 1101 272 EP1TOME
1138 225 1489 274 THEOLOGIAE
1523 225 1907 275 CHRISTIANAE.
2379 228 2474 278 569

328 325 457 368 etiam
488 324 804 385 praedestinavit
834 324 950 368 hunc
979 324 1036 368 ad
1056 325 1215 380 vitam,
1246 326 1332 370 tale
1364 338 1428 370 est
1458 343 1507 370 ac
1539 328 1573 371 si
1609 327 1776 372 dicatur
1799 343 1809 372 ε
1834 327 1904 371 Ab
1930 338 2090 372 aeterno
2115 328 2336 389 providet,
2360 332 2478 390 quod

328 390 488 450 aliquid
523 391 689 434 bonum
725 389 851 434 daret
877 390 1003 443 huic,
1037 407 1115 451 per
1144 391 1264 451 quod
1295 392 1544 438 salvaretur.
1582 395 1737 437 Utrum
1767 393 1891 454 plura
1924 395 2056 455 possit
2087 394 2314 456 disponere
2348 413 2478 456 quam

329 455 542 516 disponat,
565 456 632 500 vel
651 456 789 516 possit
808 456 932 510 scire,
956 455 1024 500 vel
1046 457 1176 500 etiam
1196 458 1339 516 plures
1355 458 1411 502 ad
1433 459 1566 503 vitam
1586 458 1909 519 praedestinare,
1933 461 2033 504 satis
2049 472 2113 506 est
2133 463 2179 505 in
2200 474 2392 523 promtu.

1167 681 1410 743 CAPUT
1454 684 1637 745 XXII.

901 829 959 865 De
979 825 1064 874 his,
1088 838 1175 879 quae
1196 825 1246 865 ad
1272 825 1482 867 bonitatem
1506 827 1677 868 divinam
1696 827 1903 882 pertinent.

389 952 515 995 Dicto
541 951 594 995 de
616 952 812 1012 potentia
835 963 880 996 et
904 953 1111 1013 sapientia
1132 954 1371 1014 hucusque,
1398 954 1453 998 de
1472 954 1667 1000 bonitate
1687 955 1828 1016 aliqua
1849 954 2142 999 subnectenda
2159 966 2256 999 sunt
2276 956 2475 1000 breviter.

329 1019 460 1074 Deus,
486 1027 534 1060 ut
558 1016 758 1073 diximus,
783 1016 997 1079 benignus
1019 1030 1098 1075 est,
1125 1030 1168 1062 et
1190 1020 1446 1076 misericors,
1473 1032 1516 1064 et
1535 1022 1775 1065 miserator.
1800 1022 1937 1080 Hujus
1958 1022 2233 1082 benignitatis
2254 1022 2479 1078 effectum,

326 1098 428 1126 cum
446 1083 536 1143 ipse
557 1083 693 1126 nihilo
713 1083 920 1145 indigeat,
945 1095 1097 1145 utpote
1120 1086 1194 1145 qui
1210 1086 1291 1129 sibi
1310 1102 1387 1146 per
1407 1087 1555 1130 omnia
1576 1086 1790 1131 sufficiens
1806 1099 1884 1139 est,
1904 1090 1949 1130 in
1971 1088 2175 1132 creaturis
2189 1089 2274 1132 suis
2295 1100 2479 1133 exercet.

326 1150 437 1192 Cum
466 1150 595 1210 igitur
617 1149 662 1192 in
684 1165 728 1193 se
752 1150 845 1193 solo
879 1147 933 1193 sit
965 1151 1124 1195 affectu
1146 1152 1382 1213 benignus,
1406 1154 1452 1196 in
1489 1154 1696 1197 creaturis
1724 1154 1824 1197 solis
1846 1153 2001 1209 efficit,
2038 1154 2158 1214 quod
2185 1155 2379 1198 bonitate
2411 1155 2484 1198 tali

327 1226 495 1259 constat
516 1215 808 1261 efficiendum.
839 1218 898 1260 At
919 1233 1047 1272 vero,
1073 1219 1147 1277 qui
1169 1234 1334 1262 summe
1356 1219 1498 1265 bonus
1521 1230 1584 1262 est
1600 1251 1611 1273 ,
1639 1220 1693 1262 ab
1717 1232 1770 1263 eo
1797 1236 1927 1280 porro
1950 1222 2092 1264 omnis
2113 1220 2272 1264 invidia
2295 1221 2483 1282 relegata

327 1292 406 1335 est,
440 1283 580 1325 omnis
610 1282 760 1326 itidem
794 1283 883 1339 ira,
921 1285 1060 1327 omnis
1090 1284 1210 1328 furor
1233 1285 1287 1328 ab
1311 1301 1365 1330 eo
1393 1278 1585 1329 remotus
1613 1296 1692 1329 est.
1725 1286 1842 1341 Quid
1871 1286 2014 1347 igitur,
2049 1286 2169 1346 quod
2199 1286 2354 1331 dicitur
2381 1303 2390 1330 :
2415 1287 2482 1331 Ne

326 1349 530 1390 irascatur
551 1348 672 1391 furor
684 1359 782 1392 tuus
798 1365 926 1409 super
951 1350 1059 1393 nos?
1082 1351 1200 1406 Quid
1220 1351 1351 1394 etiam
1372 1363 1572 1412 precatur
1594 1352 1811 1412 Propheta
1833 1368 1842 1395 :
1868 1353 2070 1408 Domine,
2095 1369 2151 1397 ne
2174 1354 2220 1396 in
2240 1354 2384 1396 furore
2406 1365 2482 1397 tuo

327 1429 479 1474 arguas
500 1414 598 1458 me?
619 1415 674 1457 Et
695 1416 942 1473 hujusmodi
967 1416 1202 1460 affectuum
1226 1418 1473 1461 nominibus
1486 1417 1732 1461 translative
1754 1418 1931 1474 utimur,
1956 1435 2056 1463 cum
2069 1419 2124 1463 de
2135 1421 2230 1463 Deo
2249 1419 2481 1479 loquimur,

327 1490 375 1522 ut
398 1480 636 1523 secundum
665 1481 890 1536 effectum,
917 1494 960 1526 et
988 1498 1080 1526 non
1114 1483 1354 1527 secundum
1385 1484 1589 1528 affectum
1612 1483 1666 1527 de
1697 1500 1749 1528 eo
1772 1485 2076 1546 intelligamus.
2100 1486 2204 1529 Tale
2232 1497 2296 1529 est
2315 1486 2445 1546 igitur
2471 1501 2481 1529 ε

326 1546 440 1588 Deus
462 1546 594 1589 iratus
617 1557 697 1602 est,
721 1547 788 1590 vel
815 1563 825 1591 t
848 1549 966 1591 Deus
988 1560 1163 1608 pacatus
1187 1561 1250 1593 est
1265 1582 1276 1601 ,
1304 1565 1354 1592 ac
1376 1551 1411 1592 si
1435 1550 1602 1594 dicatur
1629 1566 1639 1594 z
1663 1551 1780 1594 Deus
1801 1552 1928 1611 punit
1948 1551 2094 1607 illum,
2121 1551 2190 1595 vel
2211 1553 2327 1595 Deus
2347 1551 2485 1611 parcit

325 1610 403 1654 illi.
421 1611 575 1655 Nullus
599 1613 716 1656 enim
737 1613 986 1670 hujusmodi
1000 1615 1196 1670 affectus,
1216 1615 1356 1658 nullus
1375 1627 1519 1660 motus
1539 1617 1585 1658 in
1601 1632 1702 1659 eum
1726 1616 1858 1672 cadit,
1878 1618 1952 1676 qui
1973 1618 2019 1659 in
2041 1617 2348 1676 tranquillitate
2364 1616 2481 1660 facit.

327 1677 571 1721 Misericors
584 1694 688 1738 ergo
711 1678 867 1723 dicitur
882 1681 926 1722 in
943 1696 1005 1736 se,
1028 1681 1137 1724 sicut
1158 1692 1203 1724 et
1216 1681 1446 1742 benignus,
1462 1682 1689 1724 miserator
1704 1682 1750 1724 in
1763 1682 2044 1726 exhibitione.
2065 1682 2107 1725 Si
2125 1698 2228 1743 ergo
2251 1698 2342 1726 non
2358 1693 2482 1737 esset,

325 1744 395 1786 cui
407 1744 696 1800 misereretur,
714 1760 795 1788 nec
810 1746 1038 1789 miserator
1050 1757 1176 1790 esset.
1193 1747 1276 1790 Hic
1290 1746 1399 1790 solet
1411 1747 1560 1806 quaeri,
1586 1758 1732 1790 utrum
1743 1747 1976 1807 benignior
1995 1764 2085 1791 esse
2101 1749 2249 1808 possit,
2265 1748 2332 1792 vel
2350 1749 2485 1809 magis

326 1810 566 1853 miserator.
602 1811 751 1854 Posset
773 1811 891 1854 enim
918 1811 1114 1871 pluribus
1137 1811 1255 1855 dona
1278 1811 1497 1867 conferre,
1523 1823 1567 1855 et
1594 1828 1668 1856 eos
1690 1812 1870 1856 salvare.
1904 1814 2055 1857 Posset
2080 1813 2275 1874 pluribus
2295 1815 2486 1858 misereri

323 1885 369 1918 et
389 1890 582 1935 parcere.
609 1876 678 1920 Sic
699 1877 830 1935 igitur
850 1877 1080 1937 benignior
1101 1889 1144 1921 et
1166 1879 1304 1938 magis
1324 1878 1565 1934 miserator,
1589 1879 1658 1922 vel
1679 1879 1823 1923 minus
1842 1891 1986 1939 posset
2008 1896 2098 1924 esse
2111 1913 2123 1935 ‚
2146 1891 2220 1924 aut
2241 1881 2371 1924 etiam
2393 1897 2484 1924 non

326 1941 568 1996 miserator,
592 1957 693 1985 cum
716 1943 847 1985 etiam
868 1954 1015 2002 posset
1036 1960 1128 1987 non
1151 1944 1295 1999 fuisse,
1321 1945 1391 1987 cui
1406 1945 1695 1988 misereretur.
1722 1945 1807 1989 Sed
1824 1945 1928 2005 quid
1951 1947 2021 1989 hic
2043 1962 2215 2006 quoque
2237 1945 2486 2006 responderi

324 2006 481 2062 valeat,
506 2023 560 2051 ex
581 2009 871 2068 superioribus
892 2011 1095 2070 cognosci
1115 2021 1274 2070 potest.
1301 2011 1403 2053 Non
1425 2012 1542 2054 enim
1561 2028 1640 2072 pro
1663 2012 1831 2055 ratione
1851 2013 2061 2072 assignata
2077 2014 2269 2072 superius
2289 2013 2484 2072 pluribus

326 2072 443 2116 bona
465 2074 677 2128 conferre,
704 2073 773 2117 vel
795 2074 989 2136 pluribus
1010 2076 1219 2130 misereri,
1238 2076 1306 2120 vel
1331 2076 1472 2132 aliter,
1492 2093 1622 2138 quam
1645 2077 1788 2131 faciat,
1814 2077 1953 2122 facere
1974 2090 2129 2138 potest.

1140 2303 1389 2364 CAPUT
1452 2306 1671 2366 xxm.

1211 2452 1289 2489 Cur
1325 2450 1422 2490 deus
1457 2405 1602 2492 homo?

385 2569 511 2614 Dicto
537 2570 591 2615 de
614 2572 747 2615 altera
768 2583 889 2632 parte
910 2572 1037 2627 fidei,
1063 2589 1159 2632 quae
1182 2585 1246 2617 est
1267 2574 1311 2616 in
1335 2575 1584 2635 cognitione
1614 2575 1712 2629 Dei,
1737 2574 1792 2619 de
1816 2576 1980 2619 unitate
2007 2577 2166 2621 scilicet
2187 2577 2341 2620 divinae
2374 2579 2479 2622 sub·-

326 2637 494 2678 stantiae
524 2648 566 2680 et
592 2639 783 2681 trinitate
816 2654 1125 2698 personarum,
1162 2651 1205 2682 et
1237 2639 1291 2683 de
1322 2641 1635 2699 pertinentibus
1670 2641 1727 2684 ad
1749 2652 1991 2700 utramque,
2026 2653 2234 2701 quantum
2260 2646 2479 2688 memoriae

327 2702 512 2744 occurrit
538 2719 548 2745 ε
578 2711 694 2746 nunc
722 2703 776 2747 de
800 2705 933 2747 altera
956 2716 1079 2764 parte
1094 2737 1105 2758 ,
1131 2705 1291 2749 scilicet
1321 2705 1376 2748 de
1399 2705 1619 2749 beneficiis
1640 2707 1767 2749 nobis
1789 2707 1844 2750 ab
1876 2723 1929 2750 eo
1951 2707 2116 2750 collatis
2137 2709 2323 2752 breviter
2344 2725 2478 2770 expe-

328 2765 495 2810 diamus
523 2783 532 2810 ε
559 2784 743 2826 quorum
765 2769 885 2828 quod
907 2786 1122 2813 summum
1137 2781 1181 2814 et
1198 2771 1435 2814 maximum
1458 2771 1555 2826 fuit,
1581 2771 1699 2830 quod
1716 2773 1922 2832 sapientia
1943 2774 2022 2816 Dei
2044 2789 2219 2817 carnem
2238 2774 2293 2818 de
2314 2776 2477 2837 virgine

326 2832 583 2875 assumendo
601 2849 677 2876 sua
693 2833 789 2877 luce
811 2851 891 2878 nos
913 2835 1184 2890 illuminavit,
1205 2836 1483 2880 dilectionem
1497 2853 1619 2880 suam
1640 2838 1766 2880 nobis
1782 2838 1993 2882 exhibuit.
2014 2840 2065 2881 In
2087 2840 2172 2883 hoc
2190 2841 2323 2895 enim,
2341 2858 2478 2901 quan-

326 2906 415 2939 tam
432 2897 707 2942 dilectionem
722 2900 903 2943 haberet
918 2901 1031 2944 circa
1048 2917 1142 2955 nos,
1163 2901 1368 2956 ostendit,
1390 2903 1465 2961 qui
1478 2903 1684 2957 animam,
1703 2918 1834 2962 quam
1847 2906 2058 2959 assumsit,
2074 2921 2154 2965 pro
2174 2906 2301 2949 nobis
2315 2910 2474 2968 posuit.

326 2962 453 3006 Unde
479 2963 597 3007 idem
625 2980 635 3008 ε
661 2965 875 3022 Majorem
901 2966 983 3009 hac
1014 2966 1291 3010 dilectionem
1325 2983 1456 3010 nemo
1477 2968 1636 3023 habet,
1669 2979 1718 3011 ut
1746 2971 1936 3012 animam
1965 2986 2088 3014 suam
2118 2973 2212 3031 quis
2232 2986 2369 3034 ponat
2395 2991 2475 3035 pro

327 3028 473 3072 amicis
494 3030 594 3073 suis.
620 3031 705 3074 Pro
729 3030 959 3075 dilectione
982 3032 1214 3091 siquidem,
1238 3049 1369 3092 quam
1398 3049 1500 3094 erga
1520 3050 1601 3077 nos
1628 3033 1804 3090 habuit,
1827 3046 1877 3078 ut
1896 3050 1976 3079 nos
2001 3051 2026 3078 a
2041 3038 2146 3097 jugo
2167 3043 2332 3099 peccati
2355 3042 2474 3086 redi..

324 3105 476 3147 meret,
502 3110 676 3140 carnem
701 3097 909 3141 assumsit.
935 3098 975 3140 A
997 3114 1085 3157 quo
1107 3099 1237 3159 igitur
1259 3114 1338 3142 nos
1357 3099 1606 3156 redemerit,
1633 3110 1680 3143 et
1704 3099 1927 3159 quomodo
1946 3101 2159 3147 redemtio
2181 3105 2254 3148 illa
2273 3107 2383 3151 facta
2405 3110 2472 3162 sit,

327 3157 553 3219 diligenter
586 3163 892 3221 inquirendum
924 3179 1015 3207 esse
1043 3164 1154 3207 ratio
1184 3163 1429 3224 persuadet.
1454 3165 1645 3220 Quidam
1676 3165 1848 3220 dicunt,
1882 3166 2000 3225 quod
2024 3184 2052 3211 a
2074 3181 2284 3229 potestate
2315 3173 2472 3217 diaboli

325 3223 508 3269 redemti
537 3243 694 3284 sumus.
724 3230 797 3289 qui
818 3230 1040 3273 hominem
1064 3229 1321 3289 decipiendo
1345 3230 1486 3290 ipsum
1508 3231 1590 3274 sibi
1613 3231 1812 3288 subjecit,
1838 3242 1882 3275 et
1908 3244 2182 3292 potestatem,
2208 3254 2337 3296 quam
2358 3241 2473 3298 prius

328 3304 415 3332 non
448 3291 680 3346 habuerat,
735 3312 762 3338 n
787 3311 886 3339 eum
908 3296 1084 3356 recepit.
1112 3295 1322 3356 Ideoque,
1346 3307 1395 3339 ut
1425 3297 1592 3352 dicunt,
1614 3298 1765 3341 missus
1798 3308 1861 3341 est
1895 3298 2026 3343 Filius
2048 3301 2143 3355 Dei,
2175 3314 2238 3357 ut,
2269 3306 2471 3362 quoniam

485 3402 515 3426 11
2264 3404 2312 3440 72
