2638 3866
297 199 358 245 62
1098 191 1267 243 PETRI
1304 191 1616 242 ABAELARDI

925 522 1210 602 LIBER
1268 518 1794 603 SECUNDUS.

361 758 530 823 Operis
551 766 683 823 parte
705 757 957 822 superiori¹
975 794 988 818 ‚
1015 754 1284 803 testimonia
1307 753 1527 819 quaedam
1550 764 1647 803 tam
1673 751 2048 819 Prophetarum,
2080 769 2227 818 quam
2262 754 2420 819 philo-

295 837 558 903 sophorum
586 836 884 900 collegimus,
922 834 1096 900 quibus
1117 843 1290 883 sanctae
1312 833 1552 883 Trinitatis
1573 832 1718 883 fidem
1739 842 2058 883 astrueremus
2073 871 2086 896 ‚
2114 832 2198 881 ubi
2222 833 2419 899 quidem

295 918 411 964 dum
440 916 839 982 philosophorum
861 915 1128 964 infidelium
1151 913 1462 973 assertiones,
1497 914 1620 962 sicut
1645 922 1695 962 et
1727 923 2004 962 sanctorum
2026 915 2248 974 Patrum,
2285 915 2420 979 quasi

294 998 342 1043 in
377 998 707 1045 auctoritatem
741 996 1037 1056 induximus,
1071 995 1336 1043 multorum
1369 1010 1460 1042 nos
1483 988 1862 1043 detractionibus
1884 993 2215 1044 corrodendos
2237 996 2422 1060 patere²

294 1077 623 1140 praesensimus
639 1114 652 1138 ,
677 1086 817 1141 atque
836 1093 864 1124 a
886 1074 1130 1124 nonnullis
1156 1073 1296 1122 nobis
1318 1073 1370 1122 id
1391 1074 1851 1140 improperandum,
1890 1074 2025 1140 quod
2047 1077 2099 1122 B.
2125 1074 2419 1139 Hieronymo

292 1173 318 1203 a
341 1157 499 1204 multis
521 1157 636 1204 olim
668 1156 868 1221 legimus
903 1155 1173 1220 objectum,
1211 1170 1326 1204 cum
1358 1171 1460 1203 non
1497 1154 1659 1203 solum
1694 1154 1772 1204 ille
1805 1164 1852 1204 et
1882 1155 2215 1215 ethnicorum,
2251 1170 2419 1203 verum

292 1237 433 1283 etiam
452 1236 782 1284 haereticorum
802 1236 1069 1284 testimonia
1091 1235 1188 1283 suis
1211 1235 1441 1283 insereret
1457 1235 1660 1302 scriptis.
1683 1234 1823 1284 Unde
1840 1229 1887 1284 et
1908 1235 2136 1284 adversus
2157 1234 2419 1289 calumnias

292 1319 445 1382 Magni
468 1319 681 1366 Oratoris
704 1318 834 1366 urbis
860 1321 1020 1366 Romae
1041 1317 1292 1383 epistolam
1320 1316 1533 1366 scribens
1548 1355 1562 1380 ‚
1597 1319 1663 1365 ita
1684 1334 1879 1366 exorsus
1900 1319 1985 1366 ait³
2009 1335 2020 1365 ε
2053 1338 2076 1361 α
2105 1317 2235 1376 Quid
2249 1318 2418 1382 quaeris

288 1397 418 1460 quod
443 1399 491 1444 in
515 1398 754 1463 opusculis
788 1399 963 1445 nostris
988 1397 1272 1445 secularium
1294 1397 1541 1445 literarum
1571 1397 1815 1446 interdum
1837 1413 2075 1463 ponamus
2101 1396 2343 1462 exempla,
2370 1406 2419 1445 et

287 1476 547 1524 candorem
572 1477 775 1524 ecclesiae
800 1465 1104 1525 ethnicorum
1132 1476 1356 1524 sordibus
1385 1476 1692 1542 polluamus?
1727 1480 1983 1542 Nunquam
2005 1476 2102 1525 hoc
2123 1492 2359 1541 quaereres
2379 1477 2418 1524 si

287 1557 539 1621 scripturas
558 1574 713 1604 sacras
736 1558 914 1621 legeres
931 1594 944 1618 ‚
970 1558 1009 1605 si
1031 1558 1313 1622 interpretes
1331 1572 1497 1604 earum
1518 1556 1804 1605 revolveres.
1832 1557 1951 1615 Quis
1981 1557 2112 1604 enim
2140 1556 2343 1616 nesciat,
2370 1565 2418 1604 et

287 1638 335 1683 in
358 1638 520 1701 Moyse
545 1654 599 1686 ac
618 1637 962 1703 Prophetarum
982 1636 1327 1699 voluminibus,
1345 1636 1563 1702 quaedam
1583 1647 1824 1703 assumpta
1847 1637 1909 1684 de
1933 1633 2181 1701 gentilium
2202 1636 2351 1696 libris,
2371 1644 2417 1684 et

287 1716 592 1764 Salomonem
620 1717 965 1783 philosophari,
995 1728 1043 1765 et
1067 1717 1375 1783 proposuisse
1395 1716 1645 1776 nonnulla,
1673 1726 1721 1764 et
1741 1716 1899 1781 aliqua
1922 1716 2254 1782 respondisse?
2278 1715 2415 1764 Unde

286 1798 334 1844 in
357 1798 557 1847 exordio
579 1798 936 1846 Proverbiorum
964 1808 1243 1846 commonet
1270 1807 1322 1845 ut
1353 1797 1672 1861 intelligamus
1704 1813 1949 1865 sermones
1979 1797 2269 1863 prudentiae,
2301 1813 2415 1845 ver-

285 1878 524 1942 sutiasque
556 1878 810 1926 verborum
826 1917 839 1940 ‚
882 1879 1161 1944 parabolas,
1201 1888 1249 1925 et
1288 1877 1551 1926 obscurum
1572 1893 1847 1926 sermonem
1865 1913 1879 1938 ‚
1910 1877 2037 1925 dicta
2059 1877 2343 1944 sapientium
2368 1887 2415 1925 et

285 1957 559 2020 aenigmata,
592 1975 696 2023 quae
734 1959 927 2024 proprie
962 1968 1074 2006 sunt
1109 1957 1470 2006 dialecticorum
1503 1966 1551 2005 et
1573 1957 1992 2023 philosophorum.
2029 1957 2124 2005 Sed
2162 1967 2209 2005 et
2239 1955 2412 2006 Paulus

242 2036 247 2042 ’
285 2037 536 2100 Apostolus
556 2038 844 2103 Epimenidis
867 2048 1020 2103 poetae
1043 2038 1220 2085 abusus
1241 2038 1477 2086 versiculo
1503 2048 1598 2098 est,
1624 2037 1838 2085 scribens
1856 2037 1918 2085 ad
1941 2037 2098 2085 Titum
2112 2039 2125 2061 ⁸
2148 2055 2158 2082 :

635 2190 852 2231 Cretenses
875 2206 1041 2249 semper
1063 2189 1314 2243 mendaces,
1338 2190 1463 2232 malae
1483 2190 1651 2242 bestiae,
1676 2199 1844 2232 ventres
1866 2189 1991 2248 pigri.

284 2328 334 2371 ln
359 2326 449 2373 alia
472 2343 665 2390 quoque
685 2328 883 2393 epistola
902 2330 1151 2377 Menandri
1174 2331 1314 2394 ponit
1338 2331 1601 2377 senarium³⁵
1626 2349 1635 2375 :

634 2476 919 2534 Corrumpunt
940 2493 1079 2520 mores
1097 2479 1236 2521 bonos
1260 2478 1626 2521 confabulationes
1643 2477 1783 2520 malae.

283 2623 338 2666 Et
359 2624 486 2687 apud
512 2625 813 2673 Athenienses
839 2628 889 2675 in
912 2630 1072 2675 Martis
1093 2630 1224 2676 curia
1261 2629 1527 2694 disputans,
1566 2632 1759 2676 Aratum
1794 2638 1958 2677 testem
1986 2631 2142 2676 vocat⁶
2170 2648 2178 2675 :
2210 2649 2232 2672 «
2261 2630 2409 2693 Ipsius

281 2702 408 2747 enim
447 2712 491 2748 et
524 2721 671 2767 genus
708 2722 888 2754 sumus.
921 2728 943 2750 >2
970 2710 1130 2766 Pater,
1156 2708 1252 2757 hoc
1277 2719 1348 2756 est
1383 2709 1556 2756 doctor
1577 2708 1833 2756 Christiani
1867 2709 2126 2769 exercitus,
2164 2718 2211 2756 et
2246 2717 2409 2756 orator

282 2780 483 2828 invictus
502 2799 591 2846 pro
614 2784 800 2832 Christo
824 2803 1017 2834 causam
1039 2804 1210 2852 agens,
1238 2789 1381 2837 etiam
1413 2788 1776 2853 inscriptionem
1799 2787 2045 2836 fortuitam
2083 2798 2184 2837 arte
2217 2798 2408 2853 torquet

280 2859 328 2904 in
366 2873 695 2923 argumentum
738 2863 864 2911 fidei.
900 2866 1143 2914 Didicerat
1177 2869 1306 2915 enim
1334 2885 1363 2915 a
1398 2884 1513 2916 vero
1549 2867 1754 2926 David⁷‚
1780 2877 2063 2933 extorquere
2095 2868 2156 2915 de
2186 2867 2407 2916 manibus

280 2938 488 2986 hostium
508 2939 717 3002 gladium
733 2977 745 3000 ‚
786 2953 832 2990 et
855 2944 1002 2991 Goliae
1039 2946 1366 3010 superbissimi
1403 2957 1546 3010 caput
1574 2947 1772 3012 proprio
1798 2964 2030 2997 mucrone
2053 2958 2290 2995 truncare.
2318 2949 2405 2994 Le·

281 3028 392 3079 gant
412 3019 459 3064 in
483 3022 863 3068 Deuteronomio⁸
886 3022 1098 3070 mulieris
1119 3024 1317 3088 captivae
1335 3024 1603 3072 radendum
1626 3036 1771 3091 caput
1786 3065 1799 3088 ‚
1829 3027 2103 3091 supercilia,
2131 3042 2299 3073 omnes
2325 3027 2404 3090 pi-

322 3191 487 3224 ¹Amboes.
500 3191 761 3232 superioria—²
769 3193 819 3225 Sic
830 3193 983 3228 Amboes.
993 3196 1112 3229 Forsan
1120 3206 1301 3238 parare.-
1375 3206 1406 3228 v.
1423 3199 1473 3229 12.
1487 3214 1527 3221 —
1548 3197 1586 3228 ⁵1
1614 3197 1776 3238 Corinth„
1808 3206 1881 3238 cap.
1898 3206 1953 3238 xv,
1982 3207 2010 3230 v.
2032 3202 2082 3232 33.
2101 3217 2142 3223 —
2157 3201 2169 3220 ⁶
2184 3201 2256 3233 Act.
2274 3203 2400 3242 Apost„

288 3241 389 3282 Epist.
404 3246 457 3284 83,
477 3243 579 3284 Opp.‚
597 3249 622 3276 t.
640 3241 697 3283 IV,
714 3254 747 3285 p.
765 3246 816 3285 11,
835 3247 895 3278 col.
912 3248 986 3279 654.
1003 3264 1040 3271 -
1061 3250 1071 3268 ⁴
1084 3247 1162 3287 Tit„
1186 3257 1258 3288 cap.
1274 3258 1294 3287 1,
1374 3259 1543 3291 cap.xvu‚
1562 3259 1591 3283 v.
1610 3253 1703 3284 28.—
1718 3250 1853 3291 ⁷1Reg.,
1867 3260 1938 3291 cap.
1959 3254 2098 3285 uin—⁸
2112 3253 2227 3293 Dent..
2238 3262 2309 3294 cap.
2332 3263 2399 3287 ¹¹1.
