2638 3866
1146 208 1363 259 DIALOG
1370 208 1454 257 US.
2271 204 2364 254 675

229 342 361 373 mum
395 324 583 372 bonum
613 323 976 384 constituerint,
1007 323 1129 371 sicut
1151 324 1360 390 Epicuro
1389 333 1437 372 et
1461 323 1564 387 ejus
1595 321 1902 388 sequacibus,
1929 320 1978 369 id
2001 330 2098 382 est,
2125 322 2369 387 Epicureis

227 406 365 453 multi
389 422 476 471 per
499 404 819 469 ignorantiam
843 404 1131 468 imponunt,
1167 420 1268 451 non
1292 403 1518 469 equidem
1543 403 1887 468 intelligentes,
1914 401 2031 467 quid
2055 401 2139 459 illi,
2165 411 2218 449 ut
2241 402 2370 448 dixi-

228 502 335 533 mus
351 485 650 551 voluptatem
674 483 998 531 nominarent.
1025 483 1268 547 Alioquin,
1294 493 1348 540 ut
1371 483 1595 543 diximus,
1613 485 1809 540 Seneca,
1829 483 1906 531 ille
1922 483 2158 530 maximus
2175 497 2370 530 morum

227 564 488 613 aedificator
521 574 568 613 et
599 563 1044 623 continentissimae,
1081 563 1205 610 sicut
1235 573 1282 610 et
1315 580 1402 610 vos
1426 564 1515 629 ipsi
1544 562 1863 629 profitemini,
1898 563 2026 621 vitae,
2063 578 2370 627 nequaquam

228 646 422 711 Epicuri
458 655 690 710 tanquam
724 642 938 707 magistri
963 643 1036 690 sui
1068 643 1327 690 sententias
1361 653 1459 690 tam
1494 643 1665 691 crebro
1697 642 1759 690 ad
1787 643 2151 690 instructionem
2179 658 2370 690 morum

227 725 495 785 induceret,
528 726 567 772 si
592 725 655 772 ita
676 734 729 771 ut
757 723 949 781 dicitur,
975 722 1243 770 sobrietatis
1265 733 1408 788 atque
1438 724 1702 772 honestatis
1723 724 1961 771 tramitem
1985 723 2271 771 excessisset.

293 808 566 854 Crinisum.
600 807 712 852 Esto
740 814 792 852 ut
817 804 1038 864 aestimas,
1069 801 1151 850 sed
1183 801 1295 863 hoc,
1321 820 1501 868 quaeso,
1530 805 1685 869 aperi,
1714 814 1873 851 utrum
1904 804 1998 851 boc
2029 803 2177 850 modo
2200 803 2372 868 volup-

228 896 374 935 tatem
409 885 744 949 intelligentes,
778 885 840 933 ab
866 885 934 933 eis
964 884 1049 950 qui
1080 882 1306 930 virtutem
1339 885 1612 946 nominant,
1649 901 1792 932 sensu
1823 885 1966 932 etiam
2000 885 2120 932 sicut
2150 894 2197 931 et
2219 884 2376 931 verbis

228 966 478 1015 dissident.

297 1050 486 1096 anos.
516 1047 652 1096 Nulla
677 1057 760 1095 aut
785 1062 934 1112 parva
962 1054 1200 1109 quantum
1225 1044 1287 1092 ad
1310 1047 1556 1093 sententiae
1579 1062 1819 1093 summam
1844 1056 1913 1093 est
1937 1061 2106 1092 eorum
2132 1045 2372 1093 distantia.

228 1131 331 1176 Hoc
355 1130 515 1194 ipsum
538 1127 792 1176 virtutibus
818 1126 1001 1192 pollere
1035 1134 1105 1173 est
1127 1125 1254 1173 hanc
1289 1126 1460 1174 animae
1494 1126 1885 1191 tranquillitatem
1921 1125 2100 1174 habere
2128 1136 2175 1173 et
2207 1143 2234 1173 e
2263 1142 2377 1173 con-

229 1226 388 1257 verso.
1401 1270 1403 1272 q

294 1292 570 1339 Cams‘riAN.
598 1293 704 1337 Una
732 1290 893 1353 itaque
918 1286 1155 1335 sententia
1182 1295 1253 1334 est
1277 1296 1595 1351 utrorumque
1618 1288 1678 1335 de
1700 1303 1892 1334 summo
1915 1285 2069 1345 bono,
2099 1303 2215 1334 vero
2248 1304 2376 1333 nun-

229 1372 424 1436 cupatio
448 1372 665 1430 diversa3
693 1387 749 1419 ac
771 1371 839 1417 sic
862 1369 967 1417 duae
990 1367 1079 1415 illae
1102 1384 1207 1432 quae
1235 1367 1528 1415 videbantur
1561 1368 1622 1415 de
1648 1383 1840 1415 summo
1871 1366 2007 1414 bono
2041 1368 2285 1415 sententiae
2320 1368 2380 1415 ad

175 1477 179 1481 ·
231 1467 377 1499 unam
405 1462 518 1499 sunt
543 1452 761 1499 redactae.

298 1534 490 1580 Pinnos.
516 1533 593 1580 Sic
620 1533 822 1579 aestimo.

295 1615 571 1661 Cfflus‘rnN.
598 1615 658 1659 Et
680 1628 829 1677 quam
855 1627 976 1676 rogo
999 1611 1129 1659 viam
1157 1610 1218 1659 ad
1242 1610 1338 1658 hoc
1366 1627 1610 1658 summum
1633 1610 1823 1658 bonum
1850 1609 1900 1658 id
1930 1619 2001 1657 est
2026 1610 2250 1657 virtutem
2274 1627 2382 1675 per-

231 1693 454 1741 veniendi
478 1692 874 1742 constituebant?

298 1779 486 1825 Primos.
519 1780 685 1843 Ipsum
714 1777 934 1843 profecto
962 1775 1160 1823 moralis
1183 1775 1403 1823 lectionis
1434 1774 1647 1823 studium
1677 1774 1753 1821 vel
1782 1774 2039 1822 domandae
2069 1774 2226 1822 carnis
2250 1790 2385 1821 exer-

230 1856 503 1914 citium‚·ut
525 1858 659 1905 bona
681 1857 731 1903 in
754 1855 975 1904 habitum
998 1855 1200 1903 solidata
1220 1855 1461 1916 voluntas,
1486 1856 1637 1902 virtus
1656 1855 1750 1903 dici
1775 1864 1934 1920 queat.

296 1939 573 1987 Cums'rim.
601 1941 658 1985 Et
678 1954 826 2002 quem
849 1953 951 1984 esse
973 1935 1170 1984 beatum
1195 1936 1466 1984 definiunt?

301 2020 488 2066 Pmnos.
522 2022 723 2066 Beatum
753 2018 890 2082 quasi
918 2016 1045 2064 bene
1076 2026 1242 2082 aptum
1276 2016 1462 2078 dicunt,
1489 2016 1584 2063 hoc
1607 2027 1677 2063 est
1700 2018 1749 2063 in
1774 2015 2002 2063 omnibus
2025 2014 2148 2062 bene
2176 2026 2224 2063 et
2250 2016 2386 2063 facile

231 2114 281 2144 se
303 2108 544 2162 agentem,
579 2108 631 2145 ut
658 2098 789 2145 idem
822 2097 883 2145 sit
910 2097 1090 2144 scilicet
1121 2097 1318 2144 beatum
1346 2113 1466 2157 esse,
1494 2096 1627 2161 quod
1652 2095 1796 2143 bonis
1819 2095 2038 2142 moribus
2063 2095 2113 2142 id
2143 2106 2212 2143 est
2235 2097 2383 2143 virtu-

233 2176 360 2224 tibus
385 2178 586 2243 pollere.
979 2242 982 2245 Ι

298 2260 572 2307 ΟΗῙιΙεΤιΑΝ.
610 2257 855 2323 Numquid
887 2257 949 2305 de
978 2257 1336 2305 immortalitate
1366 2256 1537 2304 animae
1566 2266 1613 2304 et
1647 2256 1858 2321 quadam
1891 2256 2059 2303 futurae
2089 2257 2197 2303 vitae
2226 2255 2385 2304 beati-.-

233 2339 401 2386 tudine
424 2339 691 2404 quidquam
718 2339 971 2399 aestimant,
999 2348 1047 2385 et
1069 2354 1176 2386 eam
1201 2355 1292 2404 pro
1315 2337 1496 2384 meritis
1519 2337 1618 2384 suis
1643 2336 1955 2402 exspectant?

300 2422 491 2467 Pinnos.
519 2421 588 2468 lta
611 2418 854 2484 equidem,
881 2418 967 2466 sed
987 2418 1106 2482 quid
1130 2417 1273 2465 inde?

297 2501 576 2548 Cnms'rlAN.
623 2499 869 2564 Numquid
913 2497 1039 2546 illius
1072 2499 1181 2546 vitae
1216 2498 1566 2546 beatitudinem
1591 2497 1812 2562 judicant
1844 2497 2106 2561 majorem,
2138 2496 2221 2543 ubi
2251 2496 2383 2543 vide-

231 2580 342 2628 licet
374 2597 458 2628 eos
489 2589 738 2646 susceptos
767 2579 928 2627 nullus
958 2579 1124 2643 affligit
1154 2580 1388 2645 passionis
1410 2579 1570 2636 dolor,
1607 2588 1660 2626 ut
1681 2578 1748 2625 ibi
1771 2578 1932 2643 potius
1967 2593 2113 2641 quam
2139 2577 2218 2624 hic
2252 2592 2382 2623 sum·

235 2677 370 2708 mum
391 2657 602 2709 hominis
624 2661 813 2709 bonum
841 2670 889 2708 et
913 2677 1076 2708 veram
1098 2659 1448 2707 beatitudinem
1475 2659 1835 2725 exspectemus?

302 2744 493 2789 Pinnos.
532 2743 679 2800 Quies
716 2742 914 2805 quidem
945 2740 1071 2788 illius
1096 2741 1202 2787 vitae
1235 2741 1441 2787 maxima
1475 2750 1544 2787 est
1580 2739 1641 2787 ab
1672 2740 1833 2796 omni,
1864 2749 1917 2786 ut
1950 2739 2125 2799 dixisti,
2160 2739 2383 2804 passione

235 2822 491 2883 immunis,
520 2822 603 2869 sed
629 2839 741 2869 cum
766 2821 964 2869 afflictio
987 2830 1155 2881 cessat,
1182 2835 1490 2884 nequaquam
1513 2820 1675 2883 augeri
1698 2818 2047 2866 beatitudinem
2077 2818 2264 2879 dicunt,
2293 2819 2384 2866 nisi

236 2902 383 2948 virtus
413 2911 678 2963 excrescat,
715 2918 804 2949 nec
836 2902 1090 2965 quisquam
1121 2900 1183 2948 ab
1214 2901 1281 2948 eis
1305 2900 1492 2947 beatior
1523 2899 1625 2946 fieri
1660 2899 1852 2960 dicitur,
1887 2900 1978 2946 nisi
2013 2900 2188 2947 virtute
2214 2899 2385 2947 melior

235 2981 501 3043 efficiatur;
550 2982 708 3047 ipsum
755 2983 955 3047 quippe,
1000 2991 1054 3028 ut
1092 2981 1217 3042 dixi,
1255 2980 1495 3028 definiunt
1540 2979 1733 3028 beatum
1780 2995 1909 3040 esse,
1954 2979 2089 3043 quod
2130 2989 2202 3027 est
2236 2979 2385 3027 virtu-

235 3061 365 3109 tibus
402 3062 600 3127 pollere.
631 3062 770 3110 Unde
799 3071 845 3109 et
876 3061 1124 3126 quislibet,
1158 3061 1276 3108 dum
1301 3077 1391 3126 pro
1419 3060 1602 3124 justitia
1633 3060 1810 3125 patitur
1838 3069 1887 3108 et
1915 3060 2146 3125 patiendo
2181 3060 2387 3125 amplius

237 3144 408 3190 mereri
444 3143 638 3203 dicitur,
675 3160 809 3208 aeque
839 3142 1008 3189 beatus
1039 3142 1088 3189 in
1126 3142 1396 3203 tormentis,
1435 3151 1489 3188 ut
1522 3150 1632 3188 ante
1668 3141 1860 3203 dicitur,
1899 3140 2014 3205 quia
2037 3156 2173 3205 aeque
2208 3139 2383 3187 bonuS.

239 3224 468 3281 Quamvis
492 3224 621 3271 enim
642 3224 794 3271 virtus
821 3223 922 3290 ejus
952 3239 1082 3270 nunc
1106 3223 1255 3286 magis
1278 3238 1426 3287 quam
1451 3222 1585 3290 prius
1616 3230 1863 3287 appareat,
1895 3236 2204 3285 nequaquam
2226 3230 2384 3267 tamen

238 3321 294 3353 ex
322 3316 564 3355 tormento
594 3308 765 3369 crevit,
800 3306 882 3355 sed
913 3323 969 3354 ex
999 3316 1261 3365 tormento,
1293 3315 1475 3373 quanta
1494 3314 1596 3353 erat
1616 3305 1853 3370 apparuit.
1883 3303 2013 3359 Absit
2035 3304 2164 3351 enim
2189 3312 2242 3349 ut
2264 3318 2387 3365 quae-
