2638 3866
881 174 938 223 ΙΝ
974 172 1302 220 EPlSTOLAM
1337 174 1418 222 AD
1456 175 1757 223 ROMANOS.
2297 177 2393 224 299

311 294 336 321 «
368 278 427 322 Et
450 273 546 322 hoc
572 283 666 336 est,
686 274 841 339 »quia
857 274 895 322 si
912 283 963 322 tu
985 273 1264 338 quicunque
1286 275 1367 334 sis,
1392 275 1722 324 «confitearis.
1744 296 1767 319 »
1792 278 1885 324 Ore
1899 292 1989 324 suo
2008 275 2285 337 confitetur,
2311 280 2393 342 qui

244 355 376 421 quod
403 356 631 403 enunciat
659 354 895 420 intelligit.
929 354 1088 402 Corde
1113 371 1202 402 suo
1225 355 1377 403 credit
1400 357 1485 422 qui
1509 374 1596 405 cor
1617 366 1665 404 et
1686 357 1982 404 voluntatem
2018 373 2155 405 suam
2187 358 2396 424 applicat

240 435 315 484 his
333 452 441 501 quae
463 435 634 495 credit,
664 445 715 483 ut
738 436 839 501 ipsa
863 434 1083 483 videlicet
1111 434 1228 482 fides
1252 452 1364 483 eum
1383 437 1446 485 ad
1469 453 1618 503 opera
1643 436 1830 484 trahat:
1860 438 2002 485 veluti
2025 455 2136 485 cum
2161 439 2268 502 quis
2291 455 2393 486 cre-

239 515 402 564 dendo
421 515 667 564 Christum
689 532 718 564 a
738 516 941 563 mortuis
962 516 1291 576 resurrexisse,
1321 517 1369 564 in
1396 518 1542 565 vitam
1572 526 1802 565 aeternam
1830 518 2015 581 satagit,
2048 528 2193 583 prout
2216 529 2389 584 potest,

239 605 291 643 ut
313 597 510 660 vestigia
535 597 636 661 ejus
668 596 936 661 sequendo,
964 596 1028 644 ad
1059 596 1275 661 ejusdem
1306 598 1412 644 vitae
1443 597 1792 646 beatitudinem
1818 599 2083 662 perveniat.
2114 599 2390 647 Notandum

240 692 353 726 vero
385 677 660 742 frequenter
690 677 900 738 evenire,
939 676 1074 742 quod
1104 694 1217 726 cum
1247 677 1309 725 de
1333 680 1480 726 veteri
1510 688 1797 727 testamento
1821 678 1982 743 aliqua
2013 679 2061 726 in
2089 696 2219 727 novo
2256 681 2392 728 testi-

239 757 403 805 monia
431 757 746 820 inducuntur,
775 757 910 807 facile
945 768 1016 806 est
1044 757 1244 806 inducta
1272 760 1549 808 testimonia
1577 759 1807 826 applicari
1837 758 1899 807 ad
1922 758 1969 805 id
2003 759 2390 808 confirmandum

238 836 300 884 ad
337 837 470 903 quod
512 838 710 887 inducta
741 849 880 903 sunt,
918 841 957 887 si
998 856 1085 906 per
1116 840 1271 905 seipsa
1308 841 1692 889 considerentur.
1730 840 1779 887 Si
1813 856 1929 888 vero
1972 839 2067 887 loci
2105 840 2228 888 illius
2263 842 2391 890 unde

237 928 430 984 sumpta
452 929 583 980 sunt,
616 921 995 969 circumstantias
1020 921 1163 968 simul
1191 920 1514 979 attendamus,
1538 931 1584 969 et
1608 920 1860 986 quomodo
1884 921 2130 986 superiora
2150 922 2392 986 scriptura:

238 998 313 1048 vel
350 999 574 1049 inferiora
615 1002 658 1048 ei
694 988 980 1066 quod‘inde
1014 1012 1263 1068 sumptum
1294 1012 1363 1050 est
1395 1002 1637 1050 cohaerere
1670 1011 1878 1067 queant,
1919 1001 2182 1067 plurimum
2228 1012 2391 1050 nostra

237 1091 515 1145 angustatur
548 1081 877 1146 intelligentia.
906 1082 1052 1141 Quod
1083 1083 1133 1130 in
1165 1083 1262 1131 hoc
1287 1100 1483 1149 quoque
1515 1083 1638 1149 ipso,
1676 1082 1809 1147 quod
1839 1099 1970 1130 nunc
2006 1082 2275 1147 expositum
2301 1093 2387 1143 est,

237 1163 472 1227 contingit
518 1163 813 1211 testimonio.
853 1163 999 1223 Quod
1042 1173 1093 1211 ut
1134 1164 1407 1229 diligentius
1442 1165 1735 1225 intueamur,
1775 1163 1925 1229 ipsius
1959 1164 2214 1228 Scripturae
2245 1164 2390 1211 verba

236 1241 392 1291 latius.
420 1244 724 1309 replicemus.
765 1245 1120 1311 Scriptum‘est
1151 1246 1282 1293 enim
1321 1246 1371 1293 in
1409 1246 1779 1293 Deuteronomio
1817 1261 1925 1310 cap.
1965 1261 2081 1304 xxx,
2129 1260 2237 1291 cum
2282 1255 2392 1310 post

236 1322 389 1387 legem
418 1323 583 1372 datam
610 1327 797 1391 Moyses
826 1325 888 1374 ad
917 1325 1271 1374 observantiam
1301 1326 1415 1391 legis
1436 1327 1672 1393 populum
1701 1325 2037 1373 exhortaretur
2066 1324 2142 1371 his
2164 1324 2345 1373 verbis¹
2376 1344 2385 1372 :

244 1422 266 1449 α
283 1405 565 1453 Mandatum
595 1406 693 1454 hoc
719 1407 854 1472 quod
883 1424 971 1471 ego
1002 1407 1090 1455 tibi
1123 1408 1349 1474 praecipio
1379 1407 1545 1469 hodie,
1569 1424 1669 1455 non
1700 1423 1845 1473 supra
1869 1416 1915 1453 te
1941 1415 2010 1453 est
2033 1422 2191 1470 neque
2219 1407 2386 1471 procul

236 1486 464 1550 positum,
492 1504 582 1535 nec
608 1488 658 1535 in
682 1488 805 1536 coelo
829 1489 992 1550 situm,
1026 1497 1080 1535 ut
1104 1489 1259 1554 possis
1282 1488 1442 1537 dicere
1471 1507 1482 1536 ε
1510 1488 1628 1546 Quis
1656 1497 1877 1535 nostrum
1906 1486 2032 1534 valet
2064 1487 2390 1534 conscendere

236 1575 289 1613 ut
312 1566 494 1615 deferat
518 1567 637 1615 illud
660 1569 723 1616 ad
746 1586 853 1630 nOS,
882 1578 933 1616 ut
956 1569 1209 1617 audiamus
1230 1579 1375 1635 atque
1404 1586 1550 1635 opere
1572 1567 1889 1634 impleamus?
1914 1570 2079 1631 Neque
2104 1577 2235 1614 trans
2259 1584 2390 1615 mare

235 1648 464 1712 positum,
502 1658 553 1696 ut
579 1650 788 1697 causeris
819 1659 866 1698 et
889 1649 1019 1699 dicas
1044 1669 1054 1697 :
1082 1651 1201 1709 Quis
1231 1667 1289 1698 ex
1321 1650 1463 1698 nobis
1491 1649 1796 1698 transfretare
1820 1647 1998 1714 poterit
2019 1663 2169 1709 mare,
2198 1656 2246 1694 et
2274 1647 2389 1696 illud

235 1728 296 1776 ad
330 1746 421 1777 nos
459 1746 609 1794 usque
643 1729 846 1791 deferre,
891 1739 946 1778 ut
979 1731 1219 1797 possimus
1254 1731 1422 1779 audire
1460 1741 1507 1778 et
1548 1730 1702 1778 facere
1740 1728 1874 1794 quod
1907 1727 2200 1794 praeceptum
2231 1728 2341 1775 est?
2364 1748 2387 1774 n

234 1810 354 1856 Item
379 1826 485 1875 cap.
514 1813 662 1857 xxx':
693 1830 717 1856 «
742 1811 837 1858 Sed
855 1811 994 1875 juxta
1016 1820 1062 1859 te
1087 1821 1156 1859 est
1181 1828 1340 1860 sermo
1370 1810 1512 1859 valde
1540 1811 1589 1858 in
1616 1827 1701 1858 ore
1732 1819 1836 1869 tuo,
1868 1818 1916 1856 et
1945 1809 1994 1855 in
2023 1807 2171 1856 corde
2203 1817 2311 1869 tuo,
2338 1818 2391 1856 ut

235 1885 378 1935 facias
415 1887 616 1935 illum.»
654 1891 776 1936 Ecce
813 1905 870 1936 ex
906 1888 982 1936 his
1014 1888 1189 1950 verbis,
1217 1889 1256 1936 si
1288 1904 1343 1935 ea
1373 1889 1509 1952 juxta
1542 1888 1750 1935 litteram
1785 1903 2062 1952 sequamur,
2103 1885 2199 1933 hoc
2232 1894 2389 1933 totum

232 1967 422 2016 Judaeos
459 1968 723 2016 admonere
757 1956 965 2032 videtur,
1003 1979 1054 2017 ut
1085 1986 1184 2018 non
1212 1979 1574 2034 conquerantur
1606 1969 1667 2017 de
1697 1968 1879 2016 difficili
1907 1966 2220 2030 intelligentia
2254 1967 2386 2030 legis,

234 2049 371 2112 quasi
392 2065 477 2115 per
495 2050 699 2115 aenigma
720 2050 904 2114 aliquid
927 2050 1134 2098 obscure
1157 2050 1217 2097 sit
1239 2050 1443 2111 dictum,
1470 2049 1555 2097 sed
1592 2050 1758 2097 omnia
1789 2050 1854 2096 ita
1887 2057 2051 2114 aperte
2086 2047 2280 2112 praecipi
2298 2084 2310 2108 ,
2338 2058 2390 2095 ut

234 2145 320 2194 per
349 2133 400 2178 s'e
427 2141 610 2195 queant
635 2130 862 2194 intelligi,
889 2148 978 2179 nec
1007 2131 1221 2195 aliquam
1241 2130 1422 2178 habere
1453 2131 1811 2179 excusationem
1831 2129 1870 2176 si
1889 2127 2138 2194 praeceptis
2164 2126 2389 2175 differant

234 2209 453 2273 obedire,
481 2212 596 2276 quia
618 2228 674 2259 ea
700 2228 801 2259 non
824 2212 1015 2260 valeant
1044 2211 1325 2276 intelligere.
1362 2211 1457 2259 Sed
1484 2211 1719 2276 quoniam
1742 2210 2025 2276 Apostolum
2054 2208 2169 2273 legis
2202 2207 2387 2273 peritis-

234 2290 409 2338 simum
443 2293 652 2339 maxime
691 2309 782 2340 nos
816 2293 950 2358 sequi
983 2293 1229 2354 convenit,
1266 2302 1458 2358 oportet
1494 2308 1585 2339 nos
1613 2292 1746 2356 juxta
1778 2291 1880 2356 ejus
1915 2306 2111 2338 sensum
2142 2288 2205 2337 ad
2241 2288 2386 2336 fidem

234 2371 406 2419 Christi
433 2390 539 2437 quae
561 2373 690 2421 dicta
714 2383 826 2421 sunt
853 2373 1243 2422 accommodare.
1276 2374 1441 2421 Sciens
1464 2373 1626 2438 itaque
1648 2375 1837 2438 Moyses
1855 2371 2010 2436 legem
2035 2371 2213 2436 ipsam,
2241 2386 2387 2435 quam
2450 2375 2451 2378 ’

233 2451 450 2516 dederat,
478 2454 689 2518 mysticis
717 2464 765 2502 et
795 2454 1013 2502 obscuris
1036 2454 1254 2503 sensibus
1277 2471 1378 2502 esse
1412 2453 1630 2520 plenam,
1662 2454 1746 2519 qui
1770 2469 1871 2501 non
1896 2452 1989 2500 nisi
2014 2468 2102 2517 per
2123 2450 2386 2498 adventum

234 2531 426 2596 Christi,
451 2544 498 2582 et
520 2535 852 2582 ascensionem
877 2536 980 2600 ejus
1000 2535 1248 2601 aperiendi
1271 2545 1454 2597 essent,
1480 2535 1602 2583 sicut
1620 2535 1853 2599 scriptum
1880 2535 1970 2581 est³
1997 2550 2007 2579 :
2027 2551 2051 2577 «
2072 2534 2128 2578 Et
2151 2531 2386 2596 incipiens

235 2629 262 2660 a
291 2614 455 2678 Moyse
489 2624 536 2662 et
573 2615 800 2664 omnibus
835 2615 1105 2682 Prophetis,
1142 2615 1547 2681 interpretabatur
1579 2615 1645 2663 eis
1680 2615 1964 2679 scripturas;
1991 2632 2015 2657 n
2051 2622 2099 2660 et
2132 2612 2254 2659 sicut
2284 2611 2386 2675 ipse

235 2693 369 2740 dicit⁸
389 2712 400 2740 :
431 2715 453 2738 c<
472 2696 570 2741 Nisi
592 2710 682 2759 ego
707 2696 891 2758 abiero,
914 2706 1011 2744 etc.
1034 2717 1057 2740 »
1083 2699 1138 2743 Et
1160 2697 1334 2743 iterum
1351 2698 1365 2721 ⁵
1385 2713 1395 2742 :
1417 2715 1441 2740 «
1462 2694 1732 2743 Paracletus
1747 2703 1927 2754 autem,
1952 2702 2068 2752 etc.;
2093 2711 2116 2736 »
2145 2691 2381 2739 admonet

234 2774 472 2839 populum
512 2791 574 2821 ne
609 2774 831 2840 desperet
861 2775 922 2823 de
956 2776 1190 2841 spirituali
1224 2775 1305 2822 illa
1335 2775 1452 2838 legis
1483 2774 1795 2838 intelligentia
1833 2783 2063 2837 tanquam
2102 2769 2380 2836 aperienda,

234 2854 371 2918 quasi
393 2871 494 2901 non
522 2865 645 2902 esset
666 2854 880 2903 mundus
906 2855 1158 2904 habiturus
1179 2855 1264 2919 qui
1284 2854 1345 2902 de
1368 2855 1491 2902 coelo
1516 2854 1719 2915 veniret,
1753 2864 1805 2901 ut
1831 2869 2027 2901 sensum
2050 2852 2140 2900 Dei
2162 2868 2312 2917 quem
2334 2851 2384 2898 in

234 2933 335 2999 lege
366 2933 602 2982 habuerat
633 2936 855 3001 aperiret,
883 2936 998 3001 quia
1020 2952 1189 2984 revera
1217 2934 1360 2983 Filius
1382 2935 1471 2983 Dei
1493 2934 1555 2982 de
1585 2933 1708 2981 coelo
1732 2943 1961 2982 venturus
1989 2941 2115 2995 erat,
2143 2941 2190 2980 et
2213 2932 2386 2980 iterum

234 3029 520 3063 ascensurus
543 3025 597 3063 ut
627 3015 754 3063 hanc
789 3015 977 3063 mundo
1013 3015 1375 3080 intelligentiam
1411 3015 1719 3078 ministraret,
1743 3014 1851 3081 {tam
1880 3030 1968 3080 per
1997 3013 2208 3079 seipsum
2241 3028 2385 3077 quam

279 3223 453 3264 water..
472 3234 545 3267 cap.
563 3234 646 3266 xxx,
666 3233 695 3259 v.
722 3226 773 3259 11.
793 3241 831 3248 -
848 3223 983 3266 ²„1bid.,
1000 3232 1030 3258 v.
1051 3225 1102 3259 14.
1118 3225 1181 3248 —³
1202 3223 1295 3266 Luc„
1323 3233 1396 3266 cap.
1426 3233 1514 3265 xxiv,
1541 3233 1572 3259 v.
1601 3226 1654 3258 27.
1676 3242 1715 3250 —
1730 3228 1740 3247 ⁴
1757 3220 1864 3264 Joan„
1882 3232 1953 3265 cap.
1981 3230 2052 3265 ιη,
2079 3231 2109 3256 v.
2127 3223 2161 3255 7.
2187 3238 2229 3245 -
2250 3219 2382 3257 Mean..

235 3284 313 3319 cap.
327 3286 393 3316 xiv,
411 3287 441 3312 v.
457 3281 510 3313 26.
