2638 3866
307 203 326 248 1
337 201 368 248 2
1104 189 1274 238 PETRI
1307 187 1621 238 ABAELARDI

304 300 469 348 Solum
494 312 608 346 vero
629 296 725 343 hoc
747 309 924 342 nomen
938 329 951 354 ,
975 290 1110 357 quod
1132 299 1201 338 est
1225 304 1454 354 persona,
1479 284 1724 352 pluraliter
1745 285 2057 351 proferimus,
2076 301 2188 334 cum
2210 285 2430 335 videlicet

302 379 460 446 plures
482 375 766 444 proferimus
784 389 1037 438 personas,
1065 387 1165 418 non
1184 371 1311 415 Deos
1333 376 1417 414 aut
1435 365 1660 413 dominos
1685 382 1775 413 nec
1795 365 1942 413 ullam
1961 366 2010 413 in
2034 367 2212 415 caeteris
2234 362 2426 432 plurali-

302 469 447 508 tatem
471 455 740 521 recipimus.
764 453 904 500 Unde
935 450 1220 515 Augustinus
1242 447 1299 494 de
1325 447 1581 507 Trinitate,
1607 445 1695 492 lib.
1724 448 1837 506 Vll,
1865 461 1971 511 cap.
1999 448 2092 493 vn¹
2114 464 2126 493 ε
2157 465 2181 492 «
2207 449 2345 494 Pater
2366 443 2429 492 ad

301 554 352 585 se
371 537 543 586 dicitur
566 550 796 601 persona,
818 549 919 580 non
944 531 1005 579 ad
1028 530 1198 577 Filium
1221 525 1295 574 vel
1317 526 1563 591 Spiritum.
1586 544 1609 569 »
1642 527 1760 572 Item
1795 543 1806 572 :
1846 545 1870 569 (ε
1896 528 2000 573 Hoc
2022 525 2179 573 solum
2201 541 2302 573 non
2329 533 2424 585 est,

301 617 451 681 quod,
466 632 577 663 cum
591 614 777 661 dicatur
791 612 849 659 de
861 611 1055 675 singulis
1072 609 1134 657 ad
1147 625 1213 670 se,
1226 605 1469 672 pluraliter
1484 621 1583 651 non
1600 604 1901 668 singulariter
1913 605 2145 671 accipitur
2156 606 2206 652 in
2219 618 2424 653 summa.

301 697 512 744 Dicimus
532 695 719 760 itaque:
737 697 871 740 Pater
885 701 955 739 est
970 706 1193 756 persona,
1214 697 1261 734 et
1278 686 1423 733 Filius
1444 694 1514 732 est
1528 700 1752 750 persona,
1772 684 1973 750 Spiritus
1990 695 2183 733 sanctus
2194 694 2404 752 persona
2411 702 2430 744 ;‹

301 778 438 824 Pater
461 786 623 824 tamen
653 783 700 821 et
733 773 876 820 Filius
904 781 951 818 et
986 770 1189 834 Spiritus
1217 777 1409 815 sanctus
1440 783 1542 813 non
1575 774 1688 813 sunt
1711 780 1807 812 una
1827 782 2060 830 persona,
2086 766 2172 814 sed
2194 765 2373 831 plures,
2402 784 2425 809 υ

300 858 515 914 Quarum
550 853 747 919 quidem
783 863 943 899 tamen
980 864 1294 915 personarum
1329 847 1451 894 sicut
1487 845 1657 893 eadem
1697 862 1895 911 prorsus
1929 855 2002 895 est
2033 845 2329 906 substantia,
2363 845 2429 894 ita

299 935 671 984 indeterminans
690 942 759 980 est
784 931 957 995 gloria,
987 929 1188 976 indivisa
1211 926 1428 1002 operatio
1451 941 1507 973 ac
1531 924 1772 974 voluntas.

363 1016 486 1063 Hac'
506 1021 666 1061 autem
692 1010 805 1058 fidei
831 1025 1019 1056 summa
1049 1008 1176 1055 circa
1201 1008 1434 1054 unitatem
1461 1021 1516 1053 ac
1549 1005 1810 1053 trinitatem
1832 1008 2108 1072 proposita,
2136 1017 2355 1074 superest
2376 1017 2428 1054 ut

299 1093 526 1142 adversus
577 1091 908 1155 inquisitiones
947 1087 1271 1136 dubitantium
1288 1125 1300 1148 ,
1354 1085 1578 1150 congruis
1622 1085 1752 1133 eam³
1788 1086 2157 1135 similitudinum
2200 1086 2430 1153 exemplis

299 1173 610 1222 defendamus
642 1181 783 1235 atque
817 1180 1099 1217 astruamus.
1128 1167 1257 1226 Quid
1277 1167 1407 1214 enim
1438 1165 1500 1213 ad
1526 1165 1797 1213 doctrinam
1821 1166 1955 1231 loqui
1982 1167 2202 1233 proficit,
2229 1169 2270 1215 si
2294 1166 2430 1233 quod

297 1252 470 1301 docere
492 1251 714 1299 volumus
731 1249 907 1314 exponi
928 1265 1027 1296 non
1051 1257 1208 1313 potest
1224 1257 1276 1293 ut
1297 1246 1584 1310 intelligatur
1603 1245 1621 1292 Ρ
1644 1245 1788 1303 Quod
1811 1245 2064 1311 diligenter
2086 1246 2254 1296 beatus
2275 1256 2430 1296 atten-

295 1333 413 1381 dens
451 1332 736 1395 Augustinus
765 1345 878 1375 cum
911 1328 1244 1376 difficillimum
1280 1326 1342 1374 de
1376 1326 1602 1374 Trinitate
1640 1326 1778 1373 illum
1803 1343 2046 1392 exponere
2071 1327 2214 1375 vellet
2234 1327 2425 1386 locum,

295 1412 423 1477 quod
456 1411 676 1459 videlicet
714 1408 1012 1472 Evangelista
1046 1411 1255 1454 Joannes
1294 1423 1492 1454 exorsus
1520 1416 1614 1466 est,
1658 1406 1879 1453 dicens⁶z
1912 1427 1933 1451 ε(
1969 1409 2024 1454 In
2059 1408 2298 1473 principio
2327 1418 2430 1456 erat

299 1491 525 1553 Verbum,
553 1501 599 1538 et
610 1489 823 1537 Verbum
845 1498 945 1536 erat
968 1487 1097 1553 apud
1121 1490 1295 1547 Deum,
1313 1497 1360 1533 et
1380 1490 1508 1533 Deus
1530 1495 1630 1533 erat
1652 1486 1888 1548 Verbum3
1908 1505 1930 1528 >³
1962 1490 2105 1534 «Hoc
2128 1488 2300 1552 inquit,
2323 1487 2428 1535 ani·

295 1573 430 1619 malis
473 1572 623 1618 homo
665 1587 765 1617 non
802 1569 1022 1634 percipit.
1058 1567 1186 1626 Quid
1227 1583 1340 1630 ergo
1383 1566 1586 1614 fratres?
1614 1566 1871 1613 Silebimus
1906 1566 2020 1614 hinc
2041 1567 2060 1613 Ρ
2099 1569 2260 1626 Quare
2314 1584 2427 1631 ergo

295 1651 546 1712 scribitur,
574 1651 612 1698 si
641 1649 835 1697 siletur?
860 1659 942 1697 aut
965 1665 1112 1713 quare
1141 1645 1361 1706 auditur,
1393 1646 1433 1692 si
1466 1662 1567 1692 non
1599 1647 1890 1711 exponitur?
1921 1647 2015 1694 Sed
2048 1657 2099 1694 ut
2133 1647 2253 1711 quid
2283 1664 2430 1713 expo-

299 1731 429 1781 nitur
444 1768 458 1792 ,
485 1732 524 1778 si
546 1747 645 1777 non
668 1727 980 1791 intelligitur?
1006 1731 1171 1791 Itaque
1194 1726 1425 1791 quoniam
1451 1742 1617 1774 rursus
1640 1742 1740 1772 non
1770 1725 1940 1773 dubito
1966 1727 2017 1773 in
2039 1743 2244 1774 numero
2270 1737 2428 1776 vestro

296 1810 532 1877 quosdam
562 1827 685 1871 esse,
718 1826 747 1857 a
774 1808 947 1873 quibus
980 1808 1131 1873 possit
1161 1824 1262 1854 non
1288 1806 1445 1853 solum
1468 1806 1740 1871 expositum
1768 1806 1901 1871 capi,
1938 1805 2022 1854 sed
2056 1816 2313 1871 antequam
2346 1824 2428 1856 ex-

296 1901 504 1957 ponatur
524 1890 745 1952 intelligi3
774 1905 876 1936 non
900 1887 1135 1935 fraudabo
1161 1903 1243 1934 eos
1267 1886 1350 1951 qui
1377 1896 1581 1951 possunt
1608 1902 1805 1952 capere,
1831 1885 1951 1934 dum
1980 1887 2126 1935 timeo
2157 1889 2428 1952 superfluus

297 1988 397 2020 esse
424 1970 620 2019 auribus
643 1986 813 2016 eorum
836 1969 919 2033 qui
944 1985 1044 2015 non
1069 1977 1272 2033 possunt
1290 1984 1479 2032 capere.
1510 1988 1533 2011 >2

366 2051 580 2098 Primum
603 2050 761 2113 itaque
781 2049 921 2095 nobis
945 2047 1277 2095 disserendum
1301 2048 1529 2108 occurrit,
1551 2048 1669 2112 quid
1688 2047 1779 2095 sibi
1808 2047 1921 2096 velit
1955 2049 2005 2096 in
2040 2065 2136 2098 una
2165 2049 2429 2101 divinitatis

297 2138 466 2179 natura
487 2145 802 2195 personarum
823 2129 912 2175 ista
934 2128 1194 2187 distinctiO,
1229 2137 1282 2174 ut
1302 2127 1471 2175 eadem
1495 2129 1672 2176 scilicet
1695 2133 1851 2189 Pater,
1877 2130 2049 2177 eadem
2067 2129 2230 2191 Filius,
2256 2131 2427 2181 eadem

297 2211 498 2276 Spiritus
520 2219 712 2258 sanctus
737 2209 795 2256 sit
823 2208 1075 2274 appellata.
1108 2208 1293 2255 Deinde
1317 2208 1521 2273 qualiter
1545 2226 1639 2256 una
1664 2211 1857 2275 penitus
1886 2220 1935 2258 et
1966 2209 2217 2258 individua
2239 2227 2427 2278 perma-

297 2301 440 2339 nente
472 2290 733 2338 substantia
751 2326 763 2349 ,
787 2290 988 2337 Trinitas
1016 2305 1333 2355 personarum
1367 2298 1510 2352 queat
1539 2290 1792 2354 assignari,
1825 2300 1873 2337 et
1897 2290 2030 2354 quod
2065 2290 2126 2338 de
2155 2292 2339 2340 unitate
2372 2310 2428 2342 ac

296 2370 523 2418 Trinitate
555 2370 716 2417 divina
746 2379 855 2417 ante
878 2370 1237 2435 proposuimus,
1265 2378 1433 2416 contra
1456 2369 1762 2417 vehementes
1786 2369 2144 2435 philosophicas
2173 2372 2427 2437 impugna-

298 2451 450 2497 tiones
482 2450 690 2497 defendi.
720 2450 914 2497 Videtur
939 2459 1098 2498 autem
1125 2449 1268 2497 nobis
1297 2451 1610 2515 suprapositis
1632 2450 1778 2497 trium
1802 2467 2120 2515 personarum
2147 2452 2429 2501 nominibus

298 2530 470 2577 summi
488 2529 606 2577 boni
622 2530 850 2594 perfectio
874 2529 1124 2594 diligenter
1146 2546 1248 2577 esse
1271 2530 1509 2595 descripta
1525 2566 1537 2589 ,
1559 2539 1614 2576 ut
1630 2546 1743 2578 cum
1764 2529 1986 2577 videlicet
2002 2531 2286 2595 praedicatur
2299 2533 2428 2581 Deus

299 2625 397 2656 esse
415 2613 550 2656 Pater
568 2619 615 2657 et
629 2609 773 2656 Filius
795 2618 841 2656 et
862 2610 1062 2674 Spiritus
1085 2619 1278 2657 sanctus
1294 2648 1307 2667 ,
1343 2626 1456 2657 eum
1481 2626 1725 2659 summum
1746 2609 1936 2658 bonum
1958 2620 2102 2675 atque
2127 2610 2178 2658 in
2201 2611 2428 2660 omnibus

299 2687 558 2752 perfectum
577 2689 670 2736 hac
692 2688 995 2736 distinctione
1012 2689 1251 2738 Trinitatis
1270 2689 1604 2754 intelligamus.

365 2768 510 2814 Patris
543 2769 721 2833 quippe
762 2768 959 2816 nomine
995 2768 1168 2816 divinae
1211 2769 1466 2833 majestatis
1496 2771 1713 2835 potentia
1749 2770 2051 2834 designatur,
2078 2786 2174 2835 qua
2205 2770 2429 2819 videlicet

300 2846 529 2913 quidquid
556 2846 667 2894 velit
700 2847 886 2895 efficere
908 2857 1065 2913 potest
1080 2885 1093 2908 ‚
1118 2848 1248 2897 unde
1271 2851 1562 2914 Augustinus
1589 2851 1639 2897 in
1661 2850 2028 2898 Enchirz'dtbn¹⁵:
2055 2869 2078 2895 «
2101 2854 2266 2915 Neque
2297 2851 2427 2898 enim

298 2926 527 2972 veraciter
551 2935 747 2974 vocatur
777 2927 1082 2992 omnipotens
1098 2965 1110 2989 ,
1130 2929 1221 2976 nisi
1236 2930 1469 2993 quoniam
1493 2947 1792 2996 quaecunque
1814 2931 1916 2979 vult
1938 2940 2118 2996 potest,
2145 2946 2235 2978 nec
2259 2928 2429 2978 volun-

296 3013 373 3051 ate
401 3004 666 3070 cujuspiam
691 3016 917 3054 creaturae
948 3006 1207 3056 voluntatis
1243 3009 1593 3074 omnipotentis
1621 3011 1885 3077 impeditur
1919 3010 2132 3059 effectus.
2166 3029 2190 3055 >2
2217 3009 2354 3058 Idem
2377 3010 2425 3056 in

341 3217 349 3235 ¹
365 3214 468 3257 Opp.,
488 3219 509 3247 t.
526 3214 613 3256 vm,
630 3217 691 3249 col.
711 3218 782 3250 861.
803 3235 840 3241 —
856 3220 867 3238 ²
882 3219 977 3252 Nunc
993 3223 1120 3254 autem.
1144 3221 1223 3257 Cod.
1242 3222 1325 3258 Vict.
1336 3224 1393 3248 —³
1407 3222 1472 3258 Sic.
1496 3225 1578 3259 cod.
1594 3225 1677 3259 Vict.
1696 3225 1863 3267 Conqruis
1878 3224 1982 3257 etiam
1997 3222 2270 3257 similitudinum
2284 3221 2425 3254 Ami).-

300 3271 310 3288 ⁴
325 3267 433 3309 Joau.,
453 3277 523 3309 cap.
545 3278 569 3302 1.
598 3279 626 3303 v.
655 3270 684 3303 1.
704 3287 743 3293 -
761 3271 773 3291 ⁵
792 3270 891 3314 Opp...
906 3275 933 3304 t.
956 3271 1010 3310 Vl,
1028 3274 1091 3307 col.
1109 3276 1184 3308 232.
