2638 3866
643 196 859 244 ETHICA
894 196 1000 244 SEU
1038 197 1209 246 LIBER
1241 197 1448 246 DlCTUS
1478 215 1489 242 ε
1526 197 1691 246 SClTO
1725 197 1991 246 TEIPSUM.
2298 198 2390 244 637

250 296 447 355 futurae,
499 295 587 343 etsi
621 296 908 361 purgatoriae
946 297 1073 358 sint,
1110 298 1350 361 graviores
1381 307 1493 345 sunt
1535 299 1634 345 istis
1663 297 1890 345 omnibus
1936 297 2041 343 vitae
2068 295 2328 362 praesentis.
2370 318 2392 338 »

250 378 420 440 Magna
462 377 622 441 itaque
654 377 839 425 cautela
878 386 949 424 est
979 378 1046 424 eis
1081 377 1387 439 adhibenda,
1428 388 1475 426 et
1515 393 1687 442 magna
1721 394 1869 444 opera
1902 376 2094 438 danda,
2145 386 2197 423 ut
2233 392 2398 423 secun-

249 456 367 503 dum
409 457 623 504 instituta
671 466 949 504 sanctorum
991 461 1186 506 Patrum
1226 459 1329 506 talis
1372 458 1474 506 haec
1521 458 1774 506 satisfactio
1824 458 2134 525 suscipiatur,
2179 467 2232 504 ut
2279 456 2395 503 nihil

247 537 316 584 ibi
353 537 659 603 purgandum
683 546 842 585 restet.
877 539 1001 585 Cum
1038 555 1152 603 ergo
1186 538 1427 588 indiscreti
1466 539 1642 587 fuerint
1679 538 1973 599 sacerdotes,
2010 539 2096 604 qui
2136 537 2236 585 liaec
2270 538 2396 585 insti-

251 627 352 666 tuta
387 635 634 667 canonum
676 619 929 682 ignorant,
968 628 1023 666 ut
1053 620 1213 667 minus
1242 619 1303 667 de
1331 619 1652 668 satisfactione
1685 635 1832 684 quam
1871 629 2086 685 oportet,
2121 618 2392 683 injungant,

249 714 478 764 magnum
503 699 620 747 hinc
649 699 1019 747 incommodum
1044 700 1335 765 poenitentiae
1369 701 1644 758 incurrunt,
1686 716 1797 747 cum
1826 701 1949 748 male
1981 700 2042 747 de
2073 700 2186 764 ipsis
2227 698 2393 746 confisi

249 780 549 842 gravioribus
588 780 744 846 poenis
789 780 1101 846 postmodum
1140 780 1440 846 plectantur,
1487 781 1614 829 unde
1651 780 1732 828 hic
1771 798 1857 846 per
1891 780 2092 829 leviores
2129 780 2395 828 satisfacere

248 870 528 924 potuerunt.

314 943 435 990 Sunt
469 941 692 989 nonnulli
729 942 1060 1004 sacerdotum,
1100 953 1326 990 nontam
1363 959 1447 1008 per
1482 959 1693 991 errorem
1729 960 1875 1008 quam
1914 941 2248 1007 cupiditatem,
2284 942 2395 988 sub-

242 1021 396 1085 jectos
429 1021 740 1088 decipientes,
784 1032 835 1070 ut
867 1039 955 1088 pro
981 1039 1295 1090 nummorum
1331 1022 1575 1071 oblatione
1608 1024 1940 1072 satisfactionis
1975 1023 2198 1088 injunctae
2234 1038 2397 1087 poenas

248 1103 530 1150 condonent
561 1102 637 1150 vel
663 1102 902 1164 relaxent3
936 1120 1036 1150 non
1068 1113 1167 1151 tam
1194 1103 1508 1152 adtendentes
1529 1104 1646 1169 quid
1672 1104 1786 1152 velit
1816 1104 2077 1164 Dominus,
2111 1118 2255 1167 quam
2282 1103 2394 1166 quid

248 1184 403 1231 valeat
430 1200 689 1245 nummus;
732 1184 793 1232 de
833 1184 1011 1250 quibus
1051 1185 1152 1250 ipse
1189 1184 1429 1232 Dominus
1463 1202 1550 1251 per
1584 1185 1876 1251 Prophetam
1916 1200 2221 1250 conquerens
2259 1184 2344 1231 ait¹
2385 1203 2393 1229 :

251 1265 577 1314 «Sacerdotes
610 1267 703 1313 mei
735 1282 836 1313 non
867 1265 1090 1313 dixerunt
1121 1284 1131 1311 :
1158 1265 1253 1313 Ubi
1276 1276 1347 1313 est
1369 1267 1641 1314 Dominus?
1670 1287 1691 1310 »
1722 1269 1970 1331 Tanquam
1995 1266 2034 1313 si
2057 1265 2236 1312 diceret
2263 1284 2274 1311 :
2304 1266 2394 1311 Sed

248 1344 332 1392 ubi
369 1356 437 1394 est
474 1347 738 1394 nummus?
767 1349 864 1394 Nec
899 1346 1058 1393 solum
1092 1346 1387 1406 sacerdotes,
1427 1364 1595 1395 verum
1630 1348 1775 1395 etiam
1806 1348 1936 1413 ipsos
1971 1346 2211 1412 principes
2245 1361 2397 1393 sacer-

248 1426 436 1486 dotum,
467 1427 563 1475 hoc
590 1438 661 1476 est
693 1428 955 1494 Episcopos
983 1428 1049 1476 ita
1071 1427 1377 1493 impudenter
1406 1429 1456 1475 in
1480 1427 1607 1475 hanc
1632 1428 1948 1494 cupiditatem
1974 1426 2281 1475 exardescere
2308 1444 2396 1473 no-

247 1509 404 1555 vimus
421 1546 432 1568 ‚
461 1518 512 1556 ut
532 1525 645 1557 cum
667 1509 716 1556 in
745 1508 1131 1556 dedicationibus
1157 1508 1494 1567 Ecclesiarum,
1521 1509 1597 1556 vel
1617 1510 1667 1556 in
1688 1507 2131 1557 consecrationibus
2155 1507 2394 1566 altarium,

247 1589 322 1636 vel
359 1588 781 1637 benedictionibus
824 1589 1198 1648 cimiteriarum,
1240 1590 1317 1636 vel
1353 1590 1403 1636 in
1448 1588 1688 1654 aliquibus
1724 1587 2108 1637 solemnitatibus
2141 1588 2399 1653 populares

248 1669 430 1717 habent
463 1680 758 1730 conventus,
788 1670 916 1718 unde
946 1670 1195 1735 copiosam
1226 1669 1522 1718 oblationem
1556 1679 1858 1735 exspectant,
1887 1670 1936 1716 in
1961 1668 2229 1716 relaxandis
2253 1670 2399 1733 poeni-

247 1750 407 1798 tentiis
438 1750 629 1816 prodigi
655 1751 772 1812 sint3
810 1750 961 1798 modo
990 1750 1198 1811 tertiam,
1226 1750 1376 1797 modo
1400 1760 1622 1815 quartam
1652 1750 1948 1816 poenitentiae
1969 1759 2156 1814 partem
2174 1749 2400 1796 omnibus

248 1831 571 1879 communiter
598 1831 916 1895 indulgentes,
951 1830 1042 1878 sub
1074 1830 1286 1895 quadam
1309 1831 1490 1878 scilicet
1517 1831 1677 1896 specie
1707 1831 1976 1886 charitatis,
2011 1829 2097 1878 sed
2130 1830 2179 1877 in
2204 1830 2399 1878 veritate

247 1929 447 1960 summae
469 1912 758 1978 cupiditatis.
785 1913 879 1971 Qui
903 1912 965 1959 de
987 1928 1073 1960 sua
1095 1929 1145 1959 se
1167 1912 1401 1976 jactantes
1425 1922 1659 1978 potestate
1675 1950 1687 1974 ,
1715 1929 1861 1977 quam
1880 1948 1893 1972 ,
1920 1920 1974 1959 ut
1998 1912 2157 1969 aiunt,
2185 1912 2233 1958 in
2259 1914 2400 1959 Petro

246 1993 323 2040 vel
357 1994 596 2059 Apostolis
622 2003 955 2056 susceperunt,
982 2010 1094 2041 cum
1118 1994 1186 2040 eis
1209 2010 1236 2040 a
1259 1994 1473 2040 Domino
1503 1994 1769 2041 diceretur’
1796 2012 1806 2039 :
1840 2014 1862 2036 α
1880 1995 2103 2051 Quorum
2127 1993 2401 2040 remiseritis

246 2075 776 2138 peccata,re1nittentur
793 2075 884 2136 eis3
901 2094 924 2118 »
942 2073 1016 2121 vel
1045 2092 1054 2120 :
1081 2076 1446 2138 «Quaecumque
1469 2075 1701 2122 solveritis
1723 2090 1866 2139 super
1886 2083 2063 2121 terram
2083 2083 2223 2119 erunt
2243 2074 2399 2120 soluta

247 2164 293 2202 et
323 2156 372 2202 in
402 2155 561 2215 coelis,
585 2174 607 2199 n
635 2165 751 2202 tunc
781 2156 987 2202 maxime
1016 2154 1151 2219 quod
1176 2172 1319 2202 suum
1341 2164 1412 2202 est
1433 2171 1573 2218 agere
1593 2154 1874 2218 gloriantur,
1901 2170 2013 2201 cum
2037 2153 2164 2201 hanc
2186 2152 2402 2217 benigni-

248 2247 392 2284 tatem
417 2236 640 2301 subjectis
670 2235 978 2301 impendunt.
1005 2239 1159 2299 Atque
1183 2235 1367 2283 utinam
1390 2235 1439 2283 id
1464 2235 1632 2283 saltem
1662 2251 1752 2301 pro
1782 2235 1920 2300 ipsis,
1951 2251 2051 2282 non
2074 2250 2165 2300 pro
2190 2236 2400 2281 nummis

249 2318 474 2378 facerent,
501 2328 554 2364 ut
573 2317 936 2383 qualiscumque
959 2316 1231 2380 benignitas
1254 2316 1414 2382 potius
1438 2333 1587 2381 quam
1610 2315 1847 2382 cupiditas
1871 2315 2131 2364 videretur.
2159 2315 2253 2363 Sed
2276 2333 2399 2381 pro-

248 2400 373 2446 fecto
409 2400 449 2446 si
480 2399 577 2446 hoc
608 2399 658 2445 in
691 2397 834 2446 laude
870 2397 1182 2461 benignitatis
1213 2396 1494 2445 babendum
1529 2408 1627 2459 est,
1666 2396 1801 2463 quod
1837 2397 2025 2444 tertiam
2062 2396 2139 2443 vel
2181 2406 2400 2460 quartam

247 2480 540 2546 poenitentiae
581 2488 768 2545 partem
804 2478 1037 2539 relaxant,
1070 2478 1227 2526 multo
1263 2478 1470 2544 amplius
1502 2495 1673 2527 eorum
1705 2479 1857 2545 pietas
1892 2476 2195 2543 praedicanda
2225 2478 2328 2533 erit,
2363 2479 2401 2523 si

248 2560 501 2609 dimidiam
525 2561 599 2608 vel
624 2570 774 2608 totam
800 2576 855 2607 ex
882 2560 1069 2623 integro
1094 2559 1428 2624 poenitentiam
1455 2558 1776 2619 dimitterent,
1803 2559 1925 2607 sicut
1955 2557 2097 2605 licere
2128 2556 2217 2604 sibi
2249 2558 2399 2622 proti-

247 2652 425 2698 tentur,
463 2650 510 2688 et
543 2642 755 2692 Domino
788 2655 1071 2687 concessum
1096 2656 1214 2698 esse,
1249 2649 1299 2686 et
1319 2640 1455 2703 quasi
1481 2640 1532 2687 in
1561 2638 1784 2687 manibus
1812 2655 1981 2686 eorum
2014 2636 2161 2684 coelos
2185 2654 2286 2684 esse
2311 2654 2400 2702 po-

249 2723 383 2782 sitos,
406 2721 676 2769 secundum
700 2721 994 2768 remissionis
1015 2720 1088 2768 vel
1105 2718 1421 2767 absolutionis
1434 2729 1745 2785 peccatorum
1771 2734 1914 2783 supra
1930 2718 2087 2783 posita
2109 2718 2397 2765 testimonia.

250 2805 430 2866 Magnae
472 2801 681 2865 denique
732 2801 987 2866 impietatis
1025 2817 1052 2847 e
1094 2800 1338 2847 contrario
1388 2799 1618 2864 arguendi
1659 2798 1909 2857 videntur,
1962 2814 2049 2845 cur
2087 2814 2187 2844 non
2233 2813 2403 2845 omnes

250 2882 489 2946 subjectos
517 2881 580 2930 ab
605 2881 833 2930 omnibus
854 2880 1107 2928 absolvant
1130 2880 1353 2945 peccatiS,
1383 2890 1437 2927 ut
1456 2879 1678 2927 videlicet
1700 2879 1942 2927 neminem
1964 2877 2159 2926 illorum
2181 2877 2399 2926 damnari

249 2963 556 3029 permittant,
590 2961 630 3009 si
665 2962 756 3022 ita,
782 2961 983 3025 inquam
999 2998 1011 3022 ,
1038 2961 1087 3008 in
1114 2976 1286 3007 eorum
1311 2969 1545 3025 potestate
1569 2960 1887 3008 constitutum
1909 2969 2006 3020 est,
2034 2976 2140 3024 quae
2164 2959 2401 3006 voluerint

250 3054 447 3110 peccata
478 3043 719 3091 dimittere
755 3041 831 3089 vel
864 3043 1094 3102 retinere,
1131 3041 1208 3089 vel
1239 3040 1388 3088 coelos
1421 3040 1498 3088 his
1529 3040 1704 3106 quibus
1739 3039 2067 3100 decreverint,
2107 3040 2294 3106 aperire
2328 3040 2402 3087 vel

253 3124 506 3184 claudere;
536 3122 671 3188 quod
701 3122 866 3186 utique
899 3120 1159 3169 beatissimi
1188 3121 1481 3188 praedicandi
1511 3132 1691 3182 essent,
1725 3122 1765 3169 si
1793 3120 1884 3169 hos
1918 3120 2033 3183 sibi,
2069 3138 2179 3169 cum
2205 3119 2397 3178 vellent,

295 3307 302 3325 ¹
320 3304 456 3345 Jerem„
472 3313 546 3345 cap.
563 3313 599 3340 ιι,
619 3313 649 3336 v.
669 3306 700 3338 6.
730 3322 767 3327 -
792 3305 803 3323 ²
817 3303 930 3346 Joan.,
956 3313 1028 3345 cap.
1047 3312 1109 3346 xx,
1125 3312 1155 3338 v,
1173 3305 1224 3338 23.
