2638 3866
1165 203 1480 251 DIALOGUS.
2297 206 2351 252 74
2365 205 2394 252 3

246 321 357 354 ecce
379 303 513 353 dedit
535 303 775 351 Dominus
798 302 1019 368 spiritum
1053 303 1337 352 mendacem
1366 304 1415 351 in
1454 319 1540 350 ore
1563 302 1783 350 omnium
1811 302 2158 369 prophetarum
2199 313 2393 351 tuorum

246 388 331 452 qui
345 385 426 434 hic
446 394 575 447 sunt,
594 394 641 432 et
658 384 850 431 locutus
869 392 938 431 est
958 393 1127 432 contra
1145 394 1190 432 te
1208 385 1408 433 malum.
1431 404 1453 428 α
1472 384 1580 432 Sive
1594 392 1754 432 autem
1770 384 1818 431 in
1834 394 2025 433 sanctos
2043 385 2205 433 sivein
2221 386 2397 450 impios

245 467 487 515 Dominus
523 464 775 513 diabolum
814 464 976 512 saevire
1015 465 1290 530 permittat,
1332 474 1520 513 constat
1555 464 1773 530 profecto
1813 482 1903 513 nec
1946 467 2102 532 ipsum
2142 467 2233 514 nisi
2271 450 2421 513 bene*

247 548 526 614 permittere
554 545 688 611 quod
711 544 898 593 bonum
929 554 1001 591 est
1027 546 1265 610 permitti,
1300 539 1389 593 nec
1433 545 1567 593 illum
1606 545 1698 592 nisi
1728 544 1851 593 male
1874 545 2030 595 facere
2064 546 2196 612 quod
2236 556 2396 594 tamen

247 626 435 676 bonum
463 637 534 675 est
557 626 676 684 fieri,
702 634 749 673 et
774 641 861 672 cur
882 624 982 686 fiat,
1011 625 1347 674 rationabilem
1370 625 1516 674 habet
1539 642 1733 674 causam
1748 662 1760 686 ,
1783 625 1891 674 licet
1916 627 2056 676 nobis
2081 628 2394 691 incognitam.

249 711 312 756 Ut
346 709 476 757 enim
514 707 593 756 ille
628 723 830 771 magnus
865 706 1184 772 philosophus
1220 717 1375 755 vester
1413 709 1462 755 in
1493 709 1666 755 Timoeo
1702 724 1791 755 suo
1825 709 2061 770 meminit,
2090 726 2201 756 cum
2241 712 2395 756 Deum

249 790 431 855 optime
455 797 631 836 cuncta
659 787 814 836 facere
841 786 1068 853 probaret
1099 805 1109 833 :
1140 807 1163 833 «
1187 790 1363 849 Omne,
1390 788 1572 852 inquit,
1601 787 1734 853 quod
1757 788 1964 853 gignitur
1993 806 2048 836 ex
2073 789 2231 854 aliqua
2254 804 2397 837 causa

247 870 456 934 gignitur
479 869 764 917 necessaria.
783 868 910 916 Nihil
934 869 1062 916 enim
1080 867 1151 928 fit,
1176 868 1311 932 cujus
1325 878 1485 915 ortum
1509 885 1610 915 non
1625 867 1834 932 legitima
1852 885 1994 916 causa
2016 879 2063 916 et
2086 870 2205 917 ratio
2229 884 2399 934 praece-

248 950 347 998 dat.
367 970 390 996 »
415 954 467 997 In
480 966 581 1014 quo
595 958 816 1015 patenter
832 948 1119 1011 ostenditur,
1136 964 1435 1013 quaecunque
1450 965 1478 996 a
1501 964 1797 1014 quocunque
1810 947 1951 1011 fiant,
1970 950 2081 1014 quia
2101 949 2202 997 haec
2216 949 2398 1014 optima

250 1030 424 1079 divinae
448 1029 762 1097 providentiae
792 1029 1150 1095 dispensatione
1175 1031 1487 1093 contingunt,
1514 1028 1859 1077 rationabiliter
1887 1040 1931 1077 et
1960 1029 2085 1078 bene
2110 1030 2177 1077 sic
2209 1046 2262 1077 ea
2289 1046 2399 1095 pro-

253 1113 433 1172 venire,
461 1113 583 1159 sicut
611 1111 858 1171 eveniunt,
885 1111 998 1176 quia
1020 1110 1244 1159 videlicet
1274 1110 1632 1170 rationabilem,
1660 1127 1747 1157 cur
1768 1109 1911 1170 fiant,
1943 1110 2157 1159 habeant
2186 1126 2395 1171 causam,

249 1194 472 1258 quamvis
499 1193 538 1240 is
567 1193 650 1258 qui
680 1209 735 1241 ea
761 1192 895 1251 facit,
923 1209 1022 1240 non
1060 1192 1406 1240 rationabiliter
1440 1208 1495 1239 ac
1527 1191 1651 1239 bene
1675 1192 1778 1257 ipsa
1814 1192 1976 1253 faciat,
2012 1209 2101 1240 nec
2124 1209 2229 1240 eam
2254 1192 2302 1238 in
2325 1191 2401 1238 his

251 1273 507 1336 faciendis,
536 1290 685 1338 quam
709 1277 855 1334 Deus,
884 1290 1079 1321 causam
1103 1273 1335 1326 attendat,
1364 1275 1486 1320 Cum
1509 1273 1670 1336 itaque
1694 1271 1812 1319 nihil
1843 1273 1933 1319 nisi
1966 1275 2070 1320 Deo
2093 1273 2401 1338 permittente

254 1353 355 1402 fieri
379 1365 583 1416 constet,
611 1355 731 1402 nihil
755 1355 934 1421 quippe
957 1371 1016 1402 eo
1041 1354 1192 1402 invito
1215 1354 1289 1402 vel
1314 1353 1561 1402 resistente
1585 1352 1685 1400 fieri
1709 1354 1876 1418 possit,
1903 1363 2183 1418 certumque
2206 1354 2401 1418 insuper

251 1434 312 1482 sit
335 1452 643 1502 nequaquam
675 1436 856 1502 aliquid
879 1439 1036 1483 Deum
1059 1436 1163 1483 sine
1185 1452 1330 1483 causa
1351 1435 1649 1501 permittere,
1674 1434 1889 1499 nihilque
1910 1434 2112 1481 omnino
2136 1434 2226 1480 nisi
2262 1434 2403 1481 ratio-

255 1515 479 1564 nabiliter
515 1517 696 1579 facere,
737 1527 788 1565 ut
825 1528 923 1565 tam
956 1516 1208 1583 permissio
1242 1516 1344 1580 ejus
1377 1532 1525 1580 quam
1560 1515 1686 1562 actio
1722 1514 2018 1562 rationabilis
2059 1515 2148 1573 sit;
2185 1514 2402 1580 profecto

252 1613 364 1644 cum
398 1598 582 1660 videat,
615 1615 701 1646 cur
726 1598 913 1663 singula
950 1615 1057 1663 quae
1089 1597 1234 1655 fiunt,
1273 1597 1377 1644 fleri
1407 1596 1674 1663 permittat,
1710 1612 1796 1642 cur
1824 1605 1872 1643 et
1906 1596 2009 1661 ipsa
2039 1594 2256 1642 facienda
2287 1595 2399 1652 sint,

250 1694 352 1725 non
390 1678 607 1742 ignoret,
650 1681 795 1728 etiam
831 1680 868 1727 si
903 1679 1030 1727 mala
1064 1679 1161 1726 sint
1195 1677 1271 1726 vel
1305 1677 1432 1725 mala
1468 1676 1615 1737 fiant3
1654 1692 1754 1723 non
1800 1677 1929 1723 enim
1965 1675 2151 1723 bonum
2186 1684 2308 1722 esset
2349 1691 2405 1721 ea

250 1759 486 1823 permitti,
516 1760 608 1807 nisi
636 1760 825 1809 bonum
851 1771 971 1808 esset
997 1777 1054 1808 ea
1084 1759 1214 1822 fieri,
1246 1776 1336 1808 nec
1366 1757 1576 1825 perfecte
1603 1757 1762 1804 bonus
1792 1767 1939 1817 esset,
1964 1757 2065 1821 qui,
2091 1772 2203 1803 cum
2223 1765 2401 1821 posset,

250 1855 352 1886 non
393 1840 683 1889 disturbaret
714 1842 765 1889 id
810 1842 945 1907 quod
978 1841 1083 1889 fieri
1115 1858 1213 1889 non
1238 1840 1424 1888 bonum
1452 1849 1592 1902 esset,
1622 1839 1772 1886 immo
1804 1848 2025 1905 patenter
2054 1836 2327 1901 arguendus
2355 1837 2403 1883 in

250 1936 310 1967 eo
344 1921 480 1984 quod
502 1939 602 1970 non
629 1923 689 1970 sit
714 1922 903 1970 bonum
928 1921 1048 1984 fieri,
1077 1921 1428 1970 consentiendo
1460 1931 1514 1968 ut
1542 1921 1625 1968 fiat
1652 1939 1662 1968 :
1690 1929 1822 1987 patet
1846 1920 2006 1984 itaque
2030 1917 2267 1984 quidquid
2293 1934 2407 1965 con-

249 2001 388 2065 tingit
409 2001 530 2063 fieri,
553 2021 640 2050 cur
663 2003 746 2052 fiat
767 2004 843 2051 vel
866 2020 965 2052 non
993 2003 1075 2051 fiat
1098 2002 1435 2051 rationabilem
1455 2001 1635 2048 habere
1659 2018 1879 2060 causam;
1897 2000 2104 2065 ideoque
2123 1998 2312 2046 bonum
2336 2008 2405 2045 est

250 2082 370 2130 illud
395 2082 499 2130 fieri
521 2084 596 2131 vel
618 2083 804 2131 bonum
829 2095 901 2132 est
922 2102 1023 2132 non
1052 2083 1179 2145 fieri,
1208 2084 1352 2131 etiam
1383 2083 1422 2129 si
1446 2082 1507 2130 ab
1532 2099 1617 2140 eo,
1647 2099 1674 2130 a
1702 2098 1801 2147 quo
1823 2081 1948 2128 bene
1974 2098 2072 2128 non
2099 2079 2176 2141 fit,
2202 2079 2302 2139 fiat,
2329 2080 2403 2126 vel

251 2163 313 2211 ab
338 2180 425 2225 eo,
460 2180 488 2211 a
516 2181 614 2229 quo
645 2182 744 2212 non
780 2163 859 2226 fit,
892 2166 1015 2212 male
1039 2181 1139 2212 non
1171 2163 1277 2222 fiat,
1304 2163 1401 2210 hoc
1432 2172 1503 2210 est
1526 2163 1652 2210 mala
1682 2162 1948 2210 intentione
1978 2160 2244 2209 dimittatur
2279 2159 2398 2206 fieri.

254 2246 392 2294 Unde
426 2248 573 2296 etiam
606 2249 710 2314 ipsa
739 2249 861 2296 mala
899 2265 1028 2310 esse,
1064 2248 1141 2295 vel
1178 2246 1282 2294 fleri
1317 2246 1505 2294 bonum
1536 2256 1634 2306 est,
1671 2246 1889 2311 quamvis
1925 2246 2027 2311 ipsa
2061 2242 2187 2292 mala
2221 2259 2403 2308 nequa·

253 2343 400 2391 quam
433 2328 526 2375 sint
548 2328 698 2377 bona.
726 2329 871 2388 Quod
899 2338 947 2376 et
967 2329 1154 2377 Veritas
1186 2328 1288 2393 ipsa
1311 2337 1529 2392 patenter
1551 2325 1832 2392 profitetur,
1861 2342 1973 2373 cum
2007 2325 2095 2372 ait¹
2122 2342 2132 2369 ε
2163 2344 2185 2368 (ι
2205 2327 2404 2371 Necesse

253 2418 323 2455 est
363 2410 492 2457 enim
538 2422 591 2457 ut
635 2411 831 2458 veniant
867 2409 1108 2458 scandala.
1151 2411 1231 2456 Vae
1272 2417 1434 2455 autem
1471 2407 1659 2455 homini
1697 2407 1787 2467 illi,
1824 2424 1910 2472 per
1945 2422 2090 2471 quem
2124 2404 2404 2452 scandalum

251 2489 400 2536 venit.
431 2509 455 2534 »
484 2493 549 2538 Ac
584 2490 623 2537 si
657 2500 820 2556 aperte
854 2491 982 2538 dicat
1010 2507 1021 2536 :
1050 2492 1397 2555 Opportunum
1421 2498 1510 2547 est,
1536 2498 1584 2535 et
1608 2487 1832 2536 humanae
1855 2503 2123 2551 congruum
2149 2485 2314 2546 saluti,
2353 2493 2405 2530 ut

252 2569 449 2634 quidem
471 2580 518 2618 et
542 2588 619 2619 me
642 2572 828 2620 offenso
851 2571 928 2619 vel
947 2572 1096 2619 irato’
1122 2569 1406 2618 scandalum
1427 2568 1541 2616 inde
1563 2569 1734 2617 animae
1758 2585 1870 2629 suae,
1893 2568 1940 2615 id
1956 2577 2026 2614 est
2043 2566 2404 2614 damnationem

253 2649 531 2711 incurrant,
572 2662 624 2700 ut
660 2670 747 2718 per
781 2651 1108 2718 quorumdam
1143 2650 1322 2698 scilicet
1363 2650 1598 2698 malitiam·
1633 2649 1683 2696 id
1719 2659 1909 2712 agatur,
1949 2665 2035 2713 per
2069 2645 2202 2712 quod
2236 2662 2406 2692 omnes

254 2731 529 2793 salventur,
557 2734 836 2798 quicunque
858 2733 1081 2781 videlicet
1108 2731 1311 2779 sanandi
1339 2731 1760 2796 praedestinantur.
1787 2729 1882 2777 Sed
1906 2739 2066 2776 tamen
2093 2744 2161 2775 vae
2184 2726 2280 2784 illi,
2309 2726 2405 2774 hoc

254 2821 326 2859 est
362 2812 612 2861 damnatio
660 2814 777 2875 erit,
820 2814 955 2879 cujus
997 2812 1200 2861 consilio
1243 2812 1318 2859 vel
1353 2811 1665 2877 persuasione
1702 2810 1800 2857 hoc
1841 2808 2123 2857 scandalum
2162 2816 2400 2854 movetur.

254 2892 434 2941 Malum
460 2895 621 2958 itaque
643 2904 714 2942 est
736 2894 1036 2953 scandalum,
1063 2892 1149 2940 sed
1171 2892 1360 2940 bonum
1390 2902 1460 2939 est
1491 2890 1771 2939 scandalum
1795 2906 1915 2937 esse.
1943 2890 2019 2937 Sic
2042 2900 2089 2937 et
2113 2888 2302 2936 bonum
2333 2897 2405 2935 est

255 2974 508 3038 quodlibet
542 2974 723 3022 malum
760 2992 887 3036 esse,
926 2990 1039 3021 cum
1076 2983 1238 3021 tamen
1278 2972 1468 3020 nullum
1506 2971 1687 3019 malum
1726 2971 1786 3018 sit
1818 2969 2023 3018 bonum.
2065 2968 2210 3027 Quod
2246 2978 2294 3016 et
2327 2968 2405 3016 ille

254 3070 458 3118 magnus
487 3056 695 3103 veritatis
725 3054 987 3121 discipulus
1010 3053 1261 3102 attendens
1290 3052 1606 3118 AugustinuS,
1646 3062 1717 3112 et,
1747 3067 1893 3115 quam
1921 3050 2103 3116 optime
2126 3050 2228 3116 ipsa
2259 3049 2403 3096 etiam

256 3134 380 3183 mala
412 3139 543 3184 Deus
574 3136 793 3198 ordinet,
821 3135 1151 3196 considerans,
1180 3135 1243 3182 ita
1264 3134 1326 3182 de
1348 3134 1449 3198 ejus
1472 3132 1691 3181 bonitate
1716 3141 1762 3180 et
1798 3131 1981 3180 diaboli
2007 3131 2217 3196 nequitia
2241 3129 2403 3193 loqui-

299 3318 435 3352 ¹Matth.
449 3343 456 3359 ,
471 3328 543 3361 cap.
565 3328 663 3364 xvin,
688 3330 716 3353 v.
737 3324 768 3355 τ.
786 3338 826 3347 -
845 3322 856 3341 ²
869 3320 1057 3354 Rheinwald
1075 3320 1116 3352 Ει
1132 3327 1183 3352 me
1201 3318 1317 3360 offensi
1331 3317 1386 3353 ,rel
1402 3318 1502 3351 irati.
1900 3338 1902 3340 »

470 3394 499 3417 11
2220 3376 2268 3411 90
