2638 3866
790 248 1185 299 INTRODUCTIO
1221 249 1302 297 AD
1336 250 1747 299 THEOLOGIAM.
2247 253 2339 301 ⁴35

189 368 278 400 nec
310 351 419 401 loco
443 351 629 400 moveri
658 351 831 418 possit,
858 350 942 416 qui
965 350 1168 417 Spiritus
1192 361 1287 412 est,
1315 361 1414 400 tam
1437 351 1843 419 philosophorum
1881 368 2029 418 quam
2063 361 2340 400 sanctorum

186 433 447 483 assertione
466 432 705 482 docemur
720 470 731 494 ,
747 432 867 480 sicut
886 431 947 480 de
959 431 1228 496 quantitate
1244 442 1505 482 tractantes
1518 432 1817 482 ostendimus
1830 450 1943 481 cum
1959 433 2340 499 grammaticam¹

187 512 520 561 scriberemus.
548 513 603 561 Id
628 514 808 579 quippe
824 512 980 561 solum
997 511 1131 578 quod
1153 512 1307 561 locale
1329 523 1428 575 est,
1457 513 1673 562 localiter
1697 515 1882 562 moveri
1908 524 2091 580 potest,
2115 514 2191 562 vel
2211 513 2341 562 loca-

186 592 293 642 liter
309 593 484 643 alicubi
500 595 681 656 teneri,
704 595 826 643 sicut
853 604 923 642 est
940 610 1135 659 corpus·
1158 593 1283 642 Nihil
1309 596 1441 643 enim
1463 595 1616 643 locale
1640 604 1710 642 est
1729 632 1740 655 ,
1768 595 1844 642 vel
1862 595 2079 644 localiter
2102 597 2339 644 contineri

185 683 368 738 potest,
394 674 486 723 nisi
507 675 647 740 quod
674 676 748 723 sui
780 675 1144 740 interpositione
1166 675 1584 724 circumstantium
1611 692 1774 723 rerum
1797 675 2071 724 distantiam
2105 676 2339 724 intervalli

183 764 343 819 potest
363 754 517 804 facere
545 774 555 802 :
590 756 737 805 veluti
768 756 807 804 si
831 755 972 803 alicui
1013 755 1247 803 continuo
1289 757 1486 823 corpori
1518 757 1652 804 stilus
1674 755 1749 804 vel
1779 756 2119 822 corpusculum
2142 757 2339 822 aliquod

183 835 444 898 inseratur,
473 838 632 885 statim
655 854 743 903 per
765 836 868 902 ejus
896 836 1312 902 interpositionem
1339 854 1532 886 necesse
1567 847 1640 886 est
1669 838 1880 903 aliquam
1902 838 2138 885 intervalli
2160 838 2340 886 distan-

181 915 300 963 tiam
317 915 421 964 fieri
439 917 564 966 inter
582 918 836 984 particulas
852 918 1236 979 circumstantes,
1262 934 1367 982 quae
1390 928 1500 983 post
1522 918 1794 966 adinvicem
1817 918 2108 966 continuatae
2132 918 2334 967 fuerant.

182 995 231 1042 Si
250 1010 367 1044 vero
388 996 563 1045 albedo
585 998 662 1046 vel
684 997 866 1063 aliquid
889 998 1232 1063 incorporeum
1263 997 1354 1045 illis
1378 999 1552 1046 inesset
1574 999 1845 1065 particuliS,
1876 997 2009 1047 nulla
2029 1015 2200 1047 eorum
2224 1016 2337 1046 con-

182 1075 383 1125 tinuatio
406 1077 516 1125 ideo
542 1078 798 1144 deperiret.
826 1077 1019 1126 Nullum
1046 1078 1189 1143 igitur
1211 1078 1557 1144 incorporeum
1579 1079 1795 1127 localiter
1813 1079 1996 1126 moveri
2019 1089 2200 1144 potest,
2226 1083 2337 1144 quia

181 1170 271 1203 nec
288 1155 505 1205 localiter
527 1157 704 1206 alicubi
727 1175 827 1206 esse
853 1167 1029 1223 potest.
1056 1158 1260 1206 Maxime
1280 1174 1398 1206 vero
1423 1161 1554 1206 Deus
1570 1195 1582 1219 ‚
1610 1159 1693 1224 qui
1717 1158 1895 1223 ubique
1914 1175 2001 1224 per
2023 1158 2338 1207 substantiam

179 1251 281 1283 esse
304 1237 617 1299 conceditur,
646 1255 746 1287 non
769 1238 917 1287 habet
938 1255 1037 1303 quo
1055 1249 1307 1288 moveatur
1330 1239 1545 1287 localiter
1562 1277 1575 1299 ,
1594 1257 1707 1287 cum
1727 1239 1908 1305 ubique
1928 1240 1986 1287 sit
2007 1241 2334 1288 essentialiter.

179 1318 360 1365 Moveri
379 1320 560 1385 quippe
585 1319 827 1382 localiter,
854 1319 904 1367 id
926 1329 997 1367 est
1017 1318 1078 1367 de
1100 1320 1210 1367 loco
1231 1319 1295 1368 ad
1317 1320 1481 1368 locum
1505 1321 1706 1368 trans1re
1729 1338 1830 1368 non
1851 1330 2037 1387 potest,
2065 1322 2155 1369 nisi
2180 1339 2331 1369 unum

179 1394 446 1447 deserendo
463 1400 628 1448 locum
652 1402 821 1466 migret
843 1400 906 1449 ad
923 1400 1086 1448 alium.
1115 1399 1311 1447 Nullum
1330 1411 1491 1449 autem
1520 1401 1697 1449 deserit
1718 1401 1882 1449 locum
1907 1412 2044 1449 motu
2066 1401 2231 1464 locali,
2255 1405 2335 1469 qui

177 1494 368 1544 semper
395 1480 675 1530 substantiae
697 1499 792 1529 suae
814 1481 1062 1547 praesentia
1086 1481 1137 1528 in
1157 1481 1386 1530 omnibus
1411 1492 1482 1530 est
1502 1482 1636 1530 locis.
1659 1485 1782 1530 Cum
1805 1483 1966 1548 itaque
1991 1486 2121 1530 Deus
2151 1484 2200 1530 in
2226 1485 2338 1531 Vir-

178 1559 340 1622 ginem
362 1561 525 1609 venire
539 1599 552 1623 ‚
579 1572 664 1609 aut
686 1562 847 1627 aliquo
880 1561 1054 1609 dicitur
1073 1561 1367 1610 descendere
1381 1601 1393 1624 ,
1417 1562 1686 1610 secundum
1709 1580 1898 1628 aequam
1920 1581 2016 1611 suae
2034 1565 2329 1629 operationis

177 1638 467 1703 efficaciam,
495 1658 597 1689 non
623 1643 892 1691 secundum
924 1642 1130 1691 localem
1162 1644 1489 1692 accessionem
1522 1643 1718 1707 intelligi
1747 1644 1909 1692 debet.
1937 1645 2067 1702 Quid
2102 1656 2172 1693 est
2207 1647 2338 1692 enim

175 1719 308 1769 aliud
334 1738 445 1769 eum
469 1723 519 1770 in
551 1724 779 1788 virginem
812 1723 1116 1772 descendisse
1139 1733 1191 1771 ut
1221 1725 1555 1772 incarnaretur
1572 1762 1584 1786 ,
1608 1724 1698 1771 nisi
1725 1741 1855 1786 eum,
1892 1734 1944 1772 ut
1967 1734 2182 1774 nostram
2211 1742 2339 1774 assu-

176 1812 328 1850 meret
350 1802 701 1867 infirmitatem,
734 1821 784 1852 se
817 1803 1110 1866 humiliasse,
1137 1815 1191 1852 ut
1211 1805 1314 1853 haec
1346 1805 1546 1870 quidem
1567 1804 1840 1853 humiliatio
1867 1806 1969 1870 ejus
1994 1806 2213 1855 videlicet
2236 1808 2338 1871 ejus

173 1881 466 1948 intelligatur
492 1884 781 1933 descensus?
804 1885 880 1934 Sic
903 1894 950 1934 et
969 1887 1159 1951 quoties
1181 1887 1344 1952 aliquo
1371 1886 1665 1936 descendere
1687 1886 1763 1934 vel
1790 1888 1954 1935 venire
1975 1887 2150 1935 dicitur
2175 1891 2305 1936 Deus
2326 1927 2335 1947 ‚

174 1978 274 2009 non
295 1963 464 2028 aliquis
487 1965 590 2030 ejus
611 1966 776 2014 localis
792 1982 1010 2014 accessus
1022 2005 1033 2027 ‚
1057 1967 1142 2015 sed
1156 1968 1328 2031 aliquis
1342 1984 1480 2015 novae
1501 1968 1799 2033 operationis
1817 1968 2014 2016 effectus
2031 1969 2303 2016 ostenditur
2322 1987 2330 2013 :

172 2044 254 2107 qui
291 2044 434 2092 etiam
466 2062 578 2093 cum
619 2047 670 2093 in
705 2046 944 2112 quosdam
975 2048 1169 2110 venire,
1201 2047 1279 2096 vel
1311 2065 1338 2096 a
1370 2048 1663 2112 quibusdam
1698 2049 1925 2097 recedere
1968 2049 2170 2110 dicitur,
2200 2049 2335 2113 juxta

171 2123 417 2173 donorum
439 2143 644 2174 suorum
668 2127 978 2175 collationem
1002 2129 1078 2176 vel
1104 2128 1484 2177 subtractionem
1519 2130 1797 2194 intelligitur
1824 2129 1898 2190 id,
1933 2147 2034 2177 non
2066 2129 2332 2177 secundum

171 2203 372 2252 localem
395 2206 496 2271 ejus
514 2207 775 2256 adventum
794 2207 870 2255 vel
893 2225 1161 2270 recessum;
1185 2210 1269 2273 qui
1288 2208 1492 2274 ubique,
1518 2220 1572 2258 ut
1595 2210 1778 2257 dictum
1799 2220 1892 2264 est,
1922 2227 2009 2276 per
2023 2211 2333 2276 praesentiam

171 2301 266 2331 suae
299 2285 577 2334 substantiae
606 2304 796 2353 semper
819 2289 1071 2350 exsistens,
1099 2306 1200 2336 non
1225 2289 1371 2338 habet
1403 2307 1503 2355 quo
1537 2291 1722 2338 moveri
1753 2290 1968 2357 localiter
1991 2291 2156 2356 possit.
2186 2292 2332 2348 Quod

171 2374 330 2413 tamen
355 2366 537 2433 ubique
561 2385 663 2416 esse
688 2385 776 2434 per
790 2369 1105 2418 substantiam
1123 2370 1324 2433 dicitur,
1340 2371 1476 2435 juxta
1498 2372 1600 2435 ejus
1624 2371 1891 2436 potentiam
1904 2370 1981 2419 vel
2001 2371 2332 2435 operationem

169 2443 266 2492 dici
288 2446 498 2495 arbitror
512 2485 524 2508 ,
556 2465 612 2496 ac
634 2449 674 2496 si
696 2449 917 2497 videlicet
939 2450 1179 2498 diceretur
1202 2452 1266 2499 ita
1289 2451 1331 2499 ei
1359 2462 1535 2499 cuncta
1556 2451 1665 2499 loca
1690 2468 1792 2499 esse
1818 2452 2092 2517 praesentia,
2115 2461 2169 2498 ut
2195 2452 2244 2498 in
2265 2452 2331 2498 eis

168 2523 350 2590 aliquid
374 2530 565 2593 operari
589 2546 843 2595 nunquam
862 2540 1038 2591 cesset,
1068 2548 1158 2579 nec
1179 2532 1280 2596 ejus
1303 2532 1517 2598 potentia
1543 2533 1603 2579 sit
1633 2532 1808 2579 alicubi
1828 2533 1999 2580 otiosa.
2021 2536 2139 2580 Nam
2163 2542 2210 2579 et
2228 2533 2330 2597 ipsa

167 2603 297 2668 loca,
322 2617 370 2654 et
394 2608 633 2674 quidquid
653 2620 723 2658 est
748 2611 797 2658 in
823 2611 911 2669 eis,
940 2612 1032 2659 nisi
1056 2629 1143 2678 per
1166 2613 1324 2678 ipsum
1345 2622 1694 2660 conserventur
1710 2649 1722 2670 ,
1750 2629 1947 2660 manere
1969 2629 2067 2659 non
2093 2621 2324 2677 possunt3

166 2694 215 2731 et
235 2702 324 2750 per
345 2687 667 2738 substantiam
693 2691 743 2737 in
767 2692 835 2738 eis
863 2708 965 2739 esse
995 2692 1200 2751 dicitur,
1237 2694 1319 2740 ubi
1357 2710 1443 2758 per
1470 2693 1676 2758 propriae
1702 2693 1926 2739 virtutem
1951 2692 2227 2740 substantiae
2250 2693 2330 2740 ali-

166 2766 285 2830 quid
306 2783 564 2833 nunquam
588 2772 778 2836 operari
800 2782 975 2831 cessat,
1000 2772 1075 2821 vel
1100 2789 1155 2820 ea
1178 2775 1280 2838 ipsa
1299 2810 1311 2831 ,
1347 2785 1399 2819 ut
1423 2773 1608 2819 dictum
1630 2782 1699 2819 est
1715 2808 1727 2832 ,
1755 2771 2018 2835 servando,
2045 2772 2121 2820 vel
2146 2773 2326 2838 aliquid

166 2846 215 2892 in
244 2847 311 2894 eis
334 2864 421 2913 per
452 2850 663 2915 seipsum
688 2851 1024 2899 ministrando.
1059 2854 1180 2900 Nam
1210 2853 1297 2900 etsi
1322 2852 1492 2916 longas
1514 2868 1687 2899 manus
1713 2869 1846 2915 reges
1870 2852 2050 2901 habere
2071 2853 2293 2901 dicantur
2311 2892 2323 2914 ,

165 2943 223 2973 eo
262 2928 395 2992 quod
427 2930 693 2994 potentiam
727 2947 865 2978 suam
895 2932 945 2978 in
982 2931 1259 2997 longinquis
1301 2942 1553 2980 exerceant
1586 2931 1726 2993 locis;
1769 2949 1871 2980 non
1910 2942 2069 2982 tamen
2104 2934 2200 2982 hoc
2240 2951 2326 3000 per

164 3006 477 3057 substantiam
500 3026 641 3058 suam
666 3010 820 3059 facere
843 3011 1088 3059 sufficiunt
1107 3013 1242 3077 quod
1264 3030 1352 3079 per
1373 3013 1576 3061 vicarios
1602 3022 1765 3077 agunt.
1794 3014 1924 3061 Sicut
1947 3031 2062 3079 ergo
2083 3016 2245 3062 anima
2275 3017 2323 3061 in

163 3103 368 3153 corpore
402 3107 487 3156 per
529 3091 850 3140 substantiam
882 3109 1019 3140 suam
1036 3130 1049 3155 ,
1086 3094 1236 3157 magis
1275 3110 1423 3159 quam
1455 3111 1543 3160 per
1582 3094 1872 3160 positionem
1909 3095 2113 3143 localem
2150 3096 2324 3142 dicitur

165 3183 287 3229 esse,
317 3186 376 3217 eo
394 3172 572 3220 scilicet
590 3172 724 3238 quod
748 3188 836 3238 per
857 3173 1064 3239 propriae
1086 3173 1302 3239 vigorem
1326 3174 1604 3223 substantiae
1621 3175 1778 3240 ipsum
1799 3174 2006 3224 vivificet
2029 3193 2084 3224 ac
2110 3187 2318 3235 moveat,

210 3354 216 3371 ¹
232 3350 352 3387 Forsan
370 3354 603 3389 Dialecticam.
