2638 3866
807 210 874 258 ἸΝ
910 210 1240 258 EPtSTOLAM
1277 212 1356 259 AD
1392 210 1695 259 ROMANOS.
2242 213 2335 262 195

186 310 332 359 misso
364 310 587 376 exemplo
620 308 682 358 de
713 309 865 358 David
884 348 895 369 ‚
924 330 947 354 c<
964 310 1202 358 Justitiam
1229 312 1317 359 Dei
1344 310 1718 372 commendant,
1739 330 1761 355 »
1788 309 1837 358 id
1864 320 1935 359 est
1968 309 2030 359 ad
2063 309 2257 361 laudem
2292 323 2339 363 et

185 390 385 455 gloriam
420 391 630 439 veritatis
665 390 767 455 ejus
801 390 1062 456 proficiunt
1094 409 1103 438 :
1135 392 1303 450 «Quid
1340 392 1579 453 dicemus,
1603 411 1625 434 »
1658 390 1706 438 id
1737 401 1808 439 est
1836 392 2103 457 poterimus
2138 410 2338 458 respon-

185 471 299 519 dere
322 471 584 536 objectioni
606 473 848 536 sequenti,
877 489 984 537 quae
1007 473 1089 532 ait,
1118 493 1140 517 «
1162 474 1391 539 Nunquid
1412 474 1604 538 iniquus
1623 482 1694 520 est
1712 475 1841 520 Deus
1857 473 1941 537 qui
1969 473 2113 521 insert
2136 474 2292 522 iram?
2315 497 2335 515 -v

186 552 236 600 id
263 560 335 600 est
355 552 614 600 vindictam
632 562 832 619 propter
860 563 1081 619 peccata,
1114 571 1220 618 quae
1252 555 1372 618 ejus,
1412 563 1463 601 ut
1486 553 1670 601 dictum
1701 563 1794 614 est,
1826 554 2060 617 justitiam
2083 571 2339 603 commen-

187 632 327 694 dant,
366 633 415 681 id
446 642 542 692 est,
578 649 690 680 eum
726 634 933 683 maxime
968 633 1260 682 laudabilem
1294 634 1557 683 ostendunt
1581 633 1643 682 de
1671 634 2057 683 incommutabili
2088 653 2184 684 suae
2218 637 2340 684 veri·

187 714 294 761 tatis
314 714 582 779 proposito.
603 717 659 761 Et
678 715 910 779 quoniam
942 732 1041 763 non
1065 732 1123 763 ex
1150 732 1357 780 persona
1379 715 1476 763 hoc
1496 731 1581 762 sua
1605 714 1856 780 Apostolus
1873 716 2056 780 objicit,
2080 718 2214 781 quasi
2238 734 2339 764 non

188 795 231 842 ei
255 793 496 842 videretur
518 804 570 842 ut
594 794 644 842 in
668 794 765 843 hoc
787 805 949 860 ageret
967 796 1156 860 inique,
1186 796 1350 856 addit,
1378 816 1402 841 α
1420 795 1700 843 Secundum
1726 795 1976 844 hominem
2002 796 2130 857 dico,
2154 816 2175 840 n
2201 796 2250 844 id
2273 809 2341 845 est

188 874 454 923 secundum
486 875 762 938 animalem,
797 877 882 942 qui
910 894 1011 925 non
1043 878 1168 942 sapit
1197 894 1252 925 ea
1280 894 1387 942 quae
1419 877 1508 926 Dei
1532 887 1666 938 sunt;
1703 893 1805 924 11011
1832 876 2099 924 secundum
2123 878 2343 943 spiritua-

188 956 301 1018 lem,
326 957 406 1021 qui
427 956 659 1021 dijudicat
684 958 872 1019 omnia,
901 968 1001 1006 tam
1028 959 1079 1005 in
1100 958 1276 1006 divinis
1299 975 1447 1024 quam
1472 959 1521 1005 in
1542 958 1769 1006 humanis
1791 975 1984 1022 aequum
2003 958 2203 1005 rationis
2215 958 2343 1022 judi-

188 1037 318 1084 cium
349 1047 496 1100 tenet,
533 1048 579 1086 et
617 1038 744 1098 ideo,
774 1060 796 1083 ε(
816 1039 988 1088 Absit»
1025 1050 1078 1087 ut
1105 1040 1202 1088 hoc
1233 1041 1412 1088 scilicet
1453 1040 1758 1106 recipiamus,
1790 1042 1947 1086 Deum
1981 1039 2146 1104 inique
2177 1055 2343 1103 agere,

190 1119 440 1183 puniendo
465 1129 679 1184 peccata,
714 1137 820 1185 quae
836 1121 979 1169 etiam
1012 1121 1074 1169 ad
1110 1122 1211 1186 ejus
1246 1121 1507 1187 proficiunt
1542 1121 1772 1185 gloriam3
1812 1130 1863 1167 ut
1894 1120 2118 1185 quamvis
2153 1130 2348 1185 peccata

126 1186 135 1193 ”
189 1214 289 1246 11011
301 1198 553 1258 51111110113,
577 1199 763 1248 bonum
784 1211 946 1249 tamen
971 1203 1029 1250 sit
1053 1220 1156 1250 esse
1175 1212 1387 1268 peccata.
1413 1202 1550 1250 Unde
1575 1213 1646 1250 est
1676 1201 1794 1249 illud
1822 1201 2073 1264 Augustini
2100 1201 2149 1247 in
2169 1201 2346 1248 Enclzc'·

190 1277 347 1326 rc‘dc'o:
370 1303 390 1324 «ι
423 1282 529 1327 Νο11
552 1280 606 1328 fit
629 1281 811 1346 aliquid
844 1283 936 1330 nisi
966 1284 1278 1349 omnipotens
1308 1283 1411 1332 fieri
1442 1283 1580 1345 velit,
1608 1282 1683 1331 vel
1709 1281 1914 1330 sinendo
1945 1290 1997 1327 ut
2022 1279 2128 1340 fiat,
2153 1281 2227 1328 vel
2251 1282 2351 1347 ipse

191 1359 430 1408 faciendo.
463 1363 570 1409 Non
600 1361 924 1411 dubitandum
952 1374 1023 1412 est
1046 1368 1204 1412 Deum
1230 1365 1383 1412 facere
1414 1364 1563 1425 bene,
1596 1373 1642 1411 et
1680 1362 1885 1410 sinendo
1914 1360 2016 1408 fieri
2051 1378 2352 1426 quaecunque

192 1439 314 1489 fiunt
332 1443 471 1490 male.
491 1446 597 1491 Non
615 1445 744 1491 enim
758 1444 854 1492 1100
870 1446 961 1493 11151
971 1446 1101 1511 justo
1114 1446 1299 1511 judicio
1321 1446 1450 1493 sinit.
1471 1449 1528 1492 Et
1542 1445 1761 1511 profecto
1776 1443 1960 1491 bonum
1971 1452 2042 1489 est
2057 1459 2204 1490 omne
2218 1443 2353 1507 quod

187 1526 432 1588 justum.»
459 1531 610 1575 Item:
645 1531 811 1576 «Nam
835 1529 927 1577 11151
961 1540 1084 1578 esset
1120 1530 1218 1578 hoc
1245 1530 1434 1580 bonum
1461 1539 1513 1577 ut
1536 1538 1697 1577 essent
1726 1529 1873 1584 mala,
1903 1526 2038 1573 nullo
2069 1526 2220 1573 modo
2253 1543 2355 1574 esse

192 1605 464 1654 sinerentur
487 1607 548 1655 ab
574 1609 911 1674 omnipotente
930 1609 1082 1658 bono.
1107 1632 1129 1655 »
1161 1630 1183 1656 «
1205 1611 1449 1675 Alioquin,
1467 1629 1489 1655 »
1512 1610 1563 1658 id
1584 1619 1671 1668 est,
1695 1610 1735 1656 si
1759 1609 1896 1656 aliter
1918 1617 2041 1654 esset
2061 1623 2210 1671 quam
2232 1607 2351 1654 dici-

193 1703 320 1746 mus,
349 1687 445 1735 1100
477 1699 575 1748 051,
605 1689 645 1736 51
680 1690 845 1755 inique
875 1690 1054 1739 faceret
1087 1693 1232 1751 Deus,
1263 1690 1518 1738 inferendo
1541 1690 1804 1738 vindictam
1838 1704 1928 1754 pro
1959 1687 2197 1753 peccatis3
2229 1704 2353 1751 quo·

195 1767 345 1814 modo
379 1768 637 1830 mundum,
663 1770 713 1817 id
740 1781 811 1818 est
834 1772 1103 1831 universos,
1128 1782 1226 1820 tam
1247 1772 1406 1820 bonos
1434 1771 1614 1819 scilicet
1637 1787 1783 1836 quam
1810 1768 1963 1817 malos
1993 1767 2254 1832 judicaret,
2288 1771 2354 1816 eis

195 1847 415 1897 videlicet
439 1867 529 1916 pro
553 1852 730 1900 meritis
753 1853 827 1900 vel
848 1853 1051 1918 gloriam
1075 1854 1151 1902 vel
1176 1871 1372 1920 poenam
1392 1852 1740 1901 retribuendo?

264 1931 354 1977 «Si
383 1931 514 1979 enim
548 1923 795 1982 veritas-⁸»
822 1935 892 1982 Ad
927 1937 1283 2002 suprapositam
1316 1935 1643 1999 objectionem
1680 1934 1854 1982 iterum
1890 1932 2035 1990 redit,
2083 1931 2220 1994 quasi
2250 1947 2354 1978 eam

195 2012 564 2074 commendans,
587 2015 722 2080 quod
742 2017 921 2064 scilicet
934 2017 1061 2065 bene
1078 2018 1273 2081 iniquus
1292 2016 1486 2064 videtur
1506 2019 1636 2064 Deus
1647 2014 1900 2082 puniendo
1916 2022 2131 2079 peccata,
2149 2012 2188 2058 si
2209 2012 2358 2076 ipsam

192 2090 424 2154 justitiam
442 2093 544 2157 ejus
568 2097 935 2158 commendant,
963 2098 1078 2163 quia
1105 2115 1195 2145 nec
1208 2098 1310 2163 jam
1330 2114 1420 2164 pro
1439 2098 1646 2163 peccatis
1670 2095 1884 2161 reputari
1917 2093 2114 2152 debent,
2154 2092 2237 2139 sed
2267 2109 2357 2157 pro

195 2170 339 2220 bonis
378 2191 485 2238 quae
510 2175 612 2239 ejus
635 2179 886 2226 veritatem
910 2179 1276 2227 commendant.
1302 2183 1357 2226 Et
1379 2178 1476 2225 hoc
1497 2188 1585 2238 est,
1620 2198 1644 2222 «
1673 2179 1712 2225 si
1735 2178 1866 2224 enim
1899 2175 2073 2222 veritas
2099 2173 2188 2220 Dei
2210 2172 2360 2220 abun-

198 2251 328 2300 davit
348 2254 397 2300 in
419 2255 623 2318 gloriam
647 2257 749 2321 ejus
767 2275 824 2305 ex
848 2276 959 2307 meo
980 2260 1253 2321 mendacio,
1274 2279 1298 2305 11
1322 2259 1372 2307 id
1396 2269 1483 2319 est,
1504 2258 1815 2306 immobilitas
1839 2272 1935 2303 suae
1959 2254 2168 2302 veritatis
2190 2253 2357 2300 lauda·

198 2332 342 2381 bilior
377 2334 584 2383 efficitur
616 2354 673 2385 ex
710 2339 1026 2388 mutabilitate
1063 2351 1111 2389 et
1141 2341 1468 2389 inconstantia
1502 2357 1621 2388 111οω
1650 2337 1995 2406 professionis,
2037 2335 2122 2400 qui
2166 2334 2277 2382 licet
2316 2335 2355 2381 ei

199 2415 423 2476 mentiar,
459 2416 562 2481 ipse
591 2428 753 2466 tamen
781 2420 902 2468 mihi
927 2422 1122 2469 mentiri
1159 2439 1260 2469 non
1302 2431 1478 2488 potest.
1522 2441 1546 2466 «
1579 2421 1673 2479 Qui
1702 2419 2011 2484 dijudicor.»
2045 2414 2211 2463 Adhuc
2240 2413 2357 2460 dum

197 2483 422 2543 videlicet
445 2496 495 2543 id
526 2499 660 2562 quod
685 2499 808 2548 facio
831 2501 895 2549 ad
918 2502 1020 2566 ejus
1051 2504 1255 2567 gloriam
1279 2502 1491 2569 prolicit,
1518 2512 1751 2566 tanquam
1781 2507 2024 2565 peccator,
2059 2495 2107 2543 id
2136 2504 2223 2554 est,
2262 2510 2356 2558 qua

200 2575 386 2623 ratione
403 2593 459 2624 ea
478 2595 586 2642 quae
606 2579 728 2628 facio
749 2599 840 2647 pro
863 2583 1072 2648 peccatis
1096 2583 1368 2650 reputanda
1390 2591 1521 2630 sunt.
1563 2601 1588 2627 «
1617 2584 1675 2628 Et
1696 2597 1784 2627 cur
1808 2595 1908 2626 non
1935 2577 2094 2642 potius
2130 2574 2358 2622 faciamus

202 2654 327 2702 mala
349 2666 402 2703 ut
425 2659 621 2706 veniant
640 2659 790 2723 bona,
807 2681 832 2707 »
851 2663 902 2711 id
926 2674 998 2712 est
1014 2681 1290 2729 peccemus,
1317 2673 1371 2710 ut
1388 2680 1445 2710 ex
1462 2662 1639 2709 nostris
1654 2660 1862 2726 peccatis
1885 2655 2177 2721 glorificetur
2195 2652 2357 2700 Deus?

206 2756 226 2778 u
248 2736 380 2783 Sicut
403 2736 799 2803 blasphemamur
817 2764 839 2786 »
867 2761 894 2791 a
911 2744 1222 2810 quibusdam,
1246 2754 1293 2791 et
1315 2764 1338 2788 «
1363 2744 1483 2791 sicut
1504 2742 1640 2789 aiunt
1662 2757 1752 2788 nos
1770 2739 1948 2798 dicere,
1973 2756 1996 2780 »
2017 2752 2094 2783 me
2116 2734 2294 2782 scilicet
2312 2744 2358 2782 et

202 2825 400 2865 caeteros
422 2820 710 2884 spirituales,
727 2825 811 2887 qui
830 2824 1039 2873 dicimus
1059 2826 1205 2873 etiam
1232 2825 1356 2872 mala
1379 2833 1476 2871 tam
1494 2822 1622 2870 bene
1642 2821 1874 2879 ordinari,
1895 2828 1947 2866 ut
1964 2817 2025 2866 ad
2048 2816 2249 2881 gloriam
2271 2817 2358 2863 Dei

203 2897 477 2963 proficiant.
506 2901 646 2950 Unde
669 2913 717 2950 et
743 2905 844 2970 ipse
868 2908 1013 2954 etiam
1034 2907 1289 2972 praedictus
1311 2908 1496 2952 Doctor
1521 2905 1569 2952 in
1594 2921 1664 2964 XI,
1699 2902 1757 2950 de
1784 2902 1983 2949 Civitate
2007 2900 2139 2958 θεῖ’,
2167 2914 2279 2945 011111
2299 2897 2360 2944 (10

202 2977 420 3027 bonitate
444 2991 492 3028 et
514 2982 695 3031 malitia
729 2984 914 3033 diaboli
945 2986 1242 3052 loqueretur,
1278 2987 1371 3034 ait:
1410 3005 1434 3031 «
1464 2988 1612 3047 Deus,
1642 2984 1766 3032 sicut
1802 2991 2083 3030 naturarum
2118 2978 2361 3026 bonarum

204 3060 418 3124 optimus
437 3073 626 3111 creator
644 3075 731 3126 est,
755 3066 822 3114 ita
836 3067 1071 3116 malarum
1086 3067 1390 3116 voluntatum
1399 3067 1690 3132 justissimus
1702 3064 1969 3112 ordinator.
1997 3082 2019 3104 ›>
2039 3064 2158 3108 Item
2182 3058 2360 3106 ibidem

206 3138 267 3187 de
286 3140 491 3191 diabolo
512 3161 522 3190 :
554 3163 578 3190 «
598 3147 727 3195 Deus
749 3163 863 3195 cum
886 3164 999 3196 eum
1024 3148 1275 3209 conderet,
1305 3149 1474 3196 futurae
1494 3145 1802 3212 malignitatis
1831 3160 1931 3192 non
1956 3152 2057 3190 erat
2080 3142 2291 3206 ignarus,
2318 3146 2364 3184 et

254 3325 263 3343 ⁸
280 3322 358 3365 Cap.
377 3335 441 3359 xvu
458 3333 602 3371 0111111,
624 3330 729 3373 0pp.‚
753 3337 775 3365 t.
801 3332 878 3375 Vll,
901 3335 963 3367 col.
981 3336 1043 3369 458
1063 3341 1096 3368 et
1113 3337 1187 3370 459.
