2638 3866
815 189 1213 238 lNTRODUCTlO
1249 190 1329 238 AD
1364 188 1665 239 THEOLOGl
1676 191 1773 239 ΑΜ.
2311 194 2373 240 97

219 289 454 338 unitatem
483 289 742 338 divinitatis
782 290 832 337 in
860 289 1014 338 tribus
1044 288 1135 337 illis
1160 291 1379 355 personis
1408 291 1668 355 assignari3
1699 292 1771 339 sin
1807 301 1969 340 autem
2004 291 2295 356 intelligatur
2324 302 2377 340 ut

218 370 406 419 dicatur
439 370 663 419 divinitas
694 370 843 436 ipsius
873 370 947 419 vel
969 373 1089 436 ejus,
1118 371 1241 419 sicut
1264 371 1351 420 Dei
1375 370 1632 419 invisibilia
1654 372 1801 437 ipsius
1823 371 1899 420 vel
1926 372 2074 420 virtus
2100 373 2221 438 ejuS,
2247 383 2375 421 recte

218 468 415 516 quoque
444 469 557 500 cum
589 451 766 500 dicitur
789 451 1014 500 divinitas
1037 452 1201 518 ipsius,
1231 451 1278 499 id
1310 461 1399 514 est,
1423 452 1523 518 ipse
1544 454 1676 500 Deus
1699 452 1836 517 cujus
1860 463 1973 501 sunt
1996 452 2075 501 illa
2095 447 2371 515 invisibilia,

217 545 264 582 et
286 534 366 583 illa
387 535 555 596 virtus,
588 537 717 583 Deus
741 544 878 602 pater
899 535 1195 599 intelligitur.
1224 534 1489 599 Quomodo
1513 545 1672 583 autem
1698 534 1972 601 philosophi
1990 535 2118 585 hanc
2146 552 2374 603 persona·

219 632 328 663 rum
344 615 707 665 distinctionem
726 616 775 663 in
796 632 891 664 una
910 615 1175 664 divinitatis
1190 616 1411 677 essentia,
1429 633 1517 682 per
1529 614 1892 664 similitudinem
1906 616 2103 680 alicujus
2117 615 2375 665 mundanae

216 703 463 755 creaturae,
485 703 532 742 et
554 710 724 742 eorum
742 711 848 759 quae
867 694 915 741 in
934 694 1038 760 ipsa
1055 702 1165 741 sunt
1187 704 1425 756 creatura,
1448 694 1680 758 vestigare
1701 702 1931 759 poterunt
1952 703 2098 758 atque
2123 694 2373 742 invenire?

217 774 374 822 Facile
391 775 538 823 credo
554 775 729 841 poterit
748 775 976 841 assignari
989 775 1040 823 in
1053 773 1130 822 his
1146 791 1250 839 quae
1270 791 1326 822 ex
1346 775 1547 823 materia
1566 785 1615 823 et
1638 774 1809 835 forma,
1832 773 1908 822 vel
1933 773 1995 822 ad
2011 774 2373 822 similitudinem

217 856 425 904 materiae
439 866 485 904 et
505 856 670 905 formae
688 856 912 904 dixerunt
927 857 1204 904 consistere.
1215 855 1357 904 Verbi
1370 858 1532 904 causa¹
1549 877 1559 902 ε
1576 858 1657 902 AEs
1670 854 1870 920 quidem
1885 864 1957 902 est
1973 855 2097 902 inter
2114 865 2371 915 creaturas,

217 937 265 982 in
282 953 382 1002 quo
398 937 566 986 artifex
582 953 788 1004 operans
807 947 854 985 et
870 930 1093 1003 imaginis
1115 936 1252 1002 regiae
1275 936 1481 985 formam
1501 936 1793 1003 exprimens,
1810 935 1996 1000 regium
2012 935 2122 983 facit
2146 935 2370 1000 sigillum,

217 1017 351 1081 quod
365 1018 544 1066 scilicet
563 1018 624 1066 ad
641 1018 916 1084 sigillandas
938 1017 1115 1079 literas,
1136 1035 1246 1066 cum
1273 1035 1397 1084 opus
1412 1018 1574 1081 fuerit,
1590 1034 1710 1066 cerae
1729 1017 2051 1083 imprimatur.
2072 1019 2154 1064 Est
2172 1017 2314 1081 igitur
2327 1017 2373 1064 in

217 1098 371 1163 sigillo
390 1098 472 1147 illo
492 1099 651 1166 ipsum
673 1116 735 1148 aes
759 1100 974 1158 materia,
1005 1117 1062 1147 ex
1086 1116 1185 1165 quo
1212 1099 1389 1148 factum
1416 1110 1513 1162 est3
1537 1099 1690 1164 figura
1715 1115 1829 1147 vero
1851 1099 1954 1163 ipsa
1980 1097 2197 1163 imaginis
2219 1097 2371 1161 regiae,

217 1180 372 1228 forma
385 1180 510 1245 ejus;
526 1181 687 1247 ipsum
701 1197 817 1229 vero
835 1180 1041 1246 sigillum
1055 1198 1111 1229 ex
1125 1180 1201 1229 his
1215 1180 1411 1229 duobus
1426 1181 1731 1229 materiatum
1747 1189 1890 1245 atque
1903 1179 2162 1227 formatum
2180 1178 2372 1240 dicitur,

217 1260 393 1325 quibus
413 1261 634 1310 videlicet
649 1261 741 1311 sibi
763 1262 1166 1311 convenientibus
1185 1262 1345 1328 ipsum
1371 1272 1441 1310 est
1467 1262 1791 1328 compositum
1816 1269 1960 1325 atque
1984 1259 2269 1326 perfectum.
2302 1257 2375 1305 Nil

217 1341 399 1408 quippe
431 1352 502 1390 est
537 1341 746 1408 sigillum
770 1360 916 1409 quam
939 1361 1002 1392 aes
1025 1343 1089 1392 ita
1118 1343 1400 1392 formatum.
1430 1342 1482 1391 ld
1510 1343 1674 1407 itaque
1693 1340 2004 1389 essentialiter
2025 1350 2095 1388 est
2111 1341 2270 1406 ipsum
2293 1356 2371 1400 aes,

217 1421 351 1486 quod
371 1432 446 1471 est
469 1425 667 1472 materia
689 1425 798 1472 aerei
819 1425 975 1489 sigilli,
1004 1435 1052 1472 et
1077 1424 1284 1489 sigillum
1309 1425 1468 1490 ipsum
1492 1424 1631 1488 cujus
1653 1432 1723 1470 est
1750 1422 1966 1483 materia,
1994 1437 2105 1469 cum
2130 1430 2290 1469 tamen
2326 1420 2374 1468 in

217 1504 314 1551 suis
329 1505 705 1570 proprietatibus
724 1506 787 1555 ita
805 1507 901 1554 sint
921 1506 1166 1568 distincta,
1190 1515 1244 1554 ut
1265 1504 1398 1553 aliud
1419 1504 1478 1552 sit
1500 1504 1754 1571 proprium
1778 1502 1901 1563 aeriS,
1929 1500 2062 1549 aliud
2081 1501 2190 1549 aerei
2216 1498 2372 1564 sigilli,

217 1594 263 1630 et
278 1586 498 1650 quamvis
508 1586 638 1634 idem
652 1587 747 1634 sint
763 1586 1093 1646 essentialiter,
1111 1585 1316 1651 sigillum
1334 1596 1494 1634 tamen
1507 1594 1578 1633 est
1593 1602 1772 1632 aereum
1786 1601 1842 1631 ex
1860 1600 1971 1644 aere,
1990 1599 2091 1631 non
2104 1599 2167 1630 aes
2181 1598 2239 1629 ex
2251 1598 2374 1629 aereo

217 1665 389 1730 sigillo,
414 1676 462 1715 et
480 1684 541 1715 aes
564 1677 636 1716 est
653 1669 853 1716 materia
870 1669 978 1716 aerei
1000 1667 1157 1733 sigilli,
1185 1685 1287 1715 non
1312 1666 1519 1732 sigillum
1544 1667 1665 1714 aeris.
1693 1667 1789 1713 Nec
1804 1664 1905 1712 ullo
1929 1663 2080 1712 modo
2097 1680 2160 1711 aes
2175 1663 2374 1711 materia

217 1747 290 1794 sui
314 1747 463 1813 ipsius
480 1766 582 1797 esse
601 1760 776 1815 potest,
800 1752 1021 1815 quamvis
1042 1750 1101 1798 sit
1122 1751 1321 1798 materia
1342 1749 1499 1813 sigilli,
1519 1748 1654 1814 quod
1670 1758 1740 1795 est
1758 1748 1916 1813 ipsum
1935 1763 2023 1808 aes3
2047 1762 2149 1792 non
2170 1745 2298 1791 enim
2315 1761 2376 1791 aes

216 1844 274 1874 ex
296 1845 388 1877 aere
408 1830 477 1891 fit,
506 1831 629 1878 sicut
651 1830 859 1896 sigillum
882 1848 940 1881 ex
961 1848 1053 1879 aere
1073 1842 1144 1879 est
1166 1831 1499 1892 constitutum,
1518 1841 1565 1879 et
1582 1829 1803 1895 quamvis
1827 1827 1954 1876 idem
1979 1827 2039 1874 sit
2059 1826 2257 1874 materia
2276 1825 2377 1890 ipsa

221 1909 356 1974 quod
375 1921 446 1959 est
468 1913 794 1975 materiatum,
830 1930 1138 1979 nequaquam
1174 1923 1336 1962 tamen
1362 1914 1411 1960 in
1447 1912 1600 1977 sigillo
1624 1911 1707 1960 illo
1732 1910 2039 1959 materiatum
2062 1918 2134 1956 est
2158 1906 2372 1965 materia,

216 1991 291 2038 vel
314 1993 516 2041 materia
531 2002 602 2041 est
620 1995 943 2042 materiatum.
971 1998 1116 2043 Facto
1138 2004 1300 2042 autem
1324 2011 1380 2042 ex
1400 2011 1492 2042 aere
1511 1993 1683 2058 sigillo,
1702 1993 1803 2057 jam
1820 1990 2070 2055 sigillabile
2085 1999 2172 2049 est,
2193 1988 2290 2035 hoc
2308 1995 2377 2035 est

216 2081 384 2136 aptum
415 2073 478 2121 ad
522 2074 828 2139 sigillandum
846 2114 858 2138 ,
898 2076 986 2124 etsi
1017 2075 1241 2124 nondum
1276 2075 1337 2123 sit
1374 2074 1622 2123 actualiter
1657 2073 1883 2138 sigillans.
1923 2074 2046 2119 Cum
2095 2080 2255 2118 autem
2293 2084 2377 2133 per

216 2153 377 2217 ipsum
402 2154 596 2219 sigillari
624 2172 786 2204 ceram
815 2158 1067 2222 contingit,
1103 2158 1204 2222 jam
1225 2158 1274 2204 in
1300 2173 1396 2204 una
1423 2157 1527 2204 aeris
1546 2154 1814 2203 substantia
1837 2154 1926 2201 tria
1951 2161 2063 2201 sunt
2085 2148 2376 2217 proprietate

217 2233 431 2296 diversa,
457 2253 518 2283 aes
543 2236 765 2285 videlicet
790 2238 975 2303 ipsum,
1001 2237 1251 2303 sigillabile
1281 2249 1328 2285 et
1364 2237 1592 2302 sigillans.
1627 2239 1744 2295 Quae
1770 2234 1968 2301 quidem
2001 2234 2126 2280 inter
2153 2248 2202 2279 se
2235 2230 2302 2278 sic
2328 2246 2376 2276 se

218 2313 418 2378 habent,
445 2326 498 2364 ut
509 2333 565 2364 ex
584 2335 676 2365 aere
699 2319 759 2366 sit
778 2319 958 2367 factum
978 2318 1245 2383 sigillabile,
1268 2320 1364 2367 hoc
1387 2329 1458 2367 est
1483 2318 1712 2383 sigillum,
1748 2326 1795 2365 et
1819 2334 1876 2364 ex
1899 2332 1992 2363 aere
2014 2312 2156 2362 simul
2182 2321 2228 2359 et
2251 2309 2375 2375 sigil-

217 2393 349 2443 labili
374 2398 622 2462 contingat
645 2398 747 2447 fieri
769 2399 996 2465 sigillans.
1027 2403 1084 2447 Et
1106 2417 1163 2448 ex
1188 2417 1280 2448 aere
1306 2401 1487 2467 quippe
1513 2398 1649 2464 quod
1676 2408 1778 2446 erat
1802 2397 2024 2464 primitus
2049 2394 2111 2442 ad
2139 2393 2234 2440 hoc
2260 2408 2373 2457 pro—

216 2474 438 2539 ductum,
468 2487 538 2525 est
565 2479 724 2545 ipsum
750 2496 812 2527 aes
835 2490 887 2528 ut
908 2480 1156 2546 sigillabile
1180 2491 1321 2540 esset,
1351 2480 1527 2529 deinde
1554 2486 1606 2527 ut
1627 2479 1762 2545 quod
1782 2496 1844 2527 aes
1866 2475 2115 2542 sigillabile
2133 2474 2235 2539 jam
2255 2482 2371 2530 erat,

216 2556 426 2620 sigillans
450 2557 602 2606 fieret.
628 2561 704 2607 Sic
728 2561 873 2625 igitur
907 2579 1021 2609 cum
1043 2563 1214 2611 eadem
1237 2563 1297 2610 sit
1321 2562 1525 2610 essentia
1548 2561 1652 2607 aeris
1674 2569 1722 2607 et
1748 2558 2009 2623 sigillabilis
2032 2566 2078 2604 et
2101 2553 2371 2618 sigillantis,

216 2653 323 2702 quae
345 2639 431 2686 tria
451 2642 744 2706 proprietate
767 2641 958 2690 diversa
981 2652 1122 2703 sunt3
1151 2644 1216 2691 ita
1236 2643 1335 2691 haec
1360 2644 1449 2690 tria
1476 2642 1682 2690 invicem
1705 2639 1794 2687 sibi
1812 2648 1926 2687 sunt
1945 2636 2221 2700 conjuncta,
2251 2642 2301 2680 ut
2319 2649 2374 2680 ex

217 2733 309 2764 aere
331 2718 594 2782 sigillabile,
618 2731 663 2769 et
691 2739 748 2769 ex
776 2739 868 2770 aere
895 2733 943 2770 et
965 2723 1202 2787 sigillabili
1225 2723 1365 2771 simul
1390 2722 1600 2787 sigillans
1621 2720 1798 2768 habeat
1823 2735 1964 2766 suum
1990 2732 2110 2764 esse.
2137 2718 2255 2773 Quae
2275 2714 2377 2779 qui-

216 2796 330 2845 dem
354 2799 520 2846 omnia
541 2801 580 2847 si
603 2801 664 2848 ad
677 2802 849 2849 divinae
864 2803 1105 2851 Trinitatis
1122 2803 1396 2850 doctrinam
1409 2801 1636 2865 congruis
1648 2797 2048 2866 proportionibus
2062 2795 2371 2854 reducantur,

217 2877 353 2925 facile
382 2889 453 2926 est
475 2879 643 2942 nobis,
681 2898 739 2929 ex
777 2884 891 2948 ipsis
923 2883 1333 2948 philosophorum
1371 2875 1693 2942 documentis,
1723 2875 2260 2946 pseudo-Philosophos
2292 2875 2374 2940 qui

218 2975 309 3006 nos
330 2959 572 3017 infestant,
608 2961 839 3010 refellere.
861 2964 995 3011 Sicut
1026 2963 1159 3010 enim
1181 2979 1238 3010 ex
1260 2979 1352 3010 aere
1372 2963 1581 3027 sigillum
1614 2971 1684 3010 est
1706 2976 1900 3016 aereum,
1928 2969 1977 3006 et
2009 2974 2067 3006 ex
2103 2957 2208 3023 ipso
2252 2971 2375 3020 quo-

218 3039 484 3088 dammodo
511 3052 782 3104 generatur,
807 3043 872 3090 ita
895 3060 953 3091 ex
972 3044 1076 3109 ipsa
1089 3044 1178 3091 Dei
1202 3045 1350 3110 patris
1369 3043 1637 3092 substantia
1657 3042 1802 3090 Filius
1824 3039 1972 3088 habet
1995 3055 2116 3100 esse,
2142 3047 2191 3085 et
2205 3051 2377 3084 secun-

219 3118 338 3167 dum
359 3119 455 3168 hoc
477 3138 535 3169 ex
553 3122 660 3187 ipso
684 3122 858 3170 dicitur
872 3124 1077 3188 genitus.
1100 3127 1162 3172 Ut
1176 3126 1307 3173 enim
1331 3142 1388 3174 ex
1411 3123 1726 3191 suprapositis
1742 3120 2033 3186 jamdudum
2056 3116 2372 3176 ostendimus,

267 3306 274 3324 ¹
295 3304 415 3338 Contra
434 3306 517 3340 hanc
534 3307 780 3341 similitudinem
806 3309 878 3341 vide
905 3318 977 3350 quae
993 3310 1124 3350 scripsit
1138 3309 1173 3342 S.
1193 3308 1378 3343 Bernardus
1393 3310 1428 3342 in
1441 3307 1588 3351 Epistola
1607 3308 1648 3341 ad
1673 3305 1910 3340 Innocentium.
2190 3359 2212 3396 3

385 3380 417 3404 11
2161 3360 2178 3397 1
