2638 3866
862 192 921 241 IN
954 191 1279 242 EPISTOLAM
1313 196 1394 243 Al)
1430 194 1732 244 ROMANOS.
2276 198 2370 246 317

230 301 366 356 gunt,
407 302 458 340 ut
490 294 644 341 oratio
677 309 821 342 suum
852 304 1176 360 consequatur
1208 294 1457 356 effectum,
1484 305 1532 344 et
1560 294 1706 343 verba
1737 294 2048 344 solummodo
2082 311 2369 364 praeparant,

230 388 331 420 uon
361 373 512 422 corda
539 392 549 420 ε
581 374 642 421 de
673 373 851 439 quibus
877 376 1114 423 Dominus
1136 391 1223 441 per
1254 377 1422 424 lsaiam
1454 376 1822 440 conqueritur¹z
1853 396 1876 422 «
1899 377 2111 443 Populus
2135 377 2213 426 hic
2238 378 2375 428 labiis

230 465 307 500 me
321 453 548 514 honorat,
568 470 654 502 cor
675 464 835 503 autem
852 471 1023 503 eorum
1049 457 1192 521 longe
1213 467 1282 504 est
1305 472 1331 503 a
1357 472 1452 504 me.
1473 477 1495 500 >2
1520 475 1543 500 «
1564 456 1928 504 Necessitatibus
1946 468 2222 506 sauctorum
2237 476 2371 508 com-

230 534 546 594 municantes,
569 555 592 580 n
616 535 666 583 id
701 544 772 584 est
798 535 1020 584 fidelibus
1056 538 1306 603 penuriam
1337 528 1420 585 'vel
1452 537 1787 586 adversitatem
1813 538 2103 603 patientibus
2138 540 2203 588 ita
2234 557 2368 588 com-

228 615 477 680 patienteS,
498 627 553 665 ut
569 634 738 665 eorum
757 619 967 684 penuriae
987 618 1063 666 vel
1086 618 1406 667 tribulationis
1431 619 1687 685 participes
1705 618 1985 680 efficiamur,
2012 620 2130 668 dum
2151 621 2371 671 videlicet

227 694 361 760 quod
400 696 543 746 nobis
575 697 903 746 subtrahimus
940 699 1009 746 eis
1049 699 1404 765 impendimus,
1440 699 1515 748 vel
1551 717 1641 766 pro
1676 700 1788 766 ipsis
1823 701 1966 747 etiarn
1998 702 2254 767 eripiendis
2285 720 2370 752 seu

227 775 543 827 defendendis
582 779 852 845 periculum
886 779 962 828 vel
1010 778 1246 828 damnum
1292 780 1599 828 incurrimus,
1643 780 1781 828 Unde
1819 780 1932 828 alibi
1973 780 2115 829 dicit'
2152 800 2162 829 z
2204 783 2370 832 «Alter

227 854 419 905 alterius
443 874 592 907 onera
603 869 808 926 portate.
831 881 854 907 n
875 861 1287 926 «Hospitalitatem
1303 870 1586 919 sectantes,»
1604 877 1703 909 non
1718 861 1875 909 solum
1892 861 2243 927 impendentes,
2257 880 2368 912 cum

226 935 447 986 videlicet
487 940 764 989 recedentes
801 957 828 990 a
868 941 1012 990 nobis
1048 942 1363 1007 insequimur,
1407 951 1459 989 ut
1484 942 1642 990 etiam
1682 942 1972 990 reluctantes
2007 941 2069 990 ad
2106 941 2369 1009 hospitium

227 1016 492 1080 trahamus,
519 1022 642 1069 sicut
661 1022 785 1070 Loth
814 1023 860 1070 in
886 1022 1192 1088 susceptione
1216 1022 1507 1087 Angelorum
1533 1023 1644 1087 egit.

280 1119 319 1147 v«
339 1100 611 1150 Benedicite
633 1102 1031 1168 persequentibus
1054 1119 1141 1151 vos
1160 1122 1183 1146 >2
1208 1101 1304 1150 hoc
1335 1112 1428 1161 est,
1455 1103 1546 1150 illis
1570 1104 1712 1151 etiam
1737 1113 1788 1151 ut
1810 1103 1934 1152 bene
1956 1105 2016 1151 sit
2043 1114 2194 1163 orate,
2228 1115 2280 1152 ut
2303 1108 2368 1153 sic

226 1179 274 1226 in
293 1179 361 1227 eis
383 1182 630 1230 caritatem
654 1182 914 1244 aedificetis,
944 1185 1067 1232 sicut
1087 1185 1319 1251 scriptum
1346 1185 1441 1232 est³
1467 1200 1478 1231 ε
1509 1187 1676 1231 «Tunc
1698 1184 1828 1232 enim
1853 1184 2087 1232 carbones
2110 1186 2230 1250 iguis
2251 1204 2367 1235 con—

225 1275 359 1322 geres
383 1277 528 1328 super
548 1273 695 1329 caput
716 1264 819 1329 ejus
846 1283 900 1312 z»
926 1264 1002 1313 vel
1027 1265 1139 1313 ideo
1166 1274 1219 1312 ut
1247 1265 1401 1312 oratio
1423 1274 1578 1312 vestra
1606 1274 1739 1312 tanto
1766 1265 1947 1313 facilius
1979 1265 2200 1313 effectum
2234 1283 2367 1314 asse-

223 1351 416 1404 quatur,
443 1353 627 1407 quanto
654 1347 759 1392 Deo
785 1346 963 1411 gratior
986 1346 1092 1405 erit,
1118 1346 1202 1409 qui
1225 1346 1314 1393 ait⁸
1336 1363 1346 1392 :
1374 1366 1396 1388 c<
1411 1346 1459 1392 Si
1482 1346 1611 1392 enim
1635 1344 1827 1410 diligitis
1841 1362 1923 1393 eos
1943 1347 2025 1410 qui
2044 1363 2126 1393 vos
2142 1346 2362 1410 diligunt,

223 1436 370 1485 quam
405 1424 680 1472 mercedem
715 1425 985 1473 habebitis?
1004 1445 1027 1469 >³
1055 1429 1213 1484 Quam
1239 1426 1436 1491 quidem
1466 1426 1735 1474 dilectionis
1766 1426 2107 1492 perfectionem
2139 1437 2236 1474 tam
2268 1430 2365 1475 Do·

215 1501 383 1550 minus
410 1504 512 1568 ipse
540 1521 687 1568 quam
722 1507 1051 1572 protomartyr
1085 1509 1188 1572 ejus
1211 1506 1480 1573 Stephanus
1509 1507 1556 1553 iu
1586 1499 1891 1571 passionibus
1919 1508 2015 1554 suis
2043 1519 2132 1572 pro
2162 1507 2367 1556 inimicis

223 1582 408 1630 orando
433 1583 576 1632 nobis
602 1585 944 1635 exhibuerunt.
969 1608 993 1632 «
1010 1587 1350 1646 Benediciteet
1367 1587 1517 1635 nolite
1549 1586 1849 1635 maledicere.
1872 1605 1894 1629 ›>
1923 1587 1996 1634 Bis
2016 1587 2149 1646 dicit,
2180 1606 2204 1632 «
2219 1587 2365 1636 bene·-

221 1660 393 1724 dicite,
418 1682 440 1709 »
466 1674 523 1712 ‚ut
559 1675 656 1713 tam
692 1667 741 1714 in
779 1684 864 1715 ore
887 1683 1047 1733 quam
1089 1669 1137 1715 in
1171 1667 1319 1716 corde
1349 1667 1735 1715 benedictionem
1771 1654 2051 1715 habeamus.
2092 1670 2189 1716 Nec
2217 1667 2362 1729 dixit,

224 1761 245 1786 «
267 1758 329 1790 ne
352 1743 674 1807 maledicatis,
697 1766 721 1792 »
749 1747 835 1796 sed
861 1767 884 1792 κ
899 1748 1049 1796 nolite
1078 1748 1423 1796 maledicere.»
1451 1749 1572 1795 Cum
1597 1748 1728 1795 enim
1751 1747 1958 1811 aliquem
1982 1764 2072 1813 pro
2099 1763 2194 1795 suae
2216 1749 2365 1815 culpa‘

221 1822 545 1874 obstinatione
582 1828 1079 1890 excommunicamus,
1122 1829 1342 1894 profecto
1377 1829 1427 1875 in
1454 1845 1566 1876 eum
1604 1827 1953 1876 maledictionis
1978 1829 2262 1876 sententiam
2297 1830 2367 1876 in·

220 1912 518 1970 torquemus.
559 1909 667 1974 Ipse
701 1909 847 1956 etiam
883 1908 1060 1957 Paulus
1101 1910 1150 1957 in
1177 1909 1375 1957 Actibus
1407 1909 1750 1975 Apostolorum
1785 1910 1830 1958 ei
1868 1909 2164 1957 maledixisse
2197 1910 2366 1974 legitur

219 1982 298 2030 cui
331 1983 420 2031 ait⁶
441 2001 451 2030 z
479 2003 503 2031 α
525 1987 750 2034 Destruat
773 1997 818 2034 te
841 1987 1098 2045 Dominus,
1133 1988 1289 2053 paries
1313 1987 1550 2036 dealbate.
1578 2007 1601 2032 n
1631 1988 1725 2036 Sed
1750 1989 1863 2053 quia
1887 1988 1990 2036 zelo
2017 1987 2210 2050 justitiae
2235 2004 2365 2035 com·

219 2061 343 2127 pulsi
373 2064 485 2113 talia
516 2067 669 2114 sancti
693 2067 888 2125 faciunt,
919 2067 1270 2116 maledictionis
1293 2069 1532 2116 actionem
1555 2068 1763 2127 habent,
1793 2085 1890 2116 non
1921 2068 2233 2116 voluntatem.
2263 2071 2364 2115 Hoc

221 2159 318 2190 uno
343 2143 454 2193 loco
479 2163 579 2194 non
603 2146 796 2206 dicitur,
826 2158 876 2195 ut
899 2148 1090 2212 penitus
1118 2165 1219 2195 non
1240 2148 1546 2209 maledicant,
1573 2149 1658 2196 sed
1684 2158 1735 2196 ut
1760 2147 2044 2195 maledicere
2070 2164 2170 2194 non
2194 2147 2359 2208 velint,

221 2233 271 2271 ut
302 2225 525 2274 videlicet
556 2227 780 2276 voluntas
819 2228 1194 2289 maledictioniS,
1229 2245 1329 2276 nou
1362 2230 1488 2277 actio
1528 2229 1856 2295 prohibeatur,
1894 2229 2016 2276 sicut
2052 2238 2098 2276 et
2128 2229 2363 2275 Dominus

219 2303 387 2353 dicit⁶z
418 2306 610 2355 «Nolite
642 2309 823 2372 jurare.
847 2330 871 2353 υ
897 2309 1208 2357 Voluntatem
1240 2310 1401 2374 potius
1428 2309 1626 2374 jurandi
1660 2309 1901 2358 interdicit
1935 2325 2082 2374 quam
2104 2309 2358 2356 actionem.

217 2385 295 2432 Sic
317 2395 365 2433 et
381 2386 530 2451 judex
553 2404 665 2439 cum
684 2389 895 2454 aliquem
917 2389 1022 2454 lege
1041 2406 1129 2438 sua
1151 2399 1347 2438 coactus
1369 2390 1563 2452 occidit,
1591 2406 1690 2437 non
1711 2390 1995 2451 voluntarie,
2021 2389 2083 2437 ab
2101 2389 2362 2436 homicidio

219 2477 490 2529 excusatur,
516 2469 632 2532 quia
665 2469 716 2517 id
741 2469 802 2519 ab
828 2487 888 2519 eo
910 2471 1158 2518 voluntate
1180 2487 1282 2517 non
1316 2471 1511 2534 geritur,
1537 2473 1616 2519 cui
1639 2472 1841 2519 omnino
1874 2471 2094 2537 displicet
2125 2470 2256 2534 quod
2287 2470 2363 2516 ille

221 2547 304 2610 qui
337 2548 537 2613 punitur
566 2548 686 2597 illud
711 2552 1022 2611 commiserit,
1053 2567 1144 2617 pro
1166 2568 1264 2615 quo
1290 2551 1363 2598 lex
1390 2568 1502 2598 eum
1524 2551 1726 2599 interfici
1749 2551 1977 2617 praecipit,
2007 2560 2057 2597 ut
2083 2550 2229 2614 magis
2251 2565 2359 2596 eum

221 2625 294 2674 lex
323 2628 424 2693 ipsa
454 2646 601 2693 quam
619 2630 788 2678 vhomo
819 2633 1006 2698 puniat,
1033 2634 1184 2679 immo
1214 2636 1316 2696 ipse
1347 2634 1475 2679 Deus
1498 2633 1650 2696 legem
1675 2632 1926 2679 instituens
1950 2631 2034 2695 qui
2056 2631 2147 2677 ait⁷
2174 2647 2184 2675 :
2218 2650 2240 2672 «
2262 2632 2361 2693 Ego

221 2707 439 2755 occidam
474 2718 520 2756 et
551 2726 641 2773 ego
670 2710 830 2759 vivere
864 2711 1053 2773 faciam,
1092 2721 1141 2759 et
1174 2710 1293 2758 mihi
1324 2711 1604 2773 vindictam,
1641 2728 1730 2774 ego
1761 2710 2041 2769 retribuam,
2062 2730 2084 2752 »
2114 2709 2226 2773 quia
2262 2708 2361 2773 ipse

222 2787 436 2836 minister
468 2790 572 2837 Dei.
610 2793 718 2838 Non
755 2792 996 2840 immerito
1031 2791 1349 2857 quaerendum
1386 2792 1592 2852 videtur,
1628 2808 1742 2838 cum
1775 2791 1838 2839 ad
1876 2790 2025 2838 corda
2049 2791 2212 2855 potius
2233 2792 2361 2837 Deus

220 2887 367 2936 quam
384 2873 446 2920 ad
462 2873 611 2921 verba
631 2874 871 2939 respiciat,
891 2885 1163 2923 cur‘tanien
1185 2874 1342 2922 verbis
1361 2876 1505 2922 etiam
1531 2876 1690 2940 ipsum
1712 2874 2043 2940 deprecemur.
2059 2873 2152 2921 Sed
2175 2872 2364 2920 duabus

221 2950 271 2998 id
303 2954 459 3001 causis
490 2955 591 3018 geri
620 2955 856 3002 existimo.
887 2958 993 3002 Una
1021 2955 1216 3020 quidem
1249 2955 1311 3002 ad
1342 2955 1582 3003 honorem
1607 2955 1721 3015 Dei3
1749 2955 1895 3003 altera
1927 2963 1997 3002 est
2022 2953 2086 3001 ad
2115 2953 2364 3001 utilitatem

221 3043 438 3082 nostram
470 3018 854 3083 accommodata.
881 3037 1005 3095 Cum
1031 3036 1160 3084 enirn
1186 3034 1369 3101 aliquid
1399 3053 1426 3084 a
1450 3039 1553 3083 Deo
1582 3034 1771 3083 orando
1797 3034 2121 3101 postulamus,
2158 3050 2215 3082 ex
2250 3032 2363 3100 ipsis

266 3189 372 3231 'lsai.,
395 3200 468 3232 cap.
487 3201 578 3233 xxix,
595 3202 627 3226 v.
647 3193 696 3226 13.
714 3210 748 3216 —
769 3193 782 3213 ²
798 3192 924 3230 Galat„
941 3201 1013 3233 cap.
1036 3202 1085 3233 vi,
1111 3202 1142 3226 v.
1159 3196 1192 3227 2.
1218 3210 1256 3216 —
1329 3194 1490 3226 dealbate.
1515 3210 1553 3217 —
1568 3192 1701 3225 “Manu
1715 3215 1724 3232 ,
1748 3200 1818 3232 cap.
1847 3199 1883 3231 v,
1905 3198 1936 3222 v.
1952 3191 2003 3223 34.
2023 3207 2059 3214 -
2074 3191 2201 3230 ‘Rom.‚
2219 3198 2287 3231 cap.
2304 3198 2360 3229 Συ,

218 3245 229 3263 ³
249 3244 366 3287 Rom.,
391 3255 464 3287 cap.
491 3255 549 3287 ιιι,
572 3256 603 3279 ν.
626 3250 680 3281 20.
700 3264 738 3272 ·-
755 3249 767 3268 ⁴
793 3246 920 3286 nauh..
950 3256 1023 3288 cap.
1041 3256 1079 3288 v,
1098 3257 1127 3281 v.
1146 3250 1199 3283 46.
1214 3263 1254 3273 -
1327 3256 1358 3281 v.
1376 3246 1602 3288 193Deuter„
1618 3245 1903 3288 cap.xxxn,v.35.

221 3296 232 3315 ⁵
244 3297 316 3329 Act.
332 3299 463 3341 Apost„
476 3308 549 3341 cap.
569 3310 668 3343 xxm,
687 3310 718 3335 v.
735 3304 772 3335 8:
792 3300 955 3335 Percutiet
973 3306 1006 3334 te
1027 3302 1124 3343 Deus,
1148 3302 1256 3344 paries
