2638 3866
1165 210 1480 261 DlALOGUS.
2299 211 2395 260 677·

250 340 445 390 quoque
468 332 624 371 vester
652 324 784 388 prius
807 332 854 371 et
875 333 1040 389 postea
1064 334 1228 373 noster
1250 325 1544 390 Augustinus
1573 334 1779 373 mortem
1811 325 1986 373 malam
2013 326 2194 373 astruit.
2227 344 2251 369 α
2266 326 2398 373 Sicut

248 404 348 466 lex,
370 425 392 448 »ι
420 404 602 468 inquit,
633 422 656 448 α
674 420 774 452 non
811 413 881 451 est
907 404 1113 463 malum,
1151 406 1382 470 quoniam
1413 414 1556 470 auget
1586 407 1886 471 peccantium
1918 406 2363 472 concupiscentiam
2381 443 2393 465 ,

248 485 314 532 ita
342 500 435 532 nec
465 500 601 532 mors
623 483 809 532 bonum
835 494 904 531 est
935 486 1167 549 quoniam
1192 496 1333 550 auget
1355 486 1639 551 patientium
1670 485 1869 549 gloriam
1891 496 1938 534 et
1968 485 2114 534 efficit
2142 496 2392 550 martyres.

250 568 343 612 Lex
376 564 571 629 quidem
604 564 734 612 bona
758 574 854 624 est,
884 565 997 628 quia
1028 565 1291 631 prohibitio
1316 576 1386 614 est
1416 566 1615 631 peccati.
1642 568 1773 613 Mors
1803 577 1962 614 autem
1987 566 2113 614 mala
2131 602 2143 626 ,
2173 567 2286 631 quia
2319 566 2396 614 sti-

250 644 481 710 pendium
519 645 721 711 peccati.
757 644 851 692 Sed
890 644 1307 710 quemadmodum
1344 646 1507 711 injusti
1545 645 1669 694 male
1707 647 1850 694 etiam
1892 657 2090 695 utuntur
2121 647 2290 708 boniS,
2333 647 2398 695 ita

247 725 391 773 etiam
424 725 539 789 justi
560 725 687 773 bene
710 734 911 772 utuntur
935 726 1087 774 malis.
1123 727 1246 774 Hinc
1278 726 1331 773 fit
1353 736 1407 774 ut
1431 737 1477 774 et
1510 726 1623 775 mali
1648 726 1772 775 male
1798 727 1900 791 lege
1926 738 2121 775 utantur
2138 764 2150 787 ,
2177 728 2396 792 quamvis

248 804 308 851 sit
330 804 402 852 lex
427 805 634 861 bonum,
661 815 707 853 et
730 804 850 853 boni
874 805 1005 854 bene
1024 806 1310 868 moriantur,
1337 807 1558 872 quamvis
1580 807 1638 854 sit
1661 823 1792 855 mors
1818 808 2013 855 malum.
2035 830 2058 849 υ

316 888 505 933 anos.
533 888 778 945 Quorsum
801 886 1005 934 obsecro
1028 885 1155 935 ista?

312 968 585 1015 Cams'rnm.
622 970 684 1014 Ut
707 984 814 1015 eam
839 969 1039 1033 inquam
1070 968 1320 1016 meliorem
1352 985 1454 1016 esse
1477 969 1625 1016 vitam
1655 968 1890 1034 intelligas
1908 1005 1920 1028 ,
1948 985 2093 1033 quam
2126 978 2173 1016 et
2203 968 2265 1016 ab
2299 970 2397 1017 istis

247 1047 384 1094 malis
419 1048 622 1095 omnino
647 1058 837 1097 constat
859 1064 960 1096 esse
985 1049 1274 1109 immunem,
1304 1058 1350 1095 et
1373 1050 1612 1096 intantum
1636 1065 1664 1096 a
1687 1058 1887 1113 peccato
1911 1065 2110 1114 prorsus
2133 1059 2389 1107 remotam,

250 1137 301 1174 ut
337 1143 436 1174 non
471 1128 630 1175 solnm
653 1127 719 1175 ibi
748 1145 848 1175 non
885 1139 1127 1194 peccetur,
1158 1128 1243 1176 sed
1279 1145 1370 1176 nec
1399 1130 1588 1194 peccari
1622 1130 1787 1194 possit.
1819 1132 1936 1187 Quae
1970 1130 2061 1176 nisi
2098 1130 2267 1176 melior
2300 1131 2397 1176 vita

247 1218 478 1272 praesente
513 1210 573 1256 sit
607 1219 689 1257 aut
726 1210 876 1274 magis
903 1210 1112 1276 placeat,
1151 1209 1323 1257 frustra
1357 1219 1428 1257 est
1458 1210 1508 1256 in
1546 1209 1861 1257 retributione
1894 1210 2066 1275 posita.
2110 1210 2191 1256 Sin
2234 1220 2396 1257 autem

247 1289 398 1352 magis
420 1289 577 1354 placet
605 1306 694 1337 nec
718 1290 889 1338 melior
920 1300 1018 1351 est,
1045 1289 1433 1338 irrationabiliter
1462 1290 1575 1337 huic
1602 1289 1867 1355 praefertur,
1897 1291 2048 1355 etqui
2078 1306 2183 1337 eam
2208 1290 2396 1337 deside-

248 1377 357 1416 rant
378 1368 636 1418 indiscrete
659 1381 823 1436 agunt.

313 1451 498 1497 Pfflnos.
541 1452 706 1511 Certe,
738 1460 788 1498 ut
812 1467 984 1498 verum
1018 1450 1182 1511 fatear,
1215 1467 1347 1498 nunc
1386 1460 1432 1498 te
1465 1451 1678 1516 primum
1709 1450 2059 1516 philosophum
2091 1451 2395 1516 comperior.

245 1545 336 1576 nec
366 1539 467 1577 tam
491 1530 750 1579 manifestae
774 1532 950 1579 rationi
972 1531 1280 1597 impudenter
1308 1532 1535 1579 convenit
1560 1532 1815 1579 adversari.
1844 1531 1938 1579 Sed
1968 1531 2035 1579 ibi
2062 1532 2224 1597 potius
2249 1547 2396 1596 quam

244 1608 350 1668 hic,
382 1610 519 1674 juxta
547 1612 847 1677 propositam
884 1613 1121 1660 rationem
1150 1622 1312 1673 tuam,
1352 1628 1597 1659 summum
1634 1622 1703 1659 est
1737 1612 1949 1659 hominis
1976 1612 2161 1659 bonum
2200 1627 2395 1677 exspec-

247 1689 468 1738 tandum.
505 1694 564 1739 Et
598 1692 810 1741 fortassis
840 1693 936 1741 hoc
971 1693 1058 1741 fuit
1095 1694 1288 1759 Epicuri
1324 1693 1560 1740 sententia
1595 1708 1839 1740 summum
1874 1691 2062 1740 bonum
2103 1692 2397 1757 voluptatem

244 1770 473 1833 dicentis,
509 1773 743 1837 quoniam
778 1772 1000 1820 videlicet
1036 1783 1169 1821 tanta
1197 1783 1270 1821 est
1299 1773 1471 1820 animae
1500 1772 1817 1837 tranquillitas
1854 1782 1906 1819 ut
1934 1788 2024 1819 nec
2057 1773 2261 1820 exterius
2290 1789 2396 1820 eam

243 1852 509 1917 corporalis
542 1852 770 1915 afflictio,
802 1856 893 1900 nec
922 1854 1123 1901 interius
1149 1863 1363 1901 mentem
1397 1852 1557 1917 aliqua
1591 1853 1771 1917 peccati
1809 1853 2102 1900 conscientia
2135 1854 2393 1917 inquietet,

246 1932 320 1979 vel
345 1933 514 1980 vitium
539 1933 714 1994 obstet,
738 1944 792 1982 ut
814 1936 998 2000 optima
1021 1935 1125 1999 ejus
1144 1934 1367 1981 voluntas
1391 1934 1594 1981 omnino
1616 1933 1947 1999 compleatur?
1966 1933 2214 1992 Quamdiu
2236 1943 2398 1982 autem

247 2013 478 2062 voluntati
496 2023 671 2061 nostrae
692 2015 878 2079 aliquid
899 2014 1104 2077 obsistit,
1133 2016 1206 2062 vel
1231 2014 1380 2073 deest,
1403 2029 1514 2061 vera
1536 2013 1788 2061 beatitudo
1811 2029 2119 2078 nequaquam
2142 2004 2228 2060 est.
2253 2014 2398 2072 Quod

244 2093 412 2157 utique
429 2111 619 2159 semper
641 2096 816 2156 evenit,
843 2095 961 2142 dum
978 2095 1058 2142 hic
1077 2095 1270 2154 vivitur,
1297 2105 1344 2141 et
1366 2095 1527 2141 anima
1551 2094 1727 2141 terreni
1749 2094 1967 2159 corporis
1990 2095 2118 2141 mole
2136 2104 2325 2158 gravata
2350 2104 2395 2142 et

245 2173 384 2236 quasi
403 2190 594 2222 carcere
615 2174 830 2238 quodam
853 2175 1099 2236 conclusa,
1127 2191 1237 2222 vera
1261 2191 1361 2222 non
1387 2174 1559 2221 fruitur
1583 2172 1817 2220 libertate.
1845 2173 1963 2231 Quis
1986 2174 2115 2221 enirn
2136 2174 2396 2239 aliquando

244 2269 345 2300 non
360 2253 599 2302 desideret
614 2256 826 2303 calorem
839 2255 957 2302 dum
972 2255 1176 2302 nimium
1192 2255 1346 2320 friget,
1363 2255 1438 2302 vel
1455 2270 1481 2301 e
1496 2269 1751 2314 converso,
1768 2262 1851 2301 aut
1864 2270 2088 2300 serenum
2102 2253 2220 2301 dum
2233 2254 2397 2320 pluvia

245 2343 486 2397 gravatur,
509 2345 591 2382 aut
610 2335 672 2383 ad
689 2352 825 2383 esum
838 2335 913 2383 vel
927 2335 1268 2383 indumentum
1282 2351 1407 2400 saepe
1421 2333 1630 2399 amplius
1644 2350 1793 2399 quam
1806 2333 2008 2381 habeat?
2022 2334 2397 2383 Innumerabilia

242 2423 358 2460 sunt
380 2423 426 2462 et
451 2414 545 2462 alia
562 2432 686 2479 quae,
713 2416 751 2463 si
775 2415 1037 2465 manifestae
1055 2416 1247 2463 verita-ti
1266 2432 1368 2462 non
1393 2415 1684 2476 resistamus,
1711 2413 1852 2462 nobis
1874 2413 2153 2462 nolentibus
2175 2415 2397 2479 ingerun-

246 2502 339 2551 tur,
355 2494 431 2542 vel
445 2495 721 2543 volentibus
734 2495 1050 2562 denegantur.
1067 2497 1117 2544 Si
1128 2506 1309 2557 autem,
1328 2506 1380 2543 ut
1392 2512 1442 2543 se
1459 2495 1581 2543 ratio
1594 2494 1758 2557 habet,
1778 2495 1898 2543 illud
1911 2495 2018 2542 vitae
2030 2495 2199 2542 futurae
2210 2495 2395 2543 bonum

244 2573 388 2622 nobis
413 2592 659 2623 summum
682 2577 1020 2625 aestimandum
1041 2589 1136 2639 est,
1163 2587 1283 2643 puto
1308 2577 1434 2624 viam
1463 2593 1558 2641 qua
1582 2576 1696 2623 illuc
1721 2576 2015 2641 pervenitur,
2045 2576 2242 2623 virtutes
2267 2592 2390 2634 esse,

243 2653 417 2718 quibus
428 2655 510 2703 hic
523 2656 838 2705 adornamur.
857 2661 927 2706 De
939 2658 1117 2723 quibus
1134 2657 1448 2723 postmodum
1463 2657 1738 2721 diligentius
1757 2655 1897 2703 nobis
1913 2655 2261 2702 conferendum
2284 2658 2390 2703 erit.

308 2736 584 2784 Cnms‘mffl.
618 2740 741 2785 Ecce
761 2737 823 2785 ad
852 2738 950 2785 hoc
970 2738 1231 2803 disputatio
1254 2748 1417 2785 nostra
1447 2737 1680 2802 perducta
1708 2746 1805 2795 est,
1838 2745 1890 2782 ut
1920 2752 2164 2782 summum
2184 2735 2395 2784 hominis

238 2814 455 2875 bonum,
484 2816 582 2864 sive
608 2818 768 2883 ipsum
786 2853 799 2878 ,
831 2829 883 2865 ut
905 2819 1089 2866 dictum
1111 2828 1206 2880 est,
1242 2816 1389 2865 finem
1419 2817 1538 2864 boni
1554 2853 1566 2877 ,
1595 2817 1761 2864 futurae
1784 2816 1890 2863 vitae
1914 2815 2264 2863 beatitudinem
2282 2854 2294 2878 ,
2327 2828 2391 2875 et,

241 2911 337 2959 qua
367 2896 480 2943 illuc
511 2898 808 2962 pervenitur,
838 2899 964 2945 viam
992 2900 1191 2947 virtutes
1219 2915 1477 2964 ponamus.
1516 2897 1611 2945 Sed
1645 2897 1777 2963 prius
1810 2895 1871 2944 de
1906 2896 2002 2944 hoc
2036 2897 2392 2945 summobono

241 2984 473 3036 nostram,
512 2976 561 3024 id
598 2988 668 3025 est
699 2977 1037 3041 christianam,
1074 2995 1187 3027 cum
1218 2979 1388 3026 vestris
1423 2976 1644 3025 conferre
1683 2976 1797 3024 volo
1833 2976 2162 3043 disciplinam,
2196 2986 2249 3025 ut
2281 2995 2388 3043 quae

241 3054 384 3119 hujus
407 3055 527 3104 boni
554 3058 827 3106 doctrinam
850 3059 924 3107 vel
951 3059 1336 3107 exhortationem
1362 3057 1513 3106 habet
1542 3057 1834 3119 uberiorem,
1869 3067 2113 3123 tamquam
2138 3058 2392 3123 perfectius

241 3134 476 3184 habeatur
507 3147 554 3185 et
593 3138 636 3185 ei
671 3139 877 3204 amplius
915 3139 1312 3205 obtemperetur3
1354 3139 1416 3187 de
1451 3139 1595 3186 veteri
1633 3148 1794 3186 autem
1839 3137 1943 3202 lege
1978 3152 2074 3202 qua
2109 3138 2257 3186 Judaei
2289 3140 2389 3203 glo-

242 3217 445 3279 riantur,
475 3228 521 3266 te
546 3219 728 3284 optime
754 3219 997 3268 arbitraris
1020 3231 1329 3282 monstrasse,
1354 3219 1540 3267 nullum
1565 3219 1630 3266 ibi
1654 3219 1903 3285 praemium
1923 3219 2066 3283 hujus
2085 3218 2390 3267 beatitudinis

242 3301 532 3363 promissum
557 3289 725 3364 fuisse,
743 3320 834 3351 nec
858 3304 971 3352 inde
991 3304 1202 3369 aliquam
1226 3303 1294 3351 ibi
1315 3303 1703 3351 exhortationem
1722 3302 1986 3351 adhibitam
2005 3319 2124 3350 esse.
2154 3303 2390 3349 Dominus
