2638 3866
376 241 393 285 1
408 235 470 286 76
1176 231 1342 280 PETRI
1377 230 1695 281 ABAELARDI

372 358 506 401 num,
531 359 552 384 υ
577 354 719 404 quem
743 346 1089 401 cognoverant,
1118 356 1138 381 «
1157 334 1334 383 habere
1361 335 1410 382 in
1428 334 1615 393 notitia,
1641 353 1663 379 »
1691 333 1786 382 hoc
1805 343 1876 382 est
1897 334 2102 382 retinere
2124 333 2174 380 in
2205 331 2436 381 memoria
2458 330 2502 377 ei
2552 321 2561 334 ⁰

371 419 673 479 cohaerendo,
705 417 940 466 «tradidit
967 417 1073 464 illos
1104 417 1152 463 in
1178 414 1441 480 reprobum
1465 431 1675 476 sensum,
1696 433 1721 458 n
1747 414 1844 462 hoc
1862 424 1949 472 est,
1976 415 2042 463 ita
2064 415 2254 480 penitus
2276 411 2501 461 excaecari

370 501 602 566 permisit,
623 510 672 546 ut
687 499 887 547 omnino
902 498 1219 557 consentiant,
1241 515 1262 539 c<
1278 505 1331 542 ut
1348 495 1539 553 faciant,
1559 513 1580 540 ι
1605 494 1656 542 id
1672 504 1742 543 est
1762 511 1910 561 opere
1924 495 2155 561 impleant
2171 515 2194 539 «
2209 511 2264 542 ea
2278 509 2384 559 quae
2398 508 2499 540 non

369 581 679 641 conveniunt,
702 599 723 623 »
751 595 850 626 non
871 579 1028 626 solum
1046 594 1149 640 quae
1165 576 1291 622 mala
1313 585 1424 622 sunt
1447 575 1577 640 apud
1593 578 1769 635 Deum,
1788 575 1872 624 sed
1896 593 2001 642 quae
2017 575 2138 623 nulli
2158 575 2413 622 hominum
2430 571 2502 620 di-

369 662 576 726 sciplinae
593 659 908 719 concordant,
935 667 1018 705 aut
1042 657 1201 720 aliqua
1223 656 1410 703 ratione
1433 657 1647 703 excusari
1662 657 1804 704 etiam
1821 657 1953 723 apud
1969 658 2144 722 impios
2164 656 2370 704 valeant.
2389 653 2500 700 Illos

368 741 476 788 dico
504 760 528 786 «
548 740 755 806 repletos
775 740 907 787 omni
931 736 1253 795 immunditia,
1273 754 1295 779 n
1308 735 1403 783 hoc
1423 746 1511 797 est,
1532 754 1634 784 non
1659 737 1885 785 omnibus
1904 738 2044 786 simul
2063 747 2250 785 tantum
2272 734 2496 802 peccatis,

367 821 451 868 sed
470 821 665 886 singulis
687 821 921 885 repletos;
945 819 1007 865 ita
1031 816 1208 864 scilicet
1235 826 1285 863 ut
1302 833 1605 883 unaquaeque
1625 818 1850 883 iniquitas
1872 818 1921 864 in
1946 818 2012 866 eis
2035 819 2178 883 plena
2212 825 2260 864 et
2290 815 2498 881 perfecta

367 903 647 966 reperiatur.
690 900 826 947 Unde
864 899 1020 946 statim
1054 896 1384 944 enumerando
1420 897 1683 946 subdividit
1707 898 1970 964 iniquitatis
2006 909 2181 963 partes,
2207 895 2382 962 quibus
2416 910 2499 942 eos

363 981 534 1047 repleri
554 981 779 1029 ostendit.

430 1063 662 1109 «Malitia.
683 1081 704 1106 »
733 1065 822 1108 Per
839 1076 984 1126 quam
1005 1058 1199 1107 student
1221 1059 1323 1108 aliis
1348 1060 1579 1108 damnum
1606 1061 1797 1110 inferre.
1840 1082 1862 1106 «
1895 1061 2185 1110 Fornicatio.
2219 1079 2242 1106 »
2277 1050 2394 1119 Quae
2428 1068 2499 1106 est

363 1143 519 1190 omnis
537 1143 724 1190 illicitus
743 1141 1044 1201 concubitus,
1069 1151 1199 1188 extra
1223 1158 1422 1189 uxorem
1444 1142 1680 1191 videlicet.
1721 1163 1745 1189 «
1774 1143 1996 1201 Avaritia,
2027 1162 2050 1188 »
2086 1142 2233 1190 idest
2260 1138 2496 1188 immode-

364 1233 467 1270 rato
487 1233 782 1270 terrenorum
803 1222 1057 1269 desiderio.
1082 1240 1107 1268 «
1125 1223 1363 1286 Nequitia.
1382 1242 1405 1268 »
1432 1226 1540 1282 Qua
1559 1234 1606 1272 et
1621 1224 1739 1272 alios
1752 1240 2061 1290 corrumpere
2078 1222 2304 1288 gaudent,
2321 1219 2496 1286 quibus

365 1319 462 1350 non
487 1303 658 1351 sufficit
683 1314 733 1350 ut
759 1303 847 1351 soli
872 1304 1156 1351 moriantur.
1185 1324 1207 1348 «
1227 1303 1429 1352 Invidia.
1453 1323 1475 1349 η
1503 1307 1573 1352 De
1606 1304 1749 1353 bonis
1780 1305 1972 1355 alterius
2003 1303 2235 1353 dolendo.
2274 1322 2298 1348 «
2330 1301 2496 1349 Homi-

360 1384 508 1431 cidiis.
530 1403 552 1429 »
579 1388 694 1432 Tam
715 1401 859 1450 opere
883 1384 922 1432 si
944 1393 1162 1450 possunt,
1189 1401 1336 1450 quam
1360 1385 1624 1434 voluntate.
1657 1406 1680 1432 «
1697 1387 2033 1435 Contentione.
2058 1405 2080 1429 »
2106 1387 2280 1451 Aperte
2309 1382 2497 1431 veritati

358 1465 749 1513 contradicendo.
778 1485 800 1510 «
821 1466 965 1524 Dolo,
982 1486 1004 1508 »
1028 1464 1077 1512 id
1095 1475 1165 1513 est
1187 1466 1510 1527 simulatione,
1538 1467 1736 1532 quando
1760 1468 1940 1515 scilicet
1959 1466 2146 1515 occulte
2167 1464 2297 1514 aliud
2320 1464 2492 1528 agitur,

355 1555 400 1592 et
423 1545 551 1593 aliud
575 1546 841 1594 simulatur.
871 1546 1218 1609 «Malignitate.
1235 1565 1259 1591 »
1281 1549 1331 1593 ln
1350 1547 1499 1612 ipsos,
1519 1558 1565 1595 et
1585 1547 1919 1597 benefactores
1937 1564 2067 1596 suos.
2091 1567 2115 1591 <c
2137 1548 2448 1606 Susurrones,
2470 1563 2492 1589 υ

351 1626 399 1672 id
416 1636 484 1673 est
496 1626 711 1683 latenter,
731 1644 844 1674 cum
859 1637 1020 1692 aperte
1038 1642 1138 1673 non
1153 1626 1330 1688 valent,
1355 1627 1676 1689 detrahentes,
1699 1638 1870 1677 etcum
1889 1629 2221 1676 audentetiam
2239 1628 2286 1674 in
2305 1635 2490 1692 aperto.

355 1728 375 1750 <c
394 1709 710 1755 Detractores.
733 1729 755 1751 ι)
783 1711 840 1754 Et
860 1724 945 1773 per
965 1707 1061 1754 hoc
1084 1723 1182 1754 non
1202 1708 1358 1755 solum
1383 1708 1663 1756 hominibus
1689 1709 1865 1774 quibus
1903 1709 2180 1767 detrahunt,
2218 1707 2292 1756 vel
2319 1721 2495 1754 nocere

349 1788 534 1846 volunt,
558 1806 726 1836 verum
747 1789 891 1836 etiam
919 1808 942 1832 «
960 1791 1064 1836 Deo
1088 1788 1309 1850 odibiles,
1333 1789 1729 1850 contumeliosos,
1751 1808 1774 1833 »
1798 1789 2051 1837 inferendo
2077 1789 2309 1837 conviria.
2347 1807 2370 1832 «
2396 1788 2497 1834 Su·-

353 1868 542 1932 perbos.
564 1888 586 1913 »
617 1869 901 1935 Appetendo
921 1885 1022 1916 esse
1039 1885 1184 1934 super
1206 1869 1432 1934 aequales.
1468 1890 1490 1913 «
1509 1870 1686 1917 Elatos.
1707 1889 1730 1913 »
1759 1870 2041 1935 Appetendo
2069 1869 2247 1934 aequari
2276 1867 2495 1934 superio-

348 1949 496 1996 ribus.
530 1968 553 1995 t(
575 1953 851 1997 Inventores
874 1950 1133 2011 malorum,
1162 1970 1185 1995 »
1214 1950 1263 1997 id
1280 1960 1348 1998 est
1373 1950 1637 2015 cogitantes
1652 1966 1835 1997 novum
1854 1951 2051 2016 aliquod
2075 1948 2309 2016 peccandi
2345 1964 2495 2012 genus

346 2029 394 2075 in
418 2047 516 2094 quo
543 2031 911 2078 delectarentur.
957 2050 980 2076 «
1013 2030 1297 2078 Parentibus
1322 2048 1422 2078 non
1449 2030 1747 2079 obedientes}
1788 2051 1811 2075 »
1861 2034 1920 2078 Et
1948 2033 1998 2079 in
2028 2031 2125 2079 hoc
2148 2029 2421 2089 inhumani,
2448 2037 2494 2075 et

347 2109 455 2157 feris
475 2112 588 2177 ipsis
609 2112 959 2160 indomitiores.
992 2133 1014 2156 «
1034 2113 1336 2178 [nsipienteS.
1365 2132 1385 2156 υ
1411 2116 1514 2160 Jam
1541 2129 1597 2160 ex
1625 2111 1976 2160 consuetudine
2007 2113 2119 2160 mali
2152 2110 2493 2160 discretionem

345 2189 462 2238 boni
495 2210 593 2239 non
629 2192 882 2242 habentes.
925 2214 947 2238 «
979 2194 1353 2259 Incompositos,
1391 2215 1414 2238 >³
1445 2203 1681 2259 quantum
1718 2191 1778 2240 acl
1811 2192 2372 2252 exteriorem-habitum,
2409 2190 2492 2256 qui

347 2271 468 2318 male
494 2273 724 2321 ordinatae
749 2274 924 2321 mentis
947 2275 1162 2322 nuntius.
1195 2275 1348 2322 «Sine
1365 2274 1638 2334 affectione,
1663 2293 1686 2319 »
1712 2275 1890 2323 scilicet
1925 2273 2153 2322 naturalis
2186 2270 2494 2337 benignitatis

348 2351 396 2397 in
432 2354 678 2416 proximos
714 2356 787 2402 sui
827 2355 1031 2419 generis.
1075 2374 1097 2399 «
1124 2355 1237 2402 Sine
1271 2354 1618 2413 misericordia,
1646 2374 1668 2400 υ
1703 2355 1752 2403 id
1775 2365 1844 2402 est
1867 2356 2202 2421 compassione
2227 2354 2491 2401 alienarum

350 2432 662 2481 miseriarum.
693 2455 716 2479 «
734 2435 847 2483 Sine
866 2434 1063 2494 foedere,
1086 2453 1107 2478 »
1137 2434 1185 2481 id
1209 2444 1279 2482 est
1304 2445 1474 2483 mutuo
1500 2436 1707 2483 caritatis
1740 2435 1937 2482 vinculo
1969 2436 2018 2482 in
2055 2435 2260 2499 aliquos,
2292 2423 2376 2479 ‘vel
2410 2430 2493 2479 ali-

347 2513 483 2576 cujus
505 2517 630 2579 pacti
656 2515 1014 2563 observatione.
1049 2516 1140 2574 Qui
1172 2515 1316 2563 etiam
1350 2515 1402 2562 in
1433 2525 1614 2563 tantam
1646 2515 1861 2564 devoluti
1888 2525 2001 2563 sunt
2033 2515 2416 2571 excaecationem,
2438 2521 2492 2559 ut

350 2610 446 2640 non
471 2612 555 2660 per
578 2597 910 2661 poenitentiam
934 2595 1092 2644 redire
1111 2596 1281 2657 sciant,
1309 2612 1409 2643 non
1423 2596 1523 2660 jam
1546 2596 1880 2661 intelligenteS,
1902 2595 1949 2644 id
1968 2605 2039 2644 est
2067 2612 2168 2643 non
2191 2592 2491 2643 attendentes

350 2673 422 2720 vel
449 2687 688 2724 curantes.
724 2697 746 2723 α
774 2677 1017 2736 Quoniam
1044 2678 1127 2742 qui
1163 2676 1272 2726 talia
1295 2677 1450 2741 [agunt
1486 2677 1619 2741 digni
1653 2687 1767 2725 sunt
1794 2687 1966 2738 morte,
1985 2697 2009 2721 ³>
2049 2662 2273 2724 videlicet
2294 2683 2486 2734 aeterna,

350 2768 459 2800 cum
484 2755 532 2801 id
560 2766 717 2820 agant,
742 2758 961 2821 quamvis
987 2758 1220 2821 justitiam
1237 2758 1326 2805 Dei
1349 2758 1572 2823 primitus
1596 2759 1951 2823 cognovissent,
1972 2757 2023 2806 id
2046 2767 2133 2818 est,
2160 2756 2262 2821 ejus
2278 2754 2489 2803 debitam

351 2833 608 2882 vindictam
632 2837 691 2884 de
715 2838 911 2902 singulis
933 2839 1159 2903 peccatis.
1200 2858 1223 2883 «
1247 2838 1342 2886 Sed
1374 2848 1421 2886 et
1452 2839 1536 2903 qui
1567 2839 1894 2887 consentiunt.
1915 2859 1938 2883 »
1961 2838 2244 2886 Consentire
2267 2836 2348 2884 hic
2374 2835 2491 2883 dicit

351 2928 448 2958 non
488 2916 703 2964 resistere
733 2918 942 2982 aliquem
972 2929 1172 2983 peccato
1199 2918 1417 2977 alterius,
1453 2936 1565 2966 cum
1593 2920 1744 2985 possit
1766 2929 1813 2967 et
1841 2919 2030 2968 debeat.
2060 2918 2320 2966 Multorum
2358 2915 2488 2962 enim

352 2990 548 3039 fortasse
569 2997 696 3042 Deus
717 2998 930 3045 resistere
948 3000 1155 3064 peccatis
1178 3008 1357 3065 posset,
1374 2998 1693 3047 disturbando
1708 3001 1904 3061 scilicet,
1930 3016 1993 3047 ne
2016 2998 2201 3056 fierent,
2225 3013 2315 3044 nec
2330 3005 2494 3042 tamen.

350 3069 509 3129 debet,
543 3073 695 3138 culpis
731 3078 904 3124 nostris
930 3079 1244 3143 exigentibus,
1285 3079 1360 3126 vel
1390 3079 1505 3144 ipsis
1542 3081 1750 3146 peccatis
1780 3081 1829 3127 in
1861 3079 2031 3127 melius
2051 3076 2259 3125 utendo:
2282 3075 2490 3139 ideoque

352 3153 624 3200 consentire
647 3156 852 3218 peccatis
869 3157 1002 3204 nullo
1027 3159 1177 3206 modo
1202 3159 1435 3207 dicendus
1460 3168 1546 3206 est.
1578 3159 1858 3207 Notandum
1887 3175 2002 3206 vero
2034 3174 2134 3205 non
2171 3156 2232 3204 de
2264 3154 2490 3203 omnibus

350 3230 651 3297 philosophis
681 3234 755 3280 vel
779 3237 981 3283 naturali
1009 3237 1112 3303 lege
1143 3239 1388 3286 utentibus
1414 3238 1541 3285 hanc
1565 3240 1932 3287 excaecationem
1956 3239 2031 3286 vel
2067 3237 2294 3285 malitiam
2323 3234 2490 3302 praedi-

348 3318 473 3358 ctam
491 3328 592 3360 esse
616 3313 991 3376 intelligendam,
1016 3335 1125 3365 cum
1146 3319 1361 3384 plerique
1378 3318 1571 3366 illorum
1591 3329 1687 3366 tam
1713 3319 1808 3366 fide
1829 3335 1975 3383 quam
2002 3317 2217 3365 moribus
2234 3320 2336 3364 Deo
2359 3331 2489 3362 acce·
