2638 3866
1173 247 1484 297 DlALOGUS.
2305 253 2400 300 657

249 342 614 393 similitudinem
631 343 804 393 divinae
820 345 948 394 circa
966 362 1057 394 nos
1075 346 1271 396 culturae
1289 347 1583 413 diligentiam
1603 350 1891 415 praeputium
1907 349 2063 414 signat
2079 361 2397 418 amputatum,

248 441 307 473 ex
326 441 426 490 quo
451 441 542 473 nos
563 427 693 474 Deus
712 425 931 475 excolere
953 427 1139 492 incipit.
1166 428 1313 486 Quod
1331 429 1369 476 si
1392 429 1536 478 etiam
1558 429 1782 480 humanae
1803 430 1953 497 culpae
1974 432 2023 479 in
2048 432 2215 498 primis
2234 449 2402 499 paren·

251 504 378 553 tibus
412 505 612 555 exordia
634 505 869 566 revolvaS‚
896 516 944 554 et
966 506 1260 556 dominicam
1283 509 1332 558 in
1357 509 1610 558 mulierem
1643 512 1928 559 sententiam
1953 529 2107 578 poenae
2132 513 2369 579 prolatam
2385 553 2396 575 ‚

250 602 364 634 cum
387 586 432 634 ei
457 586 678 635 videlicet
706 586 907 636 dicitur¹
934 605 945 634 ε
979 606 1002 633 α
1020 591 1073 635 In
1094 587 1264 637 dolore
1286 591 1443 655 paries
1464 591 1605 653 filios,
1637 611 1660 636 »
1686 591 1871 639 videbis
1894 609 2090 659 quoque
2114 594 2271 642 virum
2294 611 2403 660 par·

250 666 443 732 ticipem
468 668 652 733 peccati
674 668 724 715 in
749 667 942 732 genitali
966 668 1205 734 praecipue
1221 670 1443 718 membro
1468 682 1595 720 recte
1630 671 1734 720 fieri
1760 690 1913 739 poenae
1938 685 2216 723 consortem
2232 712 2244 735 ‚
2272 685 2324 723 ut
2347 677 2395 723 in

247 747 331 794 illo
355 747 578 797 videlicet
597 748 821 798 membro
846 758 974 798 recte
995 750 1219 815 patiatur,
1243 767 1329 816 per
1348 752 1483 816 quod
1502 753 1610 801 vitae
1628 754 1874 819 praesentis
1896 754 2038 802 exilio
2059 754 2184 804 filios
2208 767 2403 821 generat

250 828 538 891 morituros,
575 829 636 877 de
661 829 885 896 paradiso
915 846 966 878 se
997 840 1046 878 et
1079 847 1169 878 nos
1202 833 1379 896 pariter
1410 835 1607 899 propria
1636 834 2014 899 transgressione
2047 836 2096 883 in
2131 836 2275 901 hujus
2298 839 2404 885 vitae

247 906 478 972 dejiciens
500 925 754 958 aerumnas.
778 912 900 958 Nam
920 920 968 958 et
990 910 1163 959 mulier
1186 913 1238 959 in
1260 923 1398 978 partu
1417 913 1643 962 laborans
1665 925 1794 962 reete
1818 931 1873 962 ex
1896 914 1978 962 illo
2002 932 2101 980 quo
2125 918 2334 982 concipit
2354 928 2402 965 et

248 999 443 1052 generat
477 990 701 1039 membro
733 992 928 1057 patitur,
966 1001 1013 1039 et
1044 1002 1244 1059 propter
1278 993 1433 1058 ipsam
1464 995 1866 1061 concupiscentiae
1898 995 2215 1062 voluptatem,
2254 1015 2400 1062 quam

247 1068 393 1118 habet
418 1071 468 1118 in
494 1081 752 1137 conceptu,
775 1072 1004 1138 plectitur
1031 1074 1079 1121 in
1104 1084 1264 1139 partu,
1293 1084 1339 1122 et
1367 1092 1562 1140 poenam
1597 1077 1795 1142 insuper
1816 1076 1956 1123 solvit
1980 1093 2127 1142 quam
2151 1079 2400 1144 peccando

247 1149 523 1216 adquisivit.
571 1155 690 1211 Quae
729 1154 962 1217 quoniam
1004 1155 1139 1219 prior
1173 1156 1390 1220 peccavit
1421 1166 1470 1204 et
1506 1157 1663 1203 virum
1702 1156 2015 1223 postmodum
2051 1157 2113 1206 ad
2150 1170 2401 1224 peccatum

248 1233 406 1294 traxit,
424 1250 526 1282 non
548 1234 816 1299 incongrue
840 1236 889 1283 in
915 1235 1007 1284 hac
1031 1237 1176 1285 etiam
1199 1254 1343 1303 poena
1359 1238 1462 1303 ipsa
1484 1239 1737 1304 praecessit.
1757 1242 1853 1287 Nec
1873 1249 2032 1287 tamen
2049 1243 2180 1288 Deus
2200 1242 2401 1288 omnino

249 1313 405 1362 virum
439 1315 598 1380 ipsum
632 1317 805 1381 punire
841 1316 1048 1377 distulit,
1088 1319 1166 1366 cui
1202 1319 1361 1366 statim
1396 1320 1445 1366 in
1475 1336 1619 1385 poena
1643 1321 1956 1368 constitutum
1991 1332 2063 1369 est
2092 1331 2139 1369 et
2161 1321 2343 1370 dictum
2374 1339 2402 1370 a

247 1396 481 1443 Domino'
509 1413 520 1442 :
551 1397 848 1446 «Maledicta
885 1408 1008 1446 terra
1041 1399 1091 1446 in
1125 1416 1272 1465 opere
1307 1409 1392 1447 tuo
1421 1419 1432 1448 ε
1465 1401 1514 1448 in
1539 1401 1787 1449 laboribus
1823 1402 2050 1450 comedes
2075 1419 2183 1450 eam
2217 1404 2401 1451 cunctis

246 1474 419 1523 diebus
451 1476 558 1524 vitae
595 1487 704 1526 tuae.
739 1479 910 1544 Spinas
941 1488 988 1526 et
1019 1479 1223 1527 tribulos
1255 1481 1541 1545 germinabit
1575 1481 1689 1544 tibi,
1715 1502 1738 1527 »
1765 1492 1857 1531 etc.
1898 1486 1956 1530 At
1986 1482 2070 1531 ubi
2105 1485 2401 1550 opulentiam

246 1558 493 1621 promissae
520 1568 656 1607 terrae
685 1559 847 1625 adepti
877 1577 1044 1609 sumus
1067 1578 1168 1609 non
1193 1562 1294 1626 jam
1324 1563 1485 1627 spinas
1512 1573 1560 1611 et
1583 1563 1786 1611 tribulos
1816 1564 2150 1629 germinantis,
2176 1565 2313 1630 quod
2341 1565 2402 1613 de

246 1653 391 1701 poena
423 1637 491 1686 ibi
524 1649 595 1687 est
622 1640 919 1688 diminutum
937 1679 950 1703 ,
977 1642 1027 1689 in
1057 1642 1424 1691 circumcisione
1446 1661 1547 1691 non
1574 1645 1842 1708 incongrue
1866 1655 1938 1692 est
1960 1656 2397 1711 recompensatum.

246 1719 365 1775 Quae
393 1729 555 1767 tamen
588 1731 698 1786 post
729 1722 877 1787 ipsius
905 1732 1041 1769 terrae
1069 1723 1440 1789 promissionem
1457 1762 1469 1786 ,
1501 1734 1762 1789 antequam
1793 1726 1895 1791 ipsa
1919 1725 2238 1786 obtineretur,
2265 1743 2292 1774 a
2320 1743 2402 1792 pa·

247 1798 465 1847 triarchis
499 1801 658 1848 statim
695 1812 766 1850 est
797 1802 1048 1864 inchoata,
1076 1813 1129 1850 ut
1157 1803 1422 1852 firmiorem
1453 1805 1516 1852 ad
1544 1814 1764 1870 posteros
1793 1807 2132 1854 auctoritatem
2162 1808 2402 1854 transmit-

245 1889 382 1927 teret.
406 1883 518 1928 Haec
537 1881 599 1929 de
618 1883 986 1931 circumcisione
1006 1884 1055 1931 in
1078 1885 1438 1950 praesentiarum
1460 1887 1573 1934 satis
1592 1886 1817 1935 arbitror.
1841 1888 1936 1946 Qui
1958 1904 2074 1935 vero
2093 1904 2151 1934 ex
2171 1888 2403 1953 scriptura

246 1961 540 2010 convincere
571 1963 765 2023 niteris,
804 1981 912 2011 eam
942 1964 1017 2012 his
1050 1974 1241 2012 tantum
1273 1982 1379 2014 esse
1415 1967 1680 2031 injunctam
1715 1969 1799 2032 qui
1842 1985 1901 2015 ex
1935 1968 2118 2015 semine
2160 1968 2403 2016 ducuntur

247 2040 471 2100 Abrahae3
500 2060 601 2090 non
626 2045 989 2103 animadvertis,
1021 2046 1156 2110 quod
1178 2046 1360 2094 ibidem
1382 2048 1616 2113 scriptum
1648 2058 1741 2108 est,
1771 2048 1832 2096 de
1855 2048 1929 2095 his
1953 2049 2097 2096 etiam
2119 2049 2203 2113 qui
2227 2049 2289 2096 de
2312 2049 2403 2096 hac

245 2122 393 2187 stirpe
415 2139 516 2170 non
541 2135 670 2172 sunt.
698 2127 823 2172 Cum
847 2127 978 2173 enim
1002 2128 1242 2174 Dominus
1265 2129 1567 2193 praemisisset
1592 2147 1602 2176 :
1635 2148 1658 2173 «
1680 2129 1839 2177 Infans
1862 2129 2168 2177 octodierurn
2192 2130 2400 2176 circum-

246 2202 435 2251 cidetur
463 2204 513 2251 in
542 2204 700 2265 vobis,
730 2222 876 2253 omne
910 2206 1231 2255 masculinum
1262 2209 1309 2255 in
1344 2208 1734 2272 generationibus
1757 2210 1925 2256 vestris
1954 2225 1966 2257 ε
1993 2220 2093 2257 tam
2115 2209 2402 2257 vernaculus

245 2298 392 2346 quam
418 2285 662 2350 emptitius
689 2286 1086 2348 circumcidetur3
1115 2309 1138 2333 >2
1164 2289 1325 2336 statim
1351 2289 1524 2354 adjecit
1550 2307 1560 2335 ε
1599 2309 1622 2335 «
1648 2293 1705 2337 Et
1733 2290 2012 2355 quicunque
2040 2307 2142 2338 non
2174 2290 2314 2338 fuerit
2341 2290 2402 2338 de

245 2362 395 2428 stirpe
414 2374 586 2413 vestra.
609 2386 632 2409 2>
660 2367 807 2425 Quod
829 2367 990 2432 itaque
1014 2371 1145 2416 Isaac
1161 2370 1322 2417 solum
1347 2380 1395 2417 et
1416 2386 1582 2417 semen
1606 2371 1709 2434 ejus
1734 2369 1797 2417 ad
1821 2370 2239 2419 circumcisionem
2261 2373 2401 2436 perti-

245 2459 361 2491 nere
379 2446 566 2504 astruis,
593 2446 704 2494 vide
729 2457 961 2512 quantam
983 2448 1161 2497 habeat
1183 2450 1551 2509 dissonantiam,
1571 2460 1619 2498 et
1640 2467 1696 2498 ex
1714 2451 1818 2516 ipso
1837 2467 2033 2516 quoque
2053 2451 2253 2499 Abrahae
2278 2452 2400 2499 facto

243 2532 290 2571 te
308 2526 514 2590 corrige.
538 2529 644 2592 Ipse
667 2545 864 2593 quoque
880 2546 936 2576 ex
954 2528 1202 2578 dominico
1225 2540 1465 2597 praecepto
1488 2531 1735 2579 Ismaelem
1761 2548 1957 2596 quoque
1983 2549 2144 2580 secum
2169 2542 2217 2579 et
2232 2548 2400 2579 omnes

243 2604 374 2652 viros
397 2605 573 2655 domus
597 2625 696 2655 suae
717 2618 817 2656 tam
841 2609 1126 2658 vernaculos
1158 2627 1307 2675 quam
1332 2612 1576 2676 emptitios
1599 2622 1646 2659 et
1671 2612 1959 2676 alienigenas
1983 2612 2161 2677 pariter
2195 2613 2400 2659 circum-

242 2683 414 2732 cidisse
447 2698 771 2749 memoratur3
802 2690 1036 2750 «statim,
1063 2709 1086 2735 »
1115 2691 1182 2738 ait
1214 2692 1477 2757 Scriptura,
1515 2693 1565 2739 in
1598 2693 1703 2758 ipso
1737 2692 1841 2752 die,
1879 2693 2003 2739 sicut
2033 2703 2322 2758 praeceperat
2357 2694 2400 2740 ei

245 2766 508 2828 Dominus,
534 2778 795 2833 antequam
819 2770 981 2818 adhuc
1010 2774 1140 2819 Isaac
1164 2781 1306 2819 natus
1332 2772 1517 2832 suisset;
1548 2782 1600 2819 ut
1620 2788 1648 2820 a
1666 2772 1804 2820 vobis
1826 2790 1933 2820 eam
1955 2774 2195 2839 accepisse
2215 2773 2396 2833 sciatis,

244 2855 293 2893 et
322 2855 459 2894 tanto
484 2846 625 2895 vobis
654 2865 763 2897 eam
794 2851 931 2914 quasi
962 2853 1113 2916 magis
1141 2853 1413 2900 naturalem
1436 2852 1703 2900 vindicetis.
1732 2856 1869 2901 Nunc
1903 2871 2017 2919 ergo
2049 2855 2088 2901 si
2111 2854 2271 2919 placet
2298 2854 2400 2919 ipsa

245 2926 391 2975 etiam
415 2927 660 2994 scripturae
680 2930 829 2978 verba
850 2948 1114 2996 ponamus,
1138 2949 1245 2998 quae
1268 2943 1381 2980 sunt
1401 2933 1545 2997 hujus
1568 2933 1749 2981 modi³z
1781 2953 1804 2979 «
1824 2934 1948 2983 Tulit
1969 2944 2133 2983 autem
2158 2933 2400 2982 Abraham

246 3008 496 3056 Ismaelem
520 3009 676 3057 filium
699 3028 842 3059 suum
861 3023 910 3061 et
935 3030 1106 3061 omnes
1131 3014 1414 3062 vernaculos
1444 3014 1621 3063 domus
1645 3032 1764 3076 suae,
1791 3026 1838 3063 et
1867 3015 2170 3064 circumcidit
2202 3031 2399 3064 carnem

243 3090 467 3155 praeputii
499 3107 688 3153 eorum,
727 3093 888 3139 statim
923 3093 972 3140 in
1009 3093 1112 3159 ipso
1148 3094 1248 3158 die,
1287 3095 1409 3143 sicut
1440 3107 1733 3162 praeceperat
1755 3097 1799 3144 ei
1833 3097 2090 3145 Dominus.
2131 3100 2190 3144 Et
2225 3097 2399 3144 iterum

243 3169 412 3218 eadem
444 3171 523 3219 die
547 3171 856 3221 circumcisus
888 3183 958 3223 est
976 3174 1217 3223 Abraham
1251 3186 1301 3224 et
1331 3177 1501 3225 Ismael
1530 3176 1655 3225 filius
1685 3177 1804 3242 ejus,
1839 3188 1887 3226 et
1915 3195 2086 3227 omnes
2107 3178 2197 3227 viri
2220 3177 2395 3225 domus

287 3353 294 3371 ¹
313 3352 442 3396 cenes„
464 3364 536 3397 cap.
553 3365 601 3397 ni,
621 3366 650 3389 v.
670 3358 720 3391 16.
739 3376 775 3381 -
793 3359 803 3377 ²
818 3358 924 3399 Ibid.‚
945 3368 974 3391 v.
997 3360 1045 3393 17.
1066 3378 1103 3384 -
1120 3360 1272 3403 menes,
1300 3370 1373 3403 cap.
1391 3370 1472 3403 xvn,
1496 3371 1526 3394 v.
1545 3364 1597 3395 23.

408 3427 439 3452 11
2182 3422 2231 3458 83
