2638 3866
835 274 1234 324 1NTRODUGT10
1271 275 1351 324 AD
1384 274 1788 324 THEOLOGIAM.
2318 276 2379 323 35

238 378 534 428 hensibiliter
548 414 562 440 ,
589 374 972 426 inenarrabiliter
994 385 1105 423 ante
1128 392 1276 423 omne
1299 385 1490 441 tempus
1515 384 1563 422 et
1585 374 1743 423 secula
1759 412 1770 434 ,
1793 375 2091 439 unigenitum
2107 389 2162 421 ex
2178 373 2253 421 his
2277 390 2380 438 quae

240 460 447 525 ingenita
472 460 523 507 in
545 475 598 507 se
622 467 759 507 erant
790 456 1085 523 procreavit,
1115 471 1262 504 omne
1289 456 1426 522 quod
1451 458 1580 503 Deus
1603 465 1672 503 est
1698 472 1784 520 per
1808 455 2087 504 charitatem
2116 463 2260 520 atque
2281 454 2377 501 vir·

239 549 390 588 tutem
422 539 656 587 nativitati
687 539 790 604 ejus
820 536 1124 602 impertiens3
1162 553 1218 584 ac
1247 537 1315 584 sic
1343 536 1608 600 ingenito¹,
1645 535 1881 600 perfecto,
1919 546 2195 600 aeternoque
2229 534 2378 601 patri,

240 621 537 686 unigenitus,
565 630 612 669 et
632 619 894 686 perfectus,
923 627 970 665 et
1001 626 1207 665 aeternus
1235 627 1307 665 est
1334 617 1477 665 filius.
1506 619 1572 664 Ea
1595 626 1754 664 autem
1779 634 1885 681 quae
1908 618 1950 665 ei
1975 626 2084 665 sunt
2114 615 2379 664 secundum

237 719 414 767 corpus
438 700 571 767 quod
595 700 876 766 assumpsit,
903 698 1129 746 bonitatis
1154 698 1257 762 ejus
1280 698 1340 746 ad
1364 698 1565 746 salutem
1599 707 1815 745 nostram
1840 697 2063 745 voluntas
2085 707 2173 744 est.
2199 718 2221 741 1>
2250 696 2379 744 idem

239 783 286 829 in
307 785 419 830 XI’:
443 781 643 830 «Verba
665 796 772 845 quae
793 780 970 844 loquor
987 778 1144 839 vobis,
1163 796 1263 826 non
1290 795 1318 826 a
1339 795 1419 827 me
1441 779 1637 845 loquor.
1657 799 1679 822 n
1704 779 1824 826 Nam
1846 778 1964 825 dum
1988 794 2087 825 non
2111 793 2139 825 a
2161 793 2210 825 se
2231 778 2383 841 loqui-

238 871 339 921 tur,
365 862 551 910 auctori
573 878 686 909 eum
708 876 902 907 necesse
927 868 998 906 est
1015 858 1216 906 debere⁸
1239 859 1372 924 quod
1392 859 1625 924 loquitur.
1657 878 1678 903 »
1706 860 1880 906 ltem‘:
1913 879 1936 902 «
1963 858 2035 905 Ad
2063 857 2112 905 id
2132 857 2266 922 quod
2289 858 2378 921 agit

236 942 504 990 secundum
528 942 826 990 nativitatem
849 938 939 987 sibi
964 949 1100 1004 pater
1131 949 1301 987 auctor
1327 950 1414 988 est.
1442 959 1465 985 »
1490 943 1668 987 Rursus
1690 938 1818 987 idem
1838 939 1885 986 in
1908 940 2038 1000 xw,
2066 938 2126 985 de
2145 953 2243 984 non
2267 947 2383 985 nato

238 1024 340 1070 Deo
379 1026 542 1085 Patre,
565 1032 614 1070 et
644 1030 759 1069 nato
783 1019 845 1068 ab
877 1036 936 1068 eo
971 1019 1090 1067 Filio
1115 1020 1322 1085 loquens
1343 1021 1444 1068 ait:
1475 1041 1497 1064 «
1526 1023 1690 1085 Neque
1720 1020 1876 1085 ipsum
1908 1036 2007 1066 non
2041 1028 2208 1066 natum
2242 1028 2384 1082 atque

238 1103 367 1150 nasci
382 1140 394 1163 ,
421 1103 535 1167 quia
556 1101 676 1150 illud
693 1094 760 1150 ab'
779 1100 930 1148 altero
946 1138 958 1162 ,
986 1099 1082 1148 hoc
1097 1117 1213 1148 vero
1239 1117 1266 1149 a
1289 1102 1483 1148 nemine
1505 1110 1576 1148 est
1592 1137 1604 1160 ,
1629 1110 1675 1148 et
1694 1100 1826 1147 aliud
1853 1110 1924 1147 est
1942 1100 2045 1147 sine
2068 1109 2263 1146 auctore
2285 1114 2384 1146 esse

237 1198 427 1247 semper
454 1192 704 1243 aeternum,
727 1180 857 1229 aliud
874 1179 1007 1245 quod
1027 1181 1169 1246 patri,
1196 1180 1244 1228 id
1262 1191 1330 1228 est
1351 1181 1553 1241 auctori,
1577 1190 1648 1228 est
1668 1190 1976 1228 coaeternum.
2001 1178 2090 1226 Ubi
2104 1179 2231 1226 enim
2255 1187 2387 1243 pater

237 1271 406 1309 auctor
436 1272 523 1322 est,
562 1261 630 1309 ibi
655 1271 701 1309 et
732 1261 951 1309 nativitas
978 1269 1075 1320 est3
1108 1269 1156 1308 at
1174 1278 1290 1308 vero
1315 1261 1396 1308 ubi
1423 1272 1592 1309 auctor
1615 1270 1686 1308 est
1709 1271 1930 1319 aeternuS,
1970 1259 2034 1307 ibi
2060 1268 2106 1306 et
2129 1259 2385 1307 nativitatis

234 1343 471 1390 aeternitas
495 1351 564 1389 est
578 1376 590 1398 ‚
617 1342 731 1406 quia
753 1342 876 1389 sicut
899 1341 1121 1388 nativitas
1140 1341 1202 1388 ab
1228 1351 1423 1388 auctore
1443 1351 1537 1402 est,
1556 1342 1622 1388 ita
1645 1351 1692 1388 et
1711 1340 1772 1387 ab
1795 1351 1974 1388 aeterno
1998 1348 2192 1387 auctore
2213 1349 2385 1387 aeterna

237 1422 473 1469 nativitas.
495 1441 518 1466 »
532 1423 674 1469 Item⁶
697 1439 707 1468 :
730 1441 753 1467 α
772 1421 918 1480 Quod
931 1438 988 1468 ex
1001 1430 1180 1468 aeterno
1201 1431 1369 1468 natum
1384 1431 1455 1468 est
1470 1457 1482 1480 ,
1497 1421 1547 1468 id
1561 1422 1709 1468 sinon
1724 1431 1955 1468 aeternum
1973 1429 2158 1480 natum,
2171 1419 2270 1483 jam
2285 1435 2383 1466 non

236 1502 324 1548 erit
361 1512 408 1549 et
436 1512 573 1567 pater
596 1512 765 1549 auctor
788 1511 1011 1549 aeternus.
1038 1502 1084 1547 Si
1108 1501 1226 1566 quid
1249 1502 1392 1565 igitur
1413 1503 1455 1548 ei
1475 1502 1560 1566 qui
1588 1501 1651 1549 ab
1674 1511 1853 1548 aeterno
1880 1510 2016 1566 patre
2046 1509 2184 1548 natus
2207 1509 2302 1559 est,
2328 1516 2383 1547 ex

236 1582 499 1630 aeternitate
519 1581 752 1642 defuerit,
778 1581 989 1646 idipsum
1011 1582 1198 1628 auctori
1230 1581 1313 1644 qui
1338 1591 1473 1646 pater
1504 1590 1598 1640 est,
1623 1597 1723 1628 non
1752 1591 1823 1628 est
1852 1580 2132 1643 ambiguum
2161 1579 2382 1640 defuisse,

235 1662 351 1725 quia
374 1661 509 1726 quod
535 1662 747 1726 gignenti
781 1669 852 1709 est
880 1660 1150 1722 infinitum,
1186 1659 1431 1708 infinitum
1461 1670 1532 1708 est
1562 1661 1706 1708 etiam
1731 1661 1961 1708 nascenti.
1994 1680 2015 1703 η
2058 1661 2193 1707 ltem⁷
2221 1676 2232 1706 ε
2269 1679 2295 1704 α
2320 1662 2385 1706 Ex

235 1754 416 1789 aeterno
440 1741 507 1789 nil
530 1741 660 1789 aliud
684 1757 829 1806 quam
854 1752 1104 1788 aeternum.
1133 1741 1275 1800 Quod
1298 1742 1337 1788 si
1361 1758 1460 1788 non
1481 1750 1714 1788 aeternum
1730 1778 1742 1801 ,
1760 1741 1862 1805 jam
1883 1757 1983 1787 non
2009 1749 2167 1805 pater,
2200 1740 2282 1804 qui
2306 1756 2385 1803 ge-

237 1822 499 1869 nerationis
524 1831 593 1868 est
616 1831 811 1880 auctor,
832 1831 1036 1869 aeternus
1061 1831 1149 1869 est.
1175 1842 1198 1865 2>
1222 1824 1339 1869 item
1372 1839 1382 1868 ;
1415 1843 1438 1866 α
1465 1823 1530 1868 Ex
1548 1830 1595 1868 te
1614 1831 1756 1868 natus
1779 1821 2073 1880 ostenditur,
2099 1830 2148 1867 ut
2169 1820 2234 1867 nil
2259 1821 2387 1868 aliud

235 1918 381 1965 quam
402 1908 448 1949 te
460 1901 551 1949 sibi
563 1901 798 1966 significet
809 1910 1074 1949 auctorem.
1106 1920 1129 1946 »
1144 1901 1277 1949 Idem
1288 1902 1335 1948 in
1350 1901 1473 1949 Psal.
1490 1902 1608 1950 137Β
1627 1919 1637 1947 :
1667 1921 1690 1944 ι(
1716 1904 1784 1949 Tu
1811 1902 2021 1949 formasti
2037 1918 2113 1948 me
2128 1911 2174 1948 et
2190 1902 2390 1966 posuisti

241 2001 263 2026 «
285 1998 429 2047 super
450 1998 527 2029 me
542 1998 742 2029 manum
759 1991 918 2042 tuam,
940 2001 963 2027 »
992 1991 1252 2047 utrumque
1273 1981 1525 2047 significat,
1546 1991 1599 2028 ut
1616 1981 1751 2046 quod
1773 1981 2018 2041 formavit,
2042 1981 2295 2045 antiquum
2311 1982 2386 2043 sit,

237 2063 371 2127 quod
392 2064 702 2128 superposuit
718 2080 917 2111 manum
938 2064 1259 2110 novissimum
1273 2063 1349 2110 sit.
1373 2062 1519 2120 Quod
1543 2063 1674 2110 enim
1696 2063 1964 2110 secundum
1982 2071 2202 2110 naturam
2224 2062 2391 2109 diviui-

237 2143 345 2190 tatis
357 2142 589 2191 formatus
603 2144 685 2205 sit,
702 2144 956 2209 Apostolus
974 2142 1116 2190 docet
1131 2143 1324 2190 dicens⁹
1350 2158 1362 2190 ε
1384 2163 1407 2185 «
1434 2143 1656 2200 Quicum
1679 2143 1727 2190 in
1743 2142 1895 2190 forma
1917 2143 2005 2190 Dei
2029 2152 2168 2190 esset.
2199 2162 2221 2186 η
2245 2143 2389 2200 Quod

237 2223 432 2270 enimin
447 2223 603 2272 forma
620 2234 714 2286 est,
731 2224 990 2283 formatur,
1020 2224 1069 2271 in
1098 2224 1252 2271 forma
1275 2234 1322 2271 et
1345 2223 1388 2271 ei
1411 2233 1548 2289 pater
1571 2233 1751 2270 naturae
1776 2234 1823 2271 et
1846 2223 2104 2271 divinitat-is
2128 2232 2222 2283 est,
2246 2233 2296 2270 ut
2321 2240 2391 2271 re·

237 2301 344 2349 ferri
360 2304 509 2367 possit
522 2303 580 2350 ad
596 2313 808 2368 patrem,
827 2313 875 2350 et
888 2303 1120 2351 formatus
1140 2303 1202 2352 ab
1215 2303 1322 2369 ipso
1338 2305 1414 2351 sit.
1441 2325 1463 2347 »
1482 2304 1794 2367 Augustinus,
1827 2306 2003 2364 Qaaest.
2028 2305 2193 2350 veteris
2208 2314 2390 2350 etnovae

238 2382 370 2447 leges,
386 2399 496 2449 cap.
514 2386 646 2430 Lvn¹⁰
664 2402 674 2431 :
697 2404 720 2428 «
737 2387 866 2432 Deus
881 2394 1015 2450 pater
1026 2387 1183 2432 Deum
1205 2384 1353 2431 filium
1370 2385 1628 2448 generavit,
1647 2385 1696 2431 in
1711 2401 1811 2449 quo
1823 2385 1925 2449 ipse
1939 2385 2196 2444 videretur,
2220 2383 2303 2447 qui
2323 2384 2388 2429 nit

239 2462 300 2510 ab
318 2480 378 2510 eo
390 2463 1116 2527 distaret‚'utmagnitudinisuae
1129 2464 1701 2530 congruusresponderet
1714 2464 1931 2512 affectus.
1957 2484 1981 2509 »
2010 2468 2125 2512 Item
2146 2482 2156 2510 ε
2188 2484 2210 2508 «
2236 2463 2388 2509 Simit-

238 2542 408 2590 limum
443 2544 602 2608 itaque
633 2544 786 2591 filium
821 2561 965 2592 suum
999 2561 1167 2592 creans
1201 2544 1410 2605 addidit,
1445 2562 1502 2591 ex
1539 2561 1588 2591 se
1621 2545 1759 2609 quasi
1788 2544 1990 2592 alterum
2022 2561 2088 2592 se.
2117 2564 2139 2588 »
2169 2543 2300 2590 Idem
2338 2544 2385 2589 in

237 2621 409 2669 eodem
429 2642 443 2669 z
475 2642 499 2667 κ
530 2623 709 2671 Habuit
745 2625 906 2689 itaque
941 2634 1051 2672 ante
1088 2624 1329 2672 mundum
1366 2634 1536 2672 creatae
1574 2623 1756 2671 sobolis
1788 2625 2137 2690 principatum,
2172 2631 2225 2669 ut
2255 2633 2389 2689 pater

237 2718 397 2749 rerum
416 2702 604 2750 futurus
626 2714 736 2751 ante
754 2721 856 2751 esse
879 2704 1099 2752 debuerit
1118 2714 1253 2769 pater
1276 2705 1523 2770 proprius,
1551 2703 1646 2751 hoc
1675 2713 1746 2751 est
1780 2704 1963 2768 proprii
1991 2704 2063 2750 sui
2093 2703 2247 2750 foetus.
2282 2704 2383 2748 »iu

239 2782 571 2830 Ecclesiastico
589 2784 731 2831 etiam
753 2785 856 2849 ipsa
881 2785 968 2831 Dei
982 2785 1215 2850 sapientia
1237 2801 1342 2848 quae
1366 2785 1509 2831 Filius
1531 2783 1632 2846 ejus
1651 2783 1848 2842 dicitur,
1872 2793 1971 2830 tam
1995 2783 2056 2830 ab
2079 2783 2185 2849 ipso
2207 2792 2381 2842 creata,

236 2877 384 2925 quam
413 2862 571 2925 genita
593 2874 1005 2911 commemoratur
1023 2866 1079 2910 ¹¹:
1115 2864 1474 2928 «Sapientiam,
1511 2863 1693 2927 inquit,
1729 2863 1816 2909 Dei
1839 2863 2188 2928 praecedentem
2225 2863 2385 2910 omnia

236 2942 343 3005 quis
364 2941 699 3006 investigabit?
727 2943 856 2990 Prior
879 2944 1099 2991 omnium
1122 2953 1280 2991 creata
1303 2952 1372 2991 est
1397 2943 1654 3008 sapientia,
1678 2951 1728 2989 et
1750 2943 2016 2991 intellectus
2037 2943 2302 3010 prudentiae
2325 2942 2385 2989 ab

278 3088 566 3130 *Sicabcnyenito
578 3098 633 3131 ap„
644 3088 813 3125 Hilarium.
827 3089 982 3133 —²Cap.
1004 3099 1066 3132 xu,
1089 3092 1152 3125 cot.
1181 3093 1274 3132 1089;
1349 3097 1457 3125 matur
1483 3093 1516 3125 in
1533 3093 1689 3134 sormam,
1711 3098 1746 3125 et
1762 3094 1895 3134 quidem
1915 3099 2059 3134 paterna
2074 3098 2197 3125 naturae
2218 3096 2251 3123 et
2267 3091 2383 3124 divini-

234 3142 345 3183 Joam,
360 3152 432 3184 cap.
454 3152 523 3184 xxv,
540 3152 571 3177 v,
592 3144 644 3177 10.
659 3161 702 3168 —
716 3145 728 3165 ³
742 3145 822 3177 Mate
850 3147 938 3187 apud
960 3145 1169 3179 Amboesium
1187 3157 1196 3178 2
1216 3147 1278 3181 Ne·
1348 3146 1425 3178 tatis
1439 3147 1590 3180 sormam.
1609 3146 1650 3179 Et
1665 3148 1775 3179 nescio
1791 3156 1832 3179 an
1849 3148 1938 3188 quod
1955 3147 2114 3179 formatus
2133 3148 2165 3178 in
2185 3146 2286 3177 forma
2301 3146 2382 3176 servi

236 3205 322 3229 cesse
335 3205 404 3228 esse
419 3200 467 3228 est
481 3196 612 3229 debere.
638 3215 676 3221 —
709 3198 816 3232 ⁴Ibid.
830 3215 867 3222 -
888 3201 900 3220 ⁵
913 3199 992 3241 Cap.
1011 3209 1081 3240 xxi,
1097 3201 1158 3233 col.
1182 3202 1275 3234 1123.
1348 3204 1416 3239 est,
1442 3200 1554 3232 referri
1570 3201 1672 3242 possit
1689 3202 1730 3233 ad
1755 3207 1880 3242 pau-em
1894 3225 1903 3238 ,
1922 3206 1957 3233 ut
1972 3201 2130 3233 formatus
2151 3201 2191 3231 ab
2213 3200 2283 3239 ipso
2299 3199 2350 3230 sit.
2367 3208 2382 3224 a

238 3248 521 3287 —21b1'd.,ib·td.
555 3267 590 3273 —
621 3251 630 3269 ⁷
660 3250 773 3292 llud„
804 3262 876 3294 cap.
904 3262 983 3294 xxv,
1016 3255 1078 3286 col.
1113 3255 1204 3288 1125.
1237 3271 1275 3278 —
1351 3251 1555 3292 —·⁰Quaest.
1585 3263 1624 3286 ex
1657 3263 1732 3288 nov.
1757 3254 1913 3294 Testam„
1937 3257 1990 3288 48.
2018 3254 2118 3296 opp„
2150 3258 2171 3285 ι.
2199 3251 2260 3292 111,
2286 3252 2382 3293 App..

238 3305 251 3323 ⁰
267 3303 344 3343 [ες.
377 3305 459 3345 138,
487 3303 596 3345 Opp.,
618 3306 682 3338 eol.
711 3309 784 3341 511.
803 3326 842 3332 —
857 3311 868 3329 ⁹
883 3309 1016 3351 Philip.
1037 3319 1105 3350 cap.
1128 3319 1164 3346 u,
1187 3319 1215 3341 v.
1245 3310 1275 3342 6.
1358 3307 1420 3339 col.
1451 3308 1504 3340 61.
1523 3326 1559 3332 -
1579 3309 1725 3348 ¹¹Eccli.,
1743 3316 1813 3351 cap.
1836 3320 1857 3349 ι,
1877 3320 1904 3343 v.
1930 3312 1948 3343 3
1967 3313 2081 3349 etseq.

237 3356 343 3389 Locus
360 3360 406 3390 sic
424 3358 539 3389 restitu
564 3359 647 3390 ndus
663 3371 671 3390 ε
690 3373 707 3388 α
726 3360 820 3400 Quod
842 3365 927 3394 enim
955 3364 987 3395 tn
1007 3363 1109 3395 forma
1135 3368 1196 3401 ost,
1215 3362 1278 3393 for-
