2638 3866
899 230 1245 280 THEOLOGIA
1279 231 1646 280 CHRlSTIANA.
2250 232 2349 281 469

201 329 505 398 simplicitate
536 345 592 378 ac
624 329 896 377 sinceritate
925 329 1097 379 divinoe
1127 331 1401 380 substantiae
1427 331 1513 379 ait¹
1540 348 1551 377 t
1581 350 1604 375 «
1625 333 1732 377 Non
1763 338 1961 396 propter
1996 330 2092 379 1100
2125 340 2346 380 naturam

202 413 342 478 istam
373 400 793 477 bonisimplicem
827 410 1049 471 dicimus,
1083 413 1196 477 quia
1224 422 1294 461 est
1322 415 1460 461 Pater
1489 412 1537 459 in
1562 427 1619 460 ea
1641 412 1786 471 50105,
1823 420 1905 459 aut
1923 412 2065 460 Filius
2089 411 2237 474 solus,
2264 424 2346 461 aut

203 491 332 540 solus
355 492 560 558 Spiritus
583 493 810 551 Sanctus3
846 500 928 539 aut
953 490 1056 539 sola
1085 502 1155 540 est
1185 493 1273 541 ista
1307 493 1518 541 nominis
1543 492 1746 539 Trinitas
1774 492 1877 539 sine
1906 491 2211 541 subsistentia
2236 509 2347 559 per-

203 588 452 634 sonarum,
486 572 611 620 sicut
641 571 897 620 Sabelliani
930 581 1235 637 putaverunt.
1269 573 1362 621 Sed
1395 573 1506 620 ideo
1543 572 1739 639 simplex
1772 572 1966 633 dicitur,
2005 573 2118 638 quia
2148 573 2245 622 hoc
2276 585 2346 622 est

204 652 338 720 quod
370 651 534 714 habet,
571 662 772 718 excepto
805 651 941 717 quod
979 652 1174 701 relative
1203 670 1406 720 quaeque
1435 670 1642 719 persona
1675 651 1737 700 ad
1770 652 1964 700 alteram
1994 653 2183 701 dicitur.
2227 657 2345 701 Nam

204 722 373 798 utique
411 729 732 782 Pater'habet'
762 732 957 793 Filium,
992 749 1082 780 nec
1119 742 1279 782 tamen
1310 735 1411 800 ipse
1444 744 1514 781 est
1545 733 1715 793 Filius3
1747 742 1794 780 et
1829 733 1973 781 Filius
2000 736 2184 782 Patrem
2205 772 2216 794 ,
2258 752 2346 783 nec

205 821 364 861 tamen
395 816 647 861 estaePater.
682 816 734 859 In
760 809 864 878 Tquo
887 829 1003 861 vero
1029 812 1091 861 ad
1120 814 1428 880 semetipsum
1456 814 1648 875 dicitur,
1675 830 1775 860 non
1805 813 1866 861 ad
1894 814 2122 875 alterum3
2158 814 2253 863 hoc
2277 826 2346 862 est

204 892 524 958 quodhabet,
547 894 670 941 sicut
687 893 749 941 ad
772 894 1082 959 semetipsum
1105 893 1281 942 dicitur
1297 895 1449 956 vivus,
1477 894 1705 943 habendo
1730 895 1896 960 utique
1919 895 2083 956 vitam,
2111 905 2158 943 et
2177 896 2346 943 eadem

205 974 301 1022 vita
321 975 439 1040 'ipse
473 983 559 1022 est.
598 978 808 1040 Propter
841 974 938 1022 1100
973 974 1132 1039 itaque
1166 984 1337 1022 natura
1366 974 1468 1022 haec
1502 975 1678 1023 dicitur
1710 974 1939 1040 simplex,
1979 974 2111 1039 quod
2151 992 2250 1023 non
2290 978 2349 1023 sit

205 1054 338 1103 aliud
364 1054 568 1116 11311005,
596 1055 737 1103 aliud<
754 1054 890 1121 quod
911 1053 1076 1115 habet,
1102 1055 1224 1103 sicut
1247 1056 1295 1102 in
1319 1057 1496 1103 caeteris
1519 1055 1680 1103 rebus.
1715 1057 1881 1120 Neque
1903 1056 2033 1103 enim
2055 1072 2136 1103 vas
2163 1054 2348 1103 habens

204 1136 472 1207 liquorem,
506 1137 668 1202 liquor
698 1147 801 1196 est3
839 1153 929 1184 nec
957 1153 1133 1202 corpus
1162 1137 1315 1197 color,
1355 1154 1446 1185 nec
1481 1153 1563 1184 aer
1598 1136 1678 1183 lux
1714 1136 1819 1183 sive
1850 1135 2025 1197 fervor,
2064 1153 2155 1184 nec
2189 1137 2348 1184 anima

205 1217 438 1288 sapientia
461 1227 548 1264 est.
571 1218 696 1265 Hinc
718 1227 786 1265 est
807 1216 943 1296 quod
972 1217 1114 1264 etiam
1137 1217 1313 1282 privari
1339 1226 1541 1283 possunt
1562 1215 1706 1264 rebus
1730 1231 1848 1281 quas
1870 1215 2066 1275 habent,
2094 1226 2140 1263 et
2164 1217 2212 1263 in
2233 1217 2349 1263 alios

208 1296 400 1345 habitus
426 1298 546 1345 verti
577 1307 720 1362 atque
743 1293 1095 1345 commutari.»
1130 1297 1299 1344 Idem
1288 1314 1336 1343 m
1359 1300 1443 1344 VH
1469 1298 1829 1362 Confesszonum
1853 1296 1913 1343 ad
1938 1299 2091 1344 Deum
2117 1296 2345 1362 loquens,

207 1378 338 1443 311’,ι
370 1399 394 1422 «
417 1380 514 1426 Nec
541 1378 724 1442 cogeris
755 1378 932 1425 invitus
961 1376 1022 1425 ad
1050 1376 1255 1441 aliquid,
1284 1377 1398 1442 quia
1419 1377 1641 1424 voluntas
1671 1385 1750 1423 tua
1785 1392 1881 1423 non
1918 1387 1987 1424 est
2019 1377 2172 1441 major
2204 1393 2347 1441 quam

208 1454 440 1526 potentia.
468 1463 600 1508 Esset
623 1470 783 1508 autem
813 1460 984 1524 major,
1012 1459 1049 1506 si
1074 1469 1119 1507 te
1144 1459 1248 1524 ipso
1273 1468 1325 1505 tu
1347 1459 1448 1524 ipse
1470 1457 1624 1521 major
1647 1474 1821 1504 esses.»
1851 1459 1993 1504 Item:
2018 1457 2280 1505 «Voluntas
2303 1469 2348 1505 et

207 1527 422 1606 potentia
437 1541 523 1589 Dei
545 1544 676 1588 Deus
698 1541 799 1607 ipse
822 1549 907 1587 est.
925 1559 948 1583 >2
976 1540 1167 1587 Boetius
1186 1555 1382 1604 quoque
1401 1539 1450 1586 in
1472 1537 1597 1585 libro
1616 1537 1674 1584 de
1692 1538 1926 1584 Trz‘ne'tate
1948 1554 2058 1584 cum
2083 1538 2143 1585 de
2163 1556 2349 1587 summa

209 1620 290 1670 illa
309 1622 490 1669 unitate
512 1621 771 1668 divinitatis
792 1620 1089 1685 loqueretur,
1118 1620 1168 1667 in
1191 1636 1287 1685 qua
1310 1636 1409 1666 000
1432 1619 1639 1685 partium
1663 1634 1753 1666 nec
1777 1617 2042 1665 formarum
2066 1628 2223 1684 potest
2249 1636 2349 1666 esse

209 1701 484 1750 diversitas:
515 1722 535 1747 «
557 1702 812 1761 Quocirca,
840 1701 1015 1766 inquit,
1040 1700 1138 1748 hoc
1165 1716 1277 1748 vere
1306 1715 1479 1758 unum,
1507 1699 1555 1745 in
1574 1697 1859 1763 quo-nullus
1883 1714 2130 1757 numerus,
2163 1699 2350 1747 nullum

206 1784 256 1830 in
281 1799 339 1830 eo
368 1782 499 1830 aliud
519 1791 688 1847 praeter
715 1781 765 1829 id
789 1779 922 1845 quod
947 1789 1035 1827 est.
1065 1783 1231 1844 Neque
1261 1780 1389 1827 enim
1415 1777 1685 1843 subjectum
1717 1777 1819 1824 fieri
1844 1787 2019 1843 potest,
2048 1777 2200 1827 forma
2224 1781 2350 1827 enim

206 1873 302 1923 est,
335 1862 501 1910 formae
523 1878 639 1911 vero
662 1859 884 1925 subjectae
916 1876 1018 1908 esse
1040 1877 1140 1907 non
1165 1869 1383 1925 possunt.
1410 1861 1676 1905 »Formam
1700 1857 1860 1923 itaque
1898 1858 2087 1905 Boetius
2115 1856 2211 1906 hoc
2241 1859 2349 1907 loco

207 1899 325 1990 dixit
359 1942 572 1990 divinam
607 1940 923 1989 substantiam
953 1939 1223 1989 secundum
1251 1939 1346 1989 hoc
1381 1937 1516 2004 quod
1539 1937 1778 1986 nullarum
1819 1937 2081 1985 formarum
2116 1949 2350 1987 sustenta·

206 2033 421 2071 mentum
447 2032 534 2070 est.

275 2088 400 2151 Bene
422 2114 583 2151 autem
607 2102 827 2149 omnium
855 2102 1191 2166 theologorum
1215 2101 1472 2150 auctoritas
1494 2099 1708 2146 divinam
1732 2098 2044 2147 substantiam
2083 2086 2347 2162 simplicem

209 2185 410 2232 omnino
444 2200 544 2231 esse
568 2183 837 2243 astruxerit,
878 2182 974 2230 1100
1002 2192 1073 2230 est
1102 2181 1163 2229 ab
1194 2182 1325 2228 omni
1356 2180 1621 2240 accidente,
1648 2178 1709 2226 ab
1744 2178 1877 2226 011101
1904 2178 2067 2226 formae.
2100 2176 2350 2243 participa-

210 2266 341 2312 tione
372 2266 659 2323 immunem,
686 2273 739 2309 ut
755 2261 875 2309 nihil
898 2261 1076 2310 scilicet
1100 2262 1150 2308 in
1181 2264 1285 2308 Deo
1317 2261 1394 2321 sit,
1431 2259 1564 2325 quod
1591 2262 1720 2307 Deus
1744 2275 1841 2305 non
1876 2260 1952 2305 sit.
1989 2261 2146 2306 Omne
2170 2257 2349 2321 quippe

209 2345 343 2411 quod
375 2344 654 2393 naturaliter
688 2343 860 2401 existit,
897 2352 980 2390 aut
1011 2351 1244 2389 aeternum
1279 2351 1367 2403 est,
1400 2350 1452 2387 ut
1479 2343 1633 2402 Deus;
1675 2349 1757 2387 aut
1790 2340 1935 2405 coepit
1973 2339 2033 2386 ab
2066 2356 2125 2387 eo
2160 2353 2347 2385 summo

211 2426 454 2492 Principio
482 2424 614 2490 quod
645 2427 773 2471 Deus
796 2432 897 2483 est,-
933 2421 1117 2470 ‹lucens
1140 2421 1392 2469 exordium
1416 2439 1427 2468 :
1454 2436 1481 2467 a
1503 2437 1552 2467 se
1575 2420 1754 2485 quippe
1779 2419 1897 2467 nihil
1921 2429 2007 2480 est,
2034 2428 2203 2486 praeter
2232 2416 2347 2464 illud

210 2524 236 2555 a
270 2524 368 2572 quo
398 2516 510 2554 sunt
539 2504 720 2553 omnia.
751 2502 888 2551 Unde
918 2502 1198 2551 Gennadius
1232 2501 1290 2548 de
1324 2499 1602 2549 Orthodoxa
1631 2501 1731 2566 fide
1755 2502 1912 2566 capite
1940 2502 2042 2547 XI³2
2073 2499 2233 2546 «Satis
2259 2507 2344 2555 est,

210 2588 391 2652 inquit,
431 2586 692 2634 christiano
726 2601 886 2631 rerum
919 2593 1188 2631 creatarum
1225 2597 1419 2630 causam
1460 2581 1652 2628 nonnisi
1685 2580 1881 2628 credere
1914 2580 2178 2628 bonitatem
2218 2594 2343 2625 crea·

210 2668 355 2726 tor2is3
388 2667 665 2730 nullamque
699 2681 801 2711 esse
826 2674 1047 2712 naturam
1082 2680 1187 2729 quae
1217 2679 1318 2709 non
1346 2671 1427 2708 aut
1459 2661 1560 2726 ipse
1591 2661 1668 2722 sit,
1695 2671 1779 2708 aut
1807 2660 1869 2707 ab
1903 2661 2026 2726 ipso.
2051 2679 2073 2703 n
2102 2661 2343 2717 Naturam,

212 2757 263 2794 ut
289 2747 511 2807 arbitror,
548 2747 646 2793 sive
678 2761 779 2792 rem
811 2743 1079 2792 naturalem
1113 2743 1245 2798 dicit,
1286 2757 1390 2805 quae
1427 2741 1487 2787 ad
1516 2740 1740 2788 humanae
1767 2739 2060 2805 operationis
2088 2737 2346 2785 efficaciam

211 2846 311 2876 non
335 2828 518 2875 attinet.
554 2829 672 2873 Nam
700 2833 949 2890 peccatum
981 2833 1026 2871 et
1061 2821 1247 2870 idolum
1280 2820 1613 2883 nostra-magis
1635 2819 1839 2867 dicenda
1871 2829 1980 2866 sunt
2011 2835 2179 2884 opera,
2201 2834 2346 2883 quam

213 2919 410 2957 naturae.
431 2906 571 2954 Unde
588 2904 845 2970 Apostolus
861 2906 892 2964 ⁴,
917 2922 940 2947 α
954 2903 1159 2960 Scimus,
1179 2900 1351 2965 inquit,
1371 2900 1599 2964 quoniam
1618 2899 1733 2946 1111111
1752 2908 1820 2947 est
1838 2898 2022 2947 idolum
2042 2900 2090 2946 in
2109 2898 2343 2955 mundo,»

212 2990 309 3037 hoc
343 2998 413 3036 est
444 3004 542 3034 non
579 2995 650 3033 est
675 2983 860 3032 idolum
893 2982 954 3029 de
985 2980 1220 3029 universis
1256 2979 1484 3027 creaturis
1507 2979 1614 3040 Dei,
1643 2995 1799 3044 neque
1827 2978 1887 3026 ad
1916 2995 1987 3026 res
2018 2978 2274 3040 naturales,
2304 2989 2349 3025 et

213 3070 276 3117 ad
309 3070 411 3134 ipsa
447 3076 626 3115 naturae
649 3080 794 3131 opera
816 3062 1076 3128 pertinent,
1102 3078 1208 3127 quae
1231 3060 1291 3108 de
1323 3059 1508 3107 mundo
1534 3075 1634 3107 esse
1653 3059 1909 3120 dicuntur,
1946 3058 2028 3107 sed
2051 3058 2112 3107 ad
2137 3068 2348 3106 nostram

264 3279 424 3318 ·August.
444 3278 482 3310 de
501 3277 603 3311 Civit.
620 3277 697 3319 Dei,
725 3276 782 3310 tib.
800 3275 863 3315 xl,
879 3283 950 3315 cap.
972 3280 1004 3306 x.
1024 3275 1085 3297 —²
1108 3272 1245 3312 August.
1321 3269 1408 3312 apud
1438 3269 1659 3312 Gennadium,
1690 3271 1748 3303 sed
1770 3271 1858 3312 apud
1888 3270 2126 3311 Augustinum,
2149 3269 2341 3303 Enchirid..

219 3331 388 3375 consess„
414 3333 469 3365 lib.
490 3331 562 3372 VH,
586 3341 656 3373 cap.
682 3321 723 3363 iv'.
747 3347 781 3353 -
798 3327 875 3361 'Hic
898 3327 988 3359 locus
1004 3334 1068 3359 non
1086 3326 1249 3367 reperitur
1320 3333 1392 3367 cap.
1410 3333 1454 3357 ix.
1476 3343 1512 3349 —
1529 3329 1540 3346 ⁴
1557 3324 1714 3358 Corinth.
1730 3325 1758 3366 Ι,
1781 3333 1853 3366 cap.
1872 3334 1943 3366 vm,
1960 3334 1991 3358 v.
2009 3327 2039 3358 4.
