2638 3866
871 229 931 275 ΙΝ
965 229 1291 278 EPISTOLAM
1325 231 1406 279 AD
1450 230 1747 279 ROMANOS.
2281 230 2375 278 339

243 330 542 388 intermittat,
568 329 659 377 nisi
688 328 750 377 ad
774 328 958 393 majora
986 329 1339 392 conscenderit,
1356 323 1357 326 ¹
1373 349 1478 396 quae
1502 330 1619 380 illud
1654 341 1814 379 tenere
1839 330 2121 396 impediant.
2154 329 2222 378 Ad
2243 332 2376 396 quod

248 409 446 475 quidem
495 407 901 475 respondendum,
937 408 1170 468 arbitror,
1214 410 1346 473 quod
1379 412 1414 458 si
1446 411 1543 458 hoc
1587 427 1689 458 non
1735 420 1830 457 tam
1858 428 1947 476 pro
1988 411 2242 459 antistante
2277 411 2379 476 lege

244 488 467 538 observet
490 492 526 550 ¹,
556 505 700 553 quam
723 505 812 554 pro
835 489 934 536 voti
957 489 1029 546 sui
1054 489 1385 555 dispositione,
1424 507 1730 556 nequaquam
1765 490 2032 555 culpandus
2068 500 2154 549 est,
2194 508 2284 539 nec
2316 491 2378 540 ab

243 570 338 618 hoc
363 569 688 618 absolvendus
717 578 788 616 est
808 578 942 629 vot0,
976 569 1066 616 nisi
1091 568 1212 616 forte
1240 580 1437 635 propter
1467 572 1741 636 aliquorum
1775 570 2052 618 scandalum
2080 588 2192 618 eum
2217 571 2378 620 adhuc

246 651 293 697 in
345 650 442 698 hoc
486 649 734 698 Judaizare
769 648 1096 708 credentium,
1145 650 1282 713 quasi
1327 667 1458 698 nunc
1508 667 1704 715 quoque
1750 659 1925 698 statum
1986 667 2126 698 suum
2169 650 2376 716 legitime

248 730 450 778 retinere
494 729 729 788 crederet,
778 739 825 777 et
870 727 935 776 ob
979 727 1074 776 hoc
1118 728 1397 777 abstineret.
1446 730 1648 778 Videtur
1693 746 1784 777 nec
1824 729 1917 778 tale
1963 740 2127 778 votum
2170 732 2377 794 legitime

249 809 324 858 vel
360 809 706 857 rationabiliter
736 818 854 856 tunc
883 824 984 856 esse
1022 807 1218 870 factum,
1261 810 1343 857 sed
1383 827 1470 875 per
1501 826 1716 858 errorem
1755 809 1817 857 ab
1852 827 1911 857 eo
1948 810 1997 857 in
2030 810 2378 875 professionem

246 889 364 937 illud
389 890 682 955 promissum
707 905 826 949 esse,
853 905 965 936 cum
993 889 1149 953 legem
1168 889 1345 937 scilicet
1372 891 1420 937 in
1447 891 1648 956 pristino
1671 890 1838 954 vigore
1861 906 1949 937 suo
1973 900 2378 955 perseveraturam

245 969 474 1029 crederet.
1219 1033 1223 1037 .

315 1071 337 1094 «
358 1051 618 1099 Debemus.
643 1070 665 1094 »
692 1050 801 1098 Dixi
821 1050 1039 1116 superius
1062 1049 1128 1097 nil
1144 1066 1245 1098 esse
1264 1067 1543 1112 commune,
1568 1052 1719 1099 immo
1742 1051 1908 1099 omnia
1932 1050 2112 1098 munda
2135 1050 2374 1112 fidelibus,

244 1131 328 1178 sed
343 1140 504 1178 tamen
519 1130 751 1178 debemus
773 1147 943 1178 eorum
953 1131 1036 1195 qui
1058 1131 1195 1179 aliter
1213 1131 1417 1179 credunt
1428 1141 1474 1179 et
1484 1131 1773 1180 infirmiores
1786 1131 1959 1179 suntin
1975 1130 2070 1178 fide
2084 1130 2377 1179 debilitatem

244 1211 464 1269 tolerare,
501 1220 548 1258 et
583 1230 604 1256 «ι
623 1227 724 1258 non
754 1210 896 1258 nobis
919 1211 1124 1277 placere,
1143 1233 1166 1255 »
1199 1212 1249 1259 id
1278 1222 1348 1260 est
1375 1229 1476 1260 non
1512 1222 1723 1260 nostram
1761 1212 1821 1259 de
1857 1212 1923 1260 eis
1954 1211 2253 1259 voluntatem
2288 1213 2379 1259 im-

244 1291 392 1355 plere,
425 1292 558 1357 ipsos
594 1292 775 1339 scilicet
795 1291 1093 1357 repellendo,
1129 1292 1212 1340 sed
1238 1310 1409 1340 eorum
1443 1310 1653 1358 quaerere
1686 1292 1913 1351 salutem,
1941 1308 2024 1339 eos
2058 1292 2235 1340 scilicet
2265 1292 2378 1340 tole-

244 1370 416 1419 rando.
443 1392 466 1415 α
485 1372 690 1432 Placeat,
712 1393 735 1416 »
761 1371 812 1419 id
829 1382 899 1420 est
916 1372 1104 1437 placere
1129 1372 1318 1420 studeat
1340 1373 1390 1419 in
1415 1389 1475 1420 eo
1496 1372 1632 1437 quod
1665 1371 1904 1438 culpabile
1939 1388 2038 1419 non
2070 1381 2156 1434 est,
2185 1382 2379 1438 propter

247 1451 648 1500 «aedificationem
670 1472 693 1496 υ
725 1452 903 1500 scilicet
933 1453 1098 1518 ipsius.
1137 1452 1280 1500 Aliter
1307 1454 1435 1500 enim
1468 1469 1497 1501 a
1528 1453 1667 1501 nobis
1691 1451 1912 1500 aedificari
1950 1467 2050 1498 non
2083 1452 2258 1516 poterit
2291 1453 2379 1500 nisi

245 1541 460 1597 nqstrarn
483 1533 756 1580 doctrinam
779 1533 1055 1598 susceperit,
1072 1543 1118 1580 et
1137 1533 1234 1581 hoc
1252 1533 1472 1599 exemplo
1494 1532 1668 1580 Christi
1692 1533 1932 1580 faciamus.
1959 1534 2016 1578 Et
2033 1531 2129 1579 hoc
2152 1542 2240 1590 est,
2270 1551 2293 1576 «
2311 1535 2379 1580 Et-

244 1613 391 1660 enim.
410 1631 432 1657 »
454 1612 510 1660 Id
530 1622 601 1660 est
627 1613 778 1660 homo
806 1612 885 1660 ille
906 1623 1179 1679 assumptus
1210 1631 1238 1662 a
1259 1614 1438 1675 Verb0,
1462 1614 1546 1678 qui
1565 1613 1833 1660 secundum
1852 1613 1952 1676 ejus
1975 1612 2252 1659 unctionem
2271 1629 2381 1677 spe-

245 1691 680 1741 cialiter-Christus
714 1693 906 1755 dicitur,
943 1710 1044 1741 non
1083 1703 1183 1741 tam
1214 1693 1439 1742 humanae
1476 1710 1622 1757 quam
1655 1692 1827 1739 divinae
1860 1691 2119 1739 voluntatis
2156 1691 2384 1756 placitum

244 1771 446 1837 implere
467 1772 665 1821 studuit.
692 1773 831 1821 Unde
850 1783 897 1821 et
919 1774 1120 1839 ipsemet
1151 1774 1269 1820 ait²z
1299 1777 1439 1821 «Non
1458 1774 1571 1820 veni
1593 1773 1746 1820 facere
1769 1770 2067 1819 voluntatem
2092 1787 2274 1829 meam,
2301 1772 2385 1820 sed

243 1851 344 1915 ejus
366 1852 449 1916 qui
472 1852 597 1900 misit
618 1869 711 1900 me.
730 1871 752 1896 n
777 1854 1011 1900 Voluntas
1029 1855 1211 1919 quippe
1232 1853 1444 1901 hominis
1468 1870 1523 1901 ea
1545 1854 1739 1919 proprie
1760 1851 1951 1910 dicitur2
1976 1868 2082 1916 quae
2105 1868 2163 1899 ex
2186 1850 2385 1899 infirmi-

242 1940 339 1979 tate
366 1932 443 1980 vel
474 1931 785 1998 passibilitate
816 1934 973 1981 carnis
991 1933 1137 1995 illata,
1173 1950 1281 1981 eam
1314 1933 1596 1981 naturaliter
1625 1933 1839 1996 quietare
1874 1933 2075 1998 appetit,
2113 1949 2219 1997 quae
2247 1931 2386 1979 nullis

241 2010 482 2075 affligatur
520 2012 767 2074 molestiis,
813 2013 897 2061 sed
933 2013 995 2061 ab
1034 2014 1170 2061 omni
1207 2015 1399 2079 penitus
1434 2030 1577 2080 poena
1609 2014 1667 2060 sit
1698 2012 1944 2071 immunis,
1982 2012 2104 2059 sicut
2137 2022 2183 2058 et
2221 2012 2386 2077 primis

244 2091 521 2156 parentibus
546 2103 658 2140 ante
684 2103 938 2158 peccatum
960 2111 1245 2142 concessum
1266 2105 1352 2154 est,
1387 2104 1433 2141 et
1457 2095 1508 2141 in
1534 2094 1694 2141 futura
1716 2094 1814 2140 vita
1838 2092 2026 2157 plenius
2053 2091 2193 2139 nobis
2214 2107 2385 2139 conce-

243 2171 461 2220 dendum
484 2181 571 2220 est.
602 2173 733 2220 Sicut
753 2174 882 2221 enim
909 2174 1109 2221 miseriae
1126 2191 1339 2238 poenam,
1367 2175 1435 2222 sic
1457 2174 1670 2238 quietem
1693 2182 1881 2220 constat
1899 2167 2018 2233 esse,
2047 2181 2095 2219 et
2112 2172 2234 2219 sicut
2254 2170 2387 2235 quod

244 2251 553 2301 beatitudinis
582 2253 658 2301 vel
683 2254 858 2319 quietis
892 2264 962 2301 est
1000 2255 1202 2319 quisque
1237 2256 1436 2320 appetit,
1471 2255 1539 2301 sic
1568 2253 1703 2319 quod
1742 2253 1941 2300 miseriae
1975 2251 2051 2300 vel
2084 2251 2264 2299 laboris
2297 2260 2384 2309 est,

245 2333 431 2397 refugit.
460 2334 583 2382 Talis
616 2335 776 2399 itaque
802 2335 1042 2400 appetitus
1067 2334 1283 2383 humana
1314 2336 1363 2383 in
1400 2335 1541 2383 nobis
1566 2334 1790 2382 voluntas
1824 2333 2017 2395 dicitur,
2047 2348 2194 2398 quam
2216 2330 2391 2379 volun-

246 2423 393 2461 tatem
430 2415 634 2479 quisque
672 2414 947 2463 obediendo
983 2417 1218 2481 sequitur.
1268 2419 1327 2463 At
1359 2417 1566 2481 inquies,
1611 2413 1875 2473 Quomodo
1911 2413 2127 2461 Christus
2162 2429 2261 2459 non
2303 2410 2391 2458 sibi

246 2493 442 2557 placuit,
468 2495 508 2542 si
529 2494 708 2560 placuit
738 2497 844 2542 Deo
877 2496 1034 2560 patri?
1059 2496 1305 2561 Numquid
1337 2495 1472 2544 alteri
1503 2495 1694 2562 placere
1726 2503 1885 2560 potest
1915 2493 2049 2558 quod
2072 2492 2207 2540 alteri
2227 2490 2391 2555 displi-

247 2574 387 2621 ceat?
414 2575 661 2639 Numquid
687 2592 856 2624 omnes
868 2576 984 2640 Justi
1016 2576 1209 2624 Christo
1241 2576 1453 2642 placent*
1469 2576 1592 2623 sicut
1621 2585 1669 2622 et
1692 2575 1854 2622 Patri?
1888 2577 1955 2620 An
1991 2573 2212 2621 voluntas
2244 2571 2392 2619 Patris

247 2664 317 2699 est
352 2655 443 2702 alia
467 2672 615 2720 quam
649 2656 872 2704 voluntas
900 2657 1110 2705 Christi?
1127 2657 1260 2715 Quid
1289 2659 1451 2721 itaque
1475 2665 1566 2718 est,
1595 2655 1812 2702 Christus
1835 2670 1934 2701 non
1968 2653 2058 2702 sibi
2089 2651 2283 2717 placuit,
2317 2650 2392 2697 vel

247 2749 348 2779 non
384 2735 513 2781 venit
548 2735 703 2783 facere
734 2737 1032 2784 voluntatem
1064 2754 1218 2798 suam,
1256 2737 1348 2784 nisi
1381 2735 1516 2800 quod
1546 2752 1797 2799 nunquam
1827 2734 1979 2781 homo
2009 2733 2087 2780 ille
2121 2739 2395 2796 assumptus

248 2812 435 2876 aliquid
455 2814 610 2862 facere
640 2816 891 2880 appetivit,
922 2816 1055 2880 quod
1091 2816 1169 2863 hic
1203 2815 1293 2862 sibi
1325 2831 1470 2862 suave
1501 2830 1602 2861 esse
1636 2814 1871 2878 speravit,
1907 2812 1987 2860 sed
2020 2812 2134 2876 quia
2163 2811 2259 2859 hoc
2289 2811 2394 2856 Deo

249 2892 439 2956 placere
474 2892 715 2942 credidit?
747 2897 928 2942 Omnes
964 2911 1077 2942 vero
1109 2895 1189 2941 alii
1220 2904 1669 2959 quantumcumque
1707 2895 1802 2939 sint
1837 2893 2006 2953 sancti,
2046 2891 2161 2956 quia
2193 2889 2395 2937 omnino

251 2981 468 3036 expertes
510 2974 695 3038 peccati
740 2991 841 3022 non
901 2983 1042 3035 sunt,
1084 2973 1318 3022 nonnulla
1352 2991 1409 3022 ex
1452 2971 1729 3020 infirmitate
1772 2971 1849 3019 vel
1893 2970 2198 3037 passibilitate
2242 2969 2398 3018 carnis

253 3061 503 3116 appetunt,
545 3070 645 3101 non
681 3053 775 3101 alia
800 3054 861 3102 de
888 3070 1051 3114 causa,
1076 3053 1168 3101 nisi
1186 3063 1240 3101 ut
1271 3054 1363 3120 ipsi
1393 3053 1662 3101 infirmitati
1694 3052 2004 3114 satisfaciant,
2041 3061 2088 3100 et
2116 3059 2398 3117 praesentem

253 3132 529 3195 passionem
563 3135 634 3182 vel
679 3134 988 3183 afflictionem
1033 3135 1230 3183 evitent.
1263 3135 1410 3193 Quod
1439 3133 1636 3200 quidem
1675 3142 1746 3181 est
1778 3132 1866 3180 sibi
1905 3132 2110 3198 placere,
2147 3142 2229 3180 aut
2263 3145 2397 3177 suam

312 3312 426 3348 'Amb.
447 3315 637 3349 Antistante
654 3315 739 3362 legis
754 3325 821 3351 non
839 3317 1004 3359 observet,
1026 3317 1110 3351 male
1125 3322 1161 3351 ut
1178 3316 1306 3360 opinor.
1321 3335 1360 3343 -
1373 3320 1384 3338 ²
1397 3316 1492 3352 Joan.
1511 3318 1538 3359 t,
1555 3326 1631 3358 cap·
1645 3324 1690 3357 vt,
1708 3326 1738 3351 v.
1755 3318 1806 3350 38.
