2638 3866
854 196 1236 248 lNTRODUCTlO
1271 200 1352 248 AD
1387 198 1779 247 THEOLOGIAM.
2326 203 2387 249 77

249 297 512 364 praedicant
551 296 766 359 mundo,
802 297 1076 364 irreligiosis
1117 300 1289 349 mundi
1326 298 1713 367 imperfectisque
1754 300 1987 349 doctrinis
2024 316 2112 367 per
2146 302 2391 351 scientiam

248 377 611 444 omnipotentiae
626 378 882 439 contraire,
899 378 1037 443 juxta
1057 378 1175 428 illud
1197 380 1432 446 Apostoli¹
1452 398 1465 427 ε
1493 399 1516 423 «
1538 382 1713 429 Nostra
1730 381 1861 428 enim
1880 397 2015 430 arma
2030 396 2132 429 non
2157 391 2270 429 sunt
2289 398 2393 431 car—

252 478 275 503 «
295 457 440 519 nalia,
468 458 552 507 sed
572 459 790 525 potentia
806 461 910 507 Deo
936 459 999 508 ad
1021 458 1400 509 destructionem
1421 459 1748 508 munitionum
1773 461 1988 521 rationis,
2024 461 2316 511 destruentia
2348 474 2395 511 et

253 558 276 584 «
297 555 496 588 omnem
518 538 821 587 altitudinem
844 539 1078 588 elevatam
1104 540 1332 598 adversus
1355 540 1699 605 cogitationem
1722 541 1869 588 Dei.»
1897 542 2061 591 Fidem
2083 558 2184 590 non
2210 543 2391 590 nudam

249 619 488 687 Apostolis
507 629 650 686 atque
674 620 872 687 inopem
893 620 1093 669 rationis
1117 622 1326 687 reliquit.
1354 625 1472 682 Quae
1497 621 1717 687 quamvis
1745 623 2075 686 potentissima
2097 623 2160 671 ad
2192 624 2392 672 salutem

249 701 325 759 sit,
352 709 514 749 tamen
540 700 632 748 nisi
656 717 743 767 per
777 700 1047 749 doctrinam
1082 701 1363 761 instruatur,
1386 701 1588 754 habebit
1621 701 1819 766 quidem
1849 702 1973 750 inter
2006 702 2203 751 adversa
2235 713 2392 752 tutum

255 779 540 846 diffugiendi
562 797 828 840 recessum,
854 797 955 829 non
979 782 1123 830 etiam
1149 782 1373 832 retinebit
1395 791 1700 831 constantem
1730 780 2047 830 obstudendi’
2069 785 2390 840 securitatem,

248 861 450 926 eritque,
476 870 530 909 ut
550 860 897 910 infirmioribus
917 871 1028 910 sunt
1051 872 1160 928 post
1181 862 1343 927 fugam
1367 874 1538 925 castra,
1562 878 1663 910 non
1688 862 1832 910 etiam
1857 872 1911 909 ut
1931 872 2084 911 castra
2105 863 2395 912 habentibus

249 941 383 991 adest
414 942 630 990 interrita
663 941 917 991 fortitudo.
958 943 1317 992 Constituendae
1364 961 1481 1009 ergo
1526 953 1639 992 sunt.
1672 942 1935 990 insolentes
1972 944 2203 992 adversus
2240 948 2394 994 Deum

247 1022 611 1090 disputationeS,
631 1032 678 1072 et
700 1022 991 1073 destruenda
1014 1025 1258 1073 rationum
1278 1024 1517 1073 fallacium
1540 1023 1857 1085 munimenta,
1883 1032 1931 1071 et
1945 1024 2127 1073 elevata
2149 1024 2211 1073 ad
2231 1026 2396 1091 impie-

250 1111 395 1151 tatem
416 1103 608 1167 ingenia
630 1103 954 1168 conterenda3
989 1121 1081 1154 nec
1102 1104 1376 1155 carnalibus
1400 1105 1566 1166 armis,
1593 1104 1678 1153 sed
1713 1103 2040 1170 spiritualibus
2049 1124 2062 1166 3
2091 1121 2180 1152 nec
2209 1114 2396 1154 terrena

249 1182 486 1243 doctrina,
513 1183 599 1232 sed
621 1185 798 1233 coelesti
822 1186 1073 1252 sapientia,
1100 1195 1153 1234 ut
1177 1195 1356 1251 quanta
1376 1202 1539 1234 rerum
1562 1184 1836 1233 divinarum
1857 1184 2278 1250 humanarumque
2303 1185 2396 1234 dis·

248 1265 398 1312 cretio
419 1274 508 1323 est,
529 1274 664 1313 tanto
687 1264 810 1315 ultra
829 1275 1020 1315 terrena
1040 1266 1200 1315 studia
1223 1268 1345 1315 ratio
1370 1267 1574 1316 coelestis
1595 1265 1811 1314 excedat.
1834 1286 1856 1310 n
1887 1264 2151 1325 Quomodo
2175 1282 2289 1330 ergo
2313 1284 2397 1314 au-

247 1342 413 1392 diendi
429 1355 541 1392 sunt
564 1346 646 1411 qui
667 1345 814 1394 fidem
830 1347 1100 1395 rationibus
1114 1347 1187 1395 vel
1208 1347 1517 1395 astruendam
1535 1347 1611 1395 vel
1626 1345 1982 1394 defendendam
2001 1362 2104 1394 esse
2124 1344 2394 1410 denegant?

212 1491 215 1495 Ι
247 1426 511 1490 praesertim
533 1443 646 1475 cum
666 1428 757 1493 ipsi
780 1429 941 1476 Sancti
965 1445 1160 1494 quoque
1186 1428 1246 1476 de
1269 1427 1344 1475 his
1372 1445 1478 1493 quae
1505 1427 1567 1476 ad
1591 1426 1738 1475 fidem
1764 1427 2006 1493 pertinent
2033 1426 2392 1487 ratiocinantes,

248 1506 410 1554 multis
436 1508 768 1572 exemplorum
790 1508 866 1556 vel
883 1508 1253 1557 similitudinum
1278 1508 1547 1556 rationibus
1569 1507 1771 1556 rebelles
1801 1523 2000 1571 arguere
2032 1507 2106 1555 vel
2136 1508 2396 1573 reprimere

247 1584 467 1633 soleant?
500 1588 547 1633 Si
574 1588 702 1634 enim
728 1605 840 1635 cum
862 1588 1180 1654 persuadetur
1203 1588 1388 1652 aliquid
1410 1599 1462 1636 ut
1487 1587 1728 1647 credatur,
1756 1587 1825 1634 nil
1844 1597 1916 1635 est
1937 1588 2124 1636 ratione
2144 1586 2395 1635 discutien—

248 1665 383 1726 dum,
407 1676 568 1714 utrum
588 1668 654 1715 ita
675 1668 854 1716 scilicet
870 1668 1001 1717 credi
1019 1678 1242 1735 oporteat
1256 1668 1330 1716 vel
1353 1685 1453 1716 non
1475 1687 1486 1715 z
1508 1668 1627 1734 quid
1647 1677 1792 1715 restat
1815 1668 1906 1715 nisi
1931 1677 1982 1714 ut
2003 1683 2140 1733 aeque
2162 1677 2259 1715 tam
2281 1667 2397 1716 falsa

246 1761 394 1811 quam
415 1763 528 1795 vera
558 1747 928 1813 praedicantibus
956 1749 1346 1815 acquiescamus,
1388 1759 1434 1798 et
1459 1749 1589 1797 illam
1628 1749 1786 1797 Fausti
1822 1748 2035 1796 haeretici
2066 1748 2395 1796 defensionem

246 1827 617 1893 praetendamus,
646 1845 742 1894 qua
767 1846 817 1877 se
840 1829 902 1878 ab
924 1830 1291 1896 impugnatione
1316 1829 1533 1879 fidelium
1558 1841 1826 1896 protegere,
1857 1840 1904 1878 et
1921 1831 2052 1896 ipsos
2075 1847 2162 1895 per
2183 1828 2397 1895 Prophe-

246 1917 345 1956 tam
370 1925 425 1957 ac
453 1925 624 1956 eorum
659 1911 949 1959 sententiam
982 1911 1150 1959 nititur
1172 1911 1457 1960 confutare?
1481 1912 1559 1960 Sic
1595 1911 1777 1979 quippe
1811 1910 1985 1968 aiebat,
2013 1910 2134 1959 sicut.
2155 1911 2206 1957 in
2238 1911 2396 1976 primo

246 2001 413 2036 contra
443 1993 675 2039 Faustum
703 1991 828 2039 libro
859 1991 1028 2040 beatus
1058 1994 1278 2041 meminit
1302 1993 1632 2057 Augustinus³,
1675 2012 1698 2038 «
1728 2002 1776 2040 et
1797 1991 1900 2039 haec
1924 1992 2112 2039 enervis
2134 1989 2249 2038 fidei
2282 2008 2396 2038 con-

249 2069 388 2117 fessio
415 2071 463 2118 in
498 2072 687 2120 Christo
711 2073 813 2120 sine
845 2083 962 2120 teste
1004 2083 1050 2121 et
1081 2083 1367 2138 argumento
1400 2090 1501 2120 non
1534 2072 1747 2121 credere.
1776 2076 1958 2138 Nempe
1994 2089 2080 2119 vos
2117 2072 2207 2137 ipsi
2238 2071 2395 2119 dicere

247 2149 408 2198 soletis
443 2169 454 2197 :
489 2151 675 2200 Idcirco
699 2139 763 2201 'nil
788 2170 891 2201 esse
914 2154 1150 2202 curiosius
1185 2154 1555 2220 exquirendum,
1589 2154 1703 2218 quia
1725 2151 1926 2218 simplex
1948 2152 2008 2199 sit
2027 2150 2246 2199 absoluta
2268 2151 2394 2199 chri-

247 2231 401 2278 stiana
440 2232 713 2280 credulitas.
751 2233 1017 2291 Quomodo
1063 2252 1177 2299 ergo
1207 2252 1339 2282 nunc
1373 2234 1487 2282 fidei
1525 2233 1876 2299 simplicitatem
1908 2232 2177 2292 destruitis,
2205 2232 2397 2296 judiciis

246 2327 302 2358 ac
328 2312 530 2360 testibus
559 2331 667 2361 eam
697 2314 975 2362 fulciendo?
998 2335 1022 2359 »
1063 2315 1275 2364 Similem
1317 2320 1369 2363 Β.
1399 2315 1623 2363 Silvestro
1653 2314 2011 2380 oppositionem
2044 2330 2070 2360 a
2092 2311 2265 2360 Judaeis
2292 2312 2394 2361 fieri

247 2392 294 2438 in
321 2386 416 2440 rita
437 2394 540 2457 ejus
565 2393 784 2458 legimus,
812 2411 924 2442 cum
942 2395 1165 2443 videlicet
1187 2413 1270 2445 eos
1294 2396 1354 2444 de
1382 2395 1477 2443 fide
1500 2394 1676 2443 Christi
1704 2393 1974 2442 rationibus
2007 2402 2287 2442 coarctaret.
2327 2396 2395 2441 lta

246 2473 427 2538 quippe
448 2476 680 2540 scriptum
707 2486 777 2524 est
803 2495 812 2523 :
841 2495 864 2521 «
883 2476 1013 2524 Joasi
1033 2476 1138 2525 rabi
1167 2477 1318 2525 dixit:
1349 2477 1538 2524 Rationi
1567 2476 1793 2523 humanae
1821 2492 1921 2522 non
1947 2484 2015 2522 est
2049 2473 2393 2522 committenda

247 2552 381 2614 fides,
411 2555 517 2619 qua'e
539 2557 695 2603 Deum
716 2555 848 2604 hunc
871 2557 1071 2606 suadeat
1089 2558 1238 2620 credi,
1265 2575 1412 2622 quem
1437 2567 1489 2604 tu
1511 2573 1665 2605 unum
1690 2559 1847 2604 Deum
1873 2559 2059 2603 Patrem
2084 2564 2131 2601 et
2153 2554 2321 2601 Filium
2347 2565 2394 2603 et

246 2633 476 2698 Spiritum
507 2646 728 2683 sanctum
763 2635 1025 2685 confiteris.
1067 2657 1090 2682 »
1125 2641 1287 2686 Unum
1314 2638 1524 2701 denique
1546 2637 1699 2685 simile
1724 2636 1905 2684 dictum
1929 2635 2055 2682 beati
2080 2635 2298 2699 Gregorii
2320 2634 2392 2682 di·

245 2714 385 2776 citur,
408 2715 541 2780 quod
556 2716 608 2763 hi
622 2718 705 2780 qui
727 2734 822 2765 suae
842 2718 1066 2765 solatium
1086 2718 1336 2784 imperitiae
1346 2727 1567 2782 quaerunt
1595 2754 1607 2777 ‚
1631 2733 1743 2765 cum
1768 2731 1824 2763 ea
1842 2715 1902 2762 de
1919 2714 2014 2762 fide
2039 2715 2394 2779 interrogantur

246 2793 308 2840 ad
334 2811 438 2858 quae
461 2797 754 2861 respondere
778 2814 875 2844 non
915 2797 1179 2858 sufficiunt,
1206 2798 1363 2844 statim
1385 2795 1619 2859 objiciunt
1643 2795 1787 2854 illud,
1813 2795 2036 2859 inquam,
2062 2794 2198 2859 quod
2223 2795 2270 2841 in
2295 2798 2393 2842 Ho—

246 2873 382 2921 milia
392 2875 759 2939 Evangelzbrum
776 2894 851 2937 xx,
868 2894 980 2924 cum
1002 2877 1061 2924 de
1082 2876 1435 2923 resurrectione
1458 2891 1719 2940 corporum
1734 2874 2031 2939 loqueretur,
2051 2876 2160 2922 ait⁴z
2190 2895 2213 2920 «
2229 2877 2393 2924 Scien-

245 2953 362 3001 dum
391 2954 532 3002 nobis
556 2965 627 3017 est
646 2956 780 3020 quod
804 2956 968 3004 divina
995 2957 1230 3022 operatio,
1270 2957 1310 3004 si
1340 2956 1526 3003 ratione
1549 2954 1996 3021 comprehenditur,
2022 2971 2123 3002 non
2148 2965 2218 3003 est
2243 2956 2395 3003 admi-

245 3034 433 3094 rabilis3
462 3052 550 3083 nec
587 3035 705 3083 fides
728 3035 874 3084 habet
899 3037 1142 3099 meritum,
1171 3037 1248 3084 cui
1267 3036 1482 3084 humana
1504 3036 1627 3083 ratio
1649 3035 1828 3101 praebet
1851 3036 2251 3101 experimentum.
2278 3057 2299 3077 n
2328 3038 2392 3082 Ex

245 3131 340 3179 qua
380 3115 597 3180 profecto
630 3117 882 3178 sententia,
924 3133 986 3164 ne
1011 3116 1231 3165 videlicet
1252 3117 1432 3165 inutilis
1458 3117 1518 3164 sit
1545 3115 1663 3165 fides
1682 3126 1728 3164 et
1760 3133 1928 3182 expers
1963 3117 2145 3175 meriti,
2178 3126 2394 3181 patenter

291 3303 297 3319 ¹
319 3299 345 3332 11
365 3300 535 3342 corinth„
551 3311 622 3343 cap.
643 3312 681 3343 x,
699 3311 727 3335 v.
744 3305 774 3337 4.
795 3321 832 3327 —
850 3307 859 3324 ²
877 3304 927 3337 Sic
950 3305 1100 3338 Amboes.
1124 3324 1159 3329 —
1177 3307 1188 3326 ³
1206 3305 1276 3337 Lib.
1297 3304 1364 3343 ΧΠ,
1382 3305 1482 3346 opp„
1502 3304 1630 3345 t.V111,
1645 3305 1708 3338 col.
1727 3306 1799 3337 225.
1820 3321 1854 3327 —-
1878 3304 1885 3322 ⁸
1903 3301 2027 3334 Hamil.
2051 3301 2085 3332 in
2108 3300 2249 3340 Eram„
2273 3308 2358 3331 xxvi.
