2638 3866
948 231 1291 281 THEOLOGIA
1337 232 1706 283 eflsslsTlANA.
1890 265 1893 269 -
2305 235 2403 282 429

252 351 355 383 esse
395 344 633 383 naturam.
674 335 778 380 Hoc
812 349 1009 397 quoque
1039 333 1226 382 addidit
1256 351 1348 383 nos
1379 352 1480 383 esse
1512 336 1561 383 in
1593 334 1813 383 dominio
1846 334 1976 395 Dei¹,
2005 334 2142 399 cujus
2175 335 2322 384 tutela
2359 348 2403 385 et

251 414 554 481 providentia
578 413 921 479 gubernamur.
950 412 1075 461 Nihil
1097 425 1258 462 autem
1284 432 1404 477 esse,
1430 416 1581 464 invito
1606 416 1828 475 domino,
1861 415 1922 463 de
1946 415 2020 463 his
2042 433 2148 482 quae
2170 417 2400 483 possidet,

251 513 308 544 ex
331 513 391 544 eo
417 495 529 544 loco
561 496 610 543 in
638 512 736 560 quo
762 511 905 542 suum
929 495 1256 555 constituerat,
1285 496 1618 544 auferendum.
1647 499 1706 543 Et
1729 497 1850 544 sicut
1874 497 1958 561 qui
1982 497 2130 545 vitam
2158 499 2403 564 mancipio

250 586 505 642 extorquet
528 577 704 634 alieno,
732 575 935 623 crimine
963 591 1062 622 non
1088 576 1285 637 carebit,
1314 578 1379 626 ita
1404 595 1518 626 eum
1541 577 1624 643 qui
1647 577 1794 625 finem
1820 577 1927 637 sibi,
1954 579 2168 626 Domino
2193 579 2402 627 necdum

245 657 471 722 jubente,
506 658 770 723 quaesierit,
811 673 911 704 non
944 655 1299 705 absolutionem
1336 659 1594 724 consequi,
1635 659 1720 706 sed
1759 668 1964 707 reatum.
2002 662 2111 706 Haec
2148 660 2403 709 Platonicae

250 748 388 787 sectae
416 739 599 786 semina
633 737 772 786 altius
805 736 1020 785 Plotinus
1050 739 1319 803 exequitur.
1355 741 1479 787 Cum
1509 749 1716 798 constet,
1751 739 1925 803 inquit,
1963 742 2402 789 remunerationem

248 819 542 868 animisillic
574 836 676 867 esse
699 817 1024 879 tribuendam,
1051 836 1141 884 pro
1166 819 1316 867 modo
1339 820 1664 885 perfectionis,
1691 819 1753 868 ad
1777 836 1923 885 quam
1952 820 2000 866 in
2032 820 2124 868 hac
2147 822 2242 869 vita
2276 839 2401 870 una-

247 916 451 966 quaeque
489 900 733 966 pervenit;
774 916 875 947 non
922 909 994 947 est
1035 900 1404 966 praecipitandus
1445 902 1551 949 vitae
1591 902 1723 963 finis,
1766 918 1880 949 cum
1921 900 2081 948 adhuc
2119 901 2402 967 proficiendi

247 997 348 1028 esse
389 982 540 1046 possit
575 981 803 1029 accessio.
840 985 996 1045 Ergo,
1042 981 1259 1047 inquies,
1299 982 1383 1045 qui
1414 982 1514 1045 jam
1550 982 1759 1048 perfecte
1791 991 2021 1047 purgatus
2058 991 2159 1042 est,
2204 998 2403 1030 manum

246 1060 334 1108 sibi
368 1061 512 1110 debet
544 1062 745 1124 inferre,
781 1079 893 1110 cum
926 1079 1027 1110 non
1062 1063 1121 1109 sit
1156 1063 1199 1110 ei
1232 1079 1375 1111 causa
1407 1063 1717 1125 remanendi,
1759 1062 1873 1128 quia
1901 1062 2170 1128 profectum
2208 1062 2404 1112 ulterius

247 1161 346 1193 non
372 1147 588 1212 requirit,
619 1147 703 1212 qui
736 1146 799 1195 ad
835 1163 1044 1213 superna
1069 1148 1304 1213 pervenit.
1338 1146 1431 1195 Sed
1471 1146 1567 1195 hoc
1596 1147 1721 1212 ipso,
1759 1163 1858 1211 quo
1898 1146 1988 1193 sibi
2018 1146 2223 1194 celerem
2256 1147 2401 1195 finem

245 1243 330 1291 spe
366 1227 577 1275 fruendae
609 1226 920 1275 beatitudinis
956 1229 1176 1291 arcessit,
1214 1228 1427 1276 irretitur
1460 1228 1633 1293 laqueo
1667 1228 1902 1293 passionis
1942 1246 1952 1274 :
1990 1228 2103 1292 quia
2137 1245 2245 1293 spes
2282 1229 2404 1275 sicut

245 1307 393 1355 timor
427 1309 584 1374 passio
618 1318 706 1356 est.
744 1311 799 1356 Et
822 1308 919 1356 hoc
950 1319 1020 1357 est
1052 1309 1186 1374 quod
1211 1309 1388 1357 Paulus
1413 1308 1567 1356 filium
1597 1326 1681 1375 spe
1705 1309 1812 1356 vitae
1835 1309 2035 1356 verioris
2065 1308 2126 1355 ad
2158 1325 2207 1355 se
2241 1309 2403 1355 venire

243 1398 588 1454 properantem
617 1388 845 1455 prohibet
877 1406 933 1437 ac
965 1389 1167 1455 repellit.
1208 1390 1306 1436 Nisi
1343 1390 1473 1437 enim
1509 1406 1622 1438 cum
1657 1393 1816 1451 Deus,
1858 1390 2031 1454 inquit,
2067 1389 2165 1436 istis
2201 1396 2247 1435 te
2285 1406 2402 1436 cor-

243 1469 376 1533 poris
409 1470 639 1518 custodiis
669 1469 961 1530 liberaverit,
1000 1471 1098 1518 huc
1132 1470 1220 1518 tibi
1258 1470 1416 1518 aditus
1451 1480 1613 1536 patere
1650 1487 1750 1518 non
1783 1480 1958 1536 potest.
1995 1473 2092 1517 Nec
2124 1469 2240 1517 dicit
2268 1471 2399 1535 quod

243 1550 334 1597 nisi
373 1568 503 1599 mors
534 1551 764 1599 naturalis
792 1551 1057 1612 advenerit,
1097 1549 1220 1599 mori
1251 1569 1351 1599 non
1383 1552 1582 1618 poteris,
1621 1552 1706 1600 sed
1735 1552 1831 1599 huc
1864 1551 2028 1598 venire
2062 1568 2162 1598 non
2202 1552 2396 1616 poteris.

245 1631 350 1678 Pari
380 1642 543 1680 autem
568 1632 838 1681 constantia
861 1649 1010 1692 mors,
1039 1649 1128 1680 nec
1160 1633 1356 1681 veniens
1389 1650 1476 1698 per
1505 1631 1728 1680 naturam
1751 1632 1967 1680 timenda
1998 1641 2086 1693 est,
2121 1649 2210 1679 nec
2233 1642 2402 1679 contra

243 1712 466 1762 ordinem
489 1713 707 1779 cogenda
734 1723 932 1761 naturae.
953 1734 976 1757 )>
1003 1716 1126 1762 Cum
1158 1715 1320 1779 itaque
1351 1724 1434 1762 aut
1464 1715 1730 1778 Diogenem
1761 1724 1843 1761 aut
1873 1712 2203 1760 Theobrotum
2226 1712 2288 1760 de
2314 1713 2401 1760 sibi

242 1793 371 1842 illata
412 1805 569 1842 morte
608 1794 866 1842 defendere
905 1811 1050 1843 nemo
1095 1806 1354 1861 praesumat
1397 1814 1408 1842 ε
1450 1795 1658 1843 arbitror
1694 1805 1854 1843 tamen
1890 1794 1987 1842 hoc
2027 1794 2090 1842 ad
2127 1794 2402 1859 exemplum

241 1874 529 1939 tolerantiae,
571 1886 619 1923 et
655 1875 717 1923 ad
754 1885 1092 1941 contemptum
1126 1876 1270 1941 hujus
1302 1877 1430 1934 vitae,
1470 1886 1518 1924 et
1544 1876 1845 1924 'desiderium
1879 1886 2066 1923 aeternae
2101 1874 2243 1922 nobis
2279 1875 2402 1923 salu-

239 1953 390 2004 briter
429 1974 457 2005 a
497 1958 672 2006 sanctis
721 1956 939 2022 patribus
981 1974 1084 2006 esse
1123 1958 1450 2023 propositum3
1502 1967 1554 2004 ut
1599 1956 1695 2004 hoc
1738 1955 1905 2004 saltem
1948 1955 2188 2004 laudabile
2227 1956 2278 2002 in
2319 1955 2400 2003 illo

239 2048 553 2100 monstretur,
599 2038 735 2104 quod
768 2037 897 2085 hanc
931 2038 1079 2086 vitam
1121 2039 1186 2087 ita
1223 2039 1593 2103 contempserit,
1633 2054 1732 2085 non
1766 2036 1901 2102 quod
1937 2035 2027 2083 sibi
2069 2053 2242 2083 manus
2281 2037 2399 2100 inje-

238 2118 378 2181 cerit,
422 2120 468 2167 in
509 2121 601 2168 isto
642 2130 803 2168 autem
844 2118 980 2183 quod
1022 2120 1347 2167 immortalem
1386 2119 1557 2167 animae
1595 2117 1942 2167 beatitudinem
1982 2126 2117 2164 tanto
2160 2117 2398 2165 desiderio

239 2199 487 2264 amplexus
520 2201 596 2248 sit.

309 2282 366 2328 Et
397 2282 435 2328 si
470 2292 580 2347 post
614 2283 955 2334 abstinentiam
989 2295 1037 2333 et
1074 2284 1517 2348 magnanimitatem
1548 2281 1971 2349 philosophorum,
2004 2297 2176 2329 eorum
2201 2296 2398 2345 quoque

239 2362 588 2411 continentiam
623 2367 1008 2428 consideremus3
1053 2366 1205 2414 multa
1241 2365 1291 2412 in
1334 2364 1674 2412 confusionem
1711 2373 1926 2411 nostram
1963 2362 2025 2410 de
2054 2363 2122 2410 eis
2157 2371 2204 2409 et
2235 2360 2298 2409 ab
2333 2362 2399 2408 eis

237 2444 412 2509 scripta
446 2446 760 2511 reperiemus,
787 2458 835 2496 et
864 2450 912 2496 in
939 2450 1007 2497 eis
1033 2447 1303 2496 christianae
1334 2445 1648 2505 castimoniae,
1676 2462 1820 2509 quam
1853 2443 2003 2492 Judaei
2026 2460 2125 2490 non
2156 2442 2398 2490 intellexe-

237 2534 368 2585 runt,
407 2525 661 2592 incoepisse
699 2529 1133 2594 pulchritudinem.
1168 2531 1237 2575 De
1266 2542 1365 2593 qua
1395 2544 1483 2593 per
1518 2527 1813 2592 Sapientiam
1850 2526 2091 2573 dicitur':
2136 2544 2157 2567 «
2177 2526 2220 2571 Ο
2252 2539 2395 2586 quam

236 2604 439 2669 pulchra
470 2618 542 2655 est
566 2619 695 2657 casta
730 2611 976 2674 generatio
1007 2627 1120 2659 cum
1149 2608 1386 2657 claritate!
1406 2627 1428 2653 »
1452 2608 1502 2655 id
1524 2618 1594 2656 est
1613 2606 1914 2655 continentia
1939 2607 2043 2653 vitae
2075 2621 2188 2652 cnm
2219 2603 2394 2650 illumi-

237 2686 432 2735 natione
451 2688 712 2754 sapientiae,
736 2707 850 2739 cum
874 2693 968 2739 sint
985 2701 1033 2739 et
1057 2691 1196 2738 fatuae
1214 2690 1437 2753 virgines,
1465 2689 1603 2753 cujus
1621 2698 1668 2735 et
1689 2687 1882 2735 laudem
1907 2686 2066 2734 statim
2090 2684 2397 2750 prOsequitur

236 2763 425 2813 dicens’
452 2785 462 2813 z
494 2771 826 2818 «Immortalis
847 2772 979 2819 enim
1006 2782 1075 2818 est
1106 2770 1341 2817 memoria
1367 2769 1510 2828 illius,
1549 2768 1782 2833 quoniam
1812 2766 1944 2832 apud
1969 2769 2124 2812 Deum
2151 2773 2269 2811 nota
2292 2772 2390 2821 est,

235 2854 282 2891 et
304 2846 437 2910 apud
468 2846 710 2896 homines.
738 2871 759 2893 n
788 2853 910 2897 Cum
943 2867 1151 2916 praesens
1180 2859 1267 2908 est,
1304 2849 1552 2896 imitantur
1581 2848 1737 2908 illam3
1761 2857 1807 2894 et
1839 2846 2112 2894 desiderant
2145 2860 2252 2892 eam
2281 2859 2393 2891 cum

234 2940 284 2971 se
305 2925 539 2987 eduxerit,
565 2938 610 2976 et
630 2929 678 2976 in
700 2940 992 2996 perpetuum
1012 2939 1247 2978 coronata
1263 2928 1549 2994 triumphat,
1576 2927 2054 2992 incoinquinatorum
2076 2924 2392 2972 certaminum

235 3008 487 3069 praemium
523 3009 753 3069 vincens,
793 3027 941 3076 quam
978 3021 1026 3059 et
1062 3011 1249 3058 Veritas
1287 3009 1522 3075 apostolis
1560 3009 1770 3073 injungit
1804 3008 2016 3069 dicens‘,
2059 3006 2208 3053 «Sint
2241 3003 2392 3052 lumbi

237 3088 379 3135 vestri
404 3090 666 3154 praecincti,
691 3110 716 3136 »
744 3100 793 3139 et
815 3091 1072 3158 Apostolus
1097 3091 1303 3139 maxime
1327 3089 1642 3139 commendat
1669 3088 1858 3137 dicens⁸
1883 3106 1893 3135 ε
1928 3107 1950 3134 «
1975 3091 2163 3136 Bonum
2196 3096 2265 3135 est
2302 3085 2393 3132 ho-

277 3288 398 3328 ¹Apud
414 3289 613 3323 Macrobium
638 3301 703 3324 non
729 3293 794 3326 Dei
816 3294 874 3326 sed
899 3293 1050 3327 Deorum
1071 3294 1201 3335 tegitur.
1230 3310 1268 3319 -
1292 3294 1304 3314 ²
1319 3291 1413 3335 Sap..
1433 3301 1505 3334 cap.
1530 3301 1576 3331 iv,
1597 3302 1627 3326 v.
1656 3295 1682 3325 1.
1707 3308 1740 3316 -
1758 3292 1770 3312 ³
1786 3290 1876 3325 Ibid-
1898 3308 1935 3315 --·
1953 3290 1963 3310 ⁴
1984 3288 2083 3331 tue„
2108 3298 2177 3330 ⁶³1)-
2198 3297 2258 3325 ΧΗ·
2282 3297 2310 3319 “-
2337 3288 2390 3319 3⁴⁷¹·

233 3358 273 3365 —
290 3343 302 3362 ⁸
319 3342 472 3378 corinth.
490 3343 517 3385 1,
534 3354 607 3387 cap.
629 3355 684 3385 vn,
702 3356 733 3379 v.
757 3349 784 3380 1.
