2638 3866
807 207 1205 259 lNTRODUCTlO
1240 207 1322 257 AD
1358 207 1771 258 THEOLOGIAM.
2302 216 2361 260 15

209 315 445 365 malitiose
468 312 572 362 fieri
594 310 854 360 videretur.
876 311 915 357 Α
931 326 1032 375 quo
1054 309 1198 356 etiam
1226 308 1432 375 amplius
1455 310 1607 358 amari
1630 312 1786 357 Deum
1810 325 1956 375 quam
1973 326 2000 358 a
2023 310 2238 374 muliere,
2261 314 2366 378 quis

210 413 310 446 non
334 393 629 445 consentiat?
642 390 908 452 Quomodo
932 391 1063 438 enim
1085 389 1165 438 illa
1188 399 1303 438 tunc
1322 392 1482 438 Deum
1500 407 1613 439 vere
1632 390 1849 439 dilexerit
1866 428 1878 452 ,
1902 407 2047 456 quem
2066 391 2157 439 sibi
2175 393 2223 440 in
2247 393 2363 442 dolo

210 478 353 527 fuisse
367 477 587 526 locutum
604 473 888 535 crediderit,
915 489 1027 520 cum
1050 471 1283 537 serpentis
1301 472 1593 537 acquieverit
1615 472 1849 520 consilio?

276 557 424 618 Quod
447 567 610 606 autem
626 554 827 603 nomine
849 553 999 601 Patris
1021 551 1184 600 divina
1200 553 1436 619 potentia,
1454 553 1654 601 nomine
1669 569 1783 600 vero
1803 551 1906 599 Filii
1930 569 2014 600 seu
2031 553 2180 602 Verbi
2203 553 2366 603 divina

210 640 461 705 sapientia,
489 636 688 685 nomine
709 635 914 702 Spiritus
936 634 1087 681 sancti
1117 633 1221 699 ipsa
1243 634 1332 681 Dei
1354 632 1630 699 benignitas
1654 650 1737 681 seu
1762 632 1969 680 charitas
1994 634 2263 699 specialiter
2286 651 2366 683 ex·

209 719 470 785 primatur,
504 734 596 766 nec
628 733 721 765 nos
748 715 1009 778 auctoritas
1031 730 1121 761 nec
1145 714 1266 762 ratio
1289 713 1590 780 subterfugit.
1638 713 1910 762 Potentiam
1944 714 2145 778 quidem
2170 716 2367 764 nomine

212 799 363 848 Patris
392 798 660 866 specialiter
691 796 922 863 exprimi,
947 811 1006 842 ex
1028 794 1192 842 multis
1214 795 1454 859 colligitur
1478 795 1783 844 testimoniis.
1820 793 1961 842 Unde
1994 796 2230 843 Maximus
2265 797 2366 862 epi·

205 895 388 947 scopus
402 880 452 927 in
475 878 778 945 expositione
801 875 1010 942 symboli
1033 874 1169 941 quod
1192 874 1367 924 dicitur
1389 875 1753 943 Apostolorum,
1773 892 1878 940 quae
1902 875 2100 939 legitur¹
2126 876 2174 923 in
2200 877 2369 941 quinta

211 959 586 1025 quadragesimae
608 958 884 1021 Dominica,
908 957 985 1005 his
1008 956 1167 1005 verbis
1186 957 1399 1006 insinuat
1420 976 1430 1006 ε
1456 977 1478 1004 «
1503 957 1669 1005 Credis
1693 957 1742 1004 in
1766 959 1947 1019 Deum,
1974 956 2156 1022 inquit,
2183 967 2368 1023 patrem

211 1041 616 1107 omnipotentem.
652 1043 707 1089 In
738 1042 844 1088 Deo
879 1047 1054 1086 natura
1077 1037 1399 1099 innascibilis,
1432 1039 1482 1086 in
1511 1042 1649 1086 Patre
1675 1038 1877 1102 ingeniti
1901 1037 2101 1099 veritaS,
2129 1038 2178 1085 in
2206 1040 2368 1087 omni-

210 1131 410 1188 potente
432 1121 693 1188 plenitudo
712 1120 906 1171 virtutis
930 1118 1218 1168 ostenditur.
1236 1122 1318 1168 Est
1341 1136 1553 1186 namque
1574 1137 1662 1186 per
1680 1119 1943 1184 ingenitam
1963 1118 2191 1167 deitatem
2212 1122 2371 1168 omni-

209 1212 408 1269 potens,
435 1212 484 1251 et
514 1220 603 1270 per
635 1202 1043 1269 omnipotentiam
1066 1203 1224 1248 Pater,
1247 1218 1270 1246 »
1292 1201 1630 1249 Innascibilem
1662 1200 1758 1249 hoc
1782 1199 1917 1261 loco,
1944 1200 2210 1248 increatum
2234 1201 2367 1263 dicit,

209 1282 471 1348 ingenitam
494 1283 724 1332 deitatem
749 1282 901 1330 Patris
919 1281 1148 1348 appellat,
1168 1280 1265 1329 hoc
1285 1291 1357 1330 est
1378 1299 1492 1330 eum
1515 1282 1675 1330 solum
1699 1298 1755 1330 ex
1772 1280 1925 1328 tribus
1946 1282 2165 1346 personis
2188 1283 2370 1347 ingeni-

211 1372 315 1412 tum
339 1381 442 1413 esse
460 1364 740 1430 profitetur,
769 1379 882 1412 cum
899 1362 1148 1422 videlicet,
1171 1371 1225 1410 ut
1242 1362 1343 1427 jam
1367 1380 1516 1428 supra
1539 1363 1849 1410 meminimus
1864 1400 1876 1422 ,
1906 1362 2037 1410 solus
2059 1363 2160 1428 ipse
2182 1380 2283 1411 non
2311 1365 2370 1412 sit

210 1443 273 1492 ab
295 1445 407 1493 alio.
444 1447 623 1494 Ceterae
641 1461 758 1494 vero
784 1460 1002 1511 personae
1026 1443 1088 1490 ab
1110 1443 1217 1508 ipso
1242 1453 1374 1492 sunt.
1400 1443 1547 1502 Quod
1570 1461 1686 1491 vero
1713 1444 1887 1492 dicitur
1905 1444 2005 1509 ipse
2024 1447 2164 1492 Pater
2187 1461 2274 1510 per
2296 1445 2371 1493 in-

211 1525 420 1589 genitam
435 1526 663 1574 deitatem
687 1542 788 1574 esse
811 1525 1143 1589 omnipotens,
1168 1522 1265 1571 hoc
1285 1534 1357 1572 est
1380 1541 1467 1590 per
1489 1525 1586 1573 hoc
1610 1524 1745 1590 quod
1766 1541 1879 1572 cnm
1906 1525 1964 1571 sit
1980 1527 2127 1584 Deus,
2154 1525 2368 1590 insuper,

211 1615 266 1653 ut
287 1605 472 1654 dictum
491 1616 580 1667 est,
603 1607 706 1672 ipse
730 1606 861 1654 solus
881 1605 941 1653 sit
961 1604 1219 1669 ingenituS,
1248 1614 1296 1652 et
1313 1621 1478 1652 rursus
1500 1622 1588 1671 per
1610 1606 2010 1671 omnipotentiam
2036 1607 2191 1666 Pater,
2211 1616 2374 1671 aperte

211 1685 447 1747 innuitur,
475 1686 611 1751 quod
632 1687 756 1734 sicut
770 1685 1043 1749 ingenitum
1066 1700 1168 1731 esse
1189 1685 1444 1750 proprium
1465 1695 1536 1733 est
1558 1685 1648 1732 Dei
1671 1686 1840 1747 Patris,
1860 1685 1925 1733 ita
1948 1693 1995 1732 et
2019 1684 2082 1732 ad
2105 1686 2371 1751 proprieta-

211 1775 312 1814 tem
335 1766 438 1831 ejus
460 1766 731 1831 specialiter
752 1765 969 1813 divinam
991 1765 1261 1830 potentiam
1279 1766 1541 1831 pertinere,
1576 1765 1688 1813 licet
1710 1781 2013 1831 unaquaeque
2036 1766 2239 1814 aliarum
2261 1784 2373 1833 per-

213 1862 445 1895 sonarum
476 1864 589 1894 cum
619 1847 679 1894 sit
709 1846 927 1911 ejusdem
951 1862 1064 1893 cum
1089 1848 1227 1894 Patre
1255 1845 1556 1907 substantiae,
1586 1847 1804 1911 ejusdem
1828 1847 1887 1893 sit
1913 1847 2104 1911 penitus
2130 1848 2370 1912 potentiae.

213 1929 352 1975 Juxta
388 1927 707 1993 proprietates
748 1927 930 1992 quippe
965 1926 1116 1974 trium
1147 1943 1468 1992 personarum
1485 1963 1498 1988 ,
1526 1927 1748 1992 quaedam
1771 1926 2040 1992 specialiter
2064 1944 2120 1975 ac
2144 1937 2373 1994 tanquam

134 2010 137 2013 ’
212 2008 410 2074 proprie
439 2007 502 2056 de
522 2007 683 2073 aliqua
711 2023 878 2055 earum
908 2006 1006 2055 dici
1029 2006 1105 2055 vel
1129 2008 1282 2075 accipi
1312 2009 1493 2071 solent,
1528 2025 1633 2073 quae
1656 2017 1817 2055 tamen
1837 2007 1974 2071 juxta
2001 2024 2167 2056 earum
2196 2019 2376 2057 naturae

214 2089 490 2151 unionem',
516 2088 716 2153 singulis
746 2088 901 2136 inesse
932 2104 1035 2135 non
1069 2088 1382 2153 ambigimus,
1417 2099 1470 2136 ut
1506 2088 1742 2154 sapientia
1775 2088 1912 2148 Filio,
1945 2087 2150 2136 charitas
2182 2089 2376 2155 Spiritui

214 2179 380 2218 sancto
403 2170 672 2236 specialiter
702 2169 1006 2231 attribuitur,
1035 2187 1148 2218 cum
1170 2180 1332 2219 tamen
1362 2180 1460 2218 tam
1488 2173 1629 2218 Pater
1651 2186 1800 2233 quam
1823 2170 2026 2235 Spiritus
2052 2179 2266 2232 sanctus,
2294 2187 2377 2219 seu

215 2249 360 2298 etiam
385 2260 488 2298 tota.
510 2251 713 2299 Trinitas
738 2250 975 2316 sapientia
998 2251 1075 2313 sit,
1106 2259 1154 2298 et
1177 2251 1392 2299 similiter
1416 2260 1517 2298 tam
1542 2254 1684 2298 Pater
1706 2251 1809 2316 ipse
1834 2267 1982 2315 quam
2004 2250 2148 2298 Filius
2174 2250 2378 2299 charitas

216 2329 313 2377 dici
334 2331 501 2396 possit.
546 2332 623 2379 Sic
645 2331 791 2379 etiam
807 2330 944 2395 juxta
969 2347 1289 2396 personarum
1315 2332 1661 2398 proprietates,
1689 2331 1911 2397 quaedam
1941 2348 2092 2397 opera
2110 2332 2380 2397 specialiter

214 2410 358 2457 alicui
382 2427 600 2476 personae
622 2411 980 2474 attribuuntur,
1020 2412 1239 2476 quamvis
1270 2412 1477 2461 indivisa
1500 2412 1647 2460 totius
1674 2412 1919 2460 Trinitatis
1942 2428 2093 2477 opera
2114 2411 2378 2477 praedicen-

215 2498 312 2552 tur,
329 2500 375 2538 et
400 2491 640 2557 quidquid
666 2492 728 2541 ab
750 2509 848 2540 una
867 2509 1035 2540 earum
1055 2492 1126 2554 fit,
1147 2509 1174 2541 a
1197 2494 1396 2558 singulis
1415 2493 1519 2541 fieri
1539 2503 1745 2542 constet.
1769 2493 1868 2541 Soli
1887 2493 2067 2559 quippe
2083 2493 2199 2540 Filio
2223 2492 2381 2540 carnis

215 2574 455 2638 susceptio
483 2574 754 2639 assignatur
774 2593 784 2622 ε
809 2583 858 2622 et
878 2591 935 2622 ex
959 2590 1086 2639 aqua
1110 2585 1156 2622 et
1178 2575 1350 2641 spiritu
1370 2585 1588 2637 tantum,
1616 2592 1718 2622 non
1742 2591 1801 2622 ex
1824 2591 1950 2639 aqua
1973 2575 2118 2622 etiam
2142 2583 2189 2620 et
2204 2575 2218 2599 ⁸
2243 2577 2379 2621 Patre

216 2651 293 2699 vel
310 2653 431 2701 Filio
450 2656 722 2719 regenerari
739 2655 985 2716 dicuntur,
1004 2671 1117 2703 cum
1133 2665 1296 2703 tamen
1313 2656 1364 2702 in
1386 2656 1486 2703 istis
1507 2655 1652 2702 totius
1676 2655 1894 2720 operatio
1911 2654 2151 2702 Trinitatis
2171 2653 2376 2702 affuerit.

216 2733 294 2780 Sic
316 2743 363 2782 et
376 2733 512 2798 juxta
535 2736 689 2801 ipsam
717 2737 869 2785 Patris
891 2736 1238 2802 proprietatem
1260 2736 1529 2801 specialiter
1550 2737 1594 2783 ei
1617 2745 1665 2783 et
1681 2737 1886 2783 maxime
1910 2751 2015 2799 quae
2036 2734 2098 2782 ad
2112 2734 2378 2801 potentiam

217 2814 460 2878 pertinent
481 2817 711 2882 assignari
733 2817 908 2878 solent,
944 2834 1058 2864 cum
1082 2833 1139 2864 ex
1162 2817 1328 2881 ipsiuS‚
1363 2825 1417 2863 ut
1440 2815 1624 2863 dictum
1648 2825 1736 2877 est,
1763 2816 1982 2877 nomine,
2009 2814 2173 2863 divina
2197 2815 2379 2880 specia-

216 2892 327 2941 liter
350 2896 567 2960 potentia
590 2896 888 2960 designetur,
921 2906 970 2944 et
1002 2913 1061 2943 eo
1086 2897 1191 2961 ipso
1215 2894 1350 2960 quod
1374 2895 1504 2943 solus
1522 2895 1625 2960 ipse
1648 2895 1889 2959 ingenitus
1912 2895 2115 2956 dicitur,
2141 2895 2238 2943 hoc
2260 2904 2330 2942 est
2351 2912 2377 2942 a

217 2974 403 3040 seipso,
429 2991 531 3023 non
555 2975 617 3023 ab
641 2975 755 3035 alio,
781 2976 1004 3035 existens,
1029 2975 1252 3041 quaedam
1281 2975 1325 3023 ei
1360 2975 1629 3023 secundum
1656 2974 1930 3024 substantiae
1957 2975 2159 3025 modum
2182 2975 2378 3041 propria

219 3065 410 3103 maneat
441 3056 683 3121 potentia;
718 3065 773 3103 ut
800 3072 913 3104 cum
945 3055 1169 3104 videlicet
1200 3056 1301 3122 ipse
1322 3059 1462 3104 Pater
1489 3055 1656 3104 omnia
1679 3055 1834 3104 facere
1858 3057 2009 3123 possit
2029 3073 2134 3122 quae
2157 3055 2298 3103 Filius
2332 3063 2380 3102 et

220 3135 421 3200 Spiritus
444 3146 654 3203 sanctus,
683 3136 780 3184 hoc
803 3137 999 3202 insuper
1020 3136 1214 3199 habeat,
1238 3146 1291 3184 ut
1314 3152 1341 3184 a
1364 3153 1415 3185 se
1439 3137 1546 3203 ipso
1572 3136 1703 3185 solus
1727 3137 1829 3203 ipse
1852 3147 1996 3203 queat
2020 3137 2258 3197 exsistere,
2286 3150 2376 3182 nec

268 3309 275 3327 ¹
291 3310 342 3343 Sic
357 3311 436 3345 Cod.
458 3312 541 3347 vict.
561 3314 681 3357 Legem
696 3315 792 3350 Amb.
811 3317 874 3342 —²
889 3317 942 3351 Sto
960 3317 1040 3351 Cod.
1060 3316 1144 3351 Vict.
1162 3316 1332 3350 Naturam
1348 3315 1444 3349 Amb-
