2638 3866
836 218 896 267 ΙΝ
931 218 1262 269 ΕΡΙὸΤΟΒΑΜ
1298 219 1382 269 ΑΙ)
1414 218 1719 270 ROMANOS.
2260 222 2354 269 167

196 321 400 390 Spiritus
432 319 534 386 ipse
564 318 728 368 hahet.
758 320 836 368 Sic
872 329 1102 369 construe
1130 339 1142 368 ε
1171 323 1205 370 Α
1227 324 1331 370 Deo
1356 325 1494 371 Patre
1526 331 1575 371 et
1607 324 1820 372 Domino
1854 326 1965 373 Jesu
2004 323 2221 384 Christo,
2248 325 2352 371 Deo

195 406 333 452 Patre
353 410 519 450 nostro
538 401 673 461 dico,
701 410 800 448 tam
826 401 1024 449 Domini
1054 402 1233 450 scilicet
1263 406 1375 452 Jesu
1399 403 1575 452 Christi
1597 407 1738 454 Patre
1772 421 1918 470 quam
1957 405 2127 453 nostri.
2161 405 2284 452 Hinc
2308 415 2352 452 et

194 485 296 551 ipse
317 482 462 531 Filius
477 485 634 530 Deum
659 484 851 529 Patrem
873 491 972 530 tam
1000 498 1142 530 suum
1169 500 1317 548 quam
1342 494 1566 533 nostrum
1592 484 1801 552 appellat
1830 485 2019 534 dicens¹
2045 504 2055 533 ι
2088 505 2111 531 «
2133 485 2352 551 Ascendo

131 578 133 580 ’
194 564 255 613 ad
292 567 483 613 Patrem
507 579 670 611 meum
695 572 743 610 et
775 565 965 611 Patrem
987 572 1221 611 vestrum.
1251 583 1273 609 n
1297 565 1428 613 Illius
1447 565 1647 631 quidem
1672 582 1758 631 per
1779 576 2030 628 naturam,
2054 566 2206 614 nostri
2236 582 2351 614 vero

194 662 282 712 per
301 644 634 711 adoptionem.
661 646 729 691 Ex
755 660 854 708 quo
878 643 1084 693 maxime
1119 645 1321 709 gratiam
1349 646 1440 694 Dei
1478 663 1590 711 erga
1619 663 1710 694 nos
1739 645 2073 708 commendat,
2097 663 2183 712 per
2206 662 2352 712 quam

195 725 361 774 fratres
378 724 614 773 efficimur
636 733 683 772 et
699 723 974 773 cohaeredes
991 725 1191 773 Domini
1211 728 1320 774 Jesu
1345 726 1534 775 Christi.
1560 727 1663 775 Filii
1680 727 1763 792 qui
1782 726 1989 775 dicimur
2011 744 2097 793 per
2115 742 2351 786 amorem,

197 816 244 855 et
266 806 417 871 magis
439 821 587 871 quam
611 820 699 871 per
731 805 956 853 timorem
984 805 1285 870 subjicimur.
1310 807 1578 855 Dominum
1605 810 1767 856 Jesum
1797 807 1940 868 dicit,
1965 808 2080 873 quia
2103 807 2145 854 ei
2166 806 2354 854 assidua

196 897 243 935 et
265 896 501 954 perpetua
524 886 732 935 debetur
756 885 1057 950 obedientia,
1084 887 1208 936 sicut
1232 888 1447 936 Domino
1472 904 1498 937 a
1522 888 1694 951 servis,
1716 888 1848 954 juxta
1886 889 2020 954 quod
2060 888 2278 954 superius
2311 898 2352 934 et

195 983 247 1016 se
266 985 460 1016 servum
483 967 622 1015 dixit.

266 1068 290 1094 «
319 1049 536 1096 Primum
558 1048 773 1114 quidem.
806 1068 827 1095 ιι
857 1052 926 1098 Ne
949 1049 1193 1116 praemissa
1225 1050 1446 1116 Epistolae
1490 1048 1712 1097 salutatio
1751 1050 1902 1114 magis
1934 1066 1989 1098 ex
2027 1050 2282 1098 occasione
2310 1061 2357 1098 et

196 1129 549 1178 consuetudine
585 1129 830 1178 scribendi
866 1131 1104 1198 Epistolas
1140 1147 1287 1196 quam
1321 1148 1380 1179 ex
1415 1130 1589 1179 affectu
1627 1131 1835 1179 caritatis
1877 1130 2064 1197 prolata
2085 1131 2352 1191 videretur,

195 1219 376 1276 quanta
388 1227 472 1258 eos
494 1211 725 1259 charitate
742 1211 1060 1278 amplectatur
1079 1212 1319 1270 annectit,
1343 1211 1507 1260 dicens
1530 1229 1580 1260 se
1603 1213 1813 1279 primum
1835 1248 1846 1272 ,
1867 1212 1918 1260 id
1935 1223 2005 1260 est
2022 1214 2247 1273 maxime,
2265 1230 2352 1279 pro

195 1291 513 1340 conversione
530 1301 577 1340 et
599 1291 695 1339 fide
721 1294 1052 1342 Romanorum
1068 1330 1080 1354 ,
1107 1296 1211 1341 Deo
1252 1293 1425 1358 gratias
1466 1309 1635 1356 agere,
1669 1309 1780 1340 cum
1804 1309 1893 1358 pro
1936 1292 2162 1340 omnibus
2194 1303 2353 1341 tamen

194 1373 439 1420 conversis
459 1372 510 1420 id
526 1372 804 1421 faciendum
822 1374 897 1422 sit.
927 1375 1198 1440 Oportebat
1224 1375 1368 1422 etiam
1388 1374 1614 1439 gratiam,
1643 1390 1789 1439 quam
1813 1373 1862 1420 in
1889 1390 1972 1420 eos
1993 1374 2252 1438 Apostolus
2276 1374 2355 1422 ha-

149 1496 164 1504 ,
192 1452 341 1501 bebat
356 1491 368 1514 ,
395 1453 528 1519 prius
544 1471 657 1502 eum
677 1455 957 1518 ostendere3
981 1466 1035 1503 ut
1057 1472 1169 1503 cum
1190 1472 1272 1503 eos
1296 1455 1502 1520 graviter
1527 1454 1844 1520 postmodum
1874 1454 2274 1520 reprehenderet,
2298 1472 2354 1503 ex

195 1550 359 1581 amore
382 1533 433 1581 id
452 1534 634 1582 sactum
653 1535 1003 1599 intelligerent,
1031 1547 1078 1585 et
1110 1536 1338 1584 libentius
1363 1536 1465 1600 ejus
1498 1535 1848 1583 correctionem
1870 1534 1948 1583 vel
1971 1534 2354 1583 admonitionem

196 1614 508 1680 susciperent.
535 1615 684 1674 Quasi
719 1630 834 1680 ergo
860 1615 1186 1679 blandiendo,
1224 1633 1360 1664 more
1382 1616 1568 1664 solertis
1593 1615 1821 1678 oratoris,
1847 1615 1981 1680 prius
2004 1630 2088 1662 eos
2110 1614 2278 1675 allicit,
2306 1627 2356 1663 ut

196 1693 258 1742 ad
281 1694 581 1743 audiendum
601 1697 886 1744 attentiores
909 1713 966 1744 ac
997 1697 1263 1746 benevolos
1295 1714 1379 1745 eos
1410 1697 1562 1761 magis
1591 1695 1779 1744 reddat.
1807 1696 1993 1743 Gratias
2021 1695 2165 1743 alicui
2188 1712 2354 1760 agere,

195 1785 266 1823 est
281 1792 372 1842 pro
386 1775 625 1824 beneficio
648 1776 711 1824 ab
734 1794 793 1842 eo
817 1779 961 1842 gratis
983 1778 1160 1827 collato
1177 1795 1289 1826 eum
1302 1778 1527 1841 laudare,
1557 1777 1844 1826 benedicere
1862 1814 1875 1838 ,
1903 1775 2188 1842 glorificare.
2211 1798 2233 1821 ε(
2254 1780 2357 1825 Deo

196 1872 307 1904 meo
325 1873 412 1923 per
436 1859 600 1905 Jesum
614 1857 886 1906 Christum.
912 1877 935 1904 »
959 1862 1063 1907 Hoc
1082 1868 1153 1907 est
1175 1860 1260 1924 qui
1285 1859 1404 1906 mihi
1427 1859 1664 1925 propitius
1684 1859 1833 1906 factus
1853 1867 1949 1918 est,
1973 1858 2095 1905 sicut
2113 1867 2159 1905 et
2179 1860 2357 1906 caeteris

196 1937 531 2002 peccatoribus
549 1955 636 2004 per
646 1939 819 1987 Filium
839 1956 982 1987 suum
999 1939 1361 2006 redemptorem
1375 1957 1431 1988 ac
1444 1939 1764 1987 mediatorem
1780 1948 2017 1986 nostrum.
2037 1939 2162 1986 Vel«
2184 1940 2357 2003 gratias

196 2034 286 2082 ago
306 2039 330 2062 »
355 2022 442 2084 p'er
463 2022 625 2067 Jesum
647 2019 893 2068 Christum
909 2059 920 2078 ‚
950 2022 1065 2087 quia
1088 2022 1138 2069 id
1162 2022 1340 2070 factum
1365 2037 1468 2069 esse
1492 2020 1554 2069 de
1578 2020 1896 2068 conversione
1921 2022 2252 2067 Romanorum
2271 2037 2358 2086 per

195 2097 440 2147 Christum
458 2117 783 2166 recognosco,
809 2119 910 2151 non
935 2120 1023 2169 per
1046 2113 1261 2152 nostram
1282 2104 1509 2151 virtutem
1533 2102 1632 2150 sive
1655 2111 1939 2149 caeterorum
1961 2100 2235 2149 hominum.
2264 2103 2355 2159 Qui

197 2180 341 2228 etiam
362 2181 411 2228 in
428 2180 623 2229 laudem
647 2183 736 2230 Dei
758 2199 837 2231 me
859 2183 1095 2231 idoneum
1120 2200 1176 2232 ex
1204 2201 1283 2231 me
1307 2200 1408 2232 esse
1431 2201 1531 2231 non
1554 2199 1877 2248 recognosco,
1896 2181 1980 2229 sed
2003 2198 2059 2230 ex
2084 2182 2233 2245 gratia
2255 2182 2356 2228 Filii

197 2261 298 2325 ejus
315 2262 392 2309 cui
409 2261 630 2310 deservio
649 2280 660 2309 ε
683 2263 744 2310 de
756 2262 878 2324 hoc,
899 2265 1099 2329 inquam
1115 2302 1125 2322 ‚
1145 2265 1317 2329 gratias
1332 2281 1440 2330 ago.
1470 2285 1492 2308 (ι
1511 2265 1637 2323 Quia
1653 2263 1772 2311 fides
1794 2272 1951 2311 vestra
1975 2263 2303 2309 annuntiatur.
2332 2285 2352 2305 »

198 2343 302 2389 Ηοο
316 2352 403 2404 est,
419 2342 691 2408 divulgatur
713 2343 776 2392 ad
797 2343 990 2392 laudem
1015 2345 1134 2405 Dei,
1153 2355 1200 2392 et
1218 2345 1280 2392 ad
1303 2345 1579 2411 exemplum
1599 2344 1928 2392 conversionis
1950 2343 2156 2391 aliorum
2180 2343 2228 2389 in
2256 2352 2356 2390 toto

198 2421 411 2485 mundo,
433 2422 484 2470 id
497 2433 585 2484 est,
608 2423 886 2489 ubicunque
904 2434 1142 2473 terrarum
1166 2426 1243 2474 vel
1263 2426 1313 2473 in
1333 2426 1543 2473 maxima
1558 2435 1696 2491 parte
1721 2442 1904 2473 earum.
1931 2427 2041 2482 Quo
2067 2441 2184 2472 vero
2208 2426 2358 2488 magis

198 2511 344 2550 notus
366 2513 468 2551 erat
495 2506 741 2552 Romanus
759 2506 972 2572 populus
996 2507 1133 2571 quasi
1156 2516 1304 2573 caput
1320 2508 1467 2555 totius
1492 2507 1684 2563 mundi,
1713 2505 1863 2569 magis
1889 2504 2068 2571 ubique
2087 2505 2356 2552 innotesce-

196 2582 316 2631 bant
337 2600 443 2649 quae
467 2585 597 2651 apud
622 2587 866 2634 Romanos
898 2586 1109 2647 fiebant3
1136 2598 1184 2635 et
1217 2605 1317 2653 quo
1352 2587 1623 2653 superiores
1650 2596 1811 2648 erant,
1847 2586 1993 2648 magis
2032 2584 2250 2649 exemplo
2285 2586 2355 2631 sui

198 2674 395 2712 caeteros
417 2665 481 2713 ad
504 2667 873 2715 conversionem
895 2668 1184 2716 invitabant.
1204 2668 1344 2716 Unde
1367 2668 1691 2726 Quintilianus
1713 2667 1773 2714 de
1797 2668 1926 2714 Caeco
1947 2684 1960 2713 .-
1982 2686 2004 2709 <c
2026 2668 2161 2724 Quo,
2179 2665 2350 2730 inquit,

199 2743 261 2791 ad
288 2744 507 2792 altiorem
538 2747 742 2811 quisque
766 2748 970 2796 honoris
994 2748 1199 2812 gradum
1224 2747 1522 2807 extenditur,
1550 2748 1699 2812 magis
1720 2748 1771 2794 in
1799 2746 2073 2812 exemplum
2099 2748 2355 2811 spectanti—

198 2823 291 2872 bus
307 2835 490 2891 patet.»
514 2830 633 2874 Item
658 2845 668 2874 :
695 2848 717 2871 ct
740 2830 851 2876 Haec
870 2830 1086 2877 conditio
1106 2829 1413 2895 superiorum
1436 2838 1523 2890 est,
1544 2838 1598 2876 ut
1618 2828 1857 2893 quidquid
1874 2828 2070 2886 faciunt,
2097 2828 2355 2894 praecipere

199 2902 472 2956 videantur.
494 2928 517 2952 >2
539 2911 605 2955 Ex
618 2908 695 2956 his
712 2910 910 2974 quidem
928 2921 975 2958 et
988 2908 1323 2958 consimilibus
1343 2901 1557 2976 Apostoli
1578 2909 1763 2972 verbis,
1781 2909 1957 2974 quibus
1981 2909 2095 2956 dicit
2115 2925 2166 2956 se
2188 2910 2359 2973 gratias

201 2989 304 3035 Deo
328 3003 468 3052 agere
493 3005 580 3054 per
605 2991 767 3037 Jesum
793 2990 1056 3051 Christum,
1082 2990 1314 3051 Ecclesia,
1341 2990 1392 3037 ni
1418 2990 1575 3051 fallor,
1606 2991 1655 3038 in
1681 2990 2087 3038 consuetudinem
2109 2989 2245 3037 duxit
2266 3027 2278 3050 ,
2308 3001 2360 3037 ut

202 3066 250 3113 in
277 3067 684 3119 celebrationibus
716 3072 968 3119 Missarum
991 3088 1103 3119 cum
1134 3074 1237 3120 Deo
1275 3071 1400 3119 Patri
1433 3072 1592 3136 gratiae
1614 3071 1912 3132 referuntur,
1942 3070 2018 3119 vel
2041 3071 2092 3118 in
2116 3071 2231 3137 ipsis
2255 3087 2359 3120 ora-

201 3147 391 3196 tionum
411 3150 726 3216 petitionibus
748 3169 938 3219 semper
957 3153 1246 3219 adjungatur
1269 3170 1280 3199 :
1309 3171 1332 3198 «
1354 3156 1444 3200 Per
1471 3153 1740 3201 Dominum
1770 3163 1991 3201 nostrum
2022 3155 2185 3200 Jesum
2212 3151 2357 3199 Chri-

248 3332 374 3376 'Joan.,
390 3344 462 3377 cap.
480 3345 537 3377 xx,
557 3347 586 3369 v.
605 3338 655 3371 17.
