2638 3866
258 231 352 280 696
1065 233 1236 281 PETRI
1271 234 1588 284 ABAELARDI

256 342 410 379 tamus
430 333 476 378 in
510 332 765 379 meritum?
786 334 876 379 Aut
899 332 1016 397 quid
1047 332 1258 398 denique
1283 335 1486 383 concedi
1509 335 1764 401 prohibeat
1788 336 1918 385 illam
1943 337 2112 384 divinae
2138 338 2394 402 majestatis

255 406 452 467 gloriam
487 416 669 453 tantam
700 422 825 466 esse,
855 416 906 453 ut
940 423 1131 471 semper
1161 409 1211 455 in
1242 408 1345 472 ejus
1367 410 1549 458 visione
1583 410 1826 476 profectus
1854 421 2016 460 noster
2043 412 2210 477 aliquis
2244 412 2394 477 possit

255 502 381 544 esse,
420 495 471 532 ut
506 503 604 549 quo
638 485 817 533 diutius
848 503 954 533 eam
984 488 1336 552 conspiciemus
1369 499 1416 537 et
1447 506 1495 537 se
1527 491 1680 556 ipsam
1709 491 1851 538 nobis
1880 491 2085 555 amplius
2109 491 2388 550 innotuerit,

257 566 490 613 beatiores
518 582 607 613 nos
638 566 847 614 efficiat?
882 567 989 614 Plus
1018 570 1199 634 quippe
1231 569 1358 616 istud
1382 571 1506 634 jugae
1530 570 1839 618 beatitudinis
1869 567 2216 619 incrementum
2248 571 2390 629 valet,

256 662 401 710 quam
431 646 585 710 major
606 646 873 709 beatitudo,
902 664 1053 695 unum
1081 658 1266 697 tantum
1291 650 1491 698 modum
1514 651 1793 700 custodiens
1818 661 1865 699 et
1887 652 1937 698 in
1965 651 2098 698 nullo
2123 653 2396 698 cremento²

254 726 527 790 proficiens.

323 810 507 855 Pmms.
540 808 821 866 Quomodo,
850 826 1034 874 quaeSO,
1061 810 1109 857 in
1134 810 1213 858 illa
1235 811 1419 859 visione
1445 812 1534 859 Dei
1565 812 1806 876 profectus
1831 812 2085 877 quisquam
2119 828 2219 860 esse
2246 812 2395 877 possit

255 887 329 934 vel
353 888 512 952 aliqua
537 889 661 936 inter
684 890 812 954 ipsos
835 890 1048 937 videntes
1072 890 1365 952 differentia,
1391 908 1503 938 cum
1526 891 1749 939 videlicet
1779 891 1896 939 illud
1923 893 2124 940 omnino
2151 908 2394 940 summum

253 968 440 1015 bonum
465 969 524 1016 sit
547 970 747 1035 simplex
770 986 861 1018 nec
885 988 1097 1035 unquam
1118 972 1351 1038 conspici,
1379 972 1469 1019 nisi
1492 981 1649 1019 totum
1671 972 1837 1038 possit,
1863 989 1954 1020 nec
1976 973 2157 1038 aliquid
2180 973 2395 1038 conspici

253 1050 315 1097 ab
342 1066 442 1095 uno
466 1050 599 1113 quod
624 1066 724 1096 non
749 1051 1071 1116 conspiciatur
1094 1051 1155 1099 ab
1179 1053 1306 1100 alio?

320 1134 591 1177 CHRISTIAN.
633 1133 738 1177 Non
771 1132 937 1196 utique
968 1133 1017 1179 in
1050 1150 1103 1180 re
1135 1143 1413 1198 conspecta,
1439 1133 1522 1180 sed
1545 1133 1593 1180 in
1620 1133 1768 1180 modo
1792 1133 2119 1199 conspiciendi
2145 1142 2215 1180 est
2238 1133 2397 1180 diver-

254 1211 384 1270 sitaS,
412 1220 464 1258 ut
485 1227 583 1275 quo
611 1210 780 1258 melius
803 1212 1081 1276 intelligitur
1105 1217 1251 1275 Deus,
1279 1213 1529 1260 beatitudo
1555 1223 1716 1260 nostra
1738 1214 1786 1260 in
1812 1213 1913 1277 ejus
1933 1214 2119 1262 visione
2147 1222 2392 1276 augeatur.

254 1295 371 1339 Nam
394 1302 439 1338 et
458 1292 668 1339 animam
689 1292 761 1339 vel
787 1293 1024 1358 spiritum,
1048 1293 1270 1362 quaelibet
1291 1293 1621 1358 intelligendo,
1640 1310 1740 1340 non
1763 1279 2007 1358 aequaliter
2030 1310 2199 1342 omnes
2225 1292 2397 1340 intelli-

252 1374 433 1435 gimus,
469 1372 689 1436 quamvis
723 1381 883 1420 tamen
927 1374 1223 1442 incorporeae
1254 1383 1435 1421 naturae
1474 1384 1632 1440 partes
1666 1375 1716 1421 in
1752 1391 1848 1422 suae
1877 1375 2091 1422 essentiae
2130 1374 2396 1438 quantitate

251 1474 351 1504 non
386 1456 566 1504 habere
590 1456 791 1504 dicatur.
821 1461 878 1504 Et
905 1475 1016 1506 cum
1050 1475 1226 1524 corpus
1249 1458 1502 1523 quodlibet
1525 1459 1599 1506 vel
1623 1459 1782 1524 aliqua
1810 1476 1919 1525 pars
1947 1459 2049 1523 ejus
2073 1457 2133 1506 ab
2156 1456 2396 1523 aliquibus

251 1537 392 1583 simul
427 1536 707 1601 adspicitur,
742 1538 912 1585 melius
944 1538 1006 1585 ab
1038 1540 1147 1601 isto,
1180 1556 1327 1603 quam
1359 1539 1420 1586 ab
1458 1539 1551 1586 alio
1586 1539 1786 1587 homine
1823 1540 1980 1605 ipsum
2014 1538 2321 1603 cognoscitur
2352 1547 2398 1585 et

254 1616 508 1680 perfectius
532 1616 826 1680 intelligitur,
854 1628 899 1665 et
920 1636 1031 1666 cum
1053 1619 1221 1667 eadem
1249 1636 1323 1667 res
1352 1620 1411 1667 sit
1435 1619 1692 1679 intellecta,
1719 1636 1819 1667 non
1844 1630 2004 1667 tamen
2030 1618 2272 1683 aequaliter
2297 1618 2397 1682 ejus

255 1707 477 1745 naturam
509 1698 800 1764 percipiunt.
836 1699 912 1746 Sic
936 1702 1065 1746 Deus
1090 1699 1203 1747 huic
1227 1700 1484 1765 perfectius
1513 1716 1569 1748 ac
1603 1699 1774 1748 melius
1797 1715 1941 1764 quam
1973 1699 2040 1746 illi
2072 1699 2143 1746 sui
2177 1698 2396 1745 notitiam

252 1795 342 1843 pro
377 1778 556 1825 meritis
587 1779 824 1843 impertit,
851 1795 907 1826 ac
939 1797 989 1827 se
1023 1780 1227 1845 amplius
1260 1781 1546 1828 manifestat.
1583 1784 1742 1828 Potest
1771 1781 1949 1845 quippe
1980 1780 2285 1843 contingere,
2325 1788 2392 1839 ut,

253 1875 363 1904 curn
401 1858 565 1905 omnia
596 1859 714 1905 sciat
745 1859 832 1905 iste
862 1876 966 1923 quae
997 1858 1092 1920 ille,
1129 1859 1300 1907 melius
1328 1871 1490 1907 tamen
1523 1875 1579 1907 ac
1618 1860 1874 1925 perfectius
1911 1858 2096 1923 singula
2131 1859 2248 1905 sciat
2276 1858 2392 1919 iste,

251 1955 397 2002 quam
436 1938 537 1997 ille,
573 1948 620 1985 et
652 1955 764 1985 cum
800 1948 867 1985 tot
901 1956 976 1985 res
1019 1939 1080 1986 ab
1115 1940 1205 1987 isto
1250 1949 1371 2004 quot
1402 1941 1464 1987 ab
1495 1940 1579 1987 illo
1613 1940 1841 1995 sciantur,
1879 1955 1979 1986 non
2023 1948 2182 1985 tamen
2227 1946 2298 1984 tot
2335 1937 2396 1985 de

250 2018 433 2065 eisdem
469 2017 612 2065 rebus
644 2019 864 2066 scientias
901 2018 1046 2066 habet
1077 2036 1202 2067 unus
1235 2030 1356 2084 quot
1383 2020 1519 2082 alter,
1558 2030 1641 2067 aut
1670 2037 1770 2067 non
1801 2028 1897 2066 tam
1924 2018 2051 2066 bene
2084 2019 2171 2065 scit
2205 2017 2374 2065 eadem

318 2103 506 2147 Pinnos.
537 2100 781 2164 Numquid
809 2100 939 2148 illam
962 2100 1198 2148 visionem
1221 2101 1338 2163 Dei,
1372 2101 1421 2148 in
1444 2118 1542 2166 qua
1566 2100 1816 2149 beatitudo
1840 2117 1951 2148 vera
1974 2100 2207 2158 consistit,
2240 2098 2396 2163 angeli

250 2197 373 2244 quos
405 2180 566 2245 lapsos
598 2180 776 2240 dicitis,
810 2196 1060 2244 nunquam
1095 2180 1397 2241 habuerunt,
1424 2181 1499 2229 vel
1532 2181 1698 2230 saltem
1727 2181 1805 2229 ille
1835 2181 1957 2228 inter
1992 2196 2075 2227 eos
2106 2179 2392 2245 praecipuus,

252 2261 334 2323 qui
361 2269 629 2307 ceterorum
653 2262 1013 2325 comparatione
1039 2261 1254 2308 Lucifero
1281 2271 1350 2308 est
1373 2261 1716 2327 comparatus?

319 2343 589 2387 CHRISTIAN.
627 2342 1136 2405 Nequaquamutique
1168 2340 1392 2389 habuisse
1430 2342 1726 2390 credendum
1758 2350 1854 2402 est,
1891 2357 1982 2387 nec
2018 2339 2189 2403 aliquis
2223 2354 2392 2385 eorum

252 2421 333 2484 qui
366 2421 577 2476 corruit,
616 2437 706 2467 nec
741 2421 806 2467 illi
842 2422 984 2468 etiam
1018 2422 1101 2485 qui
1137 2438 1237 2468 non
1275 2432 1585 2483 corruerunt,
1623 2422 1782 2469 donec
1817 2431 1926 2486 post
1958 2420 2163 2467 aliorum
2206 2419 2393 2483 lapsum

251 2501 378 2548 hanc
400 2501 652 2561 visionem,
682 2518 767 2566 per
790 2518 935 2565 quam
957 2501 1098 2548 simul
1122 2512 1169 2549 et
1191 2502 1321 2549 beati
1341 2501 1510 2550 fierent
1533 2513 1580 2550 et
1599 2501 1889 2557 confirmati,
1913 2517 1974 2547 ne
1997 2498 2201 2565 amplius
2224 2497 2394 2544 cadere

251 2592 464 2648 possent,
494 2583 543 2629 in
567 2584 1005 2631 remunerationem
1041 2600 1135 2630 suae
1169 2583 1449 2631 humilitatis
1482 2584 1773 2650 acceperint.
1803 2585 1984 2630 Omnes
2021 2580 2201 2645 quippe
2239 2579 2394 2643 angeli

253 2662 372 2708 sicut
405 2673 453 2709 et
475 2662 698 2710 homines
722 2662 839 2710 tales
862 2663 1007 2710 creati
1031 2673 1143 2710 sunt
1171 2673 1223 2710 ut
1254 2662 1380 2711 bene
1403 2680 1542 2727 agere
1570 2672 1765 2731 possent
1789 2671 1836 2709 et
1856 2660 1997 2708 male.
2026 2659 2272 2723 Alioquin,
2311 2659 2395 2723 qui

253 2758 351 2788 non
409 2753 758 2807 peccaverunt,
800 2743 859 2790 de
904 2743 999 2790 hoc
1044 2744 1148 2808 ipso
1198 2743 1331 2807 quod
1372 2745 1541 2792 ceteris
1587 2743 1834 2810 peccando
1874 2758 1973 2789 non
2014 2747 2389 2798 consenserunt,

254 2823 475 2868 meritum
521 2839 620 2869 non
663 2822 916 2872 haberent.
955 2823 1101 2881 Quod
1135 2833 1296 2871 autem
1331 2824 1549 2872 Lucii'ero
1593 2824 1843 2889 cujusdam
1889 2819 2177 2870 excellentiae
2217 2834 2390 2883 praero-

253 2902 405 2964 gativa
436 2912 740 2968 comparatus
769 2913 856 2961 est,
893 2920 992 2950 non
1026 2913 1122 2951 tam
1155 2921 1212 2951 ex
1245 2903 1561 2960 beatitudine,
1598 2920 1744 2968 quam
1781 2920 1837 2951 ex
1874 2900 2080 2950 scientiae
2115 2898 2391 2964 perspicaci-

255 2991 349 3027 tate
373 2981 547 3028 factum
572 2993 661 3042 est,
687 3000 745 3029 eo
771 2983 991 3031 videlicet
1013 2984 1146 3048 quod
1169 2985 1374 3033 scientiae
1397 2986 1504 3033 luce
1528 2985 1829 3051 praestantior
1855 2982 2023 3031 ceteris
2061 2979 2122 3028 ad
2157 2977 2390 3044 quaslibet

252 3077 413 3106 rerum
443 3071 637 3108 naturas
670 3062 1001 3125 intelligendas
1025 3063 1247 3110 subtilior
1278 3065 1502 3113 conditus
1532 3073 1670 3113 esset.
1696 3063 1838 3122 Quod
1863 3061 2058 3127 quidem
2084 3060 2132 3106 in
2157 3074 2207 3105 se
2229 3056 2389 3103 consi-

253 3139 441 3201 derans,
462 3157 518 3186 ex
545 3141 645 3204 ipsa
667 3142 872 3188 scientiae
893 3159 986 3188 suae
1009 3143 1354 3206 magnitudine,
1379 3162 1473 3209 qua
1497 3162 1546 3193 se
1570 3146 1737 3194 ceteris
1760 3142 2006 3209 praelatum
2035 3138 2167 3199 vidit,
2196 3136 2390 3184 inflatus

296 3330 300 3346 ¹
319 3326 390 3358 vid.
406 3326 455 3359 Du
473 3325 579 3365 Gange
601 3326 745 3359 Glossar.
765 3328 847 3360 Med.
867 3331 896 3360 et
914 3329 978 3370 Ins.
997 3331 1068 3365 Lat.
1086 3333 1118 3365 in
1136 3331 1242 3365 Verbo
1260 3330 1475 3364 Cacumen.
