2638 3866
937 207 1281 257 TllEOLOGlA
1327 208 1697 257 CHRISTIANA.
2302 208 2396 255 485

247 328 302 359 ex
338 310 439 376 ipsa
470 309 528 358 sit
556 327 567 356 ι
606 308 668 357 ad
701 308 1046 375 proprietatem
1080 327 1197 358 vero
1232 311 1466 359 materiati
1498 310 1725 375 subsequi
1759 326 1814 357 ac
1848 309 2084 375 posterius
2115 324 2235 356 esse.
2275 310 2397 356 Pro-

245 391 423 458 prietas
460 391 620 456 itaque
654 389 863 438 materiae
896 389 998 455 ipsa
1033 401 1105 438 est
1139 391 1381 456 prioritas,
1417 391 1686 440 secundum
1727 407 1873 456 quam
1909 407 1964 438 ex
2004 406 2061 438 ea
2095 390 2399 438 materialiter

247 471 429 538 aliquid
468 471 571 519 fieri
602 470 766 519 habet.
803 471 1036 519 Materiati
1063 488 1177 518 vero
1207 473 1476 538 proprietas
1506 482 1576 521 est
1604 474 1707 539 ipsa
1739 488 1765 519 e
1788 488 2023 519 converso
2052 472 2393 537 posterioritas.

249 554 569 620 Proprietates
605 552 765 618 itaque
797 552 911 618 ipsae
943 552 1258 617 impermixtae
1295 564 1407 601 sunt
1435 570 1523 619 per
1556 553 1972 620 praedicationem,
2003 552 2116 600 licet
2148 553 2252 618 ipsa
2286 570 2398 618 pro·

247 635 417 702 priata‚
447 645 500 683 ut
522 636 589 684 ita
611 634 788 696 dicam,
820 634 1095 700 permixtim
1117 634 1178 682 de
1202 634 1375 683 eodem
1401 635 1738 701 praedicentur.
1765 633 1906 682 Aliud
1928 634 2107 699 quippe
2131 643 2203 682 est
2223 633 2398 700 praedi·

246 734 355 766 care
385 717 608 779 formam,
645 715 778 764 aliud
813 716 1073 764 formatum
1102 716 1278 781 ipsum,
1310 715 1406 764 hoc
1433 726 1503 764 est
1532 733 1632 764 rem
1657 717 1808 782 ipsam
1841 715 2005 763 formae
2039 714 2322 780 subjectam.
2349 717 2397 763 Si

246 798 375 846 enim
397 797 576 859 dicam,
614 800 776 862 Imago
810 813 948 844 cerea
985 806 1056 844 est
1085 797 1219 862 prior
1256 812 1383 858 cera,
1424 797 1520 845 hoc
1557 807 1628 846 est
1664 797 1964 863 prioritatem
1999 795 2146 844 habet
2180 806 2398 863 respectu

245 894 382 941 cerae,
419 888 536 926 tunc
564 878 716 945 ipsam
751 878 930 944 copulo
954 893 1010 926 ac
1043 877 1252 943 praedico
1286 877 1522 940 formam3
1558 888 1605 926 et
1637 878 1807 926 salsum
1844 886 1915 925 est
1950 876 2086 942 quod
2122 877 2312 925 dicitur.
2351 878 2397 923 Si

245 976 362 1008 vero
395 959 572 1022 dicam,
612 962 776 1025 Imago
811 975 951 1007 cerea
983 969 1053 1007 est
1085 958 1218 1025 prius
1248 974 1375 1021 cera,
1414 959 1511 1007 hoc
1540 969 1610 1007 est
1643 976 1718 1007 res
1746 959 1908 1023 aliqua
1943 959 2076 1024 prior
2109 974 2247 1018 cera3
2284 968 2398 1005 tunc

244 1040 403 1106 ipsum
437 1040 616 1107 copulo
641 1051 689 1089 et
720 1040 931 1107 praedico
968 1040 1255 1100 formatum,
1284 1055 1341 1088 ac
1374 1056 1487 1087 vera
1523 1050 1593 1088 est
1620 1039 1916 1106 propositio,
1956 1055 2067 1087 cum
2103 1039 2205 1105 ipsa
2240 1041 2397 1103 imago

245 1122 303 1169 sit
339 1138 518 1189 corpus
544 1121 678 1188 quod
710 1132 780 1170 est
809 1122 943 1188 prius
973 1138 1100 1170 cera.
1135 1122 1213 1170 Sic
1247 1130 1294 1169 et
1323 1123 1544 1169 Socrates
1569 1138 1668 1168 non
1702 1120 1850 1168 habet
1887 1120 2274 1186 perpetuitatem,
2303 1120 2398 1167 hoc

245 1211 313 1249 est
338 1219 437 1250 non
465 1213 536 1251 est
556 1213 837 1270 perpetuus,
866 1203 978 1251 licet
1001 1203 1059 1250 sit
1092 1219 1168 1249 res
1194 1212 1444 1268 perpetua,
1477 1202 1616 1249 sicuti
1646 1202 1742 1250 hoc
1770 1218 1963 1267 corpuS.
1997 1203 2204 1249 Ostenso
2238 1202 2398 1265 itaque

244 1299 350 1348 quae
379 1283 475 1331 sint
508 1283 884 1350 proprietatibus
907 1283 1112 1346 diversa,
1148 1283 1334 1331 clarum
1358 1292 1429 1331 est
1450 1299 1477 1329 e
1499 1284 1744 1330 contrario
1771 1299 1877 1348 quae
1901 1283 1996 1330 sint
2020 1281 2190 1330 eadem
2213 1298 2398 1330 conve-

245 1364 427 1412 nientia
450 1365 816 1431 proprietatum.

312 1448 382 1493 Ex
430 1445 506 1494 his
546 1456 708 1494 autem
755 1464 861 1512 quae
903 1447 1084 1495 scilicet
1122 1447 1292 1496 eadem
1337 1448 1648 1498 essentialiter
1696 1449 1781 1496 seu
1819 1447 2111 1513 proprietate
2150 1445 2395 1506 dicuntur,

244 1526 467 1592 quaedam
507 1526 801 1576 diffinitione
836 1545 1033 1594 quoque
1072 1528 1241 1577 eadem
1278 1539 1407 1591 sunt,
1443 1530 1566 1578 sicut
1598 1530 1724 1577 ensis
1758 1538 1806 1576 et
1840 1545 2025 1587 mucro,
2069 1526 2143 1575 vel
2176 1529 2315 1574 Maro
2355 1535 2401 1573 et

243 1607 441 1668 Tullius,
473 1618 520 1655 et
551 1625 976 1674 quorumcumque
1007 1609 1177 1658 eadem
1206 1611 1397 1676 penitus
1429 1620 1500 1658 est
1534 1609 1780 1671 diffinitio,
1808 1609 2041 1674 quoniam
2081 1624 2180 1655 non
2218 1607 2398 1654 solum-

244 1688 397 1736 modo
419 1689 546 1736 ensis
572 1699 619 1737 et
644 1706 812 1738 mucro
843 1700 914 1738 est
942 1707 1112 1738 mucro
1139 1702 1186 1739 et
1209 1692 1358 1751 ensis,
1394 1708 1565 1739 verum
1594 1691 1740 1739 etiam
1770 1706 1827 1737 ex
1860 1689 1958 1737 hoc
1993 1688 2128 1754 quod
2156 1688 2282 1735 ensis
2310 1698 2397 1748 est,

245 1785 415 1817 mucro
450 1780 536 1832 est,
564 1780 612 1817 et
643 1786 670 1817 a
703 1787 959 1833 converso,
996 1781 1047 1818 ut
1073 1771 1242 1819 eadem
1267 1773 1460 1837 penitus
1488 1771 1777 1819 diffinitione
1809 1771 1905 1818 sint
1939 1769 2261 1829 terminanda,
2291 1785 2400 1816 cum

244 1849 374 1897 idem
413 1851 472 1898 sit
512 1867 789 1917 expressum
831 1862 878 1900 et
914 1853 1169 1918 proprium
1208 1870 1309 1901 esse
1360 1853 1506 1917 hujus
1546 1852 1680 1918 quod
1721 1851 1864 1900 iltius.
1905 1855 2009 1899 Hoc
2046 1861 2206 1899 autem
2252 1850 2400 1897 modo

246 1931 435 1978 Boetius
470 1930 598 1979 idem
636 1932 810 1998 accipit
836 1933 884 1979 in
919 1933 1079 1998 primo
1122 1935 1405 1999 Topicorum
1441 1933 1522 1982 ubi
1554 1934 1637 1996 ait,
1671 1934 1984 1998 quaestionem
2020 1932 2082 1980 de
2112 1931 2401 1980 diffinitione

244 2027 344 2059 esse
371 2011 433 2060 de
452 2012 646 2075 eodem,
673 2013 822 2061 veluti
841 2030 954 2061 cum
977 2014 1204 2079 quaeritur
1234 2024 1394 2062 utrum
1426 2014 1556 2062 idem
1580 2014 1639 2061 sit
1663 2013 1777 2061 utile
1800 2013 1935 2079 quod
1954 2013 2235 2071 honestum,
2265 2029 2364 2059 «eo
2386 2050 2396 2072 ,

243 2091 417 2157 inquit,
456 2093 591 2158 quod
626 2110 834 2158 quarum
877 2112 1039 2142 rerum
1076 2095 1245 2143 eadem
1272 2106 1342 2143 est
1384 2094 1629 2155 diffinitio,
1673 2096 1786 2160 ipsae
1823 2111 1898 2142 res
1939 2093 2108 2142 eadem
2146 2103 2258 2140 sunt
2298 2112 2307 2139 ε
2355 2103 2400 2140 et

243 2189 450 2236 quarum
474 2191 636 2222 rerum
655 2174 879 2222 diffinitio
902 2184 974 2222 est
997 2174 1205 2237 diversa,
1228 2176 1341 2240 ipsae
1365 2192 1439 2223 res
1462 2185 1574 2223 sunt
1591 2174 1805 2223 diversae.
1824 2194 1847 2218 »
1870 2174 2218 2221 Diffinitionem
2239 2183 2398 2221 autem

244 2253 339 2301 hoc
372 2254 483 2302 loco
517 2256 806 2321 accipimus,
841 2273 950 2321 quae
984 2272 1038 2303 ex
1071 2256 1260 2320 integro
1291 2257 1387 2304 vim
1412 2266 1459 2305 et
1484 2256 1828 2322 proprietatem
1860 2255 2047 2304 definiti
2079 2255 2327 2321 exprimit,
2355 2265 2399 2301 et

243 2335 530 2382 sententiam
558 2337 772 2384 nominis
795 2337 845 2383 in
875 2336 1010 2384 nullo
1033 2336 1250 2399 excedit,
1288 2353 1378 2385 nec
1405 2336 1467 2385 ab
1494 2354 1553 2385 eo
1584 2337 1846 2399 exceditur,
1876 2346 1929 2385 ut
1951 2337 1991 2384 si
2024 2337 2132 2402 quis
2159 2334 2400 2383 diffiniens

242 2432 438 2482 corpuS,
473 2416 603 2465 dicat
632 2418 791 2483 ipsum
822 2434 925 2466 esse
952 2416 1270 2467 substantiam
1293 2434 1607 2485 corpoream,
1635 2435 1736 2466 non
1770 2417 2085 2466 substantiam
2113 2418 2395 2475 coloratam,

243 2498 462 2561 quamvis
491 2499 620 2546 enim
647 2498 749 2546 haec
772 2498 997 2547 diffinitio
1034 2499 1336 2548 «substantia
1359 2499 1611 2548 colorata»
1638 2499 1868 2547 omnibus
1894 2508 1941 2546 et
1964 2499 2078 2546 solis
2111 2497 2398 2563 corporibus

243 2579 518 2639 conveniat,
556 2579 681 2627 sicut
709 2579 814 2640 illa3
850 2596 951 2628 non
981 2590 1141 2628 tamen
1176 2581 1276 2627 vim
1307 2591 1355 2628 et
1385 2581 1671 2628 sententiam
1702 2580 1847 2645 hujus
1882 2579 2118 2639 nominis,
2159 2578 2291 2642 quod
2328 2588 2398 2624 est

242 2674 437 2723 corpus,
463 2660 632 2725 aperit,
659 2661 782 2708 sicut
807 2661 918 2709 facit
940 2662 1021 2710 illa
1049 2680 1059 2709 :
1090 2661 1204 2725 quia
1223 2678 1404 2708 nomen
1434 2678 1689 2727 «corpus»
1716 2661 1934 2708 colorem
1959 2676 2059 2706 non
2085 2658 2392 2717 determinat,

244 2738 378 2802 quod
410 2748 478 2786 est
503 2740 727 2788 accidens
755 2743 967 2807 corpori,
994 2742 1116 2789 sicut
1140 2741 1428 2789 determinat
1451 2741 1849 2806 corporeitatem,
1881 2757 1986 2804 quae
2011 2749 2081 2786 est
2105 2739 2147 2786 ei
2173 2738 2395 2786 substan-

243 2818 383 2866 tialis.
418 2822 514 2867 Nec
546 2821 611 2869 ita
637 2821 741 2869 haec
776 2821 1003 2869 diffinitio
1033 2821 1243 2870 ostendit
1277 2821 1327 2868 id
1358 2821 1493 2888 quod
1524 2822 1793 2887 proprietas
1828 2821 2006 2884 exigit,
2041 2836 2098 2867 ex
2129 2836 2188 2867 eo
2219 2819 2396 2867 scilicet

243 2898 378 2964 quod
405 2916 584 2966 corpus
612 2911 700 2963 est,
724 2901 847 2949 sicut
874 2901 955 2949 illa
984 2902 1113 2950 facit.
1139 2901 1249 2949 Tale
1273 2911 1344 2948 est
1368 2918 1484 2966 ergo
1507 2901 1667 2949 dicere
1693 2901 1826 2965 quod
1849 2902 1975 2949 ensis
1998 2911 2045 2948 et
2071 2917 2241 2948 mucro
2267 2899 2394 2948 idem

243 2989 356 3027 sunt
379 2979 688 3043 diffinitione,
716 2998 772 3029 ac
795 2983 834 3029 si
863 2982 1105 3030 diceretur
1139 2981 1310 3030 eadem
1335 2982 1540 3030 essentia
1570 2983 1636 3030 ita
1668 2999 1770 3030 esse
1796 2982 1921 3030 ensis
1955 2992 2003 3030 et
2031 2998 2220 3043 mucro,
2261 2981 2394 3046 quod

244 3077 300 3108 ex
323 3078 383 3110 eo
414 3062 549 3127 quod
573 3063 699 3110 ensis
722 3072 815 3125 est,
838 3062 935 3110 hoc
965 3072 1153 3110 tantum
1171 3063 1315 3128 exigit
1336 3072 1390 3110 ut
1409 3079 1579 3110 mucro
1603 3063 1663 3111 sit
1696 3073 1743 3111 et
1765 3080 1791 3111 e
1818 3079 2071 3123 converso,
2100 3073 2151 3110 ut
2176 3062 2395 3110 videlicet

243 3157 345 3189 non
377 3143 536 3190 solum
572 3143 743 3192 eadem
779 3144 984 3192 essentia
1017 3144 1078 3190 sit
1103 3144 1229 3191 ensis
1256 3153 1303 3191 et
1332 3160 1519 3203 mucro,
1549 3160 1716 3191 verum
1748 3153 1796 3191 et
1823 3142 1954 3191 idem
1987 3144 2047 3191 sit
2080 3145 2271 3210 penitus
2294 3160 2395 3190 esse

243 3238 408 3270 ensem
441 3223 578 3288 quod
607 3241 709 3272 esse
738 3241 1042 3272 mucronem.
1080 3224 1262 3273 Eadem
1296 3225 1459 3289 itaque
1483 3224 1771 3272 diffinitione
1803 3224 2046 3286 dicuntur,
2073 3242 2179 3289 quae.
2216 3225 2278 3271 ita
2311 3223 2393 3270 ad-

239 3302 403 3365 juncta
428 3314 558 3366 sunt,
586 3322 684 3352 non
713 3316 762 3352 ut
794 3305 1105 3354 solummodo
1137 3305 1232 3354 hoc
1257 3307 1315 3353 sit
1342 3305 1478 3363 illud,
1506 3323 1673 3354 verum
1701 3306 1842 3353 etiam
1878 3323 1932 3353 ex
1964 3323 2020 3353 eo
2044 3305 2177 3370 quod
2201 3314 2269 3351 est
2300 3303 2393 3349 hoc
