2638 3866
860 246 917 294 IN
953 244 1283 294 EPISTOLAM
1321 246 1399 293 AD
1434 245 1740 294 ROMANOS.
2281 244 2378 292 303

230 356 525 407 everterunt,
559 356 610 394 ut
632 346 763 395 idola
787 356 976 395 tantum
999 346 1288 394 colerentur.
1322 366 1344 390 «
1365 346 1459 395 Sed
1487 345 1606 411 quid
1629 345 1775 394 dicit?
1794 365 1816 389 n
1853 345 1902 392 id
1933 355 2005 393 est
2028 346 2214 412 putavit
2238 346 2303 394 ita
2326 363 2379 394 se

228 428 386 476 solum
419 428 731 487 remansisse,
776 426 861 475 sed
896 427 1045 493 ipsius
1082 426 1170 474 Dei
1217 428 1495 475 testimonio
1533 442 1694 475 errare
1736 426 2103 492 comprobatur.
2138 445 2162 473 «
2193 427 2377 492 Reliqui

231 508 366 569 mihi,
390 529 413 552 >2
440 508 489 556 id
513 518 584 556 est
618 524 716 556 non
742 507 895 572 abjeci
923 523 953 556 a
975 508 1126 572 gratia
1158 523 1281 554 mea.
1313 527 1335 550 (ι
1359 508 1490 567 Baal,
1514 528 1537 552 n
1563 507 1612 555 id
1637 515 1710 555 est
1733 506 1918 554 idolum
1955 508 2064 555 Baal
2089 518 2137 555 et
2171 507 2372 556 Jesabel.

233 590 350 637 «Sic
378 606 511 655 ergo.
534 608 556 634 n
582 588 994 654 Quandoquidem
1017 588 1079 636 de
1102 588 1237 636 Helia
1262 589 1537 654 exemplum
1561 587 1861 647 induximus,
1891 588 1948 635 ad
1975 588 2093 653 quid
2127 589 2377 637 inductum

229 671 288 719 sit
318 671 629 735 assignemus.
663 674 721 718 Et
747 670 844 719 hoc
873 679 945 718 est
978 669 1113 735 quod
1145 669 1278 728 dicit,
1317 669 1383 716 sic
1415 670 1560 717 etiam
1595 686 1743 731 nunc,
1781 668 2053 734 «reliquiae,
2084 691 2106 714 »
2134 670 2181 718 id
2215 680 2285 718 est
2314 670 2379 717 illi

229 767 354 816 quos
387 767 486 799 non
524 752 697 817 abjecit
733 752 997 813 Dominus,
1026 771 1049 796 «
1072 749 1341 799 secundum
1379 750 1660 799 electionem
1700 751 1857 814 gratiae
1890 751 2002 812 Dei,
2021 769 2043 797 »
2076 767 2174 798 non
2211 753 2376 799 merita

230 831 461 896 ipsorum.
489 852 512 876 ‹<
531 832 580 879 Si
602 841 764 880 autem
787 833 955 896 gratia,
974 850 995 876 ι)
1018 831 1069 879 id
1093 840 1164 879 est
1188 847 1274 896 per
1296 832 1514 895 gratiam,
1542 830 1748 878 subaudi
1768 831 1907 879 salvae
1931 831 2062 879 sactae
2081 840 2209 893 sunt,
2233 851 2256 877 «
2278 832 2377 895 jam

229 928 328 960 non
362 929 419 960 ex
446 912 692 979 operibus,
717 932 740 959 »
768 913 815 961 id
849 923 919 962 est
952 930 1007 961 ex
1032 913 1212 961 meritis
1245 912 1359 960 suis.
1391 916 1497 959 Non
1528 912 1642 960 dicit
1670 929 1757 978 per
1782 913 1968 974 merita,
1992 912 2075 960 sed
2099 929 2155 960 ex
2179 914 2374 973 meritis,

229 994 340 1058 quia
368 1003 416 1041 et
448 995 596 1058 gratia
619 995 707 1042 Dei
744 995 912 1043 merita
941 994 1073 1042 Pauli
1104 1003 1151 1042 et
1181 994 1390 1042 aliorum
1422 1010 1523 1041 non
1556 992 1784 1041 excludit.
1820 993 1914 1042 Sed
1949 1011 2007 1041 ex
2035 994 2215 1041 meritis
2238 1004 2377 1055 esset,

230 1090 330 1122 non
373 1091 429 1122 ex
470 1075 648 1139 gratia,
689 1076 728 1123 si
769 1092 796 1124 a
832 1076 1013 1123 meritis
1046 1076 1224 1123 nostris
1255 1074 1567 1141 procederet,
1600 1090 1690 1121 nec
1725 1074 1873 1138 gratia
1905 1075 1992 1122 Dei
2026 1075 2237 1140 praeiret,
2276 1093 2381 1140 quae

231 1153 375 1202 fidem
404 1155 574 1203 saltem
602 1157 874 1223 inspiraret,
902 1157 978 1205 vel
1007 1156 1345 1222 praedicatores
1368 1155 1608 1220 dirigeret.
1640 1173 1664 1200 «
1685 1154 1966 1220 Alioquin,»
1993 1155 2040 1203 id
2067 1166 2138 1203 est
2159 1157 2199 1203 si
2223 1156 2377 1218 aliter,

232 1234 279 1282 id
317 1245 387 1283 est
418 1238 662 1284 contrario
699 1238 850 1286 modo
887 1236 1180 1304 quam'dico
1207 1237 1461 1295 evenisset,
1496 1236 1547 1284 id
1575 1236 1710 1300 quod
1743 1236 1892 1284 modo
1927 1245 1999 1284 est
2029 1237 2195 1301 gratia,
2229 1237 2276 1284 id
2313 1248 2381 1285 est

230 1317 372 1380 gratis
407 1316 667 1380 collatum,
709 1335 807 1366 non
851 1318 1253 1386 praevenientibus
1286 1318 1466 1365 meritis
1507 1318 1701 1378 nostris,
1743 1317 1892 1382 gratia
1931 1319 2019 1365 Dei
2062 1337 2083 1364 ‹
2119 1335 2219 1365 non
2261 1328 2381 1365 esset

230 1397 393 1461 gratia,
416 1398 548 1446 »sed
581 1399 807 1447 meritum
832 1400 1008 1447 solum.
1042 1399 1398 1447 Convenienter
1432 1398 1494 1446 ab
1530 1397 1663 1446 Helia
1697 1398 2061 1446 similitudinem
2097 1399 2158 1447 ad
2194 1409 2380 1464 tempus

229 1486 449 1526 nostrum
476 1481 732 1545 Apostolus
755 1480 942 1528 induxit
973 1491 1020 1528 et
1048 1480 1355 1528 convenienti
1386 1480 1607 1545 exemplo
1640 1480 1948 1527 temerarium
1977 1480 2215 1544 judicium
2245 1483 2380 1528 Gen-

231 1557 352 1605 tium
383 1559 632 1608 confutare
671 1562 861 1626 incipit,
897 1577 1008 1609 cum
1045 1562 1188 1609 etiam
1224 1570 1415 1608 tantum
1447 1561 1605 1607 virum
1643 1560 1704 1608 de
1742 1561 1981 1608 consimili
2009 1562 2381 1626 praesumptione

232 1654 260 1685 a
300 1640 512 1688 Domino
550 1641 759 1689 viderint
795 1642 1160 1708 reprehensum.
1200 1642 1386 1689 Scim'us
1422 1645 1659 1689 Joannem
1699 1641 1958 1706 Baptistam
2002 1642 2138 1706 quasi
2180 1641 2382 1689 alterum

232 1718 416 1767 Heliam
451 1722 663 1786 primum
699 1723 898 1770 Domini
931 1722 1196 1770 adventum
1231 1722 1542 1787 praecessisse,
1571 1731 1618 1769 et
1645 1722 1883 1787 populum
1917 1722 2212 1783 Judaeorum,
2246 1724 2382 1786 quasi

231 1799 293 1846 de
327 1816 498 1848 eorum
531 1800 807 1867 desperaret
837 1802 1005 1862 salute,
1033 1803 1236 1867 graviter
1269 1802 1482 1867 arguisse
1516 1801 1591 1848 his
1627 1802 1841 1849 verbis²z
1873 1822 1897 1848 «
1918 1803 2173 1851 Genimina
2202 1804 2384 1869 vipera-

232 1896 366 1940 rum,
402 1890 493 1929 etc.
519 1902 542 1926 n
574 1892 628 1929 ut
656 1882 706 1929 in
736 1882 832 1930 hoc
855 1900 1052 1948 quoque
1076 1893 1296 1949 tempore
1319 1883 1477 1947 gratiae
1509 1882 1569 1931 de
1592 1900 1691 1948 quo
1714 1884 1946 1950 scriptum
1975 1894 2046 1932 est
2062 1921 2074 1944 ,
2103 1903 2128 1930 «
2146 1901 2299 1949 usque
2323 1886 2381 1933 ad

232 1962 466 2009 Joannem
482 1961 559 2010 lex
574 1972 622 2010 et
635 1963 903 2030 Prophetae,
923 1983 946 2008 »
967 1981 1023 2012 ea
1042 1982 1148 2030 quae
1164 1981 1296 2012 nunc
1315 1964 1376 2012 de
1393 1964 1528 2012 Helia
1546 1964 1674 2012 dicta
1693 1974 1806 2012 sunt
1825 1980 2093 2012 consonare
2109 1965 2379 2014 videantur.

302 2061 326 2088 α
347 2043 476 2100 Quid
498 2060 631 2108 ergo.
657 2066 680 2088 n
708 2044 1121 2110 Quandoquidem
1144 2063 1202 2093 ex
1221 2045 1455 2093 electione
1482 2046 1643 2109 gratiae
1665 2045 1753 2093 Dei
1774 2047 1935 2111 potius
1960 2062 2105 2110 quam
2125 2063 2183 2093 ex
2204 2047 2383 2094 meritis

232 2122 345 2184 suis,
386 2124 597 2189 reliquiae
630 2135 820 2173 tantum
856 2126 997 2173 lsrael
1034 2127 1175 2174 salvae
1211 2126 1286 2173 vel
1319 2126 1508 2174 salvatae
1531 2126 1666 2174 factae
1690 2135 1820 2186 sunt,
1850 2126 1993 2189 igitur
2017 2126 2150 2190 quid,
2179 2126 2383 2174 subaudi

233 2202 521 2264 dicendum,
554 2206 614 2253 sit
641 2216 794 2272 patet,
818 2206 913 2254 hoc
936 2207 1116 2254 scilicet
1140 2206 1275 2271 quod
1307 2207 1523 2270 sequitur
1557 2207 1669 2270 quia
1701 2206 1877 2271 «quod
1907 2206 2146 2271 quaerebat
2172 2206 2329 2268 Israel,
2354 2227 2376 2252 »

234 2282 283 2330 id
315 2293 384 2331 est
407 2286 680 2350 requirebat
704 2303 732 2335 a
752 2290 856 2334 Deo
888 2287 1025 2352 quasi
1048 2303 1206 2347 suum,
1235 2296 1283 2334 et
1305 2303 1391 2352 per
1414 2303 1562 2353 opera
1584 2286 1675 2334 sibi
1699 2286 1938 2348 debitum,
1966 2304 2103 2335 «non
2128 2297 2199 2336 est
2220 2305 2383 2336 conse·

234 2372 390 2423 cutus,
410 2383 432 2410 »
453 2366 597 2414 vitam
615 2368 794 2415 scilicet
812 2378 1057 2429 aeternam,
1081 2367 1157 2415 vel
1177 2378 1403 2416 aeternam
1422 2367 1767 2415 haereditatem.
1793 2369 2010 2416 «Electio
2029 2385 2144 2416 vero
2158 2407 2170 2430 ,
2197 2390 2219 2413 n
2242 2369 2291 2416 id
2313 2380 2382 2418 est

239 2445 368 2493 Pauli
392 2457 439 2494 et
461 2463 631 2495 eorum
650 2449 733 2513 qui
752 2448 813 2496 de
831 2450 1018 2515 populo
1041 2449 1123 2496 illo
1143 2465 1230 2514 per
1250 2450 1449 2514 gratiam
1474 2449 1562 2496 Dei
1581 2449 1716 2497 electi
1741 2457 1868 2510 sunt,
1892 2450 2026 2515 quod
2049 2450 2305 2515 quaerebat,
2335 2453 2383 2499 id

235 2535 304 2572 est
328 2528 474 2575 vitam
494 2539 739 2591 aeternam,
768 2540 1061 2578 «consecuta
1081 2540 1150 2577 est
1175 2549 1185 2577 :
1212 2531 1368 2578 caeteri
1388 2547 1505 2577 vero
1525 2531 1744 2578 excaecati
1772 2540 1886 2578 sunt
1912 2551 1936 2576 υ
1964 2548 2064 2578 non
2094 2531 2252 2579 solum
2280 2548 2377 2578 non

235 2609 438 2656 assecuti
469 2609 603 2674 quod
642 2610 951 2675 quaerebant,
987 2611 1072 2659 sed
1104 2628 1165 2658 ne
1201 2611 1402 2658 ulterius
1437 2610 1639 2659 credant
1675 2612 1865 2676 penitus
1898 2611 2157 2678 reprobati.
2199 2632 2222 2656 «
2250 2612 2381 2660 Sicut

236 2688 469 2753 scriptum
499 2694 594 2738 est’
617 2709 628 2737 ι
655 2692 800 2739 Dedit
821 2691 913 2739 illis
936 2693 1156 2758 spiritum
1184 2692 1591 2757 compunctionis.
1617 2711 1640 2737 »
1673 2693 1903 2756 Origenes
1939 2710 1949 2738 :
1985 2712 2007 2736 α
2035 2692 2127 2739 Ubi
2151 2693 2382 2758 scriptum

237 2769 295 2815 sit
322 2787 332 2814 :
359 2789 382 2812 (ε
408 2769 553 2818 Dedit
584 2771 675 2818 illis
707 2775 836 2819 Deus
867 2773 1087 2837 spiritum
1106 2773 1515 2837 compunctionis,
1541 2772 1709 2819 oculos
1732 2781 1784 2819 ut
1812 2788 1911 2818 non
1936 2772 2149 2834 videant,
2175 2782 2223 2821 et
2244 2789 2382 2821 aures

241 2868 265 2894 «
282 2858 337 2896 ut
353 2865 452 2897 non
471 2850 669 2898 audiant
689 2871 711 2895 »
733 2868 885 2916 usque
907 2853 957 2899 in
984 2852 1112 2900 hanc
1132 2851 1262 2899 diem
1283 2850 1516 2898 hactenus
1535 2851 1750 2899 invenire
1769 2868 1870 2899 non
1894 2853 2061 2918 potui:
2081 2863 2199 2919 puto
2222 2863 2383 2902 autem

237 2928 334 2977 hoc
370 2930 519 2978 modo
552 2930 724 2979 dixisse
757 2933 1101 2997 Apostolum³z
1136 2932 1340 2979 «Caeteri
1362 2948 1478 2979 vero
1513 2932 1732 2980 excaecati
1756 2942 1884 2994 sunt,
1920 2940 1967 2980 et
1998 2933 2120 2981 sicut
2151 2934 2383 3000 scriptum

241 3032 263 3055 «
286 3020 357 3059 est
386 3011 449 3058 de
471 3010 585 3074 illis,
602 3011 735 3060 dedit
765 3013 832 3060 eis
863 3012 1084 3077 spiritum
1106 3013 1511 3078 compunctionis,
1535 3030 1558 3058 υ
1580 3008 1849 3060 secundum
1877 3030 1934 3062 ea
1966 3030 2073 3079 quae
2095 3014 2155 3062 de
2179 3015 2385 3063 caecitate

242 3091 496 3140 oculorum
518 3102 566 3140 et
591 3092 652 3140 de
674 3092 843 3141 auditu
871 3093 1062 3141 aurium
1086 3110 1171 3159 per
1199 3093 1366 3143 Isaiam
1390 3093 1519 3142 dicta
1546 3095 1685 3142 sunt*
1713 3111 1724 3140 z
1755 3093 1967 3142 «Auditu
1989 3094 2192 3143 audietis
2214 3105 2261 3144 et
2283 3112 2381 3143 non

287 3302 518 3344 ‘Matth.‚cap.
530 3310 621 3342 xxm,
634 3311 661 3336 v.
680 3304 732 3336 33.
747 3320 783 3327 -—
799 3302 914 3343 ²1sai.,
931 3311 1003 3345 cap.
1020 3311 1064 3345 vi,
1081 3312 1112 3335 v.
1131 3304 1163 3337 9.
1177 3303 1360 3345 —³R0m.,
1375 3311 1447 3345 cap.
1466 3311 1514 3344 xi,
1530 3311 1561 3337 v.
1580 3305 1612 3337 7.
1629 3319 1667 3327 -
1681 3300 1796 3343 ⁴1sa5..
1814 3311 1886 3345 cap.
1905 3311 1954 3344 u,
1970 3311 1999 3337 v.
2018 3303 2056 3342 93
2074 3302 2204 3343 Manu„
2220 3310 2290 3343 cap.
2305 3310 2361 3335 xm
2376 3328 2383 3341 ,

244 3364 274 3386 v.
290 3355 338 3387 1⁴.
