2638 3866
278 234 375 282 748
917 232 1088 279 PETRI
1123 231 1440 281 ABAELARDI
1471 233 1784 282 DlALOGUS.

278 334 515 399 agendam
549 332 882 398 poenitentiam
913 333 1073 398 ipsum
1105 332 1283 381 audite.
1324 334 1373 380 Si
1406 334 1604 383 facultas
1635 336 1845 402 suppetit
1880 336 1942 384 ad
1976 336 2217 401 agendum
2250 337 2412 400 bona,

278 416 435 480 ipsum
455 413 644 472 audite;
673 413 712 460 si
735 413 932 460 facultas
951 413 1071 460 desit
1087 412 1149 461 ad
1175 414 1438 462 volendum
1460 416 1628 463 saltem
1650 416 1797 476 bona,
1821 418 1979 483 ipsum
1998 418 2176 466 audite.
2202 419 2251 466 Si
2275 419 2417 468 vultis

278 496 413 555 scire,
442 494 561 558 quid
583 494 642 540 sit
671 509 913 547 summum
939 493 1146 554 bonum,
1173 495 1249 542 vel
1274 512 1370 561 qua
1392 496 1470 544 via
1494 496 1554 543 sit
1575 497 1636 544 ad
1659 497 1775 546 illud
1799 498 2232 564 progrediendum,
2258 499 2418 565 ipsum

277 574 439 622 audite
463 574 724 630 dicentem,
748 594 771 618 «
787 578 887 639 Ego
910 591 1019 622 sum
1040 575 1116 622 via
1139 585 1186 623 et
1208 577 1398 636 veritas,
1425 586 1472 624 et
1491 578 1625 625 vita¹.
1656 597 1678 623 »
1706 582 1825 626 Nam
1844 579 1921 627 via
1945 592 2042 644 qua
2070 579 2165 627 itur
2180 616 2192 639 ‚
2221 589 2269 627 et
2295 582 2417 628 veri-

278 664 347 702 tas
372 671 428 702 ac
450 655 563 717 vita,
585 671 683 719 quo
707 655 818 717 itur,
843 656 944 721 ipse
968 665 1066 703 est:
1094 657 1254 722 ipsum
1277 658 1455 706 audite.
1477 659 1526 706 Si
1549 658 1670 707 forte
1695 660 1747 707 in
1773 660 1848 708 via
1871 660 1962 708 hac
1985 659 2288 709 ambulantes
2310 661 2419 708 estis

275 736 449 797 tristes,
477 752 588 782 cum
612 735 857 801 discipulis
883 736 1106 784 euntibus
1130 739 1410 800 Emmaum,
1437 740 1596 805 ipsum
1631 739 1792 788 audite
1815 741 2143 789 ambulantem
2165 740 2419 789 vobiscum

275 825 322 862 et
353 816 687 864 consolantem
724 833 826 876 vos,
862 826 915 863 ut
945 817 1141 865 tandem
1171 820 1301 867 stulti
1325 830 1372 868 et
1391 820 1517 868 tardi
1542 820 1702 869 cordis
1735 821 2064 879 accendamini
2098 832 2146 870 et
2175 823 2343 870 dicatis
2364 824 2378 847 ²
2403 839 2414 869 ε

278 914 301 940 «
330 899 501 945 Nonne
534 913 619 945 cor
649 907 868 945 nostrum
902 898 1076 946 ardens
1098 909 1201 947 erat
1233 900 1283 947 in
1318 901 1478 963 nobis,
1519 902 1638 949 dum
1670 902 1948 967 loqueretur
1972 904 2023 950 in
2045 904 2123 951 via
2143 913 2191 951 et
2215 904 2421 968 aperiret

275 976 415 1024 nobis
450 979 736 1044 scripturas?
772 997 796 1023 »
830 981 935 1044 lpse
965 989 1057 1041 est,
1079 981 1168 1045 ‚qui
1203 982 1459 1047 scripturas
1495 982 1856 1031 ambulantibus
1890 984 1939 1031 in
1971 1000 2021 1031 se
2044 984 2122 1031 via
2149 993 2196 1031 et
2223 985 2419 1032 veritate

275 1060 428 1123 aperit
467 1077 477 1105 z
527 1061 686 1125 ipsum
718 1059 895 1107 audite,
937 1062 1099 1126 Aperit
1134 1071 1182 1109 et
1215 1079 1361 1110 nemo
1393 1062 1600 1124 claudit,
1636 1063 1793 1128 ipsum
1832 1063 2019 1112 audite!
2052 1063 2420 1112 Ambulantibus

274 1138 415 1200 dicit,
456 1143 607 1187 Bonas
644 1140 782 1188 facite
817 1141 917 1188 vias
951 1151 1130 1190 vestras
1166 1152 1214 1189 et
1250 1142 1408 1190 studia
1429 1153 1604 1205 vestra,
1635 1143 1792 1209 ipsum
1820 1144 1997 1192 audite.
2029 1144 2421 1192 Pervenientibus

273 1218 413 1281 dicit,
452 1220 693 1269 Habitabo
742 1221 1019 1284 vobiscum,
1056 1223 1215 1288 ipsum
1253 1223 1435 1271 audite.
1479 1225 1655 1288 Legem
1700 1225 1969 1274 naturalem
2024 1241 2171 1290 quam
2205 1240 2421 1291 paganus

272 1299 590 1366 philosophus
624 1302 869 1363 defendit,
912 1303 1014 1368 ipse
1038 1303 1197 1351 docet.
1243 1307 1406 1370 Ipsum
1441 1304 1620 1352 audite.
1657 1308 1830 1371 Legem
1861 1307 2015 1371 Moysi
2042 1306 2165 1354 venit
2192 1306 2416 1372 implere,

272 1397 371 1428 non
404 1383 607 1431 solvere.
636 1386 798 1448 Ipsum
819 1383 999 1432 audite.
1028 1387 1121 1432 Lex
1151 1384 1351 1448 quidem
1375 1386 1678 1434 annuncians
1700 1396 1748 1434 et
1775 1386 2113 1435 demonstrans
2138 1387 2421 1451 languorem

271 1478 357 1526 per
383 1464 581 1527 Moysen
606 1464 716 1512 data
741 1474 832 1527 est,
861 1465 1011 1528 gratia
1029 1475 1191 1513 autem
1231 1475 1278 1513 et
1317 1467 1493 1515 veritas
1533 1467 1762 1515 eumdem
1804 1484 1980 1516 sanans
2019 1468 2305 1531 languorem
2335 1484 2422 1533 per

272 1544 432 1590 Jesum
470 1543 712 1591 Christum
747 1545 868 1593 facta
890 1555 977 1593 est.
1019 1549 1181 1611 Ipsum
1221 1547 1401 1595 audite.
1441 1550 1695 1596 Summum
1723 1548 1913 1596 bonum
1945 1565 1995 1596 se
2028 1548 2339 1614 sequentibus
2375 1557 2423 1595 et

273 1622 361 1669 sibi
385 1623 721 1672 obedientibus
748 1626 971 1691 promisit
1005 1627 1054 1673 in
1093 1628 1318 1692 praemio,
1348 1637 1516 1677 caetera
1550 1628 1681 1676 hona
1711 1629 1938 1677 inferiora
1973 1629 2153 1677 eisdem
2185 1627 2423 1677 concessit

274 1702 336 1750 ad
362 1703 633 1766 utilitatem,
660 1706 725 1753 ita
760 1716 814 1753 ut
846 1707 1010 1753 omnia
1035 1718 1360 1772 cooperentur
1393 1710 1461 1756 eis
1497 1710 1548 1756 in
1578 1709 1767 1757 bonum
1796 1726 1883 1776 per
1909 1710 2098 1758 bonum
2124 1722 2287 1767 usum,
2323 1722 2422 1774 -quo

273 1799 373 1830 non
406 1786 564 1831 solum
598 1785 759 1843 bonis,
794 1803 963 1834 verum
998 1797 1046 1834 et
1071 1788 1209 1835 malis
1247 1789 1316 1835 uti
1356 1789 1596 1837 docentur
1634 1791 1683 1837 in
1715 1791 1932 1854 bonum,
1960 1793 1999 1839 si
2032 1802 2195 1839 tamen
2225 1789 2424 1838 audiant

272 1865 448 1929 ipsum.
470 1869 596 1929 Ergo
619 1867 776 1931 ipsum
795 1866 983 1915 audite!
1009 1868 1162 1932 sitque
1185 1868 1329 1916 nobis
1345 1870 1619 1932 anathema,
1637 1871 1916 1936 quicunque
1939 1871 2072 1919 aliud
2091 1872 2251 1931 docet,
2274 1883 2423 1935 quam

273 1946 408 2009 quod
433 1946 578 1994 habet
600 1946 806 1994 verbum
840 1947 1071 1996 doctrinae
1107 1949 1256 2014 ipsius
1285 1951 1592 2014 evangelicae,
1621 1950 1767 2017 plena
1797 1961 1846 1999 et
1866 1952 2093 2014 veritate,
2129 1952 2278 2015 gratia
2301 1951 2424 1998 exci-

272 2035 403 2073 tante
425 2043 481 2074 ac
506 2026 767 2075 roborante
782 2027 1099 2087 voluntatem,
1124 2030 1322 2077 veritate
1345 2029 1650 2079 illuminante
1671 2031 1927 2091 rationem,
1954 2032 2104 2096 gratia
2124 2031 2422 2079 voluntatem

270 2107 591 2170 praeveniente
615 2124 670 2155 ac
691 2107 1040 2172 subsequente,
1067 2110 1264 2158 veritate
1296 2111 1535 2159 rationem
1559 2111 1793 2175 dirigente
1815 2107 1960 2177 atque
1979 2112 2188 2160 ducente
2218 2112 2268 2158 in
2292 2112 2421 2159 viam

270 2187 428 2251 pacis,
467 2188 528 2235 ad
563 2189 767 2254 patriam
788 2189 908 2236 lucis
938 2199 1149 2250 aeternae,
1177 2192 1225 2238 in
1252 2208 1349 2256 qua
1380 2192 1494 2240 dare
1524 2191 1767 2240 videbitur
1797 2202 1845 2240 et
1881 2191 2147 2257 gustabitur
2175 2207 2421 2239 summu-m

269 2265 457 2315 bonum
473 2303 486 2327 ‚
523 2269 659 2333 quod
682 2279 751 2317 est
773 2273 911 2317 Pater
944 2279 992 2317 et
1018 2270 1163 2318 Filius
1199 2281 1247 2319 et
1276 2272 1480 2338 Spiritus
1503 2283 1721 2334 sanctus,
1747 2275 1877 2321 Deus
1903 2289 2029 2321 unus
2051 2288 2108 2322 ac
2129 2273 2300 2320 trinus.
2327 2272 2419 2337 Ipsi

272 2347 423 2411 gloria
445 2350 495 2396 in
518 2350 688 2398 saecula
713 2350 1015 2399 saeculorum.
1055 2354 1226 2400 Amen.

316 2503 322 2522 ¹
341 2500 422 2535 Joan
446 2527 453 2544 ,
472 2512 543 2544 cap.
559 2512 632 2546 xiv,
653 2513 684 2536 v.
701 2506 733 2537 6.
751 2522 793 2529 —-
808 2506 819 2524 ²
835 2504 928 2545 Luc.‚
946 2514 1018 2546 cap.
1038 2514 1135 2547 xxiv,
1150 2515 1180 2538 v.
1197 2507 1248 2541 3-2.
