2638 3866
312 225 341 270 6
1102 218 1262 264 PETRI
1295 216 1601 264 ABAELARDI

310 323 454 370 modo
476 339 525 369 se
548 321 735 379 habeat,
761 335 858 383 quo
876 335 926 366 se
947 318 1125 366 habere
1143 317 1327 365 bonum
1343 318 1387 364 ei
1411 316 1648 364 credimus
1661 333 1779 376 esse,
1800 326 1846 364 et
1868 316 1962 364 hoc
1984 318 2083 379 ejus
2107 317 2268 381 potius
2284 332 2426 379 quam

309 403 454 449 nostri
478 416 618 448 causa
640 398 979 447 desideramus.
1007 399 1138 462 Saepe
1161 413 1366 461 namque
1388 397 1623 460 contingit
1639 406 1693 443 ut
1717 396 1925 460 aliquem
1950 396 2184 457 odientes,
2212 405 2259 442 et
2284 395 2345 442 ab
2369 412 2427 442 eo

307 479 654 544 quoquomodo
679 495 767 525 nos
785 477 1007 524 liberare¹
1035 478 1260 537 volentes,
1284 486 1504 541 optemus
1527 493 1636 523 eum
1660 476 1721 524 ad
1747 476 1954 523 coelestia
1968 476 2068 539 jam
2094 474 2363 534 transferri,
2384 485 2429 520 et

305 576 509 625 superna
528 559 622 605 illic
647 558 795 621 gloria
827 558 916 604 frui
937 573 948 605 :
973 574 1069 621 quo
1092 557 1261 604 melius
1288 558 1332 603 ei
1355 556 1633 619 contingere
1657 556 1723 603 nil
1750 566 1922 621 potest.
1948 559 2044 603 Nec
2067 566 2228 602 tamen
2255 554 2305 602 id
2329 556 2430 618 ejus

304 655 466 686 amore
492 638 712 702 gerimus,
740 637 851 701 quia
874 653 963 701 pro
988 635 1127 683 nobis
1161 636 1209 682 id
1245 636 1404 701 potius
1429 651 1574 700 quam
1596 652 1686 700 pro
1708 636 1811 700 ipso
1834 636 2036 699 agimus,
2062 652 2152 682 nec
2174 645 2272 682 tam
2305 634 2429 681 illius

306 718 570 777 utilitatem,
597 733 742 780 quam
765 725 977 763 nostram
1006 716 1054 761 in
1089 715 1184 762 hoc
1219 715 1534 762 attendentes.
1561 716 1650 762 Cui
1677 715 1881 763 fortassis
1917 715 1965 762 in
2001 714 2095 761 hoc
2128 715 2233 779 ipso
2262 714 2429 760 melius

301 813 447 861 quam
474 796 708 843 nobismet
730 796 841 860 ipsis
865 804 1110 860 optamus,
1136 796 1283 858 magis
1310 794 1469 842 adhuc
1503 795 1744 860 praesentis
1764 795 1871 841 vitae
1890 795 2133 842 miseriam
2150 831 2162 855 ,
2188 810 2334 858 quam
2357 794 2428 839 fu-

303 887 415 923 turae
439 875 639 940 gloriam
663 875 803 922 nobis
823 875 1083 940 cupientes.
1115 875 1258 933 Quod
1283 874 1460 921 Tullius
1485 885 1704 939 quoque,
1727 891 1838 922 cum
1861 875 2116 923 amicitiam
2136 875 2187 921 in
2216 873 2429 920 secundo

303 956 558 1003 Rhetoricae
582 954 827 1014 definiret,
854 954 1105 1019 diligenter
1128 954 1415 1020 providebat
1431 990 1443 1014 ‚
1467 954 1630 1001 dicens
1658 973 1668 1001 ;
1701 972 1724 999 ι(
1746 954 1961 1002 Amicitia
1984 964 2055 1002 est
2076 955 2299 1002 voluntas
2320 969 2428 1016 erga

299 1037 504 1099 aliquem
539 1051 697 1083 rerum
722 1034 988 1094 bonarum,
1017 1035 1165 1099 ipsius
1192 1034 1316 1081 illius
1340 1050 1505 1092 causa,
1529 1051 1674 1098 quem
1699 1033 1867 1098 diligit.
1906 1054 1927 1077 »
1957 1034 2051 1080 Ubi
2077 1033 2293 1098 profecto
2318 1049 2427 1079 cum

300 1115 490 1177 adjecit,
513 1115 660 1179 ipsius
685 1114 807 1161 illius
833 1130 996 1172 causa,
1025 1130 1168 1177 quem
1196 1113 1372 1177 diligit,
1398 1130 1561 1160 veram
1582 1129 1611 1160 a
1633 1113 1746 1161 falsa
1772 1112 1984 1160 distinxit
2007 1113 2283 1160 amicitiam.
2312 1114 2430 1159 Sunt

298 1195 426 1240 enim
447 1195 527 1258 qui
561 1194 677 1241 alios
707 1209 863 1240 amare
889 1193 1128 1254 dicuntur,
1156 1210 1440 1257 quacunque
1455 1193 1719 1240 intentione
1738 1192 1861 1239 bene
1883 1193 1973 1239 illis
1990 1195 2004 1217 ²
2019 1209 2120 1239 esse
2137 1191 2427 1239 desiderent.

299 1273 515 1329 Quicum
532 1272 581 1319 id
597 1288 735 1320 causa
753 1272 826 1318 sui
842 1273 1002 1336 potius
1016 1288 1157 1335 quam
1175 1272 1366 1319 illorum
1383 1282 1541 1336 agant,
1558 1289 1658 1319 non
1675 1282 1772 1319 tam
1786 1272 2034 1319 hominem
2051 1272 2271 1336 diligunt,
2286 1288 2428 1335 quam

298 1352 534 1399 fortunam
554 1352 653 1414 ejus
669 1360 949 1415 sequuntur,
973 1368 1061 1398 nec
1081 1361 1178 1399 tam
1199 1352 1458 1403 commoda
1479 1353 1627 1417 ipsius
1646 1368 1792 1416 quam
1811 1352 1957 1399 suain
1971 1352 2053 1399 illo
2071 1362 2322 1412 venantur,
2345 1368 2431 1398 nec

297 1432 387 1478 tale
407 1431 692 1478 desiderium
714 1440 811 1477 tam
833 1430 1021 1486 caritaS‚
1045 1430 1094 1477 id
1113 1441 1182 1477 est
1199 1447 1335 1478 amor
1357 1431 1603 1492 honestus,
1622 1441 1675 1477 ut
1694 1431 1878 1478 dictum
1900 1441 1985 1489 est,
2011 1448 2159 1496 quam
2175 1430 2427 1496 cupiditas,

299 1511 347 1556 id
366 1521 435 1557 est
458 1527 592 1557 amor
610 1510 892 1557 inhonestus
914 1526 969 1557 ac
991 1511 1156 1574 turpis,
1187 1520 1255 1557 est
1281 1510 1557 1558 dicendum.
1583 1510 1666 1557 Illa
1683 1512 1863 1575 quippe
1882 1527 2019 1558 amor
2044 1512 2146 1568 Dei,
2174 1511 2274 1557 haec
2294 1527 2431 1558 amor

295 1590 450 1636 saeculi
474 1599 775 1654 nuncupatur
797 1608 805 1635 :
833 1590 944 1652 quia
957 1605 1041 1652 per
1061 1589 1195 1636 illum
1220 1592 1323 1636 Deo
1347 1590 1650 1654 copulamur,
1679 1607 1765 1655 per
1783 1592 1927 1638 istum
1953 1591 2210 1638 mundanis
2229 1607 2432 1654 occupa-

296 1686 401 1716 mur
415 1670 556 1728 curis,
573 1679 619 1716 et
632 1670 828 1716 terrenis
842 1668 1132 1715 deservimus
1147 1669 1406 1716 desideriis.
1427 1672 1483 1716 Et
1501 1686 1584 1734 per
1601 1669 1735 1716 illum
1753 1670 1949 1734 quidem
1962 1687 2066 1734 quae
2078 1671 2164 1716 Dei
2181 1679 2290 1716 sunt
2301 1685 2432 1716 cura-

297 1766 419 1810 mus,
439 1766 523 1814 per
546 1749 687 1796 istum
707 1766 810 1812 quae
834 1757 996 1795 nostra
1016 1758 1125 1795 sunt
1142 1748 1467 1813 providemus
1492 1752 1549 1796 Et
1571 1750 1619 1795 in
1635 1749 1717 1796 illo
1739 1748 1844 1796 finis
1863 1760 1933 1797 est
1955 1753 2100 1810 Deus,
2121 1749 2170 1795 id
2193 1759 2262 1796 est
2281 1748 2433 1795 finalis

294 1839 338 1874 et
365 1845 586 1894 suprema
607 1845 765 1888 causa,
792 1829 854 1875 ad
873 1844 1016 1892 quem
1039 1837 1200 1874 nostra
1220 1827 1437 1892 dirigitur
1450 1829 1669 1886 intentio,
1690 1830 1888 1892 quando
1913 1829 2134 1876 videlicet
2155 1839 2252 1875 tam
2275 1829 2430 1892 ipsum

297 1925 440 1971 quam
463 1909 736 1973 proximum
762 1908 999 1970 diligimus
1022 1917 1219 1971 propter
1245 1908 1403 1972 ipsum
1422 1946 1433 1968 ,
1460 1925 1549 1956 nec
1575 1919 1670 1956 tam
1694 1919 1907 1957 nostram
1931 1925 2076 1974 quam
2102 1908 2248 1973 ipsius
2274 1910 2432 1972 sequi-

298 2005 405 2035 mur
428 1988 739 2036 voluntatem.
764 1991 816 2034 ln
841 1988 931 2034 isto
951 1996 1110 2034 autem
1132 1987 1223 2051 ipsi
1245 1989 1563 2052 nosmetipsos
1586 1988 1732 2036 finem
1752 1989 2103 2048 constituimus,
2133 1986 2308 2051 quibus
2322 1988 2432 2034 satis

296 2077 365 2114 est
387 2067 425 2114 si
441 2067 674 2114 desideria
690 2077 850 2114 nostra
871 2066 1214 2130 compleamuS,
1237 2076 1284 2113 et
1304 2067 1536 2114 voluntati
1556 2078 1728 2115 nostrae
1751 2085 2021 2134 pareamus.
2043 2068 2218 2126 Quales
2241 2077 2286 2114 et
2309 2071 2431 2132 Apo-

273 2197 277 2205 ,
297 2148 445 2194 stolus
457 2146 720 2212 praevidens
731 2149 744 2171 ³
763 2165 773 2194 t
791 2166 813 2191 «
832 2150 999 2201 Erunt,
1023 2146 1194 2208 inquit,
1210 2145 1432 2193 homines
1449 2147 1629 2211 seipsos
1649 2157 1880 2210 amantes,
1903 2168 1925 2190 ›>
1938 2148 2034 2194 hoc
2048 2156 2118 2194 est
2135 2147 2185 2192 in
2205 2163 2255 2193 se
2271 2147 2430 2211 potius

297 2243 441 2289 quam
462 2227 510 2272 in
526 2229 630 2273 Deo
653 2227 726 2273 sui
742 2226 917 2273 amoris
936 2223 1082 2272 finem
1105 2226 1464 2273 constituentes.
1494 2229 1616 2274 Cum
1639 2228 1766 2274 enim
1791 2228 2068 2292 proximum
2091 2236 2320 2290 tanquam
2344 2242 2431 2272 nos

298 2307 424 2370 ipsos
457 2322 615 2353 amare
652 2305 922 2369 jubeamur,
962 2320 1269 2370 nequaquam
1292 2322 1545 2370 peccamus
1570 2323 1660 2354 nos
1683 2308 1917 2369 amando,
1944 2307 2028 2354 sed
2046 2306 2244 2365 amoris,
2266 2315 2316 2353 ut
2332 2305 2430 2353 dic-

297 2395 397 2432 tum
415 2395 500 2446 est,
522 2384 667 2432 finem
689 2386 738 2432 in
762 2385 901 2432 nobis
917 2384 1219 2432 collocando.
1241 2388 1296 2431 Et
1318 2402 1427 2432 cum
1451 2387 1601 2433 nostri
1623 2404 1818 2452 quoque
1841 2388 1960 2434 sicut
1976 2397 2024 2434 et
2037 2386 2245 2452 proximi
2266 2401 2431 2432 curam

298 2466 343 2511 in
368 2465 640 2512 necessariis
663 2481 801 2528 agere
823 2463 1098 2525 debeamus,
1129 2464 1363 2511 nonnulla
1384 2475 1582 2531 propter
1608 2467 1926 2532 nosmetipsos
1948 2482 2086 2530 agere
2106 2482 2196 2512 nos
2222 2474 2427 2530 oportet,

295 2554 346 2589 ut
368 2553 414 2590 et
439 2561 528 2591 nos
550 2560 718 2591 eorum
743 2561 846 2608 quae
870 2544 1050 2607 agimus
1074 2560 1218 2591 causa
1239 2543 1459 2608 quaedam
1484 2545 1786 2607 exsistamus,
1814 2546 1899 2593 sed
1921 2563 2040 2607 non,
2065 2554 2118 2591 ut
2134 2545 2318 2591 dictum
2341 2554 2427 2605 est,

299 2623 420 2684 finis,
441 2624 488 2670 id
512 2634 580 2671 est
604 2625 820 2688 superior
837 2634 882 2670 et
901 2638 1122 2689 suprema
1144 2639 1302 2684 causa,
1324 2641 1428 2688 quae
1445 2627 1572 2672 Deus
1586 2635 1672 2672 est.
1694 2627 1797 2672 Hoc
1815 2626 1973 2692 ipsum
1989 2625 2168 2690 quippe
2190 2624 2322 2688 quod
2342 2640 2430 2689 pro

301 2701 436 2748 nobis
457 2704 677 2765 gerimus,
704 2704 743 2750 si
767 2712 892 2750 recte
913 2719 1134 2765 agamus,
1163 2712 1361 2768 propter
1381 2706 1537 2751 Deum
1560 2704 1760 2752 facimus
1775 2743 1786 2765 ‚
1822 2706 1900 2752 cui
1923 2705 2021 2753 hoc
2057 2706 2246 2770 placere
2275 2703 2427 2751 credi-

302 2797 420 2839 mus,
448 2790 493 2827 et
512 2782 611 2845 ejus
637 2782 827 2830 dilectio
850 2791 1023 2829 nostrae
1046 2798 1188 2830 causa
1219 2791 1315 2829 est:
1342 2792 1396 2829 ut
1419 2799 1508 2830 nos
1539 2800 1734 2849 quoque
1757 2794 1955 2850 propter
1979 2785 2135 2850 ipsum
2151 2821 2163 2845 ,
2190 2800 2291 2831 non
2321 2800 2430 2831 eum

300 2870 492 2923 propter
524 2877 612 2907 nos
637 2861 904 2924 diligamus.
938 2862 1159 2926 Alioquin
1185 2878 1405 2927 perverse
1434 2872 1627 2926 agentes
1650 2864 1700 2911 in
1733 2865 1872 2911 nobis
1895 2865 2056 2930 potius
2084 2880 2231 2927 quam
2253 2863 2301 2909 in
2327 2863 2431 2927 ipso

304 2948 474 2985 nostrae
498 2938 760 2987 dilectionis
796 2940 939 2987 finem
964 2941 1375 2988 constitueremus·
1397 2944 1528 2989 Tunc
1551 2959 1668 2990 vero
1692 2953 1891 3009 propter
1913 2944 2070 3008 ipsum
2101 2953 2201 2990 tam
2223 2952 2432 2989 nosmet-

302 3019 429 3082 ipsos
451 3034 595 3082 quam
623 3020 896 3084 proximum
918 3019 1181 3083 diligimus,
1212 3038 1326 3068 cum
1352 3020 1463 3069 ideo
1488 3038 1577 3069 nos
1603 3039 1819 3071 amamus
1834 3058 1847 3081 ,
1871 3023 1985 3087 quia
2005 3023 2102 3070 hoc
2127 3022 2170 3070 ei
2193 3021 2431 3069 credimus

302 3097 485 3159 placere
507 3116 517 3144 ε
547 3114 644 3144 non
670 3099 780 3162 quia
807 3098 947 3146 nobis
972 3099 1084 3146 utile
1104 3098 1223 3159 fore,
1251 3100 1360 3147 licet
1385 3100 1434 3147 id
1466 3111 1651 3149 constet
1671 3102 1837 3151 inutile
1859 3102 2001 3150 nobis
2022 3118 2123 3150 esse
2146 3118 2245 3149 non
2270 3118 2426 3167 posse.

343 3276 348 3290 ¹
366 3271 417 3303 Sic
434 3270 512 3303 Cod.
529 3271 610 3304 Vict.
631 3271 710 3303 Male
727 3273 804 3310 legit
823 3273 915 3304 Amb.
933 3271 1132 3304 deliberare.
1156 3291 1191 3295 -
1209 3276 1216 3291 ·‘
1236 3273 1289 3305 sic
1307 3275 1374 3306 Coti
1409 3274 1489 3307 Vict.
1508 3275 1581 3313 Alii
1598 3277 1692 3310 Amb.
1707 3294 1743 3300 —
1765 3279 1776 3298 ³
1794 3277 1876 3310 Tim.
1900 3276 1939 3317 ΙΙ,
1956 3286 2029 3319 cap.
2048 3286 2097 3316 ιιι,
2113 3286 2143 3310 v.
2162 3280 2193 3310 2.
