2638 3866
280 239 377 288 534
1095 234 1264 281 PETRI
1300 234 1615 282 ABAELARD!

279 351 348 387 est
385 341 513 387 enim
551 339 698 397 nasci,
741 336 873 384 aliud
907 347 1072 383 natum
1107 352 1224 382 esse.
1258 339 1325 382 Ac
1354 352 1441 400 per
1469 334 1564 381 hoc
1588 351 1852 398 numquam
1887 334 2050 393 Filius,
2084 334 2122 380 si
2155 351 2421 399 numquam

281 430 437 467 natus.
468 423 522 465 Et
545 420 584 465 si
614 433 802 482 semper
825 416 985 476 Filius,
1012 433 1200 481 semper
1230 416 1373 480 igitur
1396 425 1552 462 natus.
1577 434 1601 459 »
1629 415 1749 462 Hinc
1777 425 1823 461 et
1846 414 1964 462 illud
1987 415 2223 478 Gregorii,
2249 416 2337 480 qui,
2353 417 2420 464 ait

280 501 327 546 in
360 498 638 558 Moralibas,
674 497 798 544 libro
832 499 1000 544 XXlX¹
1029 516 1039 543 :
1072 517 1094 541 «
1116 497 1354 543 Dominus
1387 499 1516 544 Deus
1544 498 1938 544 ‹hastis-CHRISTUS
1958 493 2008 542 in
2030 511 2090 541 eo
2115 495 2246 559 quod
2273 496 2421 544 virtus

279 589 325 626 et
347 579 577 644 sapientia
600 579 688 625 Dei
713 588 800 637 est,
828 578 888 625 de
913 580 1048 624 Patre
1070 587 1180 624 ante
1206 586 1424 642 tempora
1445 587 1583 623 natus
1606 586 1692 636 est,
1720 576 1793 622 vel
1817 576 1994 641 potius,
2024 575 2138 640 quia
2164 591 2253 623 nec
2276 576 2420 640 coepit

278 659 432 721 nasci,
470 676 558 706 nec
589 659 746 718 desiit,
786 659 1001 706 dicamus
1035 657 1191 705 verius
1222 674 1411 723 semper
1443 666 1601 704 natus.
1640 659 1744 703 Non
1779 666 1940 704 autem
1971 672 2229 721 possumus
2261 655 2419 704 dicere

276 756 463 804 semper
501 740 730 800 nascitur,
771 756 831 787 ne
866 739 1168 804 imperfectus
1207 754 1308 785 esse
1343 737 1575 785 videatur.
1618 740 1673 784 At
1707 754 1823 785 vero
1864 747 1914 784 ut
1946 746 2150 784 aeternus
2182 736 2421 800 designari

275 822 430 868 valeat
455 831 501 869 et
528 821 782 886 perfectus,
808 832 854 868 et
884 842 906 864 «
923 837 1146 885 semper»
1167 819 1400 880 dicamus,
1423 828 1470 866 et
1501 828 1695 875 «natus,
1718 839 1740 862 »
1767 828 2003 883 quatenus
2031 827 2077 864 et
2109 827 2324 865 «natus»
2355 817 2420 866 ad

278 901 617 966 perfectionem
654 902 916 966 pertineat,
963 911 1011 948 et
1058 917 1327 966 «semper»
1370 899 1433 947 ad
1472 899 1785 946 aeternitatem
1819 916 1829 944 :
1876 898 2094 963 quam—vis
2129 897 2226 945 hoc
2260 898 2420 963 ipsum

276 982 409 1047 quod
434 982 698 1047 perfectum
729 982 951 1042 dicimus,
981 981 1187 1028 multum
1214 980 1275 1029 ab
1297 979 1423 1027 illius
1446 979 1750 1045 expressione
1770 979 1978 1025 veritatis
2007 977 2278 1038 deviamus;
2308 977 2421 1042 quia

276 1063 411 1127 quod
445 1062 625 1110 sactum
659 1079 756 1110 non
782 1072 869 1123 est,
902 1079 991 1109 nec
1013 1071 1172 1126 potest
1203 1061 1297 1108 dici
1328 1060 1610 1125 perfectum.
1647 1062 1706 1106 Et
1735 1068 1897 1106 tamen
1932 1057 2221 1105 infirmitatis
2247 1066 2422 1105 nostrae

275 1143 432 1190 verbis
461 1144 697 1191 Dominus
727 1143 1121 1192 condescendens
1132 1144 1164 1204 ²,
1193 1164 1214 1185 «
1238 1146 1415 1203 Estote,
1440 1141 1614 1204 inquit,
1642 1139 1854 1206 perfecti,
1882 1139 2003 1186 sicut
2032 1148 2078 1185 et
2107 1141 2246 1185 Pater
2268 1146 2422 1185 vester

275 1224 479 1271 coelestis
503 1224 742 1289 perfectus
763 1233 850 1271 est.
877 1244 900 1268 »
924 1223 1069 1282 Quod
1096 1240 1209 1271 vero
1231 1227 1283 1270 B.
1308 1223 1598 1286 Augustinus
1621 1221 1682 1269 de
1706 1237 1895 1286 semper
1913 1229 2139 1267 nascente
2164 1229 2212 1266 et
2233 1234 2422 1284 semper

275 1314 390 1352 nato
428 1305 600 1352 dixerit
637 1305 687 1351 in
728 1304 811 1351 illo
851 1306 1175 1365 Quaestionum
1205 1305 1460 1351 LXXXIII
1490 1302 1643 1363 libro,
1685 1302 1817 1366 juxta
1848 1309 2129 1348 consuetam
2159 1298 2421 1347 verborum

273 1385 669 1450 significationem
705 1385 888 1433 dictum
918 1395 1058 1450 puto,
1092 1383 1228 1449 quod
1265 1384 1460 1431 fortasse
1493 1383 1666 1448 aliquis
1697 1382 1827 1430 illam
1861 1380 2175 1446 quaestionem
2199 1397 2418 1441 movens,

276 1468 405 1514 nasci
438 1477 485 1514 et
514 1475 681 1514 natum
703 1482 762 1513 eo
784 1465 935 1513 modo
959 1466 1181 1513 sumserit
1196 1501 1208 1525 ,
1235 1481 1334 1529 quo
1357 1464 1418 1511 de
1442 1462 1830 1527 generat-ionibus
1853 1462 2029 1509 nostris
2061 1461 2264 1525 agimus„
2288 1463 2422 1508 Tunc

274 1548 403 1593 enim
441 1547 573 1594 nasci
598 1546 818 1607 dicimus,
858 1564 970 1593 cum
1001 1546 1223 1593 nondum
1257 1546 1499 1610 completa
1531 1554 1602 1592 est
1635 1544 1875 1603 nativitas,
1901 1543 1983 1590 sed
2010 1542 2266 1600 inchoata3
2306 1551 2422 1589 tunc

274 1644 390 1674 vero
413 1638 599 1687 natum,
637 1627 832 1691 quando
851 1628 950 1691 jam
985 1626 1195 1692 perfecta
1220 1636 1306 1674 est.
1334 1628 1459 1673 Cum
1482 1642 1597 1690 ergo
1620 1625 1727 1690 quis
1755 1624 1820 1671 ita
1847 1623 1994 1671 verba
2023 1622 2264 1688 accipiens
2292 1637 2422 1685 quae-

275 1708 480 1754 stionem
514 1706 796 1770 hujusmodi
836 1708 1067 1767 moverit,
1101 1724 1202 1754 non
1236 1707 1503 1770 incongrue
1534 1715 1726 1753 sanctus
1756 1705 1847 1764 vir,
1885 1714 2069 1751 servata
2101 1703 2273 1750 eadem
2309 1718 2420 1749 ver-

274 1787 451 1834 borum
482 1787 781 1851 acceptione,
818 1786 1000 1834 eisdem
1033 1786 1256 1834 satisfecit
1286 1786 1469 1846 verbis,
1506 1784 1805 1850 praeferendo
1840 1784 2018 1831 scilicet
2053 1782 2346 1848 completam
2375 1790 2423 1830 et

274 1867 534 1932 perfectam
567 1868 943 1931 generationem,
972 1884 1118 1932 quam
1142 1866 1262 1913 Filio
1282 1866 1371 1913 Dei
1394 1865 1586 1912 ascribit
1604 1864 1829 1912 inchoate
1849 1874 1896 1911 et
1920 1863 2141 1911 nondum
2161 1862 2416 1927 complete.

277 1951 332 1995 Et
357 1948 449 1995 tale
472 1958 543 1995 est
564 1947 697 2012 quod
721 1947 838 1995 dicit
861 1948 996 2012 quod
1021 1948 1194 1995 melior
1216 1956 1286 1994 est
1310 1946 1530 1994 nativitas
1555 1963 1662 2010 quae
1687 1961 1957 2009 numquam
1980 1943 2207 1991 inchoata
2231 1959 2422 2008 semper

273 2038 343 2075 est
371 2028 597 2093 perfecta,
637 2044 781 2091 quam
813 2038 935 2075 esset
961 2029 1122 2093 aliqua
1145 2045 1251 2092 quae
1282 2026 1508 2074 inchoata
1542 2042 1730 2091 semper
1765 2033 2091 2090 perseveraret
2124 2022 2420 2088 imperfecta.

273 2108 419 2167 Quod
452 2125 567 2155 vero
601 2107 775 2155 dicitur
802 2108 946 2155 Filius
978 2125 1080 2156 esse
1102 2126 1157 2156 ex
1184 2108 1450 2155 substantia
1480 2107 1647 2167 Patris,
1682 2105 1989 2154 tantumdem
2018 2103 2114 2151 hoc
2141 2103 2252 2151 loco
2284 2113 2424 2151 sonat

272 2206 373 2236 esse
399 2206 457 2236 ex
480 2188 743 2235 substantia
778 2189 926 2236 Patris
954 2198 1190 2253 quantum
1228 2188 1356 2252 gigni
1382 2204 1439 2235 ex
1461 2189 1620 2247 Patre,
1655 2185 1716 2234 ab
1739 2203 1798 2234 eo
1822 2185 1957 2250 quod
1980 2184 2265 2232 translatum
2287 2183 2423 2248 quod

272 2270 322 2316 in
344 2270 520 2316 nostris
543 2268 930 2332 generationibus
954 2270 994 2317 is
1016 2270 1100 2334 qui
1126 2270 1352 2334 gignitur,
1379 2269 1429 2315 in
1454 2285 1512 2315 eo
1537 2268 1599 2315 de
1622 2267 1888 2315 substantia
1914 2266 2064 2313 Patris
2079 2282 2188 2313 esse
2212 2265 2417 2326 dicitur3

272 2349 407 2414 quod
440 2351 488 2396 in
520 2349 620 2414 ipsa
644 2351 950 2412 generatione
980 2351 1182 2397 humani
1210 2350 1428 2415 corporis
1457 2348 1730 2396 traductum
1761 2357 1831 2395 est
1860 2357 1907 2394 et
1929 2363 2218 2394 conversum
2240 2345 2422 2410 aliquid

271 2429 332 2476 de
374 2431 475 2495 ipsa
510 2429 775 2477 substantia
813 2432 1030 2496 corporis
1073 2431 1224 2478 Patris
1258 2431 1306 2477 in
1342 2446 1520 2493 corpus
1556 2429 1674 2476 Filii.
1714 2431 1838 2475 Cum
1870 2445 1984 2491 ergo
2031 2427 2123 2474 tale
2156 2427 2217 2474 sit
2251 2426 2421 2473 Filium

271 2526 372 2557 esse
400 2527 458 2557 ex
497 2509 761 2557 substantia
789 2511 956 2569 Patris,
994 2527 1049 2557 ac
1081 2511 1119 2558 si
1152 2510 1340 2557 dicatur
1373 2510 1502 2572 gigni
1531 2525 1587 2555 ex
1618 2512 1774 2569 Patre,
1813 2508 1934 2554 sicut
1967 2523 2019 2553 ex
2059 2506 2164 2553 solo
2192 2509 2329 2553 Patre
2350 2506 2421 2569 ,gi-

271 2591 447 2653 gnitur,
477 2591 542 2637 ita
562 2589 872 2637 solummodo
890 2607 948 2637 ex
971 2589 1236 2637 substantia
1262 2589 1410 2637 Patris
1433 2606 1535 2636 esse
1555 2588 1747 2650 dicitur,
1769 2604 1870 2634 non
1894 2587 2040 2634 etiam
2062 2603 2119 2633 ex
2135 2584 2421 2633 substantia⁸

270 2671 346 2717 vel
385 2671 587 2736 Spiritus
621 2671 791 2731 sancti,
830 2671 965 2736 quod
1000 2681 1120 2718 esset
1146 2687 1173 2718 a
1196 2670 1353 2736 seipso
1389 2670 1516 2735 gigni
1549 2670 1648 2716 sive
1685 2685 1715 2717 a
1747 2668 1925 2733 Spiritu
1951 2676 2136 2714 sancto.
2164 2666 2424 2731 Gregorius

273 2752 324 2796 in
354 2750 442 2797 Job
469 2750 595 2797 libro
623 2753 833 2809 xxxiv,
865 2771 887 2794 ε(
911 2751 1094 2814 Lingua
1120 2768 1227 2798 mea
1259 2750 1470 2798 calamus
1495 2749 1702 2797 scribae'·.
1730 2769 1751 2794 n
1775 2748 1921 2806 Quod
1949 2748 2195 2812 loquimur
2233 2746 2417 2806 transit,

273 2830 405 2892 quod
445 2831 697 2877 scribimus
734 2841 1000 2896 permanet.
1029 2832 1210 2894 Lingua
1247 2832 1396 2878 Patris
1435 2829 1600 2877 scribae
1637 2829 1847 2876 calamus
1889 2828 2079 2886 dicitur,
2121 2827 2233 2891 quia
2267 2826 2329 2874 ab
2360 2842 2419 2872 eo

274 2908 487 2956 Verbum
521 2911 646 2957 illius
678 2921 970 2958 coaeternum
1002 2928 1057 2959 ac
1088 2912 1190 2959 sine
1220 2912 1420 2959 transitu
1454 2920 1725 2975 generatur.
1753 2929 1775 2953 »
1811 2908 2090 2955 Ambrosius
2120 2907 2178 2954 de
2209 2906 2325 2954 Fide
2356 2905 2417 2953 ad

273 2990 554 3036 Gratianum
592 2992 931 3055 imperatorem
972 3011 981 3038 :
1023 2995 1176 3039 «Non
1222 2991 1323 3038 haec
1359 3001 1472 3038 sunt
1510 2992 1559 3038 in
1595 2993 1699 3038 Deo
1734 2989 2067 3054 corporalibus
2118 2985 2413 3034 aestimanda.

278 3069 828 3132 incomprehensibiliter
863 3082 1116 3134 generatur
1150 3072 1310 3119 Filius.
1353 3070 1711 3137 Impassibiliter
1752 3079 1946 3134 generat
1986 3072 2137 3127 Pater,
2175 3076 2222 3114 et
2255 3076 2416 3112 tamen

314 3277 320 3295 ¹
346 3274 481 3313 Gregor.
501 3274 636 3313 Moral.‚
665 3275 722 3306 lib.
748 3274 862 3314 XXIX,
890 3285 962 3315 cap.
992 3274 1014 3308 Ι.
1036 3294 1072 3299 -
1089 3277 1099 3294 ²
1123 3276 1255 3317 Matth.,
1285 3286 1356 3317 cap.
1378 3285 1409 3315 ν,
1431 3286 1461 3307 v.
1487 3277 1540 3308 43.
1560 3293 1600 3298 —
1615 3276 1627 3295 ³
1643 3274 1729 3307 For-t.
1753 3274 1947 3305 Addendum
1971 3271 2053 3313 filii.
2071 3289 2111 3296 —
2130 3272 2140 3291 ⁴
2165 3270 2295 3303 Psalm.
2322 3280 2414 3307 xmv,

271 3338 299 3359 v.
329 3331 361 3361 2.
