2638 3866
229 250 325 297 428
592 314 594 317 y
1031 246 1203 293 PETRI
1237 246 1554 295 ABAELARDI

230 351 467 416 praecipue
499 349 893 415 potissimumque
925 348 1111 395 fecisset
1132 346 1209 395 vel
1239 348 1382 395 etiam
1410 347 1724 413 praecepisset,
1758 345 1850 392 nisi
1882 360 1939 392 ea
1965 354 2126 391 mente
2152 361 2248 410 qua
2272 345 2367 392 im-

230 431 564 478 mortalitatem
605 429 776 476 animae
810 428 958 490 vidit,
996 444 1303 493 nequaquam
1337 427 1636 488 faciendum,
1673 427 1791 492 quin
1830 426 1973 473 etiam
2007 424 2367 491 prohibendum

229 528 331 558 esse
356 511 630 575 judicasset.
661 528 684 553 »
717 512 833 556 Item
859 519 968 574 post
989 509 1173 568 aliqua¹
1197 528 1207 556 :
1240 529 1264 555 «
1283 511 1442 556 Restat
1473 525 1568 556 una
1598 524 1757 569 causa,
1799 507 1860 555 de
1895 523 1992 571 qua
2022 506 2180 572 dicere
2209 523 2368 571 coepe-

228 608 356 651 ram,
399 607 493 655 qua
532 589 645 637 utile
683 600 895 656 putatur,
936 599 989 638 ut
1023 607 1073 637 se
1110 590 1365 655 quisquam
1399 588 1675 651 interficiat,
1715 588 1894 636 scilicet
1927 604 1989 634 ne
2028 587 2076 633 in
2115 596 2368 652 peccatum

228 672 392 732 irruat,
431 672 508 718 vel
542 671 819 719 blandiente
846 671 1111 737 voluptate,
1147 671 1222 718 vel
1257 670 1427 718 dolore
1457 670 1675 718 saeviente
1703 685 1888 733 :quam
1918 683 2112 714 causam
2138 667 2178 714 si
2203 666 2368 715 volue-

227 752 376 799 rimus
407 752 678 814 admittere,
705 769 763 800 eo
788 769 939 817 usque
967 768 1216 817 progressa
1250 751 1514 817 perveniet,
1540 759 1591 797 ut
1622 749 1851 797 hortandi
1882 749 1976 795 sint
2000 747 2225 795 homines
2252 757 2368 794 tunc

227 848 276 879 se
311 833 472 897 potius
507 833 798 895 interimere,
840 850 952 881 cum
985 833 1177 881 lavacro
1210 842 1382 879 sanctae
1417 831 1789 896 regenerationis
1821 828 1988 890 abluti,
2033 829 2368 875 universorum

226 914 556 961 remissionem
595 914 868 979 acceperint
909 923 1234 979 peccatorum.
1284 916 1417 960 Tunc
1456 913 1586 960 enim
1617 922 1806 977 tempus
1847 920 1919 957 est
1963 909 2167 957 cavendi
2203 910 2368 956 omnia

226 994 381 1042 futura
405 1004 617 1059 peccata,
653 1012 764 1042 cum
789 1004 900 1042 sunt
926 994 1088 1042 omnia
1112 994 1268 1041 deleta
1287 994 1540 1059 praeterita.
1565 1011 1589 1037 η
1616 996 1734 1040 Item
1763 1010 1773 1039 :
1799 1011 1822 1037 «
1840 994 1882 1038 Ο
1901 999 2083 1037 mentes
2111 998 2324 1037 amentes
2351 987 2361 1035 l

225 1075 343 1132 Quis
384 1085 453 1122 est
498 1075 577 1122 hic
616 1086 777 1123 tantus
809 1092 910 1122 non
936 1092 1088 1135 error,
1116 1074 1200 1122 sed
1220 1074 1422 1121 furor?»
1467 1076 1662 1120 Constat
1695 1073 1914 1138 ipsorum
1954 1087 2163 1136 quoque,
2184 1069 2367 1133 judicio

224 1152 629 1218 philosophorum
665 1154 762 1201 hoc
802 1152 1138 1201 detestandum
1180 1169 1311 1212 esse,
1351 1162 1406 1199 ut
1440 1151 1532 1198 sibi
1570 1151 1726 1215 aliqua
1767 1151 1951 1198 ratione
1988 1165 2160 1207 manus
2197 1147 2367 1211 aliquis

222 1233 432 1296 injiciat,
469 1234 603 1299 quod
637 1235 742 1282 sine
778 1234 874 1282 ulla
905 1234 1095 1299 penitus
1131 1233 1412 1298 exceptione
1458 1232 1825 1290 damnaverunt,
1859 1231 1981 1278 sicut
2008 1230 2106 1294 jam
2143 1245 2286 1294 supra
2311 1245 2368 1275 ex

223 1315 324 1379 ipsa
350 1314 560 1362 Platonis
595 1316 831 1363 sententia
858 1314 1194 1378 cognovimus,
1231 1324 1279 1361 et
1301 1313 1572 1362 Macrobius
1605 1313 1856 1378 diligenter
1887 1322 1986 1359 tam
2019 1312 2194 1376 ipsum,
2222 1326 2366 1374 quam

222 1394 505 1441 Ciceronem
537 1406 747 1457 secutus,
777 1395 999 1460 exponit,
1032 1411 1091 1441 eo
1124 1395 1303 1442 scilicet
1332 1394 1442 1442 loco
1476 1402 1844 1452 commentatus,
1880 1391 1964 1438 ubi
1999 1391 2163 1439 Cicero
2187 1390 2365 1451 descri-

220 1474 342 1522 bens
365 1476 618 1523 Somnium
646 1476 899 1541 Scipionis,
920 1476 1078 1541 ipsum
1112 1475 1301 1523 inducit
1333 1476 1608 1541 Scipionem
1639 1492 1753 1522 cum
1788 1472 1936 1521 Paulo
1972 1482 2107 1538 patre
2145 1471 2189 1518 ei
2221 1487 2366 1536 appa-

220 1565 355 1603 rente
380 1555 679 1620 loquentem,
708 1567 754 1604 et
777 1557 1126 1604 desiderantem
1155 1573 1349 1621 quoque
1372 1556 1434 1604 ad
1457 1566 1642 1603 aeternae
1665 1556 1770 1602 vitae
1793 1552 2141 1601 beatitudinem
2167 1568 2366 1616 quoquo

222 1636 370 1683 modo
394 1654 534 1701 posse
558 1655 845 1703 properare;
873 1654 1019 1702 quam
1043 1637 1132 1684 sibi
1158 1655 1243 1703 per
1267 1655 1409 1686 avum
1434 1655 1574 1685 suum
1599 1636 1893 1684 intellexerat
1914 1632 2189 1694 revelatam,
2223 1642 2367 1696 atque

221 1716 364 1763 bonis
394 1718 667 1782 reipublicae
699 1718 965 1765 rectoribus
988 1735 1014 1765 a
1039 1721 1142 1765 Deo
1162 1723 1262 1766 esse
1287 1721 1335 1766 in
1356 1719 1489 1767 coelis
1511 1727 1842 1784 praeparatam.
1879 1735 1901 1761 «
1921 1718 2111 1774 Quaeso,
2147 1713 2362 1777 inquam,

221 1807 358 1862 pater
391 1799 687 1846 sanctissime
723 1809 867 1864 atque
903 1799 1107 1864 optime,
1145 1800 1376 1863 quoniam
1410 1799 1512 1846 haec
1552 1808 1622 1846 est
1660 1799 1780 1857 vita,
1821 1807 1874 1843 ut
1914 1796 2185 1843 Africanum
2220 1792 2367 1841 audio

222 1877 406 1938 dicere,
435 1879 552 1942 quid
585 1896 752 1927 moror
787 1880 836 1926 in
865 1879 1026 1937 terris,
1053 1880 1169 1943 quin
1201 1880 1318 1927 hinc
1351 1879 1414 1927 ad
1442 1897 1529 1927 vos
1553 1879 1715 1927 venire
1739 1876 1984 1943 propero?
2022 1878 2128 1921 Non
2166 1884 2235 1921 est
2269 1874 2363 1934 ita,

221 1958 376 2021 inquit
402 1959 500 2019 ille,
537 1960 625 2006 nisi
659 1958 788 2007 enim
820 1978 931 2008 cum
963 1963 1094 2007 Deus
1123 1960 1222 2007 istis
1251 1970 1298 2007 te
1326 1960 1542 2025 corporis
1573 1958 1801 2006 custodiis
1831 1955 2121 2014 liberaverit,
2158 1953 2253 2001 huc
2281 1953 2367 2001 tibi

222 2039 378 2087 aditus
401 2050 564 2105 patere
582 2056 683 2087 non
704 2050 879 2106 potest.
908 2044 1068 2099 Quare
1085 2051 1131 2088 et
1154 2040 1259 2102 tibi,
1282 2041 1436 2101 Publi,
1460 2051 1506 2088 et
1523 2041 1613 2105 piis
1634 2038 1860 2087 omnibus
1879 2035 2162 2084 retinendus
2180 2034 2369 2081 animus

221 2120 270 2166 in
304 2120 524 2169 custodia
549 2122 796 2187 corporis3
824 2138 915 2169 nec
941 2122 1123 2186 injussu
1149 2121 1276 2185 ejus,
1304 2137 1333 2168 a
1357 2138 1457 2186 quo
1480 2121 1559 2168 ille
1583 2129 1652 2168 est
1676 2119 1813 2167 vobis
1840 2118 1997 2176 datus,
2032 2133 2090 2163 ex
2111 2115 2368 2162 hominum

222 2201 316 2248 vita
352 2201 660 2265 migrandum
685 2212 773 2262 est,
810 2220 872 2250 ne
895 2220 1072 2250 munus
1094 2203 1386 2266 assignatum
1419 2219 1446 2249 a
1471 2205 1572 2249 Deo
1602 2202 1693 2266 ipsi
1716 2200 1887 2264 fugisse
1919 2197 2198 2246 videamini.
2219 2215 2241 2241 υ
2267 2199 2366 2244 Ma-

221 2280 417 2328 crobius
448 2299 592 2348 super
619 2283 752 2330 hunc
773 2283 959 2331 locum²
986 2302 996 2330 :
1028 2303 1050 2328 «
1072 2286 1182 2330 Haec
1202 2293 1329 2331 secta
1353 2293 1399 2330 et
1422 2282 1678 2348 praeceptio
1704 2281 1914 2329 Platonis
1937 2288 2024 2340 est,
2051 2279 2136 2343 qui
2167 2277 2215 2324 in
2242 2276 2368 2324 Phae-

222 2361 351 2409 done
389 2361 558 2410 definit
591 2363 781 2411 homini
817 2381 917 2412 non
957 2380 1059 2411 esse
1090 2380 1172 2412 sua
1212 2374 1386 2429 sponte
1419 2362 1745 2411 moriendum.
1793 2360 1887 2408 Sed
1921 2360 1970 2406 in
2004 2358 2177 2406 eodem
2208 2367 2368 2404 tamen

222 2442 413 2506 dialogo
431 2443 558 2490 idem
573 2444 688 2492 dicit
705 2455 910 2492 mortem
930 2444 1384 2510 philosophantibus
1405 2442 1745 2509 appetendam,
1770 2452 1816 2488 et
1834 2442 1986 2506 ipsam
2009 2438 2368 2504 philosophiam

224 2524 586 2572 meditationem
614 2542 716 2574 esse
750 2526 1006 2573 moriendi.
1042 2525 1138 2573 Sed
1164 2525 1295 2573 Plato
1330 2524 1450 2571 duas
1481 2533 1661 2571 mortes
1691 2523 1947 2569 hominum
1972 2520 2124 2580 novit,
2160 2535 2250 2565 nec
2271 2517 2367 2566 hoc

222 2620 351 2651 nunc
375 2615 539 2670 repeto
562 2606 696 2670 quod
715 2608 934 2672 superius
953 2606 1137 2654 dictum
1160 2615 1247 2664 est,
1267 2605 1393 2668 ‚duas
1418 2622 1520 2652 esse
1542 2614 1739 2663 morteS‚
1761 2619 1911 2650 unam
1935 2601 2124 2659 animae,
2151 2598 2368 2662 animalis

224 2684 436 2745 alteram,
476 2686 560 2733 sed
592 2687 742 2752 ipsius
777 2704 974 2752 quoque
1012 2686 1256 2748 animalis,
1280 2676 1390 2733 vhoc
1420 2694 1492 2733 est
1527 2684 1761 2742 hominis,
1801 2682 1921 2730 duas
1954 2681 2120 2729 asserit
2157 2688 2365 2741 mortes,

224 2776 427 2823 quarum
462 2781 611 2811 unam
649 2775 850 2826 natura,
893 2766 1091 2812 virtutes
1133 2764 1332 2812 alteram
1373 2772 1613 2829 praestant.
1655 2764 1815 2813 Homo
1853 2760 1982 2807 enim
2021 2758 2225 2805 moritur
2257 2773 2369 2818 cum

225 2840 385 2887 anima
414 2859 590 2908 corpus
625 2846 852 2910 relinquit
881 2846 1094 2892 solutum
1129 2844 1234 2909 lege
1265 2855 1463 2892 naturae.
1503 2843 1630 2890 Mori
1661 2841 1805 2892 etiam
1842 2839 2032 2895 dicitur,
2072 2855 2182 2886 cum
2210 2837 2370 2885 anima

226 2918 383 2967 adhuc
418 2922 466 2968 in
507 2940 712 2988 corpore
747 2926 1008 2973 constituta
1042 2942 1301 2990 corporeas
1341 2923 1604 2983 illecebras,
1646 2920 1953 2988 philosophia
1989 2918 2232 2976 docente‚.
2253 2932 2369 2963 con-

228 3000 422 3060 temnit,
461 3012 508 3049 et
539 3005 860 3068 cupiditatum
897 3006 1061 3054 dulces
1096 3006 1290 3053 insidias
1327 3005 1630 3069 reliquasque
1671 3018 1841 3055 omnes
1879 3000 2067 3048 exuitur
2103 2997 2364 3063 passiones.

228 3081 362 3125 Hanc
395 3096 508 3144 ergo
538 3095 743 3131 mortem
777 3086 891 3133 dicit
926 3087 1057 3134 Plato
1085 3086 1382 3152 sapientibus
1407 3083 1757 3150 appetendam;
1785 3082 1912 3129 illam
1945 3096 2059 3127 vero
2092 3092 2237 3141 quam
2270 3091 2369 3122 om-

227 3158 369 3206 nibus
386 3170 555 3208 natura
579 3165 843 3226 constituit,
865 3166 990 3229 cogi,
1014 3167 1087 3214 vel
1105 3166 1287 3227 inferri,
1312 3165 1389 3214 vel
1409 3164 1630 3213 accersiri
1652 3171 1794 3223 vetat,
1819 3161 1999 3208 docens
2020 3155 2368 3223 expectandam

277 3344 448 3389 'August.‚
470 3346 509 3379 de
528 3346 632 3381 civit.
651 3348 730 3390 Dei,
749 3349 807 3382 lib.
823 3348 850 3388 1,
868 3359 939 3391 cap.
957 3360 1058 3384 xxvii.
1076 3368 1118 3377 -
1132 3353 1143 3371 ²
1158 3352 1314 3394 Macrob„
1335 3353 1373 3385 In
1387 3353 1502 3385 somn.
1520 3349 1691 3392 Scipionis
1707 3347 1735 3388 l,
1761 3348 1811 3381 1³.
