2638 3866
291 175 350 220 ⁴0
1085 163 1259 212 PETRI
1295 163 1605 211 ABAELARDI

288 281 341 319 ut
361 286 505 319 nemo
526 268 755 316 discretus
787 265 967 331 absque
989 282 1046 313 ea
1071 265 1243 313 salvari
1274 264 1438 329 possit.
1474 267 1602 311 Bene
1630 262 1912 311 Athanasius
1947 278 2060 310 cum
2081 264 2412 327 praemisisset:

292 369 317 396 «
335 354 443 399 Haec
460 358 529 397 est
551 347 668 396 fides
688 346 954 407 Catholica,
988 366 1010 390 >2
1033 345 1191 393 statim
1215 344 1265 391 id
1290 344 1508 409 aperiens
1523 381 1534 403 ,
1564 343 1695 391 unde
1722 343 1900 391 scilicet
1930 342 2117 391 dicatur
2144 342 2415 401 Catholica,

289 439 336 477 et
361 430 487 478 velut
507 444 747 493 exponens
768 427 860 474 ait:
889 445 913 472 ι(
936 429 1093 484 Quam
1111 426 1203 472 nisi
1225 425 1426 489 quisque
1451 423 1654 471 fideliter
1685 423 1980 489 firmiterque
2008 423 2296 483 crediderit,
2322 421 2416 470 sal-

290 525 376 557 vus
397 525 497 556 esse
516 525 614 555 non
639 507 829 573 poterit.
853 527 874 549 »
900 508 1020 553 Sunt
1038 515 1084 552 et
1102 506 1185 569 qui
1207 504 1354 552 velint
1373 503 1520 551 fidem
1546 503 1843 552 Catholicam
1867 504 1929 552 ad
1959 503 2278 551 differentiam
2305 500 2418 551 fidei

289 587 644 635 Catholicorum
665 604 765 634 non
793 586 971 651 ubique
994 602 1104 633 cum
1123 585 1331 631 Ecclesia
1358 584 1586 644 dilatatae,
1611 584 1696 631 sed
1725 584 1861 648 quasi
1885 584 1935 631 in
1959 583 2135 647 angulo
2164 582 2326 647 aliquo
2346 583 2418 630 la-

288 667 487 728 titantis,
525 667 601 715 vel
623 667 672 714 in
696 666 852 731 aliqua
874 675 1107 713 terrarum
1137 674 1270 730 parte
1306 664 1558 711 conclusae.
1595 663 1733 712 Fides
1767 674 1928 712 autem
1959 657 2206 711 Catholica
2242 662 2417 728 partim

286 746 410 794 circa
433 746 586 811 ipsam
620 745 881 793 divinitatis
918 755 1162 806 naturam,
1203 745 1378 810 partim
1413 745 1539 792 circa
1570 744 1734 791 divina
1764 743 1998 792 beneficia
2023 753 2072 791 et
2106 759 2419 809 quascunque

286 826 374 872 Dei
396 827 683 874 necessarias
713 826 1090 891 dispensationes
1114 825 1190 872 vel
1213 824 1542 873 ordinationes
1577 825 1821 887 consistit,
1850 841 1956 889 quae
1990 824 2131 872 nobis
2166 824 2420 887 diligenter

285 905 617 970 Apostolorum
640 907 713 954 vel
747 909 1030 954 Sanctorum
1053 915 1241 970 patrum
1265 905 1493 969 symbolis
1513 921 1734 971 expressa
1759 914 1886 952 sunt.
1914 907 1978 952 Ac
1997 905 2208 970 primum
2244 904 2306 952 de
2342 903 2418 952 his

286 1002 390 1050 quae
413 985 475 1034 ad
497 986 755 1034 divinitatis
772 995 990 1034 naturam
1010 986 1250 1050 pertinent
1264 1023 1276 1047 ,
1300 986 1660 1034 consideremus
1683 985 1885 1050 qualiter
1912 985 2137 1033 videlicet
2169 985 2221 1032 in
2252 1000 2350 1033 una
2371 994 2420 1032 et

284 1065 451 1113 eadem
473 1067 662 1132 penitus
687 1067 941 1114 divinitatis
976 1066 1239 1113 substantia
1262 1076 1355 1113 tres
1383 1083 1600 1131 personae
1629 1065 1909 1126 credantur,
1944 1068 2082 1113 Pater
2112 1065 2291 1113 scilicet
2309 1100 2322 1124 ,
2362 1080 2419 1113 ac

283 1144 440 1207 Filius,
467 1161 523 1194 ac
544 1147 744 1211 Spiritus
766 1156 977 1207 sanctus,
1005 1156 1051 1193 et
1075 1146 1191 1211 quid
1215 1147 1414 1194 rationis
1436 1148 1511 1195 vel
1531 1147 1744 1195 utilitatis
1765 1146 1866 1194 haec
1900 1145 1951 1193 in
1980 1163 2081 1193 uno
2113 1149 2216 1193 Deo
2242 1144 2419 1193 habeat

284 1241 595 1289 personarum
620 1227 880 1274 distinctio.
909 1227 1070 1274 Primo
1096 1227 1254 1292 itaque
1278 1228 1404 1275 hanc
1426 1227 1539 1275 fidei
1569 1244 1811 1275 summam
1845 1243 2112 1293 ponamus,
2150 1226 2212 1274 de
2237 1226 2420 1274 unitate

283 1305 456 1352 scilicet
478 1321 533 1352 ac
556 1306 762 1353 trinitate
782 1306 937 1353 divina
957 1344 968 1368 ,
1000 1306 1176 1354 deinde
1202 1308 1426 1372 positam,
1452 1318 1599 1374 prout
1620 1307 1857 1355 Dominus
1878 1306 2085 1367 dederit,
2109 1306 2413 1353 disseramus.

346 1387 490 1432 Tenet
510 1385 651 1447 igitur
673 1386 948 1433 Christianae
985 1386 1098 1434 fidei
1129 1387 1295 1451 religio
1326 1405 1481 1434 unum
1520 1387 1830 1435 solummodo
1853 1390 2012 1435 Deum
2035 1403 2157 1448 esse,
2195 1402 2252 1433 ac
2282 1384 2418 1434 nullo

283 1463 428 1511 modo
464 1463 623 1529 plures
661 1482 761 1513 esse
794 1469 944 1528 Deos,
974 1483 1126 1513 unum
1159 1468 1379 1514 omnium
1415 1467 1696 1527 dominum,
1743 1483 1897 1514 unum
1935 1476 2228 1523 creatorem,
2265 1481 2419 1513 unum

281 1544 588 1608 principium,
615 1562 767 1592 unum
789 1547 982 1606 lumen,
1022 1563 1174 1593 unum
1205 1547 1424 1609 bonum,
1463 1565 1615 1595 unum
1641 1548 1934 1594 immensum
1952 1583 1965 1608 ,
1997 1562 2156 1593 unum
2186 1545 2421 1610 omnipo-

282 1631 484 1684 tentem,
532 1641 683 1671 unum
716 1635 976 1687 aeternum,
1006 1643 1153 1673 unam
1187 1625 1502 1675 substantiam
1541 1628 1638 1675 sive
1674 1628 1931 1675 essentiam
1971 1624 2421 1674 incommutabilem

282 1703 469 1766 penitus
489 1719 543 1751 ac
567 1704 853 1770 simplicem,
883 1708 960 1753 cui
986 1723 1075 1753 nec
1101 1717 1259 1772 partes
1283 1707 1450 1772 aliquae
1471 1745 1484 1770 ,
1509 1724 1600 1755 nec
1623 1707 1806 1771 aliquid
1826 1706 1961 1771 quod
1987 1707 2091 1771 ipsa
2121 1722 2222 1753 non
2248 1704 2415 1768 fuerit,

281 1783 429 1846 possit
459 1783 637 1845 inesse,
664 1801 720 1832 ac
738 1803 822 1850 per
843 1787 1006 1833 omnia
1044 1787 1196 1834 solam
1223 1787 1451 1852 praedicat
1479 1804 1535 1835 ac
1566 1788 1718 1835 credit
1754 1788 1989 1835 unitatem
2005 1826 2018 1845 ,
2058 1795 2257 1851 excepto
2282 1785 2419 1850 quod

280 1860 343 1909 ad
362 1878 675 1926 personarum
701 1866 907 1930 pertinet
940 1866 1313 1915 multitudinem.
1346 1868 1468 1916 Huic
1497 1869 1657 1933 itaque
1687 1878 1785 1916 tam
1813 1867 2020 1932 simplici
2046 1883 2131 1914 seu
2161 1865 2419 1915 individuae

282 1957 334 1988 ac
355 1957 496 1989 merae
518 1942 815 2005 substantiae,
842 1955 936 1993 tres
958 1946 1109 1993 inesse
1133 1963 1361 2012 personas
1376 1948 1467 1995 sibi
1487 1966 1574 2015 per
1593 1949 1759 1996 omnia
1779 1948 2044 2012 coaequales
2063 1962 2119 1994 ac
2135 1955 2415 2008 coaeternas,

282 2036 380 2068 non
402 2037 605 2071 numero
627 2040 786 2071 rerum
802 2062 814 2086 ,
842 2025 927 2072 sed
954 2026 1225 2091 pluralitate
1253 2028 1604 2092 proprietatum
1634 2029 1847 2076 diversas
1876 2028 2110 2076 veraciter
2138 2025 2414 2086 confitetur,

281 2101 436 2148 Deum
459 2102 678 2151 videlicet
701 2107 905 2167 Patrem,
934 2115 987 2152 ut
1009 2106 1194 2154 dictum
1213 2117 1298 2169 est,
1325 2125 1380 2155 ac
1402 2111 1558 2156 Deum
1589 2108 1761 2156 Filium
1783 2108 1903 2173 ejus,
1926 2117 2070 2172 atque
2089 2109 2246 2154 Deum
2261 2106 2417 2171 Spiri-

282 2188 385 2228 tum
407 2181 532 2245 ejus,
564 2183 625 2231 ab
651 2185 862 2249 utrisque
895 2186 1255 2251 procedentem.
1292 2190 1397 2235 Non
1434 2198 1505 2236 est
1535 2199 1697 2237 autem
1719 2205 1818 2236 una
1845 2204 2053 2254 persona
2088 2187 2237 2234 altera
2256 2222 2270 2246 ‚
2305 2186 2417 2234 licet

283 2260 342 2306 sit
370 2260 464 2308 hoc
497 2262 653 2327 ipsum
686 2265 820 2328 quod
854 2265 1002 2313 altera
1041 2285 1051 2313 :
1084 2284 1240 2331 neque
1275 2269 1404 2315 enim
1434 2270 1516 2333 qui
1541 2272 1679 2318 Pater
1702 2279 1773 2317 est
1797 2269 1942 2316 Filius
1970 2277 2068 2330 est,
2104 2276 2188 2315 aut
2215 2266 2419 2331 Spiritus

283 2351 503 2404 sanctus3
528 2360 619 2391 nec
644 2346 726 2409 qui
756 2346 899 2393 Filius
925 2357 1016 2406 est,
1045 2348 1246 2413 Spiritus
1269 2359 1462 2398 sanctus
1485 2361 1582 2410 est;
1616 2351 1700 2399 sed
1725 2360 1885 2398 tamen
1911 2348 2045 2413 quod
2066 2352 2203 2395 Pater
2225 2356 2313 2406 est,
2347 2356 2418 2394 est

283 2419 442 2481 Filius,
464 2432 533 2469 est
552 2433 597 2470 et
619 2425 817 2489 Spiritus
840 2434 1045 2488 sanctuS,
1079 2437 1125 2474 et
1156 2444 1183 2475 e
1211 2430 1471 2477 contrario.
1499 2430 1634 2478 Idem
1667 2431 1846 2495 quippe
1868 2432 2000 2476 Deus
2029 2438 2129 2475 tam
2159 2430 2298 2473 Pater
2323 2434 2411 2487 est,

287 2517 429 2564 quam
451 2502 593 2550 Filius
614 2520 698 2550 seu
721 2504 921 2569 Spiritus
952 2516 1166 2568 sanctus3
1192 2525 1345 2556 unum
1379 2510 1560 2575 quippe
1590 2527 1786 2576 prorsus
1818 2510 1869 2557 in
1895 2518 2089 2569 natura,
2130 2521 2285 2553 unum
2318 2514 2418 2552 tam

287 2594 486 2628 numero
509 2598 654 2646 quam
674 2582 935 2633 substantia
959 2596 1071 2633 sunt
1091 2605 1104 2648 3
1131 2587 1216 2635 sed
1235 2588 1369 2652 juxta
1392 2606 1562 2637 eorum
1585 2590 1903 2656 proprietates
1922 2590 1988 2636 ita
2010 2585 2327 2653 personaliter
2354 2584 2418 2632 ab

289 2659 489 2707 invicem
514 2662 854 2727 distinguntur,
889 2675 942 2713 ut
963 2666 1080 2714 alius
1111 2667 1170 2715 sit
1193 2668 1279 2716 iste
1308 2685 1456 2734 quam
1479 2669 1557 2717 ille
1574 2706 1587 2728 ,
1612 2688 1712 2718 non
1736 2669 1885 2718 aliud.
1909 2670 2071 2717 Homo
2094 2676 2165 2714 est
2186 2680 2416 2731 persona-

288 2737 408 2797 liter,
436 2756 534 2787 non
559 2742 925 2792 substantialiter
955 2746 1197 2809 diversus,
1231 2765 1342 2796 cum
1380 2748 1460 2796 hic
1493 2750 1715 2798 videlicet
1744 2767 1845 2798 non
1877 2750 1937 2797 sit
1967 2747 2072 2806 ille,
2110 2746 2218 2794 licet
2246 2745 2326 2792 hic
2360 2744 2420 2792 sit

290 2817 479 2881 penitus
500 2819 595 2867 hoc
617 2823 749 2885 quod
770 2824 847 2872 ille
866 2862 877 2885 ,
900 2825 951 2873 id
973 2836 1042 2873 est
1061 2828 1231 2875 eadem
1252 2829 1444 2894 penitus
1466 2829 1526 2876 sit
1544 2829 1809 2878 substantia
1831 2846 1927 2894 qua
1950 2838 1997 2876 et
2026 2827 2130 2887 ille,
2160 2816 2263 2873 non
2296 2840 2418 2889 per—

292 2912 424 2944 sona.
448 2898 583 2946 Unde
604 2902 821 2950 Sedulius
846 2925 857 2951 :
881 2924 903 2949 «
926 2908 1032 2953 Non
1058 2909 1171 2970 quia
1187 2909 1271 2972 qui
1290 2926 1505 2957 summus
1528 2914 1666 2958 Pater
1679 2919 1750 2958 est
1765 2920 1812 2958 et
1825 2910 1970 2957 Filius
1982 2908 2063 2955 hic
2082 2917 2153 2955 est
2169 2926 2183 2968 3
2203 2903 2290 2953 sed
2306 2905 2417 2966 quia

293 2976 425 3040 quod
443 2993 655 3027 summus
678 2985 814 3029 Pater
836 2993 903 3031 est
927 2995 972 3031 et
994 2986 1137 3034 Filius
1161 2988 1256 3035 hoc
1281 2999 1368 3036 est.
1399 3008 1423 3034 υ

359 3058 611 3121 Proprium
635 3070 793 3108 autem
817 3073 887 3109 est
908 3065 992 3111 Dei
1016 3066 1167 3113 Patris
1190 3067 1454 3130 ingenitum
1477 3085 1576 3116 esse
1591 3104 1605 3128 ,
1636 3069 1733 3117 hoc
1755 3078 1826 3116 est
1856 3085 1884 3115 a
1915 3069 2071 3133 seipso
2103 3081 2206 3112 non
2229 3063 2292 3112 ab
2322 3064 2417 3112 alio

294 3135 508 3197 existere,
537 3138 658 3185 sicut
679 3140 781 3187 Filii
803 3144 1055 3208 proprium
1077 3155 1147 3192 est
1169 3163 1194 3193 a
1216 3150 1352 3194 Patre
1377 3149 1590 3211 genitum
1611 3165 1729 3210 esse,
1754 3165 1854 3196 non
1876 3157 2092 3195 creatum
2114 3145 2188 3193 vel
2207 3144 2387 3191 factum
2402 3180 2414 3199 ,

295 3225 341 3262 et
358 3216 558 3281 Spiritus
574 3221 722 3267 sancti
744 3220 804 3267 ab
821 3223 1032 3287 utrisque
1047 3225 1324 3289 procedere,
1344 3244 1434 3275 nec
1449 3238 1663 3276 creatum
1681 3245 1772 3277 nec
1795 3227 1972 3276 factum
1991 3243 2108 3274 esse.
2130 3224 2274 3283 Quod
2288 3224 2417 3271 enim
