2638 3866
948 243 1290 292 THEOLOGIA
1323 243 1695 292 CHRlSTlANA.
2310 245 2405 292 505

249 360 361 398 ante
377 347 722 396 abscissionem
736 344 890 393 homo
902 345 1235 410 permanebat.
1257 345 1492 404 Quaedam
1511 362 1621 411 pars
1636 344 1788 394 latens
1805 347 1853 394 in
1867 345 2090 403 homine,
2113 345 2199 411 qui
2220 345 2405 410 integer

248 439 368 490 erat,
409 427 625 477 similiter
661 435 830 492 postea
864 424 1192 487 abscindatur,
1229 426 1479 474 residuum
1511 426 1665 474 homo
1701 436 1787 488 est,
1814 426 1950 492 quod
1986 426 2139 475 homo
2167 436 2270 474 erat
2290 436 2404 474 ante

250 511 402 576 ipsam
419 507 790 569 abscissionem,
806 522 921 554 cum
943 514 1061 554 tunc
1082 523 1279 571 quoque
1301 507 1516 555 hominis
1538 506 1877 555 diffinitionem
1899 507 2117 569 haberet,
2134 506 2269 572 quod
2286 517 2402 555 tunc

250 592 394 640 etiam
417 590 596 639 animal
629 598 747 648 erat,
783 604 897 636 cum
920 596 1043 635 esset
1066 588 1334 636 animatum
1362 598 1411 636 et
1432 587 1675 649 sensibile,
1711 598 1759 636 et
1787 589 1963 636 eodem
1987 588 2136 638 modo
2168 588 2404 637 rationale

250 683 299 721 et
322 672 544 734 mortale,
580 687 679 737 quo
712 668 862 718 modo
895 679 943 717 et
973 686 1122 717 nunc.
1148 672 1273 717 Cum
1306 670 1468 734 itaque
1497 680 1608 718 ante
1642 687 1840 718 omnem
1866 670 2211 719 abscissionem
2243 671 2404 719 multae

250 764 411 819 partes
437 762 596 802 essent
619 752 671 800 in
704 767 804 799 uno
823 749 1042 812 homine,
1066 767 1274 816 quarum
1299 767 1601 817 unaquaeque
1624 762 1747 799 esset
1767 751 1946 813 hom03
1975 769 2075 799 non
2103 762 2265 800 tamen
2291 752 2401 800 ideo

253 835 392 884 multi
423 834 649 883 homines
679 833 730 880 in
764 849 865 880 uno
896 832 1097 880 homine
1125 841 1280 893 erant,
1313 833 1427 897 quia
1457 833 1635 880 multos
1666 833 1890 880 homines
1920 849 2022 880 non
2052 832 2276 894 dicimus,
2314 834 2404 881 nisi

254 914 414 964 multis
435 914 690 964 animabus
709 922 969 978 vegetatos,
995 913 1045 960 Si
1068 923 1231 961 autem
1253 929 1367 960 cum
1389 914 1701 962 essentialiter
1724 914 1924 962 diversae
1944 930 2019 961 res
2042 923 2169 974 sunt,
2197 930 2403 978 quarum

253 1012 557 1062 unaquaeque
588 1004 661 1044 est
690 994 981 1056 intellectuS,
1016 995 1115 1042 sive
1147 994 1321 1055 homo,
1355 1012 1456 1042 non
1488 995 1600 1043 ideo
1630 1006 1789 1043 tamen
1826 995 2030 1042 dicimus
2063 994 2241 1042 multos
2268 995 2407 1042 intel-

252 1076 402 1125 lectus
427 1078 503 1126 vel
534 1077 712 1124 multos
741 1075 963 1123 homines
989 1094 1000 1121 ε
1028 1085 1213 1140 quanto
1247 1076 1399 1141 magis
1432 1093 1533 1124 non
1571 1085 1764 1142 oportet
1798 1076 1893 1123 dici
1930 1075 2107 1123 multos
2144 1079 2290 1138 Deos,
2330 1077 2405 1124 vel

256 1158 431 1207 multas
459 1158 765 1218 substantias,
792 1157 1013 1221 quamvis
1040 1174 1343 1222 unaquaeque
1370 1174 1690 1224 personarum
1724 1160 1855 1205 Deus
1886 1167 1957 1204 est
1990 1158 2089 1204 sive
2119 1156 2403 1217 substantia,

259 1249 468 1303 quarum
495 1239 665 1287 eadem
699 1238 892 1305 penitus
928 1247 997 1286 est
1030 1238 1260 1286 essentia?
1280 1241 1403 1286 Cum
1441 1240 1574 1287 enim
1608 1239 1752 1285 trium
1783 1254 2105 1304 personarum
2141 1237 2409 1285 secundum

259 1320 597 1383 grammaticos
629 1337 734 1386 quae
757 1320 808 1367 in
843 1320 1037 1367 Socrate
1073 1328 1203 1381 sunt,
1243 1336 1544 1384 unaquaeque
1577 1320 1637 1367 sit
1671 1321 1910 1381 Socrates,
1948 1319 2047 1366 sive
2082 1318 2257 1379 homo,
2297 1335 2409 1367 cum

259 1399 479 1449 videlicet
501 1402 603 1467 ipse
620 1402 827 1467 loquens
851 1401 912 1449 sit
934 1400 1086 1448 homo
1110 1401 1208 1448 sive
1237 1401 1480 1463 Socrates,
1512 1411 1560 1448 et
1582 1401 1685 1466 ipse
1714 1400 1775 1449 ad
1794 1417 1941 1465 quem
1971 1399 2143 1465 aliquis
2171 1400 2404 1466 loquitur,

258 1480 334 1528 vel
362 1481 423 1529 de
458 1499 559 1547 quo
581 1483 814 1547 loquitur,
842 1499 944 1529 non
968 1481 1079 1529 ideo
1103 1491 1200 1529 tres
1228 1483 1448 1529 Socrates
1469 1480 1546 1529 vel
1574 1491 1670 1528 tres
1699 1481 1925 1529 homines
1949 1480 2179 1540 dicimus,
2205 1497 2319 1528 cum
2353 1482 2413 1529 sit

258 1565 406 1614 trium
444 1583 764 1632 personarum
797 1565 967 1614 eadem
1001 1566 1235 1626 essentia,
1277 1565 1376 1613 hoc
1410 1575 1482 1614 est
1504 1566 1606 1630 ejus
1638 1566 1722 1631 qui
1743 1565 1975 1630 loquitur,
2005 1575 2052 1612 et
2078 1564 2140 1612 ad
2163 1581 2308 1629 quem
2331 1565 2416 1612 ali-

258 1647 367 1711 quis
401 1648 635 1713 loquitur,
666 1648 743 1696 vel
766 1647 827 1695 de
859 1664 957 1712 quo
981 1647 1198 1712 loquitur
1213 1664 1227 1707 3
1255 1646 1426 1694 eadem
1449 1646 1511 1694 de
1538 1635 1683 1694 causa
1711 1656 1760 1693 et
1786 1646 1930 1693 trium
1960 1661 2279 1710 personarum
2307 1662 2414 1710 quae

257 1728 308 1775 in
337 1731 443 1776 Deo
465 1739 595 1792 sunt,
634 1729 712 1777 cui
740 1730 800 1776 sit
829 1745 928 1777 una
955 1728 1178 1788 essentia,
1213 1726 1328 1776 licet
1360 1744 1662 1792 unaquaeque
1683 1727 1899 1792 ipsarum
1927 1727 1988 1773 sit
2017 1728 2150 1773 Deus
2177 1726 2275 1773 sive
2298 1725 2417 1773 sub—

257 1809 448 1872 stantia,
487 1826 589 1857 non
626 1809 739 1858 ideo
777 1817 971 1874 oportet
1004 1818 1100 1857 tres
1132 1811 1263 1856 Deos
1300 1808 1397 1856 dici
1429 1808 1527 1856 sive
1553 1818 1651 1855 tres
1682 1807 1970 1855 substantias
1997 1825 2008 1853 ε
2036 1823 2151 1854 cum
2188 1823 2329 1872 saepe,
2364 1817 2416 1855 ut

257 1905 405 1954 supra
446 1890 775 1951 meminimus,
808 1906 954 1938 voces
989 1906 1047 1938 ex
1092 1889 1330 1953 adjunctis
1366 1888 1768 1953 significationem
1804 1905 1942 1936 suam
1985 1889 2201 1949 varient,
2247 1898 2417 1953 utpote

256 1968 358 2017 haec
384 1969 532 2018 dictio
564 1980 660 2019 tres
691 1981 739 2019 et
765 1970 867 2019 aliae
899 1969 1079 2019 multae.
1117 1969 1357 2018 Eumdem
1381 1971 1562 2036 quippe
1587 1970 1841 2017 hominem
1863 1979 1958 2017 tres
1988 1968 2185 2035 opifices
2212 1968 2418 2016 dicimus

258 2069 360 2100 esse
381 2053 651 2101 secundum
676 2055 825 2119 trium
846 2053 1124 2102 officiorum
1144 2054 1411 2113 scientiam,
1436 2070 1538 2101 non
1564 2062 1725 2100 tamen
1747 2052 1859 2100 ideo
1886 2063 1980 2100 tres
1998 2053 2238 2100 homines.
2265 2053 2416 2099 Graeci

261 2142 441 2194 tamen,
468 2144 588 2183 teste
613 2135 896 2200 Augustino,
923 2153 1026 2183 non
1062 2145 1342 2182 reverentur
1365 2144 1461 2182 tres
1486 2133 1776 2182 substantias
1799 2133 1960 2181 dicere
1985 2134 2134 2198 magis
2156 2149 2303 2197 quam
2323 2143 2418 2180 tres

258 2230 510 2278 personas.
536 2215 677 2263 Unde
700 2217 751 2263 in
773 2218 859 2263 VlI
879 2215 938 2262 de
968 2217 1204 2263 Trinitate
1228 2214 1442 2281 capitulo
1470 2232 1519 2262 lv
1546 2216 1613 2262 ita
1636 2214 1877 2262 meminit¹
1904 2232 1915 2260 ι
1955 2235 1977 2258 «
1997 2213 2251 2279 Loquendi
2275 2229 2419 2262 causa

260 2293 323 2341 de
345 2294 690 2357 ineffabilibus,
721 2304 775 2343 ut
793 2295 881 2344 fari
906 2295 1069 2362 aliquo
1094 2313 1346 2362 possemus
1379 2295 1548 2353 modo,
1576 2295 1711 2361 quod
1742 2295 1879 2343 effari
1904 2295 2039 2343 nullo
2069 2294 2221 2342 modo
2246 2311 2419 2360 possu-

263 2392 388 2437 mus,
429 2375 614 2424 dictum
651 2386 723 2425 est
752 2393 782 2424 a
813 2378 989 2425 nostris
1015 2378 1193 2425 Graecis
1230 2394 1328 2426 una
1356 2378 1580 2438 essentia,
1606 2386 1703 2424 tres
1734 2376 2027 2437 substantiae,
2063 2393 2092 2425 a
2120 2377 2300 2424 Latinis
2325 2392 2422 2423 una

262 2457 467 2504 essentia
495 2457 572 2505 vel
605 2456 891 2519 substantia,
931 2468 1026 2506 tres
1058 2475 1312 2525 personae:
1345 2459 1477 2523 quia,
1510 2459 1635 2506 sicut
1658 2458 1761 2522 jam
1784 2457 1992 2505 diximus
2011 2495 2023 2517 ,
2064 2474 2165 2505 non
2197 2457 2334 2504 aliter
2370 2458 2418 2502 in

261 2550 487 2585 sermone
509 2537 663 2586 latino
684 2539 892 2587 essentia
914 2556 1062 2604 quam
1085 2538 1351 2588 substantia
1374 2539 1496 2587 solet
1520 2539 1739 2603 intelligi.
1765 2560 1789 2583 2»
1822 2542 1943 2586 Item
1967 2557 1977 2584 ε
2006 2537 2192 2596 «Quod
2227 2537 2289 2584 de
2313 2552 2422 2600 per-

262 2619 392 2665 sonis
415 2618 688 2668 secundum
714 2631 949 2683 nostram,
977 2621 1075 2669 hoc
1100 2632 1173 2669 est
1196 2620 1258 2668 de
1277 2621 1554 2669 substantiis
1575 2620 1844 2668 secundum
1870 2623 2150 2667 Graecorum
2173 2627 2424 2665 consuetu-

262 2697 447 2746 dinem.
486 2700 564 2747 Sic
598 2702 730 2748 enim
753 2701 924 2749 dicunt
958 2702 1027 2749 illi
1053 2712 1149 2749 tres
1177 2700 1486 2761 substantias,
1521 2719 1669 2749 unam
1701 2702 1972 2761 essentiam,
2008 2697 2424 2765 quemadmodum

261 2795 352 2826 nos
362 2778 567 2827 dicimus
580 2791 677 2828 tres
695 2798 947 2847 personas,
969 2799 1117 2830 unam
1136 2782 1392 2830 essentiam
1411 2782 1488 2829 vel
1510 2781 1882 2831 substantiam.»
1900 2784 2006 2830 Non
2027 2790 2098 2828 est
2109 2790 2270 2827 autem
2290 2792 2423 2824 nunc

261 2858 406 2905 nobis
427 2877 586 2908 sermo
611 2861 844 2910 adversus
872 2865 1085 2925 Graecos,
1119 2879 1209 2910 nec
1234 2862 1448 2910 fortassis
1477 2878 1506 2910 a
1528 2862 1673 2909 nobis
1704 2863 1755 2909 in
1790 2878 1935 2909 sensu
1966 2859 2141 2908 diversi
2176 2867 2312 2918 sunt,
2339 2857 2424 2905 sed

262 2939 314 2986 in
337 2938 500 2987 verbis
529 2950 739 3003 tantum,
772 2942 1026 2990 abutentes
1052 2942 1145 2990 hoc
1167 2943 1368 2990 nomine
1388 2942 1664 2990 substantiae
1688 2959 1778 3008 pro
1800 2957 2027 3008 persona,
2055 2957 2168 2988 cum
2191 2949 2240 2987 et
2271 2939 2426 3005 ipsam

263 3024 640 3085 nonnumquam
677 3022 849 3081 usiam,
886 3022 937 3071 id
972 3033 1043 3071 est
1077 3022 1416 3085 substantiam,
1455 3023 1518 3071 ad
1556 3034 1780 3071 naturam
1806 3023 1956 3089 ipsius
1979 3021 2209 3081 essentiae,
2239 3036 2338 3067 non
2363 3018 2426 3066 ad

265 3101 613 3165 proprietatem
640 3120 859 3169 personae
877 3139 890 3164 ,
917 3104 973 3151 in
991 3104 1096 3169 ipsa
1124 3121 1323 3170 quoque
1353 3105 1526 3153 animae
1558 3104 1828 3152 substantia
1857 3103 2017 3151 dicere
2039 3118 2140 3149 non
2164 3109 2387 3147 recusent
2408 3137 2420 3159 ,

268 3180 391 3228 sicut
414 3192 461 3229 et
483 3182 535 3229 in
561 3184 732 3231 ceteris
754 3184 1144 3250 quibuscumque
1167 3184 1465 3245 substantiis,
1493 3185 1671 3250 quibus
1694 3185 1791 3232 hoc
1813 3199 1993 3231 nomen
2019 3182 2165 3230 totius
2192 3180 2425 3247 praedica-

311 3368 318 3387 ¹
341 3366 446 3410 0pp.‚
464 3372 491 3402 t.
510 3368 596 3403 vm.

432 3441 464 3465 11
2219 3430 2270 3466 64
