2638 3866
971 224 1315 274 THEOLOGlA
1351 225 1719 275 CHRISTIANA.
2327 228 2423 277 453

274 340 399 391 quos
424 322 626 372 devotos
656 321 719 372 ad
752 323 1113 387 inquisitionem
1147 325 1358 373 veritatis
1390 325 1710 392 percipiendae
1740 325 2021 387 viderimus,
2066 335 2119 374 ut
2147 326 2215 375 eis
2243 327 2426 376 scilicet

274 422 360 471 per
393 405 600 453 rationes
627 404 898 453 satisfacere
924 403 1229 465 studeamus,
1264 409 1429 454 Petrus
1463 406 1717 473 apostolus
1747 407 1976 455 admonet
2010 406 2207 455 dicens¹
2243 426 2254 455 ε
2288 410 2425 456 «Βο-

274 486 462 534 minum
504 495 667 534 autem
702 485 948 533 Christum
984 485 1280 534 sanctificare
1314 487 1497 552 parati,
1539 504 1729 553 semper
1762 487 1825 535 ad
1859 487 2245 536 satisfaciendum
2288 491 2422 538 omni

274 567 490 633 poscenti
524 583 609 615 vos
638 566 876 614 rationem
900 564 961 613 de
981 582 1037 613 ea
1056 583 1163 630 quae
1191 567 1238 613 in
1266 567 1406 614 vobis
1430 578 1500 616 est
1530 568 1626 616 fide
1650 578 1698 616 et
1730 585 1831 634 spe.
1858 588 1881 613 υ
1904 572 1962 616 Et
1985 568 2298 634 coapostolus
2323 570 2424 635 ejus

275 647 476 696 Paulus¹
499 665 510 695 :
542 666 566 693 «
583 649 770 707 Sermo,
798 646 972 711 inquit,
995 656 1151 694 vester
1178 647 1226 694 in
1250 648 1400 711 gratia
1422 648 1648 696 conditus
1677 649 1736 695 sit
1758 648 1873 707 sale,
1900 658 1951 695 ut
1983 649 2141 697 sciatis
2172 650 2423 715 quomodo

275 737 495 794 oporteat
529 745 618 776 vos
650 727 914 792 unicuique
942 727 1255 793 respondere.
1294 747 1318 772 »
1355 728 1494 776 Aliud
1527 729 1709 795 quippe
1742 738 1810 776 est
1841 728 2139 778 conferendo
2172 731 2423 779 veritatem

273 809 535 874 inquirere,
576 807 714 856 aliud.
741 807 1034 874 disputando
1063 808 1359 861 contendere
1397 809 1460 857 ad
1490 809 1880 857 ostentationem.
1917 809 2039 857 lllud
2071 810 2251 876 quippe
2276 811 2424 859 devo·

274 889 419 937 tionis
449 899 519 937 est
548 888 765 937 studium
788 888 850 937 ad
870 887 1261 946 aedificationem:
1294 889 1390 936 hoc
1413 889 1633 937 elationis
1653 890 1861 955 impetus
1886 889 1944 937 ad
1974 889 2326 954 gloriationem.
2354 891 2422 939 lbi

273 969 522 1018 scientiam
551 986 698 1035 quam
720 986 822 1018 non
844 968 1083 1018 habemus
1112 970 1359 1036 percipere
1389 971 1608 1032 nitimur,
1639 970 1719 1018 hic
1749 986 1854 1018 eam
1886 980 2127 1019 ostentare
2156 988 2301 1036 quam
2334 990 2425 1021 nos

273 1049 452 1100 habere
482 1050 792 1099 confidimus.
829 1053 941 1109 Quo
969 1051 1099 1099 enim
1131 1060 1202 1098 est
1233 1051 1543 1099 excellentius
1576 1051 1770 1099 scientia
1800 1050 2005 1112 bonum,
2036 1051 2219 1105 facilius
2240 1052 2299 1100 ad
2333 1052 2425 1100 ela-

274 1131 455 1180 tionem
488 1131 649 1189 trahit,
681 1131 820 1195 juxta
845 1130 961 1179 illud
988 1131 1240 1197 Apostoli³,
1269 1152 1292 1175 «
1310 1132 1518 1180 Scientia
1539 1132 1693 1191 inflat,
1727 1131 1896 1179 caritas
1917 1130 2136 1180 aedificat.
2164 1153 2186 1176 v>
2216 1132 2354 1180 Unde
2378 1144 2425 1181 et

274 1228 476 1277 magnus
515 1211 593 1260 ille
632 1220 851 1277 apostata
882 1211 1096 1276 angelus,
1138 1212 1221 1277 qui
1259 1229 1349 1277 pro
1390 1212 1562 1277 maj0ri
1602 1211 1962 1278 perspicacitate
2003 1211 2422 1277 intelligendarum

272 1305 553 1344 naturarum
585 1312 746 1343 rerum
782 1295 952 1343 ceteris
982 1311 1011 1343 a
1036 1295 1275 1361 propheta
1308 1296 1529 1362 praelatus
1560 1306 1660 1354 est,
1694 1305 1741 1343 et
1775 1313 1872 1361 prae
1901 1296 2048 1344 nimia
2080 1297 2288 1344 scientiae
2313 1296 2423 1345 illu-

271 1377 538 1424 minatione
585 1376 803 1424 Lucifero
839 1386 1175 1442 comparatus,
1215 1376 1403 1424 dicente
1441 1376 1707 1443 propheta*
1739 1394 1749 1423 :
1787 1379 1896 1423 «Tu
1939 1377 2126 1423 Lucifer
2164 1378 2246 1441 qui
2282 1393 2423 1426 mane

271 1456 528 1519 oriebaris,
547 1477 570 1502 2>
595 1467 708 1517 etc.‚
736 1467 920 1522 quanto
944 1457 1132 1521 majori,
1151 1456 1406 1522 praeditum
1438 1457 1668 1522 sapientia
1692 1474 1741 1504 se
1765 1456 2032 1522 conspexit,
2072 1466 2206 1504 tanto
2242 1457 2425 1506 facilius

271 1538 508 1603 altiusque
533 1539 779 1600 intumuit,
811 1548 859 1586 et
880 1548 1147 1604 prostratus
1177 1538 1388 1589 deterius
1416 1539 1529 1586 ruit.
1563 1541 1726 1603 CnJus,
1755 1538 1806 1585 ni
1836 1537 1990 1591 fallor,
2016 1538 2273 1602 imaginem
2303 1540 2426 1587 inter

272 1619 522 1667 universos
547 1618 869 1685 philosophos
897 1618 1133 1667 dialectici
1166 1618 1258 1666 sibi
1279 1618 1376 1666 hoc
1403 1629 1619 1684 tempore
1641 1617 1906 1677 vindicant,
1933 1619 2069 1682 quasi
2106 1619 2254 1682 magis
2289 1635 2422 1683 egre-

272 1698 398 1760 giam
425 1697 588 1762 adepti
617 1696 975 1762 philosophiam
992 1733 1004 1755 ,
1029 1697 1143 1761 quia
1168 1696 1318 1759 magis
1346 1695 1618 1744 verbosam.
1647 1695 1722 1751 Hi,
1754 1695 1977 1759 inquam,
2013 1706 2109 1742 tam
2136 1699 2239 1743 Deo
2264 1696 2421 1744 infesti

271 1793 420 1841 quam
456 1776 737 1824 hominibus
768 1777 967 1841 ingrati,
994 1777 1117 1824 sicut
1146 1777 1380 1842 scriptum
1400 1778 1528 1824 est⁸:
1556 1795 1578 1820 «
1603 1775 1684 1824 Vir
1709 1775 1957 1839 linguosus
1987 1793 2085 1824 non
2110 1776 2343 1840 dirigetur
2376 1778 2423 1824 in

271 1868 416 1915 terra,
437 1867 531 1915 etc.
554 1875 578 1902 »
597 1859 657 1904 Et
681 1857 896 1904 Boetius:
916 1857 1005 1904 «Si
1027 1873 1256 1920 arrogans
1272 1866 1359 1918 est,
1381 1857 1556 1922 inquit,
1574 1855 1773 1903 odiosus
1793 1865 1882 1903 est.
1910 1859 1978 1903 Ex
2001 1857 2271 1921 arrogantia
2296 1858 2422 1904 enim

270 1932 475 1998 quisque
499 1931 554 1979 fit
578 1931 836 1979 odiosus.»
864 1935 973 1979 Haec
997 1932 1213 1997 quidem,
1242 1932 1401 1979 omnis
1423 1932 1608 1998 peccati
1630 1931 1838 1990 initium,
1868 1931 2091 1996 angelum
2119 1933 2347 1997 primum,
2377 1943 2425 1979 ut

270 2012 495 2075 diximus,
521 2013 681 2060 statim
718 2029 748 2061 a
776 2011 1052 2060 Conditoris
1087 2013 1161 2060 sui
1199 2013 1401 2074 visione,
1441 2012 1535 2060 hoc
1570 2022 1642 2060 est
1678 2028 1707 2059 a
1737 2029 1847 2060 vera
1881 2011 2178 2060 beatitudine
2210 2012 2421 2078 expulit:

270 2110 378 2159 quae
410 2094 534 2141 sicut
563 2094 700 2141 illum
725 2102 995 2158 apostatare
1029 2093 1157 2153 fecit,
1194 2093 1260 2140 ita
1291 2103 1337 2140 et
1360 2093 1539 2140 multos
1564 2094 1608 2140 ei
1635 2091 1796 2140 adhuc
1830 2109 1917 2157 per
1948 2092 2169 2139 haeresim
2200 2093 2420 2156 acquirit.

272 2178 378 2222 Non
407 2175 539 2222 enim
564 2174 835 2237 ignorantia
858 2173 1138 2221 haereticum
1163 2173 1290 2233 facit,
1317 2172 1401 2220 sed
1422 2172 1662 2239 superbia,
1690 2182 1742 2220 ut
1768 2173 1806 2219 si
1828 2173 1935 2237 quis
1956 2172 2178 2220 videlicet
2199 2189 2257 2220 ex
2280 2173 2424 2220 novi·

274 2263 369 2302 tate
415 2254 575 2319 aliqua
616 2270 796 2301 nomen
846 2253 938 2300 sibi
978 2269 1260 2319 comparare
1298 2252 1606 2312 desiderans,
1649 2252 1845 2317 aliquod
1888 2252 2165 2300 inusitatum
2211 2253 2424 2317 proferre

271 2333 518 2398 gloriatur,
552 2333 687 2399 quod
714 2333 945 2382 adversus
979 2349 1149 2381 omnes
1182 2336 1459 2399 importune
1485 2333 1746 2381 defendere
1776 2333 1963 2392 nititur,
1991 2343 2044 2380 ut
2074 2333 2294 2398 superior
2319 2350 2424 2380 om·

272 2413 416 2462 nibus
445 2415 682 2477 videatur,
711 2424 795 2462 aut
826 2431 889 2462 ne
912 2414 1159 2462 confutata
1184 2414 1420 2462 sententia
1440 2430 1543 2476 sua,
1576 2414 1775 2462 inferior
1800 2413 1980 2461 caeteris
2004 2412 2256 2461 habeatur.
2287 2412 2425 2460 Unde

272 2496 563 2560 Augustinus
600 2496 650 2542 in
686 2494 811 2542 libro
859 2492 916 2541 de
959 2494 1176 2542 Utc'lc‘tate
1207 2493 1436 2543 credendi
1465 2493 1746 2542 haereticum
1792 2493 2044 2558 diligenter
2081 2493 2381 2541 describens⁶
2410 2512 2418 2539 :

275 2595 298 2618 α
318 2576 576 2624 Haereticus
593 2574 717 2642 [est],
737 2575 909 2640 inquit,
931 2584 983 2622 ut
1004 2591 1111 2622 mea
1134 2574 1227 2622 fert
1249 2575 1433 2640 opinio,
1461 2575 1545 2639 qui
1568 2574 1767 2638 alicujus
1786 2573 2062 2639 temporalis
2081 2573 2343 2632 commodi,
2373 2584 2421 2620 et

272 2656 479 2703 maxime
503 2656 664 2720 gloriae
687 2657 1078 2721 principatusque
1098 2657 1173 2703 sui
1196 2656 1362 2718 gratia,
1390 2655 1530 2703 falsas
1555 2665 1603 2702 et
1623 2672 1773 2703 novas
1798 2654 2053 2719 opiniones
2074 2654 2150 2701 vel
2174 2653 2323 2717 gignit
2346 2654 2421 2701 vel

270 2737 550 2800 sequitur.»
590 2737 724 2783 Idem
761 2737 809 2783 iu
836 2753 948 2783 xvm
979 2735 1038 2782 de
1074 2737 1274 2782 ch'tate
1305 2736 1456 2781 Dei⁷z
1503 2754 1525 2779 «
1547 2735 1642 2793 Qui
1676 2735 1726 2781 in
1765 2734 1973 2781 Ecclesia
2003 2733 2183 2797 aliquid
2216 2750 2418 2798 pravum

269 2816 480 2881 sapiunt,
511 2817 550 2862 si
572 2816 776 2863 correcti
802 2816 1152 2862 contumaciter
1186 2815 1430 2872 resistunt,
1465 2823 1512 2862 et
1535 2813 1876 2879 sua-pestifera
1909 2813 2133 2876 dogmata
2163 2813 2424 2862 emendare

271 2894 463 2955 nolunt,
498 2895 584 2943 sed
615 2905 663 2943 et
695 2895 955 2942 defendere
977 2895 1255 2959 persistunt,
1282 2893 1493 2941 haeretici
1518 2894 1657 2942 fiunt.
1683 2913 1706 2939 »
1747 2897 1864 2940 Item
1887 2893 2016 2942 idem
2039 2894 2087 2941 in
2124 2893 2327 2959 epistola
2361 2894 2429 2941 ad

274 2979 528 3041 Optatam:
560 2976 650 3023 «Si
672 2975 734 3023 de
757 2975 937 3035 anima,
963 2975 1136 3039 inquit,
1169 2974 1381 3023 falsitatis
1412 2975 1609 3022 assertio
1638 2974 1924 3040 proferatur,
1963 2983 2011 3023 et
2034 2973 2262 3023 fallacitas
2288 2992 2425 3023 men-

270 3055 460 3117 dacem,
485 3066 532 3104 et
549 3056 758 3104 falsitatis
778 3056 1055 3121 importuna
1083 3054 1299 3103 defensio
1323 3054 1602 3103 haereticum
1625 3055 1752 3103 facit.
1770 3054 1942 3102 »Idem
1964 3072 2108 3120 super
2139 3056 2358 3103 Genesim
2375 3056 2416 3101 ⁸:

317 3267 425 3303 'Pena
443 3271 477 3310 1,
493 3279 566 3312 cap.
583 3279 638 3311 111,
656 3279 686 3302 v.
708 3271 756 3304 15.
778 3285 815 3293 —
830 3270 841 3289 ²
854 3268 992 3308 Coloss„
1010 3278 1082 3311 cap.
1105 3277 1151 3309 iv,
1166 3276 1199 3300 v.
1220 3269 1253 3301 6.
1270 3285 1309 3291 -
1384 3269 1679 3310 ὒΡεαῑπτωΧΧΧικ,
1695 3277 1727 3301 v.
1742 3270 1854 3302 12.—⁶
1865 3269 1910 3301 De
1924 3267 2077 3301 Utilitate
2088 3267 2252 3308 credendi,
2267 3276 2338 3308 cap.
2354 3274 2418 3299 ¹.—

271 3324 283 3344 ⁸
297 3322 450 3358 Corinth.
470 3325 498 3366 1,
512 3333 584 3366 cap.
601 3334 675 3367 vui,
694 3334 723 3358 v.
746 3325 775 3358 1.
794 3341 831 3348 --
852 3323 954 3366 ⁴1⁵³„
973 3333 1047 3365 cap.
1065 3331 1132 3364 xiv,
1150 3332 1179 3356 v.
1201 3323 1253 3358 12.
1270 3340 1308 3346 —
1383 3325 1394 3346 ⁷
1407 3323 1483 3365 Cap.
1499 3332 1542 3357 ιι.
1555 3341 1590 3347 -
1604 3324 1670 3357 ³Dc
1681 3322 1853 3356 Genes.ad
1865 3322 2022 3364 lia.‚1ib.
2034 3320 2100 3361 Vll,
2118 3330 2191 3362 cap.
2208 3330 2254 3353 ix.
