2638 3866
300 237 395 284 170
1101 230 1273 279 PETRI
1309 230 1482 279 ABAEL
1489 230 1626 279 ARDI

295 327 614 381 intentionem
652 327 914 396 corrigens.
968 348 991 376 «
1021 330 1185 380 Judaeo
1220 332 1448 397 primum.
1474 351 1498 378 »
1526 335 1779 398 Tempore,
1816 341 1864 379 et
1896 331 2209 398 postmodum
2239 335 2423 382 Graeco.

295 414 508 461 Primum
533 413 661 461 enim
684 412 889 478 apostoli
910 429 967 460 ex
990 415 1014 460 J
1019 413 1162 460 udaeis
1178 412 1396 459 conversi
1419 421 1548 475 sunt,
1576 429 1661 478 per
1681 428 1803 477 quos
1820 410 1934 460 inde
1955 411 2018 460 ad
2046 413 2237 460 Graecos
2256 413 2429 479 praedi-

292 495 416 542 catio
460 493 705 556 Evangelii
740 493 1004 552 descendit,
1046 493 1241 540 tandem
1263 492 1325 539 ad
1347 492 1560 540 Latinos„
1594 492 1733 540 Unde
1756 492 1900 540 etiam
1926 492 2045 540 illud
2078 493 2213 558 quod
2243 493 2426 542 dictum

293 585 362 622 est
379 573 608 639 primum,
637 582 859 638 respectu
884 575 1214 620 Romanorum
1237 573 1334 620 sive
1352 582 1630 620 caeterarum
1657 573 1889 637 gentium,
1916 571 1978 621 ad
2001 573 2191 621 Judaeos
2214 573 2357 630 simul
2380 583 2427 621 et

290 656 479 702 Graecos
510 654 676 701 referri
703 663 877 719 potest.
909 654 996 702 Vel
1023 674 1047 699 «
1064 654 1292 719 primum,
1312 672 1333 698 >1
1362 653 1413 700 id
1435 662 1523 714 est,
1554 654 1759 701 maxime
1782 652 2022 714 dicamus,
2048 653 2184 719 quod
2215 654 2266 701 in
2295 663 2427 702 tem-

290 751 407 800 pore
430 734 633 801 apostoli
658 735 789 782 Pauli
810 734 871 782 de
892 734 993 782 aliis
1014 733 1207 800 populis
1231 735 1451 782 conversi
1466 734 1565 799 jam
1589 744 1765 782 essent.

357 836 381 859 <t
400 818 424 862 J
430 816 588 863 ustitia
610 815 738 863 enim
755 815 859 862 Dei.
883 834 907 860 »
935 817 1053 863 Vere
1076 816 1125 862 in
1149 814 1367 877 salutem,
1395 816 1512 881 quia
1534 814 1603 862 ibi
1634 815 1780 862 totius
1813 810 1975 863 sal'utis
2007 814 2229 864 doctrina
2268 816 2427 864 conti-

288 905 446 958 netur,
471 895 557 943 ubi
573 895 794 944 videlicet
810 895 992 960 justitia
1012 895 1116 955 Dei,
1143 894 1193 941 id
1218 905 1303 957 est,
1316 895 1442 959 justa
1462 899 1564 960 ejus
1597 895 1924 943 remuneratio
1959 896 2057 944 sive
2095 897 2145 944 in
2178 895 2339 944 electis
2362 895 2424 944 ad

287 976 506 1040 gloriam,
529 977 627 1024 sive
646 977 695 1024 in
718 976 876 1042 impiis
898 975 960 1023 ad
982 991 1177 1041 poenam
1206 975 1388 1040 liquide
1420 985 1465 1024 et
1494 975 1702 1042 perfecte
1734 976 2011 1024 continetur
2045 985 2093 1024 et
2126 976 2345 1024 traditur.
2367 978 2427 1023 Et

287 1057 382 1104 hoc
408 1058 497 1104 «in
515 1074 591 1118 eo,
612 1076 636 1102 »
657 1057 835 1105 scilicet
863 1057 1120 1120 Evangelio
1150 1056 1404 1118 revelatur,
1430 1056 1481 1104 id
1513 1067 1606 1119 est,
1630 1058 1680 1104 in
1715 1057 1816 1122 ejus
1849 1056 2189 1123 praedicatione
2224 1057 2426 1105 docetur

281 1137 461 1200 justitia
486 1138 592 1200 Dei,
612 1137 664 1184 id
687 1147 757 1184 est
769 1138 896 1202 justa
913 1138 1012 1201 ejus
1031 1138 1078 1184 in
1100 1136 1468 1202 quibuscunque
1490 1139 1835 1200 remuneratio,
1860 1148 1962 1187 tam
1983 1139 2161 1200 electis,
2178 1148 2231 1186 ut
2243 1138 2428 1186 dictum

284 1227 372 1279 est,
398 1234 544 1283 quam
566 1218 803 1283 reprobis.
832 1216 1099 1280 Revelatur,
1126 1218 1346 1282 inquam,
1364 1236 1422 1266 ex
1436 1218 1530 1266 fide
1553 1220 1602 1267 in
1620 1218 1786 1282 fidem,
1811 1218 1964 1280 idest,
1979 1236 2036 1268 ex
2057 1219 2152 1268 fide
2171 1235 2427 1285 poenarum

283 1298 515 1362 dirigente
541 1316 631 1346 nos
650 1300 699 1346 in
726 1298 872 1346 fidem
894 1299 1219 1364 praemiorum.
1249 1301 1562 1365 Consequens
1585 1310 1656 1348 est
1686 1300 1817 1348 enim
1842 1301 1978 1366 quasi
2013 1317 2041 1349 a
2077 1300 2348 1363 contrariis,
2371 1309 2428 1348 ut

283 1378 400 1426 dum
419 1380 696 1427 noverimus
719 1379 852 1444 quod
875 1396 1069 1445 poenam
1104 1379 1236 1445 apud
1264 1382 1420 1428 Deum
1451 1390 1744 1442 mereantur,
1770 1380 2183 1446 subintelligamus
2216 1391 2263 1428 et
2291 1380 2426 1445 quod

282 1460 530 1525 praemium
557 1470 888 1524 assequantur,
930 1460 1044 1525 quia
1077 1477 1272 1508 necesse
1311 1471 1383 1509 est
1418 1479 1528 1510 eum
1567 1463 1652 1527 qui
1683 1463 1811 1512 mala
1845 1463 2002 1512 oderit
2037 1462 2170 1509 bona
2202 1461 2421 1526 diligere,

281 1541 401 1587 sicut
425 1541 656 1606 scriptum
676 1544 796 1588 est²z
827 1560 851 1585 «
871 1541 1085 1588 Dilexisti
1105 1542 1356 1605 justitiam,
1383 1552 1431 1590 et
1453 1543 1597 1591 odisti
1620 1543 1940 1608 iniquitatem.
1971 1564 1994 1588 >2
2029 1543 2233 1591 Maxime
2263 1553 2423 1592 autem

280 1620 380 1668 haec
403 1621 452 1668 in
478 1622 733 1686 Evangelio
765 1621 961 1669 revelari
994 1631 1040 1669 et
1073 1622 1301 1685 distingui
1336 1623 1561 1686 arbitror,
1585 1624 1671 1672 ubi
1703 1625 1941 1672 Dominus
1963 1634 2140 1672 cuncta
2170 1641 2277 1689 quae
2302 1622 2425 1672 fiunt

280 1701 549 1748 secundum
571 1702 781 1749 radicem
795 1702 1074 1749 intentionis
1100 1703 1357 1765 examinat,
1385 1703 1597 1752 dicens²:
1623 1724 1644 1750 «
1664 1705 1714 1751 Si
1730 1706 1899 1752 oculus
1918 1714 2028 1753 tuus
2046 1705 2188 1752 fuerit
2200 1704 2421 1770 simplex,

281 1790 437 1828 totum
460 1798 635 1846 corpus
657 1791 793 1828 tuum
816 1782 1032 1829 lucidum
1057 1782 1163 1830 erit.
1184 1785 1232 1830 Si
1249 1783 1417 1831 oculus
1442 1794 1552 1832 tuus
1575 1784 1716 1832 fuerit
1737 1785 2040 1845 tenebrosus,
2067 1794 2224 1833 totum
2247 1801 2424 1850 corpus

281 1871 417 1909 tuum
441 1862 750 1910 tenebrosum
775 1862 880 1910 erit.
915 1881 937 1907 υ
963 1866 1022 1910 Et
1042 1863 1139 1911 hoc
1174 1864 1373 1929 quidem
1404 1875 1476 1913 est
1505 1882 1707 1914 examen
1738 1883 1866 1914 verae
1899 1866 2113 1931 justitiae,
2141 1865 2227 1913 ubi
2249 1875 2426 1914 cuncta

280 1960 385 2007 quae
402 1942 539 2004 fiunt,
552 1943 819 1991 secundum
838 1943 1156 1992 intentionem
1169 1955 1430 2010 pensantur
1446 1947 1596 2011 magis
1609 1963 1755 2011 quam
1768 1946 2034 1995 secundum
2050 1963 2254 2012 operum
2271 1946 2425 2011 quali-

280 2033 443 2071 tatem.
472 2028 590 2083 Quae
613 2024 812 2090 quidem
837 2041 985 2090 opera
1020 2025 1169 2072 Judaei
1208 2027 1359 2090 magis
1386 2044 1545 2092 ,quam
1579 2028 1902 2075 intentionem
1937 2026 2268 2089 attendebant,
2311 2044 2424 2075 cum

279 2122 409 2152 nunc
427 2105 700 2167 Christiani,
719 2105 924 2154 naturali
938 2106 1159 2154 suscitata
1171 2106 1369 2170 justitia,
1393 2125 1494 2155 non
1508 2118 1607 2156 tam
1628 2108 1877 2156 attendant
1890 2125 1995 2173 quae
2014 2107 2138 2156 fiunt
2154 2124 2300 2173 quam
2323 2125 2423 2174 quo

279 2184 440 2230 animo
464 2183 596 2231 fiant.
625 2183 869 2231 Habemus
892 2184 1035 2231 etiam
1053 2183 1119 2231 ibi
1138 2185 1188 2231 in
1211 2184 1470 2248 Evangelio
1491 2186 1739 2234 manifeste
1762 2195 2016 2250 utramque
2032 2185 2419 2248 retributionem,

278 2262 363 2310 ubi
390 2263 562 2312 dicitur
592 2281 620 2312 a
648 2264 913 2311 Domino³:
942 2284 964 2308 ι(
991 2267 1058 2312 lte
1093 2265 1352 2329 maledicti,
1385 2276 1433 2313 et
1461 2267 1620 2315 venite
1655 2267 1916 2315 benedicti.
1933 2288 1955 2311 »
1980 2271 2121 2315 Juxta
2151 2266 2285 2332 quod
2309 2267 2423 2316 alibi

277 2345 343 2392 ait
363 2347 404 2402 ¹⁰⁴:
439 2345 661 2392 «Eadem
696 2346 873 2410 quippe
909 2362 1148 2407 mensura,
1184 2355 1276 2394 etc.
1310 2367 1333 2390 2>
1372 2349 1494 2394 Cum
1532 2347 1707 2396 dicitur
1741 2365 1796 2396 ex
1828 2348 1923 2396 fide
1954 2347 2344 2414 puniendorum,
2370 2349 2419 2397 in

278 2424 420 2472 fidem
447 2424 889 2489 glorificandorum,
917 2426 1139 2474 ordinem
1168 2426 1263 2474 diei
1288 2427 1456 2490 judicii
1479 2436 1724 2490 tenemus,
1752 2428 1837 2476 ubi
1865 2429 2025 2494 impiis
2048 2429 2251 2494 punitiS,
2280 2445 2421 2476 coro-

276 2506 522 2553 nabuntur
542 2506 695 2554 electi.

345 2606 367 2632 «
389 2589 520 2634 Sicut
539 2589 770 2653 scriptum
796 2597 881 2635 est.
903 2607 925 2633 »
947 2591 1000 2634 In
1017 2588 1244 2636 Habacuc
1268 2588 1466 2648 scilicet,
1493 2589 1749 2655 Propheta.
1788 2609 1811 2634 c<
1827 2591 1988 2637 Justus
2011 2606 2066 2637 ex
2101 2588 2197 2636 fide
2227 2589 2359 2652 vivit,
2384 2610 2407 2632 »

276 2667 327 2714 id
348 2678 442 2728 est,
470 2669 738 2716 secundum
765 2670 1107 2718 revelationem
1132 2670 1304 2717 factam
1338 2669 1399 2717 de
1426 2669 1503 2717 his
1525 2670 1745 2719 videlicet
1767 2688 1874 2736 quae
1896 2670 2139 2719 credenda
2163 2680 2293 2733 sunt,
2321 2679 2419 2719 tam

277 2747 338 2795 de
364 2749 516 2812 poenis
536 2749 798 2815 impiorum
825 2766 969 2814 quam
993 2750 1053 2797 de
1076 2751 1282 2816 praemiis
1307 2755 1570 2817 Justorum,
1600 2751 1801 2816 quilibet
1818 2751 1996 2799 electus
2019 2752 2068 2798 in
2093 2767 2179 2798 sua
2203 2767 2419 2816 perseve-

277 2837 350 2875 rat
378 2828 572 2891 justitia,
606 2829 724 2876 dum
765 2830 866 2877 haec
903 2831 1126 2879 videlicet
1162 2844 1297 2879 cavet
1333 2849 1439 2896 quae
1472 2832 1721 2897 punienda
1756 2831 1928 2893 credit,
1965 2842 2012 2880 et
2041 2832 2283 2880 contraria
2314 2847 2420 2896 quae

276 2909 508 2973 placitura
529 2912 632 2956 Deo
657 2910 808 2957 credit
829 2912 1026 2976 appetit.
1052 2915 1114 2958 Ut
1137 2913 1282 2959 animi
1302 2922 1537 2961 terrorem
1562 2913 1780 2979 superbis
1792 2913 1997 2962 incutiat
2014 2914 2259 2974 Romanis,
2286 2913 2416 2960 illam

275 2997 461 3053 partem
481 2989 562 3035 hic
585 2989 754 3036 divinae
772 2991 962 3054 justitiae
986 2993 1312 3056 prosequitur,
1337 3009 1434 3057 qua
1452 2994 1592 3058 punit
1617 3009 1716 3051 eos,
1734 2993 1926 3042 dicens:
1955 3014 1978 3038 c<
2006 2994 2256 3041 Revelatur
2278 2992 2363 3039 ira.
2389 3012 2413 3036 »

281 3068 425 3127 Quod
447 3068 563 3116 dixit
582 3069 813 3132 justitiam
842 3071 929 3117 Dei
970 3071 1168 3118 revelari
1190 3071 1259 3119 ibi
1292 3089 1351 3120 ex
1382 3072 1495 3136 fide,
1535 3074 1713 3121 scilicet
1746 3074 2053 3138 injustorum,
2095 3083 2150 3120 ut
2187 3072 2409 3133 diximus,

323 3277 330 3294 ¹
351 3276 482 3310 Psalm.
514 3284 599 3317 μιν,
625 3285 656 3309 v.
675 3279 706 3310 8.
726 3295 764 3302 —-
780 3277 929 3319 2Μειῑῑιμ,
956 3288 1026 3319 cap.
1046 3287 1091 3319 vx,
1117 3288 1147 3311 v.
1172 3281 1229 3319 223
1254 3278 1345 3321 Luc„
1374 3288 1446 3321 cap.
1474 3289 1517 3321 1¹,
1533 3290 1562 3313 v.
1589 3282 1640 3314 34.
1661 3299 1698 3305 —
1715 3282 1726 3302 ³
1742 3280 1878 3322 Matth.,
1909 3290 1980 3322 cap.
2007 3289 2086 3322 xxv,
2112 3291 2141 3315 v,
2167 3283 2218 3315 41.
2237 3300 2275 3306 -
2292 3282 2302 3301 ⁴
2320 3279 2413 3321 Luc„

276 3338 345 3370 cap.
371 3339 417 3371 vr,
435 3339 464 3362 v.
493 3332 544 3363 38.
