2638 3866
198 215 290 262 554
1006 214 1179 261 PETRI
1213 213 1529 262 ABAELARDI

199 316 386 376 melius,
410 315 582 378 inquit,
610 324 839 377 geruntur
859 331 916 363 ea
937 331 1042 378 quae
1064 314 1265 363 consilio
1284 331 1431 380 quam
1449 332 1554 380 quae
1574 316 1678 364 sine
1694 317 1896 365 consilio
1918 318 2332 382 administrantur,

201 395 320 443 nihil
343 404 501 442 autem
526 395 745 442 omnium
767 411 930 442 rerum
953 396 1122 444 melius
1142 412 1288 460 quam
1312 396 1469 443 omnis
1492 395 1702 445 mundus
1722 397 2080 447 administratur
2101 417 2110 447 :
2134 402 2334 450 consilio

200 476 342 538 igitur
364 474 573 521 mundus
595 474 971 523 administratur.
996 497 1018 519 ι»
1047 479 1236 534 Quanta
1260 485 1419 524 autern
1443 477 1627 525 ratione
1651 488 1824 526 cuncta
1850 479 1898 526 in
1925 480 2110 527 mundo
2138 479 2255 529 fiant
2278 498 2335 529 ac

200 556 533 619 disponantur,
570 555 807 603 maximus
838 556 1057 603 omnium
1079 555 1485 621 philosophorum
1512 557 1644 605 Plato
1677 558 1927 624 diligenter
1954 560 2203 608 attendens
2226 562 2291 609 ait
2318 580 2330 608 ε

203 656 224 678 α
241 634 429 681 Nihilfit
450 635 585 698 cujus
602 645 764 683 ortum
778 653 878 684 non
892 636 1101 700 legitima
1122 650 1266 684 causa
1280 646 1329 684 et
1352 638 1474 685 ratio
1486 638 1738 703 praecedat.
1758 660 1781 684 2>
1810 642 1926 698 Quae
1946 641 2076 688 enim
2095 651 2331 706 quantum

198 714 259 762 ad
297 731 386 761 nos
421 715 614 764 fortuita
643 716 885 778 dicuntur,
915 727 1060 781 atque
1089 716 1337 781 inopinate
1368 719 1723 782 provenientia,
1754 721 1893 768 certis
1926 722 1975 768 in
2003 724 2106 769 Deo
2137 723 2334 770 rationis

195 795 379 859 legibus
406 795 499 844 fixa
534 807 668 858 sunt,
703 808 847 863 atque
883 798 1067 863 optimo
1097 814 1297 862 quaeque
1322 798 1446 846 fiunt
1469 799 1688 847 consilio.
1728 803 1832 848 Hoc
1854 818 1987 863 vero,
2021 818 2119 865 quo
2153 803 2334 867 optime

195 885 367 923 cuncta
390 875 513 923 fiunt
535 893 591 924 ac
623 877 963 943 disponuntur,
989 877 1273 939 consilium,
1298 878 1377 926 alii
1402 882 1583 940 Deum,
1616 879 1695 927 alii
1717 890 1939 930 naturam
1959 882 2114 947 ipsam
2137 898 2299 930 rerum
2317 920 2330 943 ,

195 955 273 1002 alii
292 965 503 1003 mentem
523 973 607 1004 seu
630 959 841 1005 animam
864 957 1037 1005 mundi
1054 974 1227 1006 vocare
1246 969 1613 1021 consueverunt,
1641 977 1810 1009 omnes
1832 971 1994 1010 autem
2015 961 2065 1008 id
2089 978 2333 1009 summum

192 1034 378 1084 bonum
413 1037 771 1099 intellexerunt,
810 1038 943 1103 quod
976 1038 1219 1104 professus
1251 1048 1323 1087 est
1353 1041 1590 1087 SocrateS.
1623 1041 1809 1089 Primus
1843 1052 2004 1089 autem
2032 1045 2335 1105 Anaxagoras

192 1117 314 1164 inter
352 1118 597 1165 universos
632 1118 950 1184 philosophos
988 1119 1205 1166 divinum
1235 1120 1453 1167 animum
1484 1121 1706 1168 omnium
1740 1121 2016 1170 effectorem
2051 1131 2333 1170 naturarum

190 1198 391 1245 sensisse
426 1197 723 1264 perhibetur,
761 1201 884 1247 sicut
917 1200 966 1247 in
1007 1210 1179 1248 octavo
1210 1200 1267 1247 de
1306 1203 1504 1248 Ciuitate
1537 1203 1629 1248 Dei
1655 1201 1824 1251 beatus
1855 1212 2203 1251 commemorat
2236 1206 2332 1251 Au-

191 1278 442 1339 gustinus¹.
474 1278 613 1326 Unde
638 1289 685 1326 et
705 1279 826 1327 illud
851 1290 922 1328 est
944 1281 994 1327 in
1016 1280 1218 1346 epistola
1236 1280 1297 1328 ad
1320 1281 1699 1328 Macedonium':
1720 1285 1862 1330 «Non
1885 1292 2139 1349 propterea
2160 1283 2332 1331 veritas

189 1373 297 1405 cara
323 1375 424 1406 esse
447 1358 609 1420 debet,
634 1361 748 1424 quia
767 1377 869 1407 non
888 1361 1026 1408 latuit
1048 1364 1395 1424 Anaxagoram,
1422 1361 1506 1409 sed
1530 1363 1642 1427 quia
1661 1363 1834 1410 veritas
1856 1373 1943 1424 est,
1967 1363 2151 1412 etiamsi
2170 1363 2331 1411 nullus

188 1437 379 1485 illorum
414 1440 735 1503 cognovisset.
757 1460 780 1485 »
806 1442 960 1489 Facile
982 1451 1147 1490 autem
1169 1441 1290 1489 illud
1318 1458 1515 1506 quoque
1538 1442 1724 1490 ratione
1740 1443 1915 1506 conjici
1944 1453 2154 1509 poterat,
2189 1460 2331 1491 mun-

188 1518 304 1565 dum
332 1520 474 1566 etiam
501 1520 660 1584 ipsum
685 1531 732 1568 et
755 1539 860 1586 quae
885 1514 936 1568 in
968 1539 1026 1569 eo
1052 1531 1188 1582 sunt,
1219 1539 1247 1570 a
1269 1523 1436 1587 seipsis
1468 1540 1570 1570 non
1595 1540 1713 1583 esse,
1742 1540 1832 1572 nec
1861 1541 1947 1589 per
1969 1541 2020 1572 se
2044 1523 2325 1586 subsistere,

186 1598 271 1646 sed
308 1599 368 1646 ab
407 1599 500 1646 alio
536 1618 847 1666 quocumque
884 1603 1027 1666 longe
1066 1604 1251 1651 cunctis
1289 1604 1622 1651 excellentiore
1657 1614 1830 1652 cuncta
1867 1605 2047 1670 optime
2095 1615 2192 1652 tarn
2226 1605 2330 1654 fieri

186 1695 331 1741 quam
364 1681 481 1743 regi.
509 1682 701 1746 Quippe
730 1682 859 1746 quod
891 1699 921 1730 a
945 1683 1102 1747 seipso
1125 1693 1220 1743 est,
1254 1694 1426 1731 natura
1449 1684 1640 1748 dignius
1670 1702 1771 1733 esse
1794 1694 1999 1745 constat,
2024 1702 2170 1750 quam
2194 1688 2328 1750 quod

185 1758 246 1805 ab
278 1759 371 1807 alio
400 1769 485 1806 est.
513 1763 572 1807 Et
595 1777 740 1808 omne
768 1762 904 1825 quod
934 1763 1134 1810 rationis
1155 1773 1300 1828 atque
1324 1763 1645 1828 intelligentiae
1669 1781 1820 1829 capax
1847 1776 1944 1827 est,
1970 1766 2206 1813 universis
2225 1766 2329 1815 aliis

184 1841 490 1888 excellentius
512 1857 613 1889 esse
637 1858 738 1889 non
766 1842 1043 1906 ambigitur.
1071 1845 1178 1890 Non
1208 1844 1351 1907 igitur
1380 1855 1573 1910 oportet
1600 1845 1883 1893 rationalem
1919 1846 2234 1893 substantiam
2265 1847 2327 1894 ab

184 1919 277 1967 alio
317 1937 419 1968 esse
453 1921 684 1983 concedi,
723 1924 765 1970 si
798 1924 982 1971 ratione
1014 1932 1259 1971 carentem
1294 1941 1321 1971 a
1356 1941 1406 1972 se
1440 1942 1540 1972 esse
1577 1942 1833 1990 ponamus.
1871 1926 2022 1975 Nemo
2058 1935 2219 1973 autem
2256 1936 2327 1973 est

182 2010 427 2060 nostrum,
455 2002 538 2065 qui
572 2019 622 2049 se
648 2003 808 2068 ipsum
831 2005 1020 2066 ignoret
1053 2019 1082 2050 a
1103 2020 1152 2050 se
1184 2004 1383 2051 minime
1416 2021 1533 2066 esse,
1569 2006 1655 2053 sed
1683 2005 1745 2053 ab
1775 2005 1868 2053 alio
1893 2006 2045 2069 gigni3
2074 2006 2324 2070 quomodo

181 2081 325 2144 igitur
347 2098 403 2129 ea
429 2098 534 2146 quae
557 2083 744 2130 ratione
763 2093 946 2141 carent,
975 2082 1036 2130 ab
1058 2083 1153 2131 alio
1178 2100 1280 2132 esse
1303 2085 1617 2148 negabimus?
1638 2089 1798 2133 Partes
1822 2087 1983 2150 itaque
2004 2085 2193 2145 mundi,
2219 2102 2326 2149 quae

181 2161 458 2209 naturaliter
479 2162 665 2227 priores
686 2172 815 2224 sunt,
843 2162 988 2211 factas
1011 2180 1114 2211 esse
1140 2165 1369 2212 convenit
1395 2183 1406 2211 :
1435 2182 1491 2212 ac
1513 2183 1600 2230 per
1620 2165 1717 2213 hoc
1739 2166 1800 2214 ab
1811 2166 1906 2213 alio
1929 2165 2170 2213 mundum
2192 2183 2327 2214 exor-

182 2240 317 2288 dium
338 2241 531 2304 ducere,
561 2252 706 2306 atque
738 2243 914 2291 facturn
939 2260 1041 2291 esse
1067 2261 1078 2290 ε
1106 2245 1286 2310 quippe
1309 2262 1455 2309 quem
1483 2247 1629 2294 etiam
1650 2255 1849 2311 propter
1869 2246 2119 2294 hominem
2145 2246 2323 2294 factum

183 2338 284 2369 esse
306 2332 513 2383 constat,
538 2323 617 2370 cui
637 2323 834 2386 singulis
857 2324 954 2371 suis
975 2324 1192 2389 partibus
1216 2325 1449 2387 deservit,
1476 2326 1620 2390 longe
1642 2326 1963 2390 indigniorem
1986 2343 2045 2374 eo
2079 2343 2180 2374 esse
2202 2343 2321 2374 con-

182 2401 330 2462 venit,
370 2418 426 2448 ac
460 2419 547 2467 per
579 2403 676 2450 hoc
709 2404 910 2451 minime
948 2404 1151 2451 concedi
1187 2415 1396 2469 oportet,
1438 2406 1566 2453 hunc
1599 2424 1700 2455 non
1730 2423 1831 2454 esse
1856 2407 2056 2467 sactum,
2095 2424 2207 2454 cum
2244 2407 2322 2455 ille

184 2481 336 2529 factus
372 2483 448 2530 sit.
481 2482 631 2531 Multo
662 2484 821 2531 minus
852 2484 997 2532 etiam
1028 2485 1272 2546 convenit,
1312 2496 1366 2532 ut
1393 2503 1482 2533 suo
1510 2487 1740 2550 regimine
1773 2504 1872 2534 non
1898 2486 2149 2534 rationalia
2174 2503 2321 2551 quam

181 2562 432 2610 rationalia
466 2563 710 2625 nitantur;
737 2564 987 2612 hominem
1021 2574 1184 2612 autem
1218 2566 1439 2630 quamvis
1471 2566 1715 2614 rationalis
1748 2567 1835 2625 sit,
1878 2583 2188 2631 nequaquam
2230 2583 2319 2614 suo

179 2643 399 2704 regimini
433 2643 650 2692 sufficere
682 2655 895 2705 constat,
934 2662 1048 2692 cum
1084 2646 1295 2711 seipsum
1327 2647 1577 2711 quomodo
1612 2648 1715 2695 vult
1746 2647 1796 2699 in
1829 2646 1973 2711 hujus
2008 2647 2114 2694 vitae
2150 2647 2318 2711 pelago

180 2738 340 2786 regere
364 2741 466 2771 non
488 2725 660 2773 valeat.
690 2726 840 2774 Multo
863 2726 1005 2790 igitur
1028 2727 1188 2774 minus
1219 2729 1418 2794 proprio
1440 2729 1660 2793 regimini
1681 2728 1916 2775 committi
1942 2728 2185 2787 convenit,
2212 2746 2318 2793 quae

182 2818 276 2864 qua
307 2820 357 2850 se
378 2821 541 2868 regere
569 2806 754 2870 possint
775 2807 961 2854 ratione
991 2823 1154 2855 carere
1181 2818 1364 2857 certum
1394 2819 1481 2856 est.
1517 2809 1572 2857 Id
1597 2825 1713 2857 vero
1737 2818 1808 2856 est
1830 2808 2067 2868 mundus,
2095 2809 2193 2856 sive
2216 2809 2318 2873 ejus

180 2881 372 2944 singulae
414 2885 674 2948 particulae.
714 2889 773 2932 Et
803 2886 878 2933 his
909 2886 1108 2950 quidem
1145 2887 1221 2935 vel
1257 2887 1588 2937 consimilibus
1631 2888 1899 2937 rationibus
1934 2889 2096 2936 omnia
2128 2904 2233 2951 quae
2266 2889 2315 2936 in

179 2962 364 3008 mundo
397 2973 507 3010 sunt
536 2965 838 3014 conditorem
869 2983 950 3014 seu
978 2977 1214 3016 rectorem
1247 2968 1426 3017 habere
1462 2970 1768 3018 manifestum
1797 2968 2020 3029 arbitror,
2053 2985 2197 3032 quem
2227 2984 2316 3015 nos

178 3041 335 3087 Deum
357 3041 578 3091 dicimus.

243 3123 316 3168 De
347 3121 482 3183 cujus
512 3140 643 3171 nunc
668 3125 848 3173 unitate
882 3138 1097 3191 superest
1127 3128 1389 3193 disputare,
1426 3140 1479 3178 ut
1513 3131 1663 3193 magis
1698 3129 1919 3178 videlicet
1951 3145 2101 3176 unum
2139 3128 2311 3175 condi-

222 3310 227 3327 ·
242 3307 380 3347 August.
396 3307 434 3340 de
453 3307 557 3340 Civit.
573 3307 646 3349 Dei,
670 3309 727 3342 lib.
747 3309 837 3351 VIII,
855 3319 926 3350 cap.
944 3319 979 3343 u.
999 3329 1037 3335 —-
1053 3314 1063 3331 ²
1079 3311 1156 3353 Leg.
1175 3314 1215 3346 In
1230 3314 1406 3356 Epistolis.
