2638 3866
243 213 337 261 590
1047 205 1217 252 PETR!
1254 205 1570 252 ABAELARm

242 313 383 359 ciant.
421 310 632 357 Positivae
656 317 815 355 autem
834 306 1025 370 justitiae
1054 304 1173 352 illud
1203 314 1289 364 est,
1323 305 1458 369 quod
1489 305 1550 353 ab
1580 303 1858 352 homiuibus
1888 305 2159 352 institutum
2190 305 2250 351 ad
2284 306 2371 352 uti-

240 391 421 438 litatem
456 388 632 435 scilicet
657 386 730 433 vel
763 386 1065 432 honestatem
1098 384 1243 432 tutius
1279 384 1590 433 muniendam
1626 385 1696 432 vel
1721 383 2130 450 amplificandam,
2162 395 2245 432 aut
2268 384 2369 433 sola

242 468 589 516 consuetudine
620 476 701 514 aut
736 465 899 530 scripti
930 464 1096 511 nititur
1128 465 1435 525 auctoritate,
1469 474 1637 530 utpote
1671 482 1821 530 poenae
1855 464 2170 511 vindictarum
2211 466 2285 511 vel
2320 466 2371 510 in
2441 484 2451 494 ·

242 547 568 594 examinandis
611 544 992 592 accusationibus
1034 545 1279 591 sententiae
1314 544 1632 608 judiciorum,
1684 562 1794 593 cum
1833 544 1962 610 apud
2003 544 2120 592 alios
2159 545 2275 591 ritus
2309 546 2368 591 sit

244 627 514 674 duellorum
530 627 604 673 vel
626 626 759 688 igniti
779 625 908 684 ferri,
931 624 1057 688 apud
1079 623 1196 671 alios
1219 633 1379 671 autem
1403 626 1560 672 omnis
1573 626 1906 672 controversiae
1926 624 2032 671 finis
2046 625 2106 671 sit
2124 625 2369 687 juramen-

246 717 362 763 tum,
390 716 435 752 et
462 705 658 752 testibus
681 705 838 752 omnis
865 703 1095 751 discussio
1121 703 1494 751 circumferatur.
1526 704 1664 751 Unde
1696 704 1770 765 fit,
1798 714 1850 751 ut
1873 721 1984 751 cum
2008 704 2375 768 quibuscunque

242 786 502 832 vivendum
533 795 624 844 est,
655 784 795 832 nobis
819 801 986 831 eorum
1012 800 1207 848 quoque
1236 785 1474 841 instituta,
1506 801 1613 849 quae
1643 783 1876 844 diximus,
1910 785 2031 831 sicut
2066 794 2113 831 et
2142 784 2374 831 naturalia

238 867 346 927 jura
374 875 636 912 teneamus.
677 867 790 928 lpsae
812 880 1006 928 quoque
1029 863 1154 927 leges
1180 879 1299 927 quas
1322 863 1507 913 divi-nas
1534 864 1706 925 dicitis,
1743 873 1875 911 vetus
1900 863 2077 911 scilicet
2109 880 2165 911 ac
2193 881 2372 911 novum

244 953 603 1004 testamentum,
630 944 848 1006 quaedam
873 943 1105 991 naturalia
1127 943 1323 991 tradunt
1349 953 1585 1010 praecepta
1616 959 1721 1008 quae
1746 943 1945 990 moralia
1969 943 2122 991 dicitis
2139 981 2150 1002 ,
2183 953 2234 990 ut
2269 943 2376 991 dili-

245 1040 352 1086 gere
386 1028 542 1071 Deum
575 1024 648 1070 vel
683 1025 981 1088 proximum,
1008 1040 1109 1070 non
1144 1023 1425 1084 adulterari,
1464 1040 1563 1071 non
1598 1023 1761 1083 furari,
1797 1040 1897 1071 non
1931 1023 2223 1071 homicidam
2247 1024 2376 1083 fieri5,

244 1105 464 1167 quaedam
500 1121 614 1151 vero
649 1106 783 1168 quasi
819 1105 1032 1169 positivae
1064 1105 1254 1168 justitiae
1291 1115 1431 1164 sunt,
1459 1121 1564 1168 quae
1596 1104 1884 1168 quibusdam
1918 1122 1975 1152 ex
2014 1115 2230 1170 tempore
2265 1116 2377 1153 sunt

247 1184 634 1241 accommodata,
663 1195 714 1231 ut
742 1185 1042 1231 circumcisio
1075 1185 1249 1232 Judaeis
1273 1195 1321 1231 et
1351 1184 1617 1249 baptismus
1641 1184 1777 1232 vobis
1808 1194 1855 1231 et
1883 1184 2109 1250 pleraque
2139 1185 2230 1233 alia
2255 1203 2378 1250 quo-

246 1281 352 1310 rum
385 1263 598 1326 figuralia
629 1265 808 1311 vocatis
840 1275 1090 1328 praecepta.
1133 1266 1334 1311 Romani
1364 1281 1559 1328 quoque
1590 1263 1842 1329 pontifices
1876 1264 1951 1311 vel
1985 1265 2238 1328 synodales
2263 1283 2379 1313 con-

244 1354 436 1402 ventus,
465 1344 679 1408 quotidie
705 1361 832 1391 nova
866 1345 1080 1391 condunt
1116 1344 1332 1404 decreta,
1359 1345 1436 1391 vel
1468 1344 1845 1409 dispensationes
1877 1345 2062 1409 aliquas
2096 1345 2376 1411 indulgent,

245 1423 419 1486 quibus
457 1424 581 1471 licita
617 1425 748 1488 prius
773 1425 873 1488 jam
897 1425 1077 1485 illicita,
1112 1424 1185 1471 vel
1208 1441 1235 1472 e
1259 1441 1494 1472 converso
1529 1424 1631 1472 fieri
1666 1426 1938 1485 autumatis,
1964 1427 2097 1491 quasi
2126 1428 2175 1473 in
2211 1443 2380 1474 eorum

244 1515 478 1567 potestate
518 1508 645 1551 Deus
684 1506 897 1569 posuerit
932 1505 1006 1553 vel
1045 1504 1472 1570 permissionibus,
1515 1515 1568 1552 ut
1602 1505 1732 1553 bona
1765 1506 1840 1554 vel
1877 1506 2001 1553 mala
2037 1523 2137 1554 esse
2175 1507 2377 1565 faciant,

246 1601 351 1647 quae
381 1584 512 1648 prius
544 1601 643 1631 non
674 1594 811 1631 erant
844 1595 890 1632 et
925 1584 1016 1648 legi
1048 1595 1220 1632 nostrae
1252 1586 1403 1650 possit
1437 1602 1606 1632 eorum
1641 1587 1898 1634 auctoritas
1927 1587 2252 1651 praejudicare.
2279 1576 2381 1634 vSu-

244 1658 401 1727 perest
434 1673 593 1710 autem
625 1681 779 1725 nunc,
808 1674 860 1710 ut
891 1674 1000 1729 post
1027 1664 1462 1713 considerationem
1485 1665 1694 1729 justitiae,
1727 1666 1789 1714 ad
1820 1666 2026 1731 reliquas
2049 1666 2169 1714 duas
2200 1669 2383 1716 virtutis

247 1743 425 1806 species
449 1743 607 1789 stilum
631 1753 990 1790 convertamus.
2172 1754 2175 1758 ’

1035 1831 1097 1872 De
1115 1831 1305 1889 partibus
1323 1830 1599 1873 fortitudinis.

311 1923 559 1977 Fortitudo
583 1925 742 1988 itaque
764 1924 904 1972 nobis
928 1925 1115 1972 duabus
1143 1928 1357 1990 partibus
1382 1927 1570 1975 videtur
1598 1928 1960 1993 comprehendi,
1989 1931 2381 1992 magnanimitate

248 2003 429 2049 scilicet
454 2014 498 2051 et
522 2003 788 2054 tolerantia.

1073 2086 1189 2139 Quid
1211 2088 1551 2148 magnanimitas.

314 2179 674 2241 Magnanimitas
699 2196 814 2228 vero
837 2190 932 2242 est,
961 2197 1057 2244 qua
1076 2198 1186 2228 cum
1213 2183 1503 2231 rationabilis
1526 2183 1798 2232 substantiae
1820 2201 1964 2234 causa
1988 2188 2210 2250 quaelibet
2235 2189 2385 2237 ardua

251 2258 444 2321 aggredi
482 2276 646 2305 sumus
682 2260 850 2324 parati.
887 2259 1158 2308 Tolerantia
1195 2273 1355 2310 autem
1393 2274 1486 2322 est,
1527 2280 1622 2328 qua
1654 2265 1704 2311 in
1740 2264 1883 2328 hujus
1920 2268 2152 2332 propositi
2194 2270 2389 2334 incepto»

251 2346 525 2384 constanter
547 2355 928 2402 perseveramus.

1023 2422 1085 2463 De
1108 2422 1297 2480 partibus
1318 2426 1624 2482 temperantiae.

318 2514 657 2577 Temperantiae
682 2531 796 2561 vero
826 2526 1062 2579 quantum
1087 2517 1206 2564 mihi
1230 2517 1434 2579 videtur,
1460 2537 1548 2567 nec
1570 2538 1658 2569 vos·
1678 2523 1950 2589 improbare
1976 2524 2198 2583 arbitror,
2226 2536 2385 2590 partes

254 2593 326 2639 hae
350 2603 477 2650 sunt,
503 2592 762 2654 humilitas,
789 2595 1046 2659 frugalitas,
1074 2598 1414 2659 mansuetudo,
1442 2601 1647 2658 castitas,
1673 2602 1920 2650 sobrietas.

1138 2719 1254 2773 Quid
1275 2720 1505 2764 humilitas.

322 2808 569 2855 Humilitas
592 2819 661 2855 est
684 2826 770 2874 per
794 2828 938 2874 quam
962 2812 1022 2860 ab
1046 2814 1259 2878 appetitu
1282 2815 1438 2862 inanis
1459 2817 1618 2879 gloriae
1642 2818 1705 2864 ita
1732 2835 1821 2865 nos
1842 2829 2182 2885 temperamus,
2210 2831 2262 2868 ut
2281 2839 2378 2869 non

264 2903 407 2950 supra
433 2904 578 2951 quam
606 2906 786 2952 sumus,
813 2891 962 2939 videri
985 2903 1287 2957 appetamus

1143 3022 1259 3074 Quid
1278 3022 1510 3083 frugalitas.

327 3107 583 3169 Frugalitas
619 3126 731 3156 vero
766 3122 832 3157 est
870 3114 1118 3177 superfluae
1154 3117 1444 3178 profusionis
1470 3119 1675 3181 frenum,
1711 3137 1796 3186 per
1821 3138 1966 3184 quam
1990 3122 2209 3169 videlicet
2241 3141 2385 3188 supra

261 3201 404 3248 quam
426 3192 741 3234 necessarium
767 3200 834 3236 est
860 3191 1103 3255 possidere
1126 3197 1410 3258 respuimus.
1443 3199 1518 3244 Sic
1548 3208 1594 3245 et
1619 3200 1934 3248 mansuetudo
1969 3201 2154 3248 frenum
2187 3212 2255 3250 est
2279 3205 2376 3264 irae,

262 3274 308 3310 et
329 3267 514 3312 castitas
538 3266 746 3324 luxuum,
777 3279 822 3315 et
845 3270 1074 3318 sobrietas
1099 3273 1237 3335 gulae.
