2638 3866
197 213 292 261 654
1000 213 1171 259 PETRI
1207 212 1524 261 ABAELARDI

193 313 424 378 populos,
457 329 578 377 quos
601 312 827 359 dominus
856 315 984 360 Deus
1013 321 1121 359 tuus
1144 312 1340 360 daturus
1362 322 1430 360 est
1461 313 1564 362 tibi.
1590 332 1616 359 »
1642 316 1700 362 Et
1723 316 1933 361 rursum¹
1958 332 1969 359 :
2005 332 2028 357 «
2053 311 2197 360 Dabit
2219 312 2325 377 plu·

194 393 320 440 viam
352 403 485 439 terrae
507 401 679 439 nostrae
701 401 1063 456 temporaneam
1095 402 1142 440 et
1161 394 1438 453 serotinam,
1466 404 1519 441 ut
1543 394 1773 458 colligatis
1797 394 2062 453 frumenta,
2087 394 2255 440 vinum
2279 402 2327 440 et

195 472 373 531 oleum,
397 473 559 519 fenum
579 488 637 518 ex
656 471 796 535 agris,
820 471 882 518 ad
904 471 1144 537 pascenda
1158 473 1394 536 jumenta,
1419 483 1466 521 et
1489 484 1542 521 ut
1566 475 1658 540 ipsi
1679 474 1943 522 comedatis
1966 483 2012 520 et
2030 473 2322 521 saturemini.

198 555 234 598 V
238 553 513 616 enientque²
535 568 678 616 super
700 560 746 598 te
770 551 1001 599 universae
1023 550 1383 600 benedictiones
1402 554 1515 616 istae,
1543 564 1591 602 et
1608 551 1975 620 apprehendent
1994 562 2057 612 te,
2083 552 2123 600 si
2142 561 2329 599 tantum

197 642 428 696 praecepta
460 631 561 695 ejus
589 631 812 679 audieris.
846 631 1131 679 Benedictus
1164 642 1218 679 tu
1245 633 1295 679 in
1328 633 1515 682 civitate
1547 645 1595 682 et
1624 634 1907 682 benedictus
1941 633 1990 680 in
2021 649 2155 697 agro.
2185 635 2332 679 Bene-

196 712 350 758 dictus
380 711 561 758 sructus
595 712 773 759 ventris
797 713 863 759 tui
891 722 937 760 et
959 712 1137 760 fructus
1159 721 1296 760 terrae
1320 723 1430 776 tuae,
1464 714 1742 779 fructusque
1762 715 2094 779 jumentorum
2116 722 2327 770 tuorum,

196 808 358 856 greges
391 802 721 840 armentorum
754 803 973 852 tuorum,
999 803 1046 840 et
1077 793 1222 841 caulae
1252 795 1417 842 ovium
1446 805 1655 843 tuarum.
1693 794 1948 842 Benedicta
1977 794 2152 841 horrea
2178 803 2261 840 tua
2287 803 2335 840 et

196 872 458 919 benedictae
492 872 719 937 reliquiae.
752 873 1035 922 Benedictus
1059 875 1151 922 eris
1182 875 1454 938 ingrediens
1487 886 1535 923 et
1564 875 1829 938 egrediens.
1867 874 2121 922 Benedicet
2151 873 2334 921 cunctis

199 951 425 1017 operibus
464 970 697 1001 manuum
735 964 926 1001 tuarum
959 964 1006 1001 et
1036 954 1269 1003 fenerabis
1305 955 1526 1019 gentibus
1562 956 1723 1003 multis
1756 964 1804 1003 et
1833 955 1935 1019 ipse
1969 970 1998 1001 a
2031 953 2166 1000 nullo
2200 953 2336 1000 fenus

199 1033 418 1097 accipies.
444 1052 467 1077 »
497 1036 618 1081 Ecce
641 1033 691 1080 in
715 1035 1101 1082 remuneratione
1130 1035 1387 1101 implendae
1414 1035 1530 1099 legis
1552 1036 1677 1083 sicut
1701 1034 1983 1082 hominibus
2007 1034 2070 1080 ita
2095 1043 2143 1080 et
2163 1032 2336 1080 fructui

195 1114 526 1175 jumentorum
556 1123 780 1174 tuorum,
822 1115 951 1178 gregi
985 1126 1319 1163 armentorum
1352 1126 1564 1174 tuorum,
1603 1125 1650 1162 et
1684 1114 1831 1163 caulis
1865 1115 2030 1163 ovium
2062 1112 2337 1161 benedictio

202 1194 510 1258 promittitur,
546 1203 592 1240 et
629 1193 759 1241 nulla
790 1196 1047 1260 spiritualis
1075 1196 1424 1244 benedictionis
1452 1197 1622 1244 animae
1650 1195 1705 1243 fit-
1727 1196 1927 1256 mentio,
1962 1211 2052 1243 nec
2079 1194 2338 1258 quicquam

201 1274 332 1338 quod
361 1274 423 1320 ad
452 1274 653 1321 salutem
684 1275 855 1322 animae
886 1277 962 1323 vel
997 1276 1359 1324 damnationem
1391 1277 1576 1338 attinet,
1616 1275 1953 1324 obedientibus
1986 1275 2063 1322 vel
2099 1283 2340 1338 transgre-

202 1353 442 1400 dientibus
468 1354 781 1419 promittitur,
816 1355 901 1402 sed
925 1355 1028 1403 sola
1049 1356 1311 1405 commoda
1333 1356 1410 1404 vel
1435 1356 1752 1404 incommoda
1773 1343 1963 1404 terrena
1990 1363 2337 1410 memorantur,

204 1435 274 1480 his
313 1451 417 1498 quae
451 1434 659 1482 maxima
695 1445 830 1497 sunt,
871 1437 1074 1484 omnino
1112 1437 1456 1502 praetermissis.
1492 1440 1667 1494 Quaero
1702 1437 1870 1495 etiam,
1905 1437 1943 1484 si
1978 1451 2110 1482 nunc
2149 1448 2343 1498 quoque

205 1524 312 1578 post
335 1515 490 1576 legem
518 1513 658 1562 nobis
681 1514 860 1573 datam,
887 1517 1010 1564 sicut
1039 1527 1086 1565 et
1104 1527 1263 1578 antea,
1288 1517 1365 1565 lex
1386 1517 1615 1565 naturalis
1634 1516 1696 1564 ad
1725 1516 1927 1565 salutem
1949 1514 2190 1580 aliquibus
2211 1512 2343 1560 suffi-

138 1647 139 1650 ,
205 1611 310 1641 cere
347 1595 511 1658 possit,
551 1594 730 1660 absque
759 1596 982 1644 videlicet
1008 1597 1322 1645 exterioribus
1356 1597 1448 1645 illis
1479 1608 1526 1645 et
1555 1597 1764 1662 propr-iis
1789 1596 1905 1660 legis
1927 1594 2172 1661 operibus.
2200 1592 2347 1651 Quod

206 1674 315 1736 quia
348 1674 478 1720 nulla
504 1676 688 1722 ratione
720 1692 894 1739 negare
918 1679 1114 1741 potestis
1130 1715 1142 1738 ‚
1177 1695 1290 1724 cum
1313 1677 1468 1741 legem
1499 1677 1626 1724 hanc
1649 1686 1836 1724 constet
1865 1685 2053 1723 tantum
2072 1674 2211 1722 vobis
2245 1689 2347 1720 esse

207 1753 391 1814 datam,
428 1770 527 1800 non
558 1755 659 1802 aliis
690 1756 908 1821 populis⁷
941 1773 1030 1804 nec
1054 1757 1443 1804 circumcisiones
1473 1756 1567 1804 nisi
1600 1755 1800 1803 Abrahae
1833 1766 1879 1803 et
1914 1755 2086 1804 semini
2115 1754 2216 1818 ejus
2247 1769 2348 1800 esse

208 1833 463 1896 injunctas.
498 1834 570 1880 Ad
600 1835 735 1898 cujus
764 1836 959 1900 quidem
993 1853 1157 1884 semen
1189 1836 1277 1883 soli
1307 1836 1550 1902 pertinent
1580 1835 1666 1895 illi,
1699 1836 1784 1899 qui
1815 1835 1876 1882 de
1912 1838 2040 1881 Isaac
2069 1839 2343 1891 nascuntur,

207 1914 419 1960 Domino
448 1913 510 1960 ad
543 1915 702 1979 ipsum
733 1915 945 1964 dicente⁸
974 1935 983 1964 :
1014 1936 1039 1962 «
1061 1917 1185 1974 Quia
1213 1917 1262 1963 in
1290 1919 1418 1963 Isaac
1441 1915 1693 1962 vocabitur
1721 1915 1805 1961 tibi
1827 1931 2008 1962 semen.
2030 1933 2054 1956 ›>
2082 1912 2178 1970 Qui
2207 1912 2349 1960 etiam

210 2003 374 2059 postea
399 2010 545 2058 quam
568 1995 945 2044 circumcisionis
966 2007 1161 2062 pactum
1183 1996 1462 2043 instituisset
1481 1996 1677 2043 inferius
1702 1995 1899 2059 adjecit*
1927 2012 1936 2040 ε
1971 2014 1992 2038 «
2016 1997 2212 2040 Pactum
2235 2007 2349 2038 vero

211 2091 372 2121 meum
397 2083 601 2122 statuam
631 2075 692 2122 ad
723 2079 869 2124 Isaac.
910 2098 933 2120 >›
966 2076 1057 2124 Job
1077 2093 1272 2141 quoque
1292 2076 1536 2139 gentilem,
1559 2092 1705 2140 quem
1727 2084 1837 2140 post
1859 2073 2101 2121 Abraham
2123 2072 2227 2120 sine
2249 2071 2371 2134 lege-

211 2155 439 2201 exstitisse
460 2171 558 2202 non
581 2155 826 2214 dubitatis,
855 2157 903 2203 in
927 2166 1114 2205 tantum
1138 2156 1375 2204 Dominus
1398 2155 1776 2213 commendavit,
1811 2164 1863 2201 ut
1882 2153 2089 2201 diceret⁵
2113 2170 2123 2199 :
2154 2171 2177 2196 ι(
2209 2150 2355 2209 Quod

212 2251 309 2280 non
341 2235 398 2280 sit
429 2235 473 2281 ei
495 2236 659 2283 similis
682 2237 730 2282 in
755 2246 907 2298 terra,
938 2237 1090 2284 homo
1115 2236 1315 2301 simplex
1338 2246 1386 2283 et
1410 2245 1568 2283 rectus
1593 2251 1648 2283 ac
1673 2235 1846 2282 timens
1874 2237 2029 2281 Deum
2059 2243 2106 2280 et
2128 2231 2357 2279 recedens

212 2330 240 2360 a
263 2313 408 2360 malo.
442 2333 464 2357 »
492 2316 587 2372 Qui
610 2332 697 2380 per
719 2326 870 2364 semet
894 2317 1052 2381 ipsum
1075 2332 1211 2363 suam
1230 2315 1373 2363 nobis
1395 2332 1643 2381 exponens
1661 2314 1894 2379 justitiam
1915 2330 2062 2378 quam
2094 2312 2353 2369 imitemur,

212 2393 334 2439 nihil
357 2393 416 2440 de
440 2394 530 2441 illis
553 2395 668 2458 legis
691 2396 919 2460 operibus
944 2405 1310 2455 commemorat,
1338 2396 1422 2443 sed
1446 2406 1635 2443 tantum
1663 2396 1779 2459 legis
1802 2394 2029 2442 naturalis
2051 2409 2223 2458 opera,
2253 2407 2358 2456 quae

214 2473 471 2537 unicuique
495 2475 595 2540 ipsa
614 2475 736 2522 ratio
752 2476 980 2523 naturalis
995 2476 1266 2541 persuadet.
1285 2495 1309 2520 u
1326 2476 1374 2522 Si
1392 2475 1654 2537 ambulavi,
1676 2497 1698 2519 2»
1717 2475 1908 2539 inquit⁶‚
1926 2493 1949 2518 «
1971 2474 2019 2520 in
2036 2473 2259 2529 vanitate,
2275 2480 2358 2518 aut

215 2553 452 2601 festinavit
474 2555 521 2601 in
546 2555 662 2602 dolo
686 2573 770 2621 pes
789 2573 942 2616 meus,
969 2557 1008 2604 si
1033 2557 1203 2619 negavi
1228 2555 1363 2620 quod
1384 2555 1612 2604 volebant
1633 2554 1927 2621 pauperibus
1950 2564 1998 2600 et
2020 2552 2186 2600 oculos
2209 2551 2360 2598 viduae

217 2639 489 2694 exspectare
530 2630 617 2677 feci
637 2667 648 2688 ,
682 2642 805 2692 etc.‚
834 2652 855 2674 >³
891 2648 998 2696 quae
1031 2631 1133 2696 ipse
1163 2631 1303 2678 nobis
1338 2630 1594 2694 gentilibus
1630 2640 1728 2677 tam
1760 2628 1918 2676 verbis
1951 2642 2099 2692 quam
2133 2624 2361 2690 exemplis

220 2718 448 2773 tanquam
476 2710 630 2775 legem
653 2712 872 2759 instituit.
898 2712 1045 2769 Quod
1076 2713 1115 2759 si
1148 2711 1249 2759 haec
1268 2712 1345 2759 vel
1375 2722 1486 2759 ante
1511 2711 1663 2774 legem
1685 2709 1760 2758 vel
1795 2709 1940 2756 etiam
1970 2724 2102 2754 nunc
2125 2705 2362 2771 aliquibus

221 2788 279 2833 ad
316 2789 519 2836 salutem
558 2790 819 2852 sufficiant,
850 2791 965 2856 quid
1000 2808 1195 2839 necesse
1233 2792 1322 2838 fuit
1351 2792 1523 2856 jugum
1554 2791 1672 2854 legis
1703 2789 1911 2848 addere,
1956 2798 2004 2836 et
2040 2786 2364 2852 multiplicatis

222 2870 464 2933 praeceptis
488 2872 892 2934 transgressiones
922 2872 1133 2936 augere?
1158 2871 1250 2919 Ubi
1280 2873 1408 2919 enim
1443 2888 1542 2919 non
1576 2881 1648 2919 est
1671 2870 1773 2932 lex,
1802 2886 1892 2918 nec
1911 2868 2018 2933 ejus
2038 2867 2364 2933 praevaricatio

223 2947 437 2995 accidere
461 2960 635 3014 potest.
674 2951 937 3008 Quomodo
966 2953 1256 3018 peculiarem
1285 2952 1521 3017 populum
1551 2952 1655 3015 lege
1679 2951 1790 2998 data
1818 2949 2089 3006 constituit,
2113 2957 2161 2995 et
2180 2963 2277 3012 qua
2294 2962 2364 2993 ra-

223 3027 354 3073 tione
372 3029 514 3075 Israel
532 3031 905 3094 primogenitum
928 3048 1071 3079 suum
1094 3032 1332 3092 nominat,
1348 3048 1495 3096 quem
1518 3041 1650 3079 tanta
1672 3030 1858 3078 sarcina
1879 3030 1982 3077 sine
2005 3043 2149 3076 causa
2173 3022 2366 3091 gravat?

270 3235 277 3253 ¹
293 3233 405 3273 Dent„
422 3242 492 3274 cap.
512 3242 560 3274 xi,
576 3244 606 3265 v.
631 3236 668 3267 14
685 3241 717 3267 et
733 3244 805 3275 sqq.
824 3236 999 3276 —²Ibid.,
1018 3245 1088 3276 cap.
1104 3245 1221 3278 xxvm,
1240 3245 1269 3268 v.
1289 3240 1307 3270 2
1324 3243 1357 3269 et
1373 3246 1444 3278 sqq.
1466 3255 1504 3261 —-
1523 3239 1535 3258 ²
1552 3239 1678 3276 Genes„
1691 3246 1762 3277 cap.
1778 3245 1849 3276 xxi,
1866 3245 1895 3267 v.
1916 3235 1966 3268 12.
1980 3251 2020 3257 —
2035 3234 2044 3253 ⁴
2058 3234 2184 3271 Germ„
2203 3240 2274 3272 cap.
2289 3240 2369 3269 ΠΗ,

229 3295 261 3319 v.
279 3288 332 3320 21.
349 3304 391 3310 —
406 3288 417 3308 ⁵
432 3286 524 3329 Iob„
549 3297 619 3328 cap.
639 3297 662 3328 1,
680 3297 709 3321 v.
728 3290 759 3321 8.
779 3306 815 3313 -
835 3289 847 3308 ⁶
863 3288 955 3330 Job.⁷
976 3298 1048 3330 cap.
1065 3297 1157 3330 xxxi,
1172 3298 1201 3321 v.
1217 3290 1236 3323 5
1254 3295 1287 3322 et
1308 3291 1359 3323 16.
