2638 3866
944 214 1247 263 THEOLOGI
1254 216 1288 265 Α
1334 174 1703 267 cflmsTlANA.
2276 238 2282 249 ·
2299 215 2394 263 549

246 315 390 364 etiam
422 317 578 363 Deum
613 330 715 362 esse
748 329 1046 376 annuamus,
1084 317 1124 364 si
1159 317 1362 365 omnino
1401 317 1716 367 substantiam
1752 317 1993 378 divinam,
2031 317 2130 366 sive
2166 334 2395 383 personas

245 396 456 462 singulas
486 395 549 444 ab
574 394 651 443 his
672 412 793 461 quas
822 394 1005 443 habent
1033 398 1408 463 proprietatibus
1442 399 1649 448 relativis
1676 416 1763 466 per
1791 398 2184 465 praedicationem
2219 398 2396 463 disjun-

247 493 441 541 gamus,
483 477 605 524 sicut
637 475 889 524 hominem
926 476 1001 524 vel
1035 479 1282 526 Socratem
1320 496 1350 528 a
1380 481 1667 546 paternitate
1692 495 1838 545 quam
1875 479 2050 541 habet3
2087 497 2199 528 cum
2234 490 2395 527 tamen

244 558 349 624 ipsa
376 558 636 624 paternitas
665 574 764 606 non
795 557 855 606 sit
883 573 958 605 res
980 558 1072 607 alia
1103 558 1165 606 ab
1188 560 1324 625 ipsis,
1351 578 1442 609 nec
1474 561 1684 609 fortassis
1713 560 1879 608 eadem
1897 598 1909 622 ,
1935 578 2046 608 cum
2081 578 2157 609 res
2193 562 2395 610 omnino

244 649 373 687 recte
408 639 505 687 dici
526 654 627 686 non
651 638 819 704 possit,
849 655 955 703 quae
986 639 1036 686 in
1069 655 1119 686 se
1143 657 1305 689 veram
1334 658 1436 689 non
1469 641 1616 690 habet
1637 642 1853 700 entiam¹,
1887 651 1938 688 ut
1963 642 2022 689 sit
2046 643 2095 689 in
2126 659 2176 689 se
2202 659 2299 689 una
2322 658 2396 691 res

245 735 451 767 numero
487 735 515 766 a
548 718 716 767 ceteris
739 717 966 766 omnibus
995 736 1101 784 quae
1124 720 1225 785 ipsa
1249 737 1350 768 non
1380 732 1509 781 sunt,
1535 722 1680 771 rebus
1705 721 1943 769 entialiter
1968 721 2188 770 discreta.
2219 722 2312 770 Sed
2336 723 2396 770 de

242 799 339 849 ho'c
363 799 660 864 diligentem,
688 809 740 847 ut
761 798 984 861 arbitror,
1013 809 1269 849 tractatum
1293 802 1343 849 in
1366 803 1702 851 retractatione
1725 802 2209 868 praedicamentorum
2232 812 2393 851 nostra

242 880 459 930 continet
481 881 808 944 grammatica.
833 883 946 929 Tres
980 881 1141 945 itaque
1164 883 1499 948 proprietates,
1526 901 1626 931 non
1654 894 1748 931 tres
1772 900 1848 931 res
1872 883 2094 941 dIcimus,
2123 883 2174 930 id
2199 893 2270 931 est
2294 901 2394 931 non

244 969 339 1010 tres
371 962 623 1021 essentias,
657 961 744 1010 sed
775 971 870 1010 tres
905 962 954 1010 in
989 978 1087 1011 una
1121 963 1324 1011 essentia
1359 963 1649 1012 relationum
1683 963 2000 1024 diversitates,
2040 980 2127 1030 per
2160 980 2305 1028 quaS,
2343 975 2397 1011 ut

244 1041 430 1090 dictum
463 1051 553 1101 est,
579 1052 673 1091 tres
701 1059 919 1108 personae
944 1042 1230 1091 consistunt.
1264 1046 1386 1092 Cum
1410 1045 1571 1109 itaque
1594 1044 1682 1092 has
1711 1045 2025 1110 proprietates
2053 1060 2129 1092 res
2159 1061 2259 1092 non
2294 1061 2396 1092 esse

240 1138 503 1188 ponamus,
539 1132 588 1171 et
617 1122 802 1172 dictum
826 1124 910 1186 sit,
943 1123 1196 1190 Quidquid
1228 1125 1372 1172 estin
1402 1127 1529 1186 Deo,
1562 1128 1692 1173 Deus
1725 1135 1820 1186 est;
1855 1125 1950 1173 hoc
1976 1135 2065 1185 est,
2087 1124 2270 1173 nullam
2293 1142 2395 1172 rem

239 1219 343 1253 esse
372 1203 423 1252 in
450 1204 575 1269 ipso,
613 1221 720 1270 quae
747 1221 849 1252 non
880 1205 939 1253 sit
968 1205 1070 1271 ipse
1100 1223 1110 1251 :
1140 1205 1357 1271 profecto
1391 1223 1492 1253 non
1518 1222 1777 1271 possumus
1806 1206 1938 1270 cogi,
1977 1215 2029 1253 ut
2058 1222 2146 1272 per
2180 1204 2276 1253 hoc
2310 1205 2396 1253 has

240 1284 558 1349 proprietates
586 1287 746 1334 Deum
777 1302 878 1334 esse
903 1286 1258 1348 concedamus,
1294 1303 1407 1334 cum
1435 1287 1565 1352 ipsae,
1606 1295 1659 1333 ut
1689 1285 1873 1334 dictum
1902 1296 1996 1346 est,
2033 1303 2197 1335 rerum
2227 1286 2395 1352 aliqua·

243 1382 344 1414 non
369 1366 467 1414 sint
488 1367 767 1427 existentiae,
793 1367 880 1416 sed
902 1368 953 1415 in
977 1384 1076 1417 una
1100 1385 1151 1416 re
1175 1360 1489 1416 consistentes
1511 1369 1843 1433 proprietates.

307 1446 357 1494 Si
389 1447 499 1512 quis
522 1447 644 1496 forte
676 1447 890 1513 objiciat,
915 1448 1051 1513 quod
1073 1449 1113 1496 si
1140 1465 1239 1496 non
1269 1449 1366 1497 sint
1389 1466 1464 1496 res
1494 1448 1681 1514 aliquae,
1709 1449 1874 1496 omnia
1899 1465 2000 1496 non
2025 1449 2145 1508 sint,
2172 1458 2254 1496 aut
2276 1448 2396 1496 nihil

241 1527 355 1586 sint,
381 1544 495 1575 cum
529 1545 676 1577 omne
708 1528 842 1594 quod
874 1538 969 1592 est,
997 1546 1072 1577 res
1102 1529 1262 1594 aliqua
1289 1529 1377 1586 sit;
1404 1530 1624 1595 profecto
1649 1529 1843 1591 fallitur,
1872 1530 1970 1578 vim
2000 1530 2395 1578 enunciationum

239 1607 533 1672 distinguere
548 1609 782 1657 nesciens.
804 1629 828 1655 «
841 1613 959 1657 Est»
976 1611 1156 1676 quippe
1170 1611 1374 1659 verbum
1397 1611 1642 1675 aequivoce
1671 1610 1785 1671 dici,
1803 1620 1999 1658 auctore
2016 1610 2283 1675 Porphyrio
2296 1612 2325 1656 ³.

242 1689 518 1737 Aristoteles
540 1691 732 1751 asserit,
756 1701 812 1738 ut
832 1691 970 1739 aliter
987 1692 1169 1739 scilicet
1187 1691 1249 1739 de
1262 1691 1556 1752 substantiis,
1583 1691 1719 1739 aliter
1744 1690 1806 1738 de
1829 1707 2001 1738 eorum
2025 1688 2398 1756 proprietatibus

239 1768 444 1817 dicatur.
472 1772 596 1817 Cum
617 1771 749 1818 enim
768 1770 1021 1819 dicimus«
1051 1788 1155 1818 esse
1181 1790 1225 1833 »,
1256 1771 1350 1821 tale
1386 1781 1459 1819 est
1495 1788 1551 1819 ac
1589 1771 1628 1818 si
1663 1787 1905 1836 ponamus
1934 1770 2187 1818 hominem
2224 1771 2274 1817 in
2313 1788 2396 1819 sua

238 1866 437 1898 manere
466 1850 760 1913 substantia,
786 1850 884 1899 hoc
914 1862 986 1900 est
1017 1852 1228 1917 aliquem
1253 1852 1464 1918 seipsum
1489 1868 1616 1913 esse,
1650 1852 1748 1899 sive
1782 1851 1966 1916 aliquid
1996 1868 2098 1899 esse
2126 1851 2391 1899 hominem.

240 1931 290 1978 Si
312 1947 429 1979 vero
454 1930 672 1980 dicamus
695 1933 1035 1997 paternitatem
1058 1949 1180 1995 esse,
1211 1933 1304 1981 tale
1327 1942 1399 1983 est
1421 1950 1476 1981 ac
1500 1934 1537 1980 si
1560 1950 1819 1998 ponamus,
1850 1932 2032 1997 aliquid
2056 1950 2157 1980 esse
2181 1943 2393 1999 patrem,

239 2028 341 2059 non
373 2013 528 2077 ipsam
562 2014 902 2078 paternitatem
931 2030 1034 2062 esse
1064 2030 1203 2062 suam
1234 2014 1510 2062 essentiam.
1538 2014 1674 2061 Unde
1703 2014 1894 2079 penitus
1928 2013 2100 2061 falsum
2138 2023 2207 2060 est
2242 2023 2396 2079 pater-

241 2093 441 2140 nitatem
473 2093 594 2141 nihil
626 2110 754 2152 esse,
786 2094 883 2142 hoc
915 2104 986 2141 est
1016 2112 1117 2141 non
1148 2111 1275 2155 esse,
1301 2095 1535 2158 quamdiu
1570 2093 1753 2158 aliquid
1782 2104 1917 2159 pater
1948 2094 2032 2153 sit,
2069 2093 2165 2141 hoc
2183 2104 2253 2141 est
2289 2111 2396 2142 eam

239 2172 434 2221 habeat.
468 2173 615 2232 Quod
649 2174 794 2221 etiam
829 2174 1016 2222 dictum
1048 2185 1145 2233 est,
1185 2174 1425 2239 quidquid
1455 2184 1553 2236 est,
1585 2191 1662 2222 res
1697 2184 1796 2233 est,
1837 2183 1886 2221 et
1914 2173 2025 2221 ideo
2058 2174 2395 2239 paternitatem

240 2270 342 2301 uon
360 2271 480 2315 esse,
503 2255 543 2301 si
562 2255 667 2320 ipsa
684 2271 786 2303 non
806 2255 866 2303 sit
882 2272 959 2303 res
983 2273 994 2302 z
1017 2256 1137 2303 nihil
1153 2256 1217 2304 ad
1234 2256 1441 2303 formam
1461 2256 1632 2303 attinet
1656 2255 1935 2320 syllogismi,
1957 2255 1998 2302 si
2018 2254 2118 2301 vim
2137 2265 2184 2302 et
2200 2272 2396 2303 sensum

238 2336 634 2383 enunciationum
668 2336 819 2401 magis
850 2353 998 2401 quam
1022 2354 1199 2385 sonum
1229 2337 1550 2385 attendamus.
1577 2336 1687 2384 Tale
1721 2337 1902 2403 quippe
1930 2345 2001 2384 est
2033 2335 2169 2401 quod
2199 2336 2391 2395 dicitur,

239 2416 485 2482 Quicquid
511 2427 601 2475 est,
626 2434 703 2465 res
726 2428 821 2475 est;
848 2434 906 2466 ac
928 2419 968 2466 si
994 2419 1198 2479 dicatur,
1228 2421 1557 2483 Quaecumque
1581 2435 1658 2466 res
1679 2428 1766 2479 est,
1794 2419 1898 2484 ipsa
1922 2427 1993 2466 est
2012 2434 2115 2478 res3
2143 2434 2256 2465 cum
2280 2434 2394 2466 vero

236 2497 448 2558 additur,
476 2499 736 2546 Paternitas
761 2515 862 2546 non
886 2509 957 2547 est
977 2516 1071 2561 res,
1099 2509 1146 2548 et
1167 2516 1226 2547 ex
1250 2499 1324 2547 his
1348 2499 1589 2563 colligitur
1609 2499 1872 2565 paternitas
1896 2515 1997 2546 non
2023 2515 2147 2558 esse;
2176 2498 2281 2545 talis
2305 2509 2390 2558 est,

240 2588 294 2625 ut
324 2578 550 2641 diximus,
588 2580 914 2629 conclusionis
947 2598 1138 2644 sensus,
1171 2598 1228 2628 ac
1258 2581 1298 2628 si
1330 2580 1550 2628 dicamus
1580 2598 1680 2630 non
1717 2597 1820 2628 esse
1851 2579 2036 2644 aliquid
2066 2588 2270 2644 patrem.
2311 2581 2394 2626 Re—

240 2658 408 2706 solutis
440 2660 602 2724 itaque
631 2677 718 2725 per
751 2662 1104 2727 expositionem
1135 2660 1580 2727 propositionibus,
1619 2661 1723 2709 talis
1755 2661 1845 2708 erit
1868 2660 2239 2724 argumentatiO,
2277 2675 2333 2706 ac
2356 2661 2392 2705 si

241 2738 307 2786 ita
342 2739 531 2787 dicatur
559 2758 569 2786 ε
598 2742 770 2788 Omnis
803 2758 879 2789 res
912 2758 1019 2806 quae
1050 2751 1139 2800 est,
1167 2752 1236 2788 est
1259 2757 1365 2800 res;
1399 2741 1485 2789 sed
1508 2742 1771 2807 paternitas
1802 2757 1903 2788 non
1927 2749 1998 2787 est
2021 2756 2122 2799 res,
2155 2755 2269 2804 ergo
2292 2755 2392 2786 non

239 2818 387 2866 habet
418 2820 599 2884 aliquid
634 2821 991 2885 paternitatem,
1018 2821 1153 2885 quod
1189 2821 1392 2868 omnino
1426 2838 1528 2868 non
1553 2821 1794 2886 provenit.
1822 2821 1871 2868 Si
1905 2821 2013 2884 quis
2037 2836 2155 2867 vero
2191 2820 2395 2883 graviter

241 2900 466 2964 accipiat,
503 2900 638 2965 quod
670 2900 765 2948 hoc
796 2901 907 2948 loco
939 2901 1170 2948 lectorem
1197 2900 1262 2949 ad
1291 2901 1679 2949 retractationem
1707 2901 2197 2967 praedicamentorum
2223 2899 2395 2947 invita-

241 2982 471 3042 verimus,
509 2989 653 3045 atque
685 2981 817 3029 hunc
841 2980 933 3028 sibi
965 2990 1221 3030 tractatum
1251 2980 1470 3029 sufficere
1500 2998 1604 3030 non
1636 2998 1778 3047 posse
1806 2980 1961 3043 dicat,
1992 2990 2042 3028 et
2072 2979 2138 3028 ob
2159 2980 2257 3027 hoc
2281 2997 2394 3028 eum

242 3061 379 3125 quasi
398 3061 732 3127 imperfectum
751 3072 918 3126 arguat
947 3079 957 3108 ε
983 3061 1192 3109 breviter
1212 3061 1276 3110 de
1297 3061 1638 3127 praedicatione
1662 3062 1812 3126 patris
1836 3071 1883 3110 et
1902 3061 2200 3127 paternitatis
2223 3062 2394 3108 instrui

242 3142 435 3205 poterit,
450 3157 599 3207 quare
621 3142 859 3204 videlicet,
885 3159 999 3211 cum
1027 3142 1266 3191 diversam
1299 3158 1404 3191 rem
1425 3142 1724 3208 paternitatis
1746 3159 1773 3191 a
1796 3151 1931 3208 patre
1955 3142 2165 3190 nolimus
2188 3158 2308 3201 esse,
2338 3158 2393 3188 ea

290 3324 359 3358 'Sic
369 3325 452 3360 Cod.
464 3325 563 3361 Forte
573 3327 748 3369 legendum
764 3328 953 3362 essentiam.
965 3328 1086 3362 —²Sic
1101 3327 1183 3362 cod.
1192 3328 1322 3363 Medius
1331 3331 1467 3363 auctore
1475 3327 1888 3371 por....Aristoteles.v1d.
1900 3327 2182 3370 Porphyrileaq.
2194 3325 2272 3367 Cap.
2285 3333 2320 3365 lt,
2339 3328 2391 3357 32.
