2638 3866
337 256 429 304 130
1127 252 1288 299 PETRI
1322 248 1631 299 ABAELARDI

333 354 534 403 concedi
556 360 759 419 oportet,
792 362 842 399 ut
861 353 900 399 si
923 353 1106 416 justum
1131 352 1190 399 sit
1203 350 1416 415 judicem
1438 352 1610 416 punire
1637 350 1805 408 istum,
1837 349 2020 414 justum
2043 347 2186 395 etiam
2209 348 2269 395 sit
2289 348 2457 396 istum¹

332 435 491 500 puniri
513 451 541 482 a
555 433 717 498 judice
745 451 756 479 ε
783 449 895 479 cum
914 432 1133 479 videlicet
1154 432 1250 478 hoc
1272 446 1452 477 nomen
1470 430 1679 494 justum,
1705 429 1829 477 sicut
1854 439 1901 476 et
1925 428 2175 495 possibile,
2209 428 2259 475 in
2283 428 2458 476 talibus

332 514 670 578 significatione
690 512 855 559 variet.
884 513 1004 558 Cum
1025 512 1154 558 enim
1176 510 1366 570 dicitur,
1392 510 1506 575 quia
1524 510 1708 574 justum
1735 519 1806 557 est
1833 519 1885 556 ut
1906 508 2056 573 judex
2078 508 2253 574 puniat
2283 509 2452 569 istum,

330 593 423 639 hoc
445 593 737 639 institutione
766 591 880 655 legis
906 608 1017 638 eum
1039 590 1215 638 debere
1240 590 1553 638 ostendimus.
1581 591 1664 637 Sin
1689 599 1849 638 autem
1871 589 2088 638 dicamus
2110 590 2255 636 istum
2280 588 2455 636 debere

327 672 484 736 puniri
507 689 534 719 a
548 671 728 735 judice,
745 671 839 718 hoc
861 687 972 718 eum
996 670 1222 718 meruisse
1245 668 1449 718 dicimus
1465 680 1518 718 ut
1539 671 1783 736 puniatur.
1805 672 1935 736 Saepe
1959 671 2121 734 itaque
2145 669 2382 732 contingit
2404 677 2456 715 ut

327 751 592 798 secundum
607 751 723 814 legi-s
745 751 1040 798 sanctionem
1059 749 1204 813 judex
1223 748 1397 797 debeat
1419 750 1627 815 aliquem
1650 751 1839 816 punire,
1865 750 1948 814 qui
1967 759 2127 798 tamen
2147 764 2455 813 nequaquam

327 847 416 894 pro
437 831 613 878 meritis
629 831 724 878 suis
754 830 926 878 debeat
948 830 1009 878 ab
1030 846 1087 877 eo
1107 830 1285 895 puniri.
1311 829 1466 877 Veluti
1489 847 1601 878 cum
1627 830 1771 893 aliqui
1806 830 1909 877 falsi
1930 839 2071 877 testes
2087 867 2100 890 ,
2136 830 2220 893 qui
2242 837 2401 876 tamen
2426 844 2455 876 a

322 911 481 973 judice
515 911 661 959 refelli
696 928 793 959 non
831 921 1054 976 possunt,
1097 920 1265 957 contra
1292 910 1602 959 innocentem
1630 911 1839 974 aliquem
1867 919 2084 973 surgunt,
2120 920 2167 957 et
2188 909 2452 956 secundum

325 991 450 1055 leges
473 1008 582 1038 eum
607 1008 740 1038 reum
760 992 1051 1038 convincunt
1075 991 1158 1054 qui
1182 1007 1292 1038 reus
1325 1008 1427 1039 non
1458 1002 1546 1052 est,
1573 1001 1620 1039 et
1641 991 1771 1039 credi
1798 991 1978 1039 faciunt
2000 990 2191 1055 culpam
2223 1005 2328 1054 quae
2352 1006 2452 1036 non

326 1081 410 1118 est.
441 1071 576 1118 Unde
598 1071 769 1118 accidit
787 1081 856 1133 ut,
882 1072 1001 1119 sicut
1024 1070 1208 1118 dictum
1231 1081 1316 1131 est,
1339 1071 1486 1136 Judex
1512 1071 1685 1119 debeat
1706 1088 1817 1119 eum
1846 1072 2035 1137 punire,
2062 1069 2146 1134 qui
2165 1079 2327 1117 tamen
2353 1085 2453 1116 non

325 1149 464 1197 debet
488 1151 647 1215 puniri
671 1167 697 1197 a
725 1151 910 1214 judice,
950 1161 997 1198 et
1018 1150 1115 1197 hoc
1138 1167 1279 1215 agere
1305 1150 1491 1215 justum
1525 1153 1583 1199 sit
1609 1151 1760 1216 judici
1786 1151 1920 1216 quod
1949 1161 2111 1199 tamen
2135 1149 2235 1215 pati
2259 1165 2360 1196 non
2382 1158 2454 1196 est

317 1231 496 1292 justum
510 1229 594 1290 illi,
608 1231 703 1277 hoc
716 1241 785 1278 est
795 1231 1029 1278 debitum.
1045 1232 1176 1279 Sicut
1194 1248 1308 1295 ergo
1322 1232 1418 1293 hic,
1435 1232 1656 1297 quamvis
1669 1232 1800 1279 idem
1811 1233 1870 1280 sit
1883 1231 2096 1296 judicem
2107 1230 2449 1296 punireistum,

322 1319 368 1354 et
399 1310 566 1356 istum²
588 1311 747 1374 puniri
779 1327 806 1357 a
838 1311 1014 1374 judice,
1044 1328 1144 1359 non
1180 1322 1340 1360 tamen
1379 1312 1509 1374 ideo,
1548 1313 1671 1360 sicut
1703 1313 1884 1376 justum
1926 1322 1997 1360 est
2025 1311 2237 1376 judicem
2283 1310 2452 1373 punire

320 1389 461 1435 istum
491 1406 637 1453 quem
656 1390 797 1454 juste,
826 1401 878 1437 ut
911 1391 1093 1439 dictum
1126 1402 1214 1454 est,
1242 1392 1511 1440 secundum
1535 1392 1689 1456 legem
1714 1393 1877 1459 punit,
1901 1393 1966 1440 ita
2001 1392 2142 1440 etiam
2173 1391 2357 1454 justum
2381 1400 2453 1437 est

320 1468 451 1515 illum
475 1470 632 1534 puniri
649 1486 676 1517 a
694 1471 886 1533 judice:
906 1473 1076 1520 eadem
1095 1473 1297 1535 ratione,
1324 1474 1545 1538 quamvis
1566 1473 1696 1521 idem
1726 1473 1783 1520 sit
1806 1472 2015 1538 aliquem
2039 1471 2210 1519 salvari
2235 1487 2264 1517 a
2282 1473 2386 1518 Deo
2405 1479 2452 1518 et

318 1550 472 1595 Deum
497 1550 673 1597 salvare
690 1567 817 1613 eum,
847 1553 1119 1601 mirandum
1152 1570 1253 1601 non
1286 1563 1380 1612 est,
1409 1555 1449 1601 si
1471 1571 1584 1601 cum
1623 1554 1720 1602 hoc
1743 1553 1968 1619 possibile
1992 1561 2088 1610 est,
2119 1550 2239 1598 illud
2268 1566 2449 1614 nequa»

319 1644 461 1690 quam
495 1630 719 1694 possibile
754 1648 855 1679 esse
896 1634 1207 1682 concedatur.
1252 1637 1374 1682 Puto
1410 1644 1457 1681 et
1496 1651 1554 1681 ex
1587 1633 1661 1681 his
1697 1650 1803 1699 quae
1837 1633 1964 1681 dicta
1988 1641 2101 1680 sunt
2135 1630 2269 1678 facile
2302 1629 2451 1678 refelli

317 1724 456 1771 posse
479 1710 609 1773 quod
633 1711 692 1758 de
714 1713 1014 1777 providentia
1038 1715 1125 1762 Dei
1149 1715 1223 1762 vel
1248 1715 1350 1779 ejus
1372 1715 1618 1763 voluntate
1643 1715 1771 1762 circa
1795 1723 2035 1761 creaturas
2054 1711 2197 1775 objici
2219 1727 2360 1776 posse
2378 1711 2449 1757 vi—

317 1787 471 1849 detur,
498 1799 567 1849 ut,
595 1806 703 1837 cum
727 1792 827 1857 ipse
849 1793 1071 1842 videlicet
1092 1795 1194 1842 sine
1216 1796 1292 1842 his
1308 1813 1414 1861 quae
1435 1796 1498 1843 ab
1520 1806 1697 1843 aeterno
1717 1795 1767 1841 in
1785 1793 2008 1854 sehabet,
2034 1808 2135 1854 non
2154 1807 2254 1838 esse
2276 1800 2448 1855 potue-

316 1868 391 1928 rit,
419 1869 532 1932 quia
553 1886 650 1917 non
680 1874 958 1921 convenerit
988 1892 998 1920 ε
1033 1891 1133 1922 non
1155 1884 1315 1923 tamen
1346 1893 1583 1941 ponamus
1613 1893 1688 1924 res
1709 1892 1815 1940 quae
1837 1874 2039 1940 provisae
2062 1881 2195 1932 sunt,
2233 1872 2308 1918 vel
2331 1887 2448 1935 quas

316 1963 416 1994 esse
431 1948 598 2011 voluit,
616 1951 724 1998 ideo
750 1969 847 1999 non
866 1954 1076 2018 potuisse
1100 1972 1200 2002 non
1223 1972 1341 2017 esse,
1363 1956 1459 2003 hoc
1482 1967 1568 2017 est,
1595 1973 1653 2003 ex
1673 1955 1949 2003 necessitate
1965 1969 2045 2000 eas
2066 1951 2336 2015 contigisse.
2367 1953 2448 1998 Et-

314 2026 351 2072 si
371 2027 500 2074 enim
520 2029 620 2077 sine
644 2032 945 2095 providentia
964 2034 1104 2082 fuisse
1139 2053 1238 2082 non
1272 2037 1428 2100 potuit
1445 2074 1458 2098 ,
1484 2037 1596 2100 quia
1619 2052 1718 2082 non
1744 2034 1986 2099 oportuit,
2017 2033 2266 2098 ipsamque
2284 2031 2448 2095 provi-

314 2105 524 2155 dentiam
545 2125 703 2157 rerum
728 2123 954 2161 eventum
979 2116 1210 2179 consequi
1230 2132 1421 2163 necesse
1438 2117 1515 2175 sit,
1539 2133 1639 2163 non
1675 2126 1835 2162 tamen
1857 2113 1967 2161 ideo
1995 2129 2070 2160 res
2094 2111 2307 2178 provisas
2330 2126 2446 2158 con-

313 2186 417 2234 cedi
439 2198 629 2252 oportet
652 2207 752 2238 non
775 2195 989 2257 potuisse
1017 2212 1117 2242 non
1150 2212 1267 2243 esse.
1297 2197 1394 2243 Etsi
1424 2213 1537 2244 eum
1571 2197 1674 2243 sine
1698 2194 1945 2242 voluntate
1968 2192 2163 2241 creandi
2185 2189 2442 2252 mundum,

313 2265 383 2312 vel
409 2267 509 2314 sine
531 2269 776 2319 voluntate
801 2275 1060 2322 miserandi
1084 2293 1323 2341 ponamus
1345 2294 1445 2324 non
1470 2278 1683 2342 potuisse
1709 2293 1809 2323 non
1834 2292 1953 2336 esse,
1984 2291 2083 2321 non
2107 2273 2219 2320 ideo
2242 2271 2446 2335 cogendi

312 2361 475 2393 sumus
497 2348 570 2394 vel
594 2351 831 2399 mundum
850 2393 861 2414 ,
892 2355 964 2402 vel
995 2372 1050 2403 ea
1071 2373 1178 2421 quae
1210 2367 1367 2404 creata
1391 2367 1525 2417 sunt,
1559 2374 1660 2404 non
1686 2356 1898 2420 potuisse
1927 2355 2107 2402 deesse.
2135 2353 2207 2399 Ibi
2233 2352 2441 2417 quippe,

311 2425 431 2471 sicut
449 2426 547 2489 jam
571 2428 943 2481 determinatum
971 2445 1057 2496 est,
1082 2436 1144 2483 ad
1169 2446 1391 2484 naturam
1413 2437 1519 2498 Dei,
1551 2437 1629 2483 hic
1654 2436 1717 2483 ad
1739 2444 1960 2482 naturam
1982 2443 2309 2481 creaturarum
2331 2447 2445 2496 pos-

310 2503 443 2551 sibile
462 2508 679 2555 sumitur.
714 2512 852 2560 Unde
875 2531 1069 2563 necesse
1094 2533 1194 2563 non
1219 2527 1306 2576 est,
1328 2527 1382 2563 ut
1405 2533 1517 2564 cum
1541 2519 1671 2564 Deus
1695 2532 1749 2563 ex
1774 2515 1971 2580 propria
1994 2524 2164 2560 natura
2186 2511 2261 2559 vel
2282 2512 2445 2576 provi-

311 2581 519 2631 dentiam
547 2603 707 2635 rerum
727 2626 739 2650 ,
770 2591 844 2638 vel
875 2593 1056 2643 bonam
1095 2595 1154 2643 de
1177 2597 1243 2643 eis
1261 2596 1561 2644 voluntatem
1591 2595 1770 2643 habere
1802 2610 1996 2642 necesse
2033 2592 2120 2654 sit,
2147 2593 2260 2657 quia
2282 2590 2378 2637 hoc
2400 2591 2443 2637 ei

310 2662 526 2711 videlicet
565 2669 770 2716 maxime
805 2676 1060 2733 convenit;
1089 2692 1186 2723 non
1213 2686 1372 2723 tamen
1397 2686 1570 2724 natura
1600 2692 1766 2723 earum
1800 2685 1852 2722 ut
1887 2675 2000 2739 ipsae
2025 2674 2119 2720 sint
2145 2672 2312 2736 exigit,
2338 2687 2443 2735 quae

312 2743 507 2790 omnino
531 2763 630 2793 non
656 2765 756 2796 esse
780 2764 993 2815 possunt.
1025 2757 1169 2814 Quod
1192 2767 1351 2804 autem
1386 2758 1644 2805 novissime
1685 2756 2050 2823 opponebatur,
2085 2751 2240 2800 nullas
2265 2751 2442 2799 scilicet

309 2829 462 2879 grates
485 2826 586 2871 Deo
609 2827 879 2879 referendas
901 2850 1002 2882 esse
1024 2853 1113 2900 pro
1134 2837 1203 2884 eis
1219 2854 1325 2902 quae
1338 2838 1462 2898 facit,
1490 2854 1599 2885 cum
1613 2854 1669 2885 ea
1691 2851 1998 2901 nequaquam
2014 2833 2253 2881 dimittere
2270 2831 2438 2897 possit,

310 2907 356 2943 et
381 2901 586 2963 quadam
611 2911 888 2959 necessitate
910 2914 960 2960 id
985 2917 1144 2979 potius
1176 2928 1282 2980 agat
1303 2935 1450 2982 quam
1474 2920 1737 2978 voluntate,
1763 2917 1964 2965 omnino
1989 2913 2210 2962 frivolum
2239 2922 2325 2960 est.
2353 2911 2441 2958 Hic

310 2978 437 3025 enim
459 2984 675 3044 quaedam
699 2999 877 3037 naturae
896 2994 970 3040 vel
993 2995 1219 3045 bonitatis
1237 2998 1337 3062 ejus
1350 2999 1604 3047 necessitas
1621 2999 1682 3047 ab
1707 2999 1806 3063 ejus
1818 2997 2065 3044 voluntate
2087 3011 2188 3040 non
2214 3001 2284 3039 est
2302 3007 2439 3055 sepa-

308 3066 426 3118 rata,
445 3075 534 3107 nec
547 3065 730 3111 coactio
742 3067 945 3118 dicenda
956 3084 1041 3134 est,
1054 3092 1147 3139 qua
1160 3078 1303 3125 etiam
1321 3078 1490 3126 nolens
1508 3079 1555 3126 id
1572 3079 1725 3127 facere
1739 3087 1954 3142 cogatur.
1968 3079 2087 3122 Nam
2097 3082 2142 3120 et
2156 3088 2268 3119 cum
2279 3086 2435 3136 lpsum

307 3151 498 3186 necesse
513 3140 573 3186 sit
588 3142 906 3194 immortalem
928 3166 1045 3212 esse,
1071 3155 1145 3201 vel
1166 3157 1446 3205 immortalis
1467 3158 1672 3219 dicatur,
1698 3172 2003 3221 nequaquam
2024 3154 2138 3201 hinc
2153 3152 2326 3199 divinae
2344 3166 2436 3196 na-

347 3321 352 3337 ¹
368 3318 420 3352 Sic
437 3321 519 3354 Cod.
537 3322 620 3358 vict.
636 3326 769 3360 Iustum
786 3333 881 3362 Amb.
894 3335 953 3356 —2
971 3333 1011 3365 Ut
1027 3340 1133 3375 supra.
