2638 3866
309 175 370 224 56
1115 170 1278 217 PETRI
1313 168 1618 217 ABAELARDI

306 277 400 325 hoc
423 285 523 323 erat
544 275 594 322 in
620 272 855 339 principio
879 270 1010 338 apud
1031 274 1209 332 Deum;
1238 270 1401 318 omnia
1425 287 1512 336 per
1533 271 1692 337 ipsum
1716 269 1840 317 facta
1859 278 1988 332 sunt,
2016 278 2064 316 et
2085 269 2188 318 sine
2214 271 2319 337 ipso
2341 272 2441 320 sac·

307 367 412 404 tum
434 367 504 404 est
525 354 645 402 nihil
665 352 799 418 quod
819 351 996 399 factum
1016 362 1110 414 est3
1138 352 1186 398 in
1208 352 1312 417 ipso
1336 351 1427 398 vita
1448 360 1567 410 erat,
1595 360 1642 398 et
1659 350 1756 397 vita
1777 359 1877 397 erat
1895 347 1976 396 lux
1992 349 2268 412 hominum,
2292 361 2342 403 et
2360 352 2443 400 lux

307 437 356 484 in
380 435 588 484 tenebris
610 433 736 481 lucet
750 469 762 492 ,
791 442 839 480 et
862 431 1069 480 tenebrae
1092 448 1197 479 eam
1221 448 1321 478 non
1344 430 1833 497 comprehenderunt.
1864 432 1922 477 Et
1944 430 2058 495 quia
2080 431 2237 478 omnis
2259 433 2438 496 anima,

307 516 523 581 quamvis
543 513 868 562 testimonium
882 512 1131 579 perhibeat
1145 512 1206 560 de
1221 512 1417 574 lumine,
1435 528 1536 560 non
1551 522 1621 560 est
1633 521 1795 559 tamen
1811 511 1915 576 ipsa
1926 509 2109 569 lumen,
2129 510 2212 558 sed
2226 512 2442 562 Verbum

306 596 410 653 Dei,
430 599 577 655 Deus,
595 594 758 642 lumen
777 602 847 641 est
861 609 1046 654 verum,
1069 592 1200 657 quod
1218 591 1453 639 illuminat
1469 608 1667 650 omnem
1684 591 1934 638 hominem
1951 590 2227 639 venientem
2243 592 2293 639 in
2310 592 2443 642 hunc

305 675 558 723 mundum.
588 678 646 722 Et
665 675 777 739 quia
793 674 843 720 in
862 673 957 720 hoc
977 672 1160 720 mundo
1181 682 1297 732 erat,
1321 681 1367 719 et>
1383 671 1592 719 mundus
1610 688 1697 737 per
1713 671 1870 736 ipsum
1891 670 2041 719 factus
2060 681 2147 746 est,
2167 681 2216 720 et
2232 673 2442 723 mundus

305 773 416 804 eum
438 772 539 803 non
563 755 805 820 cognovit.
835 754 957 812 Quia
979 770 1092 801 vero
1117 755 1165 800 in
1188 769 1271 799 sua
1295 752 1489 818 propria
1515 752 1670 813 venit,
1700 761 1745 799 et
1771 752 1844 799 sui
1867 768 1979 799 eum
2001 768 2102 800 non
2125 764 2409 820 receperunt
2424 792 2438 819 ,

305 845 545 900 quotquot
567 845 726 883 autem
753 844 1038 899 receperunt
1059 850 1187 895 eum,
1211 832 1345 880 dedit
1362 833 1429 880 eis
1448 841 1732 899 potestatem
1751 831 1875 880 filios
1901 833 1990 880 Dei
2014 831 2118 880 fieri
2137 834 2442 884 credentibus

305 916 354 963 in
377 917 574 963 nomine
598 916 716 981 ejus,
745 932 845 963 non
867 914 935 963 ibi
957 915 1065 979 legi.
1088 918 1206 962 Item
1230 913 1322 979 legi
1345 913 1413 960 ibi
1435 913 1548 978 quia
1570 913 1785 960 Verbum
1806 914 1934 961 Deus
1954 930 2055 961 non
2075 931 2134 962 ex
2149 931 2311 974 carne,
2340 931 2442 965 non

305 1013 360 1044 ex
385 997 633 1061 sanguine,
659 1013 758 1043 non
783 1013 838 1043 ex
862 995 1108 1043 voluntate
1130 995 1236 1055 viri,
1258 1011 1415 1059 neque
1434 1010 1491 1041 ex
1507 993 1754 1042 voluntate
1771 994 1945 1055 carnis,
1964 994 2050 1042 sed
2069 1012 2125 1043 ex
2148 998 2251 1044 Deo
2271 1005 2443 1045 natum

304 1086 391 1124 est.
412 1076 505 1124 Sed
530 1077 642 1141 quia
663 1075 877 1124 Verbum
900 1092 1011 1123 caro
1039 1075 1212 1124 factum
1237 1085 1332 1137 est,
1359 1084 1407 1122 et
1428 1073 1662 1123 habitavit
1683 1075 1733 1121 in
1759 1074 1926 1134 nobis,-
1954 1091 2055 1123 non
2078 1074 2146 1123 ibi
2164 1075 2272 1142 legi.
2300 1075 2442 1125 Inda-

304 1157 407 1221 gavi
428 1156 476 1203 in
492 1156 638 1204 literis
656 1156 762 1218 illis,
793 1156 953 1203 multis
975 1156 1132 1203 modis
1151 1156 1349 1215 dictum,
1370 1154 1503 1220 quod
1524 1155 1583 1202 sit
1602 1155 1745 1204 Filius
1760 1155 1810 1202 in
1836 1155 1990 1204 forma
2006 1157 2175 1218 Patris,
2193 1173 2295 1205 non
2315 1157 2444 1224 rapi-

303 1252 413 1283 nam
437 1236 688 1284 arbitratus
712 1253 812 1283 esse
831 1235 1083 1300 coaequalis
1100 1239 1220 1299 Deo,
1245 1236 1359 1301 quia
1377 1234 1657 1284 naturaliter
1676 1235 1889 1302 idipsum
1905 1246 1991 1286 est.
2019 1237 2113 1285 Sed
2138 1238 2253 1303 quia
2272 1247 2445 1286 semet-

299 1316 458 1380 ipsum
490 1316 748 1363 exinanivit
772 1316 976 1364 formam
1006 1317 1129 1363 servi
1159 1317 1421 1381 accipiens,
1455 1316 1505 1363 in
1529 1316 1895 1365 similitudinem
1925 1317 2183 1365 hominum
2215 1317 2367 1365 factus
2396 1326 2445 1366 et

300 1395 467 1443 habitu
489 1395 711 1442 inventus
734 1405 784 1442 ut
808 1395 958 1443 homo
972 1415 985 1457 3
1011 1395 1280 1444 humiliavit
1301 1397 1610 1463 semetipsum
1630 1397 1782 1446 factus
1807 1397 2040 1447 obediens
2061 1415 2213 1464 usque
2237 1398 2300 1447 ad
2319 1414 2446 1446 mor-

299 1485 422 1535 tem,
449 1485 654 1522 mortem
684 1485 841 1523 autem
870 1477 1052 1539 crucis,
1085 1488 1286 1543 propter
1319 1478 1454 1543 quod
1485 1488 1531 1526 et
1557 1480 1684 1526 Deus
1707 1479 1929 1528 exaltavit
1952 1497 2065 1528 eum
2085 1496 2115 1528 a
2139 1479 2369 1541 mortuis,
2396 1488 2445 1528 et

274 1555 496 1603 ,donavit
518 1556 561 1603 ei
584 1572 761 1602 nomen
790 1555 924 1621 quod
956 1567 1027 1604 est
1057 1574 1201 1623 super
1226 1575 1372 1606 omne
1404 1575 1612 1620 nomen,
1642 1570 1695 1606 ut
1718 1560 1768 1607 in
1792 1560 1992 1608 nomine
2015 1560 2116 1625 ejus
2141 1576 2288 1607 omne
2317 1575 2442 1625 genu

298 1634 533 1695 flectatur,
553 1636 830 1698 coelestium,
858 1637 1154 1685 terrestrium
1177 1647 1223 1685 et
1242 1637 1561 1699 infernorum,
1589 1648 1636 1686 et
1659 1640 1818 1687 omnis
1838 1641 2002 1704 lingua
2021 1638 2312 1688 confiteatur
2329 1639 2445 1705 quia

300 1717 537 1764 Dominus
574 1720 705 1765 Jesus
741 1717 956 1765 Christus
990 1719 1040 1766 in
1068 1718 1218 1783 gloria
1243 1729 1313 1766 est
1344 1721 1433 1767 Dei
1464 1720 1651 1785 patris¹,
1692 1737 1794 1768 non
1828 1721 2011 1769 habent
2042 1721 2111 1768 illi
2144 1720 2271 1768 libri.
2298 1719 2446 1779 Quod

298 1796 426 1843 enim
450 1806 559 1844 ante
579 1798 741 1846 omnia
760 1808 993 1864 tempora,
1018 1808 1066 1846 et
1083 1816 1227 1865 super
1244 1801 1408 1848 omnia
1425 1810 1646 1867 tempora
1665 1801 2124 1850 incommutabiliter
2151 1811 2314 1850 manet
2334 1802 2444 1849 uni-

298 1877 481 1940 genitus
505 1876 628 1926 filius
654 1889 762 1926 tuus
781 1889 1043 1927 coaeternus
1067 1879 1173 1943 tibi,
1197 1891 1245 1927 et
1260 1881 1374 1946 quia
1394 1881 1454 1929 de
1473 1881 1774 1948 plenitudine
1793 1881 1896 1948 ejus
1914 1883 2156 1949 accipiunt
2174 1882 2364 1945 animae,
2391 1891 2446 1930 ut

296 1955 445 2005 beatae
462 1958 574 2021 sint,
595 1969 642 2006 et
661 1959 769 2024 quia
787 1961 1151 2026 participatione
1170 1962 1410 2009 manentis
1425 1963 1474 2009 in
1494 1980 1544 2011 se
1560 1964 1802 2029 sapientiae
1822 1973 2118 2012 renovantur
2132 1973 2186 2012 ut
2208 1963 2446 2030 sapientes

302 2038 413 2098 sint,
439 2049 509 2087 est
535 2039 616 2087 ibi.
646 2041 789 2099 Quod
812 2051 973 2090 autem
997 2060 1088 2108 pro
1113 2043 1273 2109 impiis
1300 2053 1519 2092 mortuus
1545 2055 1632 2106 est,
1660 2062 1760 2093 non
1787 2055 1858 2093 est
1880 2044 1966 2093 ibi.
1990 2065 2013 2088 2>

359 2119 412 2165 At
433 2136 548 2167 vero
572 2137 633 2168 ne
657 2120 825 2186 aliquis
849 2139 987 2170 sexus
1012 2123 1137 2171 inter
1163 2123 1389 2171 homines
1409 2124 1651 2190 sapientiae
1677 2125 1804 2174 fama
1828 2125 2006 2173 caeteris
2028 2133 2306 2191 praestantes
2328 2124 2445 2173 fidei

298 2208 474 2246 nostrae
491 2202 776 2250 testimoniis
797 2203 934 2266 desit,
959 2204 1038 2253 illa
1054 2205 1199 2253 etiam
1216 2205 1401 2253 famosa
1420 2204 1593 2272 sibylla
1610 2207 1886 2269 inducatur,
1913 2223 2020 2273 quae
2038 2223 2127 2254 nec
2144 2205 2445 2254 divinitatem

300 2278 469 2341 Verbi,
510 2297 599 2328 nec
633 2281 1006 2347 humanitatem,
1047 2302 1137 2333 nec
1166 2295 1427 2351 utrumque
1459 2286 1751 2349 adventum,
1795 2304 1886 2336 nec
1923 2297 2182 2352 utrumque
2208 2286 2446 2351 judicium

294 2358 441 2406 Verbi
474 2354 730 2409 scribendo
764 2365 1079 2428 praetermisit.
1123 2366 1338 2414 Primum
1374 2367 1573 2433 quidem
1604 2368 1845 2433 judicium
1889 2384 1987 2433 quo
2020 2367 2193 2432 injuste
2227 2366 2446 2414 Christus

296 2448 364 2486 est
400 2439 641 2503 judicatus
679 2442 727 2489 in
769 2445 1009 2508 passione,
1048 2456 1095 2493 et
1128 2447 1397 2496 secundum
1431 2448 1565 2515 quod
1592 2449 1718 2514 juste
1748 2448 2047 2513 judicaturus
2085 2457 2156 2495 est
2204 2446 2446 2495 mundum

297 2519 562 2584 majestate;
591 2521 651 2569 de
674 2538 770 2587 qua
792 2525 1080 2588 Augustinus
1103 2539 1273 2575 contra
1297 2531 1508 2596 quinque
1533 2530 1758 2578 lzaereses²
1784 2548 1795 2577 z
1828 2550 1851 2574 ε(
1871 2528 2132 2577 Audiamus
2155 2526 2276 2593 quid
2299 2527 2446 2575 etiam
2467 2565 2471 2568 .

297 2599 464 2663 sibylla
494 2610 624 2649 vates
663 2619 836 2652 eorum
866 2605 927 2653 de
962 2606 1134 2655 eodem
1169 2609 1297 2657 dicat
1323 2628 1334 2657 ε
1366 2630 1389 2655 «
1407 2610 1588 2670 Alium,
1627 2610 1815 2675 inquit,
1851 2609 1985 2658 dedit
2017 2609 2255 2657 Dominus
2284 2607 2444 2655 homi-

302 2697 324 2724 «
353 2679 495 2728 nibus
518 2680 739 2731 fidelibus
755 2683 1032 2735 colendum.
1055 2708 1078 2732 >>
1102 2691 1221 2737 Item
1247 2708 1257 2736 :
1290 2711 1311 2734 (ι
1331 2693 1437 2757 Ipse
1455 2702 1596 2740 tuum
1615 2707 1856 2757 cognosce
1875 2690 2141 2738 Dominum
2161 2689 2251 2736 Dei
2270 2687 2446 2735 Filium

303 2778 326 2802 α
356 2775 472 2807 esse.
495 2779 522 2807 υ
550 2763 650 2810 Alio
672 2763 782 2812 loco
805 2765 976 2814 Filium
991 2769 1098 2830 Dei,
1123 2770 1423 2835 symbolum³
1446 2771 1675 2839 appellat,
1696 2771 1749 2820 id
1774 2780 1844 2819 est
1865 2769 2211 2831 consiliarium,
2228 2768 2306 2819 vel
2326 2784 2446 2817 con-

299 2837 472 2886 silium.
499 2843 558 2888 Et
580 2843 816 2909 propheta
838 2845 973 2895 dicit*
998 2867 1009 2895 τ
1044 2870 1067 2892 «
1084 2850 1349 2899 Vocabitur
1371 2869 1554 2901 nomen
1578 2853 1680 2918 ejus
1704 2850 2034 2915 Admirabilis,
2065 2849 2393 2899 Consiliarius.
2417 2866 2442 2893 n

298 2918 369 2964 De
412 2934 508 2982 qua
552 2938 741 2971 rursum
778 2925 907 2974 idem
950 2937 1085 2994 pater
1133 2931 1418 2995 Augustinus
1458 2934 1508 2980 in
1553 2935 1660 2982 VIII
1706 2932 1764 2980 de
1801 2933 2001 2981 Ciuitate
2041 2933 2159 2979 Dei⁸
2198 2948 2209 2977 :
2251 2949 2275 2975 «
2296 2932 2366 2976 Eo
2380 2965 2392 2988 ,
2419 2946 2443 2973 »

298 2997 476 3063 inquit,
509 3020 531 3043 α
555 3010 770 3068 tempore
792 3008 1013 3056 nonnulli
1049 3008 1270 3075 sibyllam
1296 3012 1593 3077 Erythraeam
1615 3013 1922 3063 vaticinatam
1944 3012 2106 3061 ferunt
2120 3048 2133 3072 ,
2165 3025 2324 3082 quam·
2339 3008 2445 3074 qui·

342 3204 471 3247 ¹Phil.,
491 3215 562 3247 cap.
581 3216 618 3247 11,
629 3218 661 3242 v.
681 3212 759 3242 '.¹.—-
772 3212 872 3254 ²Cap.
888 3222 935 3255 ιιι,
956 3216 1056 3259 Opp„
1072 3222 1096 3250 t.
1117 3216 1210 3259 vlu,
1225 3221 1332 3262 App„
1399 3219 1487 3253 Edit.
1499 3219 1842 3262 Amb.-⁶1sai.‚cap.
1862 3228 1912 3261 ιχ,
1929 3229 2003 3261 cap.
2017 3218 2197 3253 6.-⁶Lih.
2215 3215 2369 3259 xvm‚v.
2385 3217 2439 3251 23.

298 3258 362 3292 col.
379 3261 410 3293 3.
429 3278 467 3284 —
484 3261 556 3294 ³Sic
573 3262 681 3297 Theol.
702 3264 826 3299 Christ.
852 3272 885 3300 et
912 3267 991 3303 cod.
1016 3270 1099 3305 Vict.
1127 3272 1332 3315 Σΰμὸουλον,
1402 3273 1503 3317 Oppe,
1521 3278 1546 3307 t.
1562 3273 1634 3308 vn.
