2638 3866
227 248 322 298 506
1030 243 1194 291 PETRI
1227 241 1537 291 ABAELARDI

229 349 380 396 menti
404 346 675 395 substantiae
697 360 959 392 commune
981 353 1068 391 est.
1107 344 1202 409 Ipsi
1233 344 1416 410 quippe
1437 344 1502 393 ad
1524 345 1825 394 identitatem
1849 343 2123 393 substantiae
2141 345 2190 392 in
2214 345 2367 393 tribus

226 428 445 493 personis
478 424 824 490 intelligendae,
864 441 1049 471 novum
1086 440 1268 472 nomen
1303 427 1598 473 Homousion
1626 424 1760 491 quod
1798 434 1866 472 est
1896 424 2041 472 unius
2072 424 2362 481 substantiae,

227 509 552 555 instituerunt.
585 508 741 563 Quam
778 505 976 570 quidem
1008 505 1340 571 acceptionem
1372 506 1695 572 Hieronymus
1728 522 1925 571 quoque
1957 515 2145 554 secutus
2162 500 2246 552 ἀεί
2269 509 2372 551 Da-

228 605 413 635 masum
436 586 667 647 scribens,
695 587 965 634 Omousion
984 586 1263 633 Trinitatem
1289 586 1442 652 ipsam
1471 586 1742 646 confitetur,
1766 587 1863 634 hoc
1886 595 1957 634 est
1978 586 2125 633 unius
2152 584 2370 633 substan-

228 670 321 730 tiae,
342 685 442 715 non
464 668 608 715 unius
630 684 866 733 personae.
893 667 1016 714 Hinc
1039 676 1086 714 et
1108 664 1392 714 Gennadius
1412 665 1470 713 de
1489 666 1766 715 Orthodoxa
1780 666 1896 713 Fide
1908 666 2129 713 meminit
2150 665 2363 713 dicens¹:

229 769 251 792 «
270 749 541 796 Omousion
579 743 711 813 ergo,
748 748 799 795 id
821 758 890 796 est
912 747 1233 795 coessentialis
1259 747 1310 793 in
1335 746 1586 795 divinitate
1607 748 1731 795 Patri
1753 746 1916 808 Filius,
1944 747 2215 794 Omousion
2239 744 2369 793 Patri

225 840 270 877 et
293 830 412 877 Filio
435 830 638 895 Spiritus
662 839 870 877 sanctus.
891 849 913 873 >³
941 829 1081 876 Unde
1101 826 1340 893 liquidum
1360 838 1458 890 est,
1485 845 1598 876 cum
1618 838 1710 876 tres
1733 827 2008 875 substantiae
2025 843 2054 875 a
2076 826 2367 892 quibusdam

225 928 396 959 eorum
430 911 673 971 dicuntur,
712 910 1002 958 substantias
1031 926 1121 976 pro
1144 909 1363 975 personis
1384 908 1590 957 ‘abusive
1613 909 1726 957 dici.
1755 911 1915 967 Quam
1945 907 2144 974 quidem
2172 907 2369 956 abusio-

224 1008 338 1039 nem
364 1001 528 1057 aperte
551 1008 607 1039 ac
633 992 807 1040 merito
832 993 1154 1056 Hieronymus
1180 989 1510 1055 reprehendit,
1537 989 1747 1037 scribens
1771 989 1834 1037 ad
1857 988 2086 1038 eumdem
2106 991 2370 1052 Damasum

224 1089 403 1138 papam
425 1072 487 1120 de
514 1089 645 1120 novo
679 1072 878 1120 nomine
913 1073 1060 1119 trium
1093 1071 1433 1136 hypostaseos*
1462 1070 1537 1117 his
1567 1069 1724 1119 verbis
1761 1088 1771 1116 z
1805 1073 2217 1134 «Interrogamus‚
2251 1065 2370 1131 quid

223 1152 519 1217 hypostasis³
535 1169 676 1218 posse
699 1152 991 1200 arbitrentur
1005 1151 1236 1216 intelligi?
1257 1154 1370 1197 Tres
1392 1167 1623 1216 personas
1647 1150 1954 1199 subsistentes
1976 1150 2128 1197 aiunt.
2151 1151 2368 1213 Respon-

225 1232 396 1281 demus
418 1250 509 1280 nos
528 1233 595 1279 ita
616 1232 829 1280 credere.
859 1237 966 1280 Non
989 1232 1167 1280 sufficit
1188 1247 1374 1278 sensus.
1394 1233 1558 1296 Ipsum
1577 1247 1757 1278 nomen
1775 1230 2056 1295 efflagitant,
2077 1229 2190 1293 quia
2204 1227 2371 1275 nescio

224 1314 341 1378 quid
363 1314 538 1361 veneni
564 1314 615 1360 in
648 1313 843 1378 syllabis
871 1314 1002 1361 latet.
1034 1315 1083 1361 Si
1114 1313 1222 1377 quis
1256 1319 1418 1358 autem
1443 1312 1743 1378 hypostasi-m
1767 1312 1924 1359 usiam
1946 1309 2231 1373 intelligenS,
2266 1324 2367 1355 non

221 1394 270 1440 in
300 1393 454 1441 tribus
479 1395 696 1459 personis
723 1411 870 1442 unam
893 1394 1192 1459 hypostasim
1226 1391 1366 1451 dicit,
1400 1392 1584 1440 alienus
1607 1409 1634 1439 a
1662 1391 1847 1441 Christo
1880 1401 1967 1439 est.
1991 1409 2014 1436 »
2041 1393 2161 1437 Item
2195 1387 2327 1436 idem
2355 1405 2367 1434 z

226 1477 380 1522 «Tota
414 1476 713 1523 saecularium
745 1475 1014 1523 litterarum
1048 1474 1212 1524 schola
1244 1476 1367 1524 nihil
1401 1474 1533 1523 aliud
1563 1473 1863 1539 hypostasim
1893 1472 1986 1519 nisi
2020 1471 2176 1519 usiam
2206 1469 2370 1526 novit,

226 1564 271 1601 et
302 1556 410 1619 quis
440 1573 694 1620 umquam,
730 1572 866 1620 roge,
906 1573 990 1603 ore
1027 1556 1255 1622 sacrilego
1284 1566 1379 1604 tres
1408 1554 1698 1603 substantias
1719 1551 2027 1620 praedicabit?
2053 1554 2158 1598 Una
2191 1559 2262 1597 est
2284 1548 2374 1596 Dei

224 1634 326 1682 sola
344 1646 541 1698 natura3
563 1637 779 1702 quisquis
802 1637 894 1683 tria
915 1653 1036 1698 esse,
1055 1636 1154 1684 hoc
1173 1648 1243 1685 est
1267 1649 1362 1685 tres
1382 1637 1665 1702 hypostases
1679 1635 1812 1696 dicit,
1834 1643 1930 1681 tres
1951 1642 2148 1680 naturas
2169 1639 2375 1678 conatur

225 1731 452 1764 asserere.
502 1720 561 1763 Et
593 1718 632 1764 si
663 1718 729 1764 ita
765 1726 859 1777 est,
895 1734 984 1763 cur
1017 1716 1079 1764 ab
1111 1719 1223 1766 Ario
1257 1717 1520 1784 parietibus
1553 1732 1850 1782 separamur,
1890 1712 2093 1780 perfidia
2128 1709 2374 1778 copulati?

225 1796 409 1845 Sufficit
435 1797 576 1845 nobis
601 1797 761 1845 dicere
783 1814 935 1845 unam
950 1797 1285 1861 substantiam,
1302 1809 1398 1845 tres
1422 1812 1654 1863 personas
1673 1796 1925 1861 perfectas,
1941 1792 2164 1857 aequales,
2183 1800 2377 1839 coaeter-

224 1893 326 1925 nas.
355 1881 462 1926 Non
491 1878 634 1926 bonae
665 1878 952 1944 suspicionis
983 1888 1081 1940 est,
1119 1895 1232 1926 cum
1253 1879 1304 1925 in
1336 1878 1513 1926 eodem
1536 1893 1680 1924 sensu
1700 1875 1850 1923 verba
1881 1873 2184 1922 dissentiunt.
2212 1874 2305 1917 Aut
2335 1870 2374 1916 si

223 1968 408 2005 rectum
441 1959 618 2024 putatis
648 1968 744 2006 tres
772 1959 1056 2024 hypostases
1087 1975 1200 2006 cum
1229 1956 1708 2024 interpretationibus
1736 1956 1835 2003 suis
1867 1953 2045 2001 debere
2069 1968 2160 1999 nos
2185 1950 2372 2009 dicere,

223 2054 324 2085 non
359 2032 608 2104 negamus.
644 2040 740 2087 Sed
763 2039 878 2086 mihi
908 2038 1111 2101 credite,
1136 2056 1382 2087 venenum
1413 2038 1503 2086 sub
1535 2036 1678 2085 melle
1698 2036 1832 2084 latet.
1858 2032 2183 2097 Transfigurat
2210 2047 2262 2079 se
2293 2046 2377 2077 an-

224 2117 356 2181 gelus
382 2119 592 2168 sathanae
614 2120 663 2168 in
689 2119 913 2184 angelum
934 2119 1073 2168 lucis.
1098 2138 1123 2165 »

289 2200 436 2257 Quod
461 2211 624 2250 autem
655 2201 922 2266 opponitur
941 2216 1091 2265 quare
1114 2200 1276 2265 potius
1300 2209 1395 2247 tres
1417 2213 1648 2265 personas
1672 2196 1903 2258 dicimus,
1933 2210 2083 2259 quam
2103 2202 2199 2240 tres
2220 2194 2375 2248 DeOS‚

224 2290 309 2327 aut
347 2291 443 2328 tres
481 2282 726 2342 essentiaS,
763 2282 862 2345 jam
903 2281 1114 2330 arbitror
1157 2298 1215 2328 ex
1250 2280 1562 2346 suprapositis
1593 2295 1694 2327 esse
1723 2277 2031 2325 manifestum
2058 2274 2212 2339 :quia
2240 2270 2375 2320 vide-

222 2359 334 2409 licet
367 2379 685 2426 personarum
724 2361 972 2410 diversitas
1019 2361 1082 2409 ad
1124 2361 1484 2409 distinctionem
1514 2360 1866 2426 proprietatum
1906 2356 2144 2422 pertinet,
2183 2369 2285 2400 non
2314 2351 2377 2399 ad

224 2440 566 2490 discretionem
620 2443 952 2491 essentiarum.
1001 2442 1214 2507 Ideoque
1247 2451 1343 2489 tres
1373 2451 1484 2488 sunt
1527 2457 1746 2506 personae
1763 2477 1776 2502 ,
1820 2438 1935 2503 quia
1981 2436 2169 2484 diversa
2213 2434 2378 2479 insunt

224 2524 422 2590 propria
456 2524 616 2572 eidem
652 2524 891 2582 essentiae,
932 2540 1047 2570 cum
1085 2540 1145 2570 ex
1188 2539 1248 2570 eo
1292 2522 1428 2587 quod
1470 2525 1608 2569 Pater
1645 2530 1716 2568 est
1746 2518 1878 2567 aliud
1911 2516 2167 2583 proprium
2198 2512 2378 2560 habeat

225 2604 300 2650 vel
333 2604 465 2652 aliud
495 2605 675 2668 exigat;
712 2613 760 2652 et
788 2603 919 2651 aliud
953 2621 1012 2651 ex
1042 2619 1101 2651 eo
1132 2602 1269 2668 quod
1298 2611 1368 2649 est
1397 2601 1543 2649 Filius
1575 2601 1653 2648 vel
1688 2599 1892 2666 Spiritus
1920 2606 2130 2645 sanctus.
2167 2593 2278 2640 Tale
2307 2599 2381 2639 est

228 2698 338 2745 ergo
363 2688 522 2733 Deum
555 2695 650 2733 tres
677 2701 926 2751 personas,
953 2701 1010 2732 ac
1041 2685 1080 2732 si
1111 2684 1329 2732 dicamus
1347 2684 1505 2749 ipsum
1547 2698 1649 2729 esse
1681 2683 1872 2728 Patrem
1903 2687 1950 2726 et
1985 2677 2158 2724 Filium
2185 2684 2234 2721 et
2271 2672 2380 2738 spi,-

228 2763 374 2810 ritum
410 2777 646 2814 sanctum.
693 2766 859 2814 Plures
897 2775 1061 2813 autem
1096 2768 1227 2813 Deos
1263 2781 1366 2812 esse
1389 2764 1429 2811 si
1475 2763 1720 2823 dicamuS‚
1765 2761 1888 2808 sicut
1924 2759 2086 2824 plures
2128 2754 2378 2812 homineS,

231 2843 570 2893 discretionem
615 2863 776 2894 rerum
815 2846 1127 2895 essentialiter
1158 2847 1460 2894 diversarum
1490 2843 1881 2890 demonstramus
1904 2855 2053 2904 quare
2081 2846 2382 2898 unaquaeque

230 2923 288 2968 sit
328 2927 474 2971 Deus.
522 2927 598 2973 Sic
632 2936 680 2973 et
713 2928 961 2975 Socratem
1001 2927 1270 2974 secundum
1305 2924 1643 2991 grammaticos
1676 2923 1839 2988 plures
1877 2933 2109 2985 personas
2143 2914 2377 2970 dicimus,

232 3001 316 3048 sed
369 3020 469 3050 non
516 3006 677 3070 plures
732 3007 973 3054 homines.
1013 3007 1196 3055 Eadem
1243 3006 1431 3054 ratione
1476 3021 1568 3052 nec
1621 3002 1784 3069 plures
1832 2999 2072 3048 Dominos
2113 2995 2186 3043 vel
2220 2992 2382 3058 plures

232 3090 452 3145 potentes
480 3084 576 3130 dici
614 3087 862 3147 convenit,
895 3104 985 3135 nec
1010 3087 1107 3135 ulla
1129 3087 1332 3135 omnino
1356 3083 1645 3150 assignanda
1677 3093 1747 3131 est
1785 3085 1889 3128 Deo
1925 3077 2169 3145 pluralitas
2203 3071 2296 3119 nisi
2330 3070 2380 3117 in

231 3177 467 3225 personls.

273 3344 492 3385 *Gennadius
520 3345 560 3378 de
584 3345 742 3387 Doqmat.
761 3346 865 3387 Eccl.‚
881 3355 951 3387 cap.
970 3356 1000 3379 v.
1020 3364 1058 3370 —-
1073 3349 1084 3367 ²
1102 3348 1155 3381 Sic
1172 3346 1253 3381 Cod.
1271 3348 1394 3381 Turon.
1413 3364 1451 3369 —
1467 3347 1480 3366 ³
1495 3346 1578 3378 Cod.
1596 3343 1720 3376 Turou.
