2638 3866
261 194 357 240 770
1174 190 1491 239 APPENDlx..
1556 162 1558 164 ’

259 295 397 337 Deum
431 294 570 337 solum
603 293 815 336 dimittere
848 301 1043 351 peccata,
1075 291 1354 352 Evangelium
1374 292 1545 335 videtur
1574 291 1766 335 obviare.
1792 292 1866 334 Ait
1898 306 2085 351 namque
2114 292 2303 335 Christus
2341 294 2397 336 ad

258 373 484 434 discipulos
506 389 603 417 suos
629 389 638 415 ι
669 394 687 410 «
715 368 907 432 Accipite
932 372 1135 432 Spiritum
1157 372 1375 416 Sanctum.
1400 373 1596 429 Quorum
1623 372 1867 416 remiseritis
1894 383 2086 432 peccata,
2126 373 2398 416 remittentur

257 455 331 497 eis.
353 475 369 491 ι»
400 453 484 496 Sed
506 469 585 495 nos
609 451 788 495 dicimus
811 451 930 511 quod
949 452 1034 495 hoc
1061 451 1224 495 dictum
1243 463 1306 495 est
1327 452 1425 496 solis
1455 452 1693 513 Apostolis,
1727 468 1817 495 non
1848 452 2162 496 successoribus
2183 467 2350 496 eorum.
2374 473 2391 490 u

258 534 310 575 Et
347 533 487 575 statim
524 531 720 575 subditur
755 548 764 575 z
803 552 819 570 «
847 532 891 574 Si
925 532 1018 591 quis
1045 542 1191 576 tamen
1220 534 1530 576 successoribus
1563 548 1712 576 eorum
1743 531 1974 576 convenire
2000 533 2085 576 hoc
2119 532 2275 576 dixerit
2290 564 2301 586 ,
2340 531 2395 575 ad

255 612 434 656 modum
462 612 715 672 supradictae
741 613 1001 655 auctoritatis
1020 613 1134 655 hanc
1153 628 1325 672 quoque
1349 629 1564 674 exponere
1587 612 1731 656 decet.
1759 632 1776 649 »

819 782 928 821 XIII.
946 783 1005 819 De
1023 781 1282 834 suggestione,
1297 780 1550 821 delectatione
1569 791 1607 821 et
1626 793 1831 822 consensu.

317 926 335 941 «
354 903 581 947 Sciendum
599 920 770 964 quoque
789 904 906 964 quod
919 906 1131 965 suggestio
1146 921 1237 949 non
1252 917 1316 950 est
1333 917 1556 966 peccatum
1576 906 1638 948 illi
1659 906 1729 949 cui
1747 905 1962 966 suggestio
1983 903 2046 960 fit,
2060 919 2142 948 nec
2161 904 2392 947 delectatio

253 1000 518 1044 consequens
538 985 868 1046 suggestionem,
893 1000 989 1043 quae
1013 984 1238 1028 delectatio
1260 986 1370 1029 inest
1397 1002 1451 1029 ex
1470 985 1716 1029 infirmitate
1737 997 1780 1029 et
1800 985 2010 1029 memoria
2029 984 2274 1045 voluptatis,
2300 1001 2395 1044 quae

254 1076 315 1108 est
342 1066 387 1107 in
413 1065 661 1125 impletione
689 1065 799 1109 illius
831 1066 894 1109 rei
922 1081 1052 1125 quam
1075 1065 1339 1110 adversarius
1360 1067 1569 1127 suggerit,
1600 1065 1678 1110 sed
1711 1066 1825 1110 solus
1855 1081 2086 1110 consensus
2113 1065 2187 1124 qui
2220 1075 2264 1108 et
2285 1079 2395 1108 con-

250 1157 434 1206 temptus
462 1147 542 1190 Dei
574 1146 742 1199 dicitur,
773 1147 818 1189 in
853 1162 939 1205 quo
973 1158 1199 1207 peccatum
1229 1148 1469 1191 consistit.»
1497 1149 1553 1191 Et
1578 1158 1675 1207 post
1705 1163 1841 1208 pauca
1867 1163 1877 1191 :
1907 1168 1923 1186 α
1941 1147 2033 1190 Nec
2067 1145 2246 1189 dicimus
2277 1144 2397 1204 quod

250 1227 445 1269 voluntas
469 1227 653 1270 faciendi
678 1228 763 1270 hoc
784 1226 851 1270 vel
872 1227 1002 1282 illud,
1026 1243 1106 1271 nec
1129 1239 1172 1271 et
1192 1228 1331 1288 ipsum
1359 1244 1467 1288 opus
1489 1229 1543 1271 sit
1568 1239 1793 1288 peccatum
1808 1261 1819 1282 ,
1851 1227 1925 1272 sed
1948 1228 2107 1288 potius,
2130 1237 2181 1269 ut
2204 1226 2396 1286 superius

251 1306 409 1349 dictum
434 1318 511 1361 est,
535 1307 624 1367 ipse
646 1309 727 1351 Dei
748 1318 1019 1368 contemptus
1042 1324 1095 1352 ex
1117 1308 1258 1369 aliqua
1279 1308 1520 1352 voluntate.
1554 1330 1572 1347 »

581 1480 686 1517 XIV.
707 1477 821 1527 Quod
839 1477 888 1517 ad
908 1480 1062 1517 Patrem
1080 1477 1238 1531 proprie
1255 1477 1319 1518 vel
1340 1477 1557 1530 specialiter
1573 1477 1741 1530 pertinet
1760 1475 2053 1529 omnipotentia.

310 1620 328 1637 «
348 1600 389 1642 Si
410 1601 649 1660 potentiam
670 1613 760 1644 tam
781 1602 838 1645 ad
855 1603 1055 1646 notitiam
1076 1602 1348 1658 subsistendi,
1367 1619 1497 1662 quam
1520 1603 1577 1646 ad
1599 1602 1833 1646 efficaciam
1852 1601 2115 1662 operationis
2134 1600 2368 1643 referamus
2381 1631 2392 1652 ‚

250 1680 485 1723 invenimus
518 1680 574 1723 ad
606 1683 913 1741 proprietatem
941 1698 1136 1742 personae
1160 1684 1297 1726 Patris
1331 1683 1505 1743 proprie
1535 1683 1603 1726 vel
1631 1682 1869 1743 specialiter
1902 1680 2262 1753 omnipotentiam
2293 1679 2396 1721 atti-

248 1777 348 1804 nere
376 1777 385 1803 :
411 1761 529 1820 quod
558 1778 648 1805 non
669 1763 808 1805 solum
839 1779 938 1806 cum
961 1764 1122 1807 caeteris
1147 1764 1314 1806 duabus
1335 1764 1528 1823 personis
1552 1779 1671 1823 aeque
1701 1764 1847 1806 omnia
1871 1762 2040 1806 efficere
2062 1771 2223 1821 potest,
2247 1774 2395 1803 verum

246 1841 376 1883 etiam
394 1841 483 1900 ipse
514 1841 627 1885 solus
649 1857 673 1884 a
696 1857 739 1885 se
753 1874 764 1896 ,
789 1858 878 1886 non
902 1843 956 1885 ab
980 1843 1063 1886 alio
1094 1844 1272 1886 existere
1295 1843 1428 1885 habet
1449 1858 1458 1885 :
1485 1853 1528 1886 et
1549 1843 1658 1885 sicut
1683 1843 1817 1884 habet
1840 1857 1864 1883 a
1887 1857 1931 1884 se
1957 1842 2160 1894 existere,
2187 1840 2246 1882 ita
2266 1839 2394 1882 etiam

247 1921 379 1963 habet
399 1936 455 1963 ex
477 1937 521 1964 se
542 1938 682 1982 posse.
715 1943 733 1960 >›

306 2039 410 2082 Haec
434 2050 533 2083 sunt
553 2039 749 2100 Capitula
771 2040 1042 2100 Theologiae‚
1067 2041 1201 2083 immo
1225 2039 1481 2100 stultologiae
1504 2039 1621 2083 Petri
1643 2036 1877 2081 Abaelardi.
