2638 3866
892 196 950 244 lN
985 197 1317 248 EPISTOLAM
1352 198 1433 249 AD
1469 197 1772 247 ROMANOS.
2314 201 2406 248 ⁴65

255 299 338 348 filii
357 295 437 347 ira}
460 298 682 357 dicimur,
710 298 862 346 renati
885 298 1127 364 baptismo
1147 317 1235 365 per
1254 300 1567 366 adoptionem
1591 316 1694 348 esse
1717 300 1975 366 incipimus
1997 301 2130 367 quod
2154 318 2253 349 non
2279 304 2409 368 prius

253 396 459 429 eramus,
491 380 572 427 llle
612 380 773 444 itaque
801 378 909 427 licet
931 396 1018 445 per
1036 380 1237 444 gratiam
1254 381 1522 429 secundum
1552 380 1902 429 humanitatem
1927 381 2051 430 filius
2074 381 2280 444 dicatur,
2309 399 2406 431 non

256 470 415 508 tamen
436 477 524 526 per
536 459 853 525 adoptionem
876 459 972 507 hoc
992 461 1193 526 accepit,
1213 462 1295 526 qui
1311 461 1408 509 hoc
1427 478 1485 510 ex
1500 477 1599 527 quo
1624 459 1728 520 fuit,
1750 461 1937 510 habuit.
1963 463 2101 511 Unde
2118 463 2324 510 Hilarius
2348 464 2409 511 de

259 542 509 601 Trinitate,
528 539 611 588 lib.
632 541 718 588 ΧΠ
738 558 748 587 :
768 560 789 583 (ε
818 543 876 587 Et
901 557 990 588 nos
1007 540 1206 606 quidem
1228 542 1331 589 Filii
1348 543 1454 603 Dei,
1480 541 1565 590 sed
1584 558 1672 607 per
1691 540 1923 590 facturam
1949 542 2058 604 filii;
2084 544 2261 592 suimus
2279 544 2407 592 enim

253 621 514 687 aliquando
538 621 622 670 filii
642 620 919 682 iracundiae,
935 621 1019 669 sed
1039 621 1143 669 Filii
1156 623 1244 670 Dei
1267 639 1355 688 per
1379 623 1695 688 adoptionem
1712 621 1886 684 effecti,
1911 634 1958 671 et
1979 623 2075 671 dici
2091 624 2140 672 id
2168 641 2410 674 meremur

253 703 416 767 potius
438 719 585 767 quam
616 701 878 749 nascimur.
909 706 966 750 Et
988 703 1098 768 quia
1120 719 1267 750 omne
1289 704 1424 767 quod
1448 703 1518 761 fit,
1541 712 1800 767 antequam
1826 702 1909 752 fiat
1925 721 2025 751 non
2047 704 2151 766 fuit,
2181 722 2272 753 nos
2295 723 2406 753 cum

253 781 337 830 filii
361 799 462 830 non
488 783 757 848 fuissemus,
781 784 843 832 ad
862 783 912 831 id
935 783 1069 848 quod
1091 800 1255 831 sumus
1277 783 1533 831 efficimur.
1565 786 1684 831 Ante
1708 783 1839 830 enim
1865 783 1949 831 filii
1967 801 2068 832 non
2092 801 2301 844 eramus,
2326 788 2405 833 sed

252 872 512 930 postquam
531 867 816 925 meruimus,
841 864 937 912 hoc
959 881 1143 912 sumus.
1165 866 1341 911 Sumus
1364 874 1527 912 autem
1545 880 1646 911 non
1662 864 1780 924 nati,
1803 863 1888 912 sed
1912 864 2044 924 facti;
2066 882 2223 930 neque
2269 883 2408 930 gene-

252 946 360 1006 rati,
385 944 471 993 sed
492 947 730 1011 acquisiti.
756 945 1016 1011 Aequisivit
1051 945 1182 993 enim
1213 944 1302 993 sibi
1327 948 1456 993 Deus
1489 944 1744 1011 populum,
1777 955 1824 992 et
1850 962 1938 1011 per
1973 945 2069 994 hoc
2101 947 2281 1011 genuit.
2315 950 2409 994 Ge-

252 1027 413 1075 nuisse
445 1037 607 1075 autem
640 1029 908 1077 Dominum
947 1026 1071 1074 filios
1104 1044 1360 1092 nunquam
1383 1044 1495 1075 cum
1521 1027 1826 1093 proprietatis
1861 1027 2209 1092 significatione
2232 1046 2409 1093 cogno-

252 1108 446 1156 scimus.
467 1129 490 1154 »

322 1207 346 1234 «
365 1192 455 1237 Per
467 1207 612 1256 quem
637 1192 909 1257 accepimus
926 1192 1128 1258 gratiam
1153 1202 1201 1240 et
1224 1192 1564 1259 apostolatum.
1586 1212 1608 1238 »
1626 1193 1975 1242 Commendata
1992 1192 2164 1240 Christi
2179 1209 2403 1258 persona,

250 1268 463 1320 adnectit
497 1273 979 1321 commendationem
1013 1291 1126 1335 suae,
1164 1275 1266 1321 sive
1302 1274 1449 1321 officii
1483 1275 1575 1337 sui,
1604 1292 1715 1323 cum
1747 1292 1796 1322 se
1828 1291 1855 1322 a
1890 1285 2024 1322 tanto
2056 1284 2253 1322 auctore
2285 1276 2406 1322 mitti

250 1351 472 1416 perhibet
496 1354 558 1402 ad
582 1354 964 1420 praedicandum,
994 1365 1048 1402 ut
1070 1355 1239 1402 saltem
1264 1371 1320 1402 ex
1342 1356 1623 1402 auctoritate
1655 1356 1887 1404 mittentis
1913 1355 2089 1420 suscipi
2114 1355 2215 1419 ejus
2238 1355 2408 1421 praedi-

250 1433 375 1480 catio
389 1432 579 1482 debeat.
601 1436 854 1483 «Gratiam
870 1446 916 1483 et
935 1436 1278 1502 apostolatum,
1295 1454 1318 1480 »
1335 1435 1430 1483 hoc
1450 1446 1537 1498 est,
1555 1435 1847 1502 praedicandi
1865 1435 2099 1497 officium,
2123 1437 2282 1500 gratis,
2304 1452 2404 1483 non

250 1528 305 1559 ex
330 1515 515 1562 meritis
536 1516 650 1576 suiS‚
675 1516 718 1564 ei
745 1516 1004 1578 collatum3
1031 1516 1107 1563 vel
1131 1517 1290 1582 primo
1335 1517 1532 1581 gratiam
1560 1517 1608 1564 in
1633 1516 1952 1564 conversione
1980 1517 2130 1580 ipsius
2164 1526 2210 1563 et
2243 1517 2407 1564 remis-

249 1594 383 1642 sione
411 1606 738 1661 peccatorum,
768 1614 850 1645 seu
872 1597 1193 1645 collocatione
1217 1596 1468 1656 virtutum,
1507 1598 1583 1644 vel
1604 1596 1954 1644 miraculorum
1977 1606 2060 1643 aut
2083 1596 2407 1660 quorumlibet

248 1674 512 1738 donorum,
533 1686 581 1724 et
602 1688 769 1743 postea
795 1677 1136 1743 apostolatum,
1159 1677 1279 1733 dum
1299 1676 1361 1725 ad
1384 1677 1750 1742 praedicandum
1783 1677 1952 1724 missus
1977 1686 2064 1724 est.
2095 1679 2295 1725 Possent
2319 1680 2408 1724 Ro-

248 1756 379 1808 mani
401 1757 635 1822 Apostolo
659 1757 822 1806 dicere
840 1776 850 1805 ε
870 1761 927 1805 Et
951 1759 990 1806 si
1014 1758 1076 1805 ad
1098 1757 1425 1824 apostolatum
1439 1768 1640 1806 vocatus
1655 1775 1721 1819 es,
1745 1774 1845 1805 non
1867 1767 2029 1806 tamen
2050 1774 2195 1823 super
2216 1759 2403 1822 gentes,

248 1834 320 1882 vel
345 1852 490 1902 super
505 1847 670 1902 gentes
689 1838 892 1904 aliquas,
922 1855 1022 1887 non
1056 1848 1217 1886 tamen
1244 1855 1388 1905 super
1423 1855 1530 1886 nos.
1566 1838 1680 1886 ideo
1710 1837 1890 1900 subdit,
1922 1857 1945 1883 «
1969 1839 2016 1885 in
2044 1838 2274 1886 omnibus
2297 1856 2408 1903 gen-

247 1916 391 1964 tibus.
411 1937 435 1963 >›
454 1920 560 1966 Hoc
584 1929 671 1982 est,
695 1930 750 1967 ut
772 1919 1001 1968 omnibus
1023 1919 1323 1985 ubicumque
1338 1920 1620 1986 praedicaret
1639 1919 1887 1983 gentilium
1909 1919 2204 1967 nationibus.
2232 1922 2408 1968 Gentes

246 1998 344 2046 sive
368 2000 587 2048 nationes
610 2000 857 2060 dicuntur,
876 2003 1014 2066 quasi
1036 2001 1154 2050 tales
1177 2002 1343 2066 quales
1366 2001 1534 2066 genitae
1560 2001 1633 2049 vel
1655 2010 1792 2060 natae,
1819 2000 1914 2048 hoc
1937 2010 2007 2048 est
2032 2002 2134 2048 sine
2157 2001 2407 2068 disciplina

246 2076 385 2142 legis,
407 2079 554 2145 'quasi
577 2082 786 2147 pecudes
811 2083 1042 2130 viventes.
1082 2083 1260 2147 Pagani
1295 2092 1457 2131 autem
1478 2099 1507 2130 a
1529 2098 1654 2147 pago
1687 2081 1802 2143 dicti
1831 2091 1960 2141 sunt,
1985 2082 2035 2129 id
2054 2092 2141 2142 est,
2174 2083 2305 2130 nulla
2323 2100 2405 2130 seu

247 2176 536 2226 quacunque
557 2164 811 2211 mansione
830 2173 962 2211 extra
987 2164 1246 2223 civitatem,
1271 2173 1326 2211 ut
1346 2164 1443 2223 sint
1465 2163 1660 2229 pagani,
1680 2163 1815 2227 quasi
1834 2163 1992 2210 rustici
2013 2173 2060 2211 et
2083 2180 2183 2211 non
2211 2163 2401 2219 urbani,

246 2240 330 2304 qui
363 2243 587 2290 nondum
611 2243 797 2308 legibus
830 2244 1032 2292 civitatis
1069 2244 1131 2292 ad
1165 2244 1297 2304 recte
1315 2254 1396 2292 aut
1416 2244 1619 2292 honeste
1642 2244 1907 2291 vivendum
1935 2245 2154 2292 instructi
2178 2255 2304 2292 sunt.
2330 2248 2407 2291 Est

245 2322 425 2388 quippe
455 2324 620 2372 civitas
653 2335 921 2373 conventus
954 2325 1230 2385 hominum,
1269 2342 1408 2391 aequo
1437 2326 1546 2390 jure
1576 2325 1861 2373 viventium.
1902 2326 1998 2383 Qui
2036 2341 2150 2392 ergo
2175 2326 2406 2373 acivitate

246 2402 334 2449 Dei
363 2404 557 2468 penitus
586 2405 729 2453 alieni
761 2415 914 2469 erant,
950 2405 1093 2454 nullis
1121 2406 1282 2453 adhuc
1317 2405 1491 2454 divinis
1522 2406 1709 2471 legibus
1745 2406 1981 2467 instructi,
2020 2407 2193 2454 merito
2235 2409 2406 2471 pagani

245 2493 381 2530 erant
410 2486 652 2550 appellati,
688 2487 772 2552 qui
801 2504 933 2534 nunc
972 2503 1023 2534 se
1055 2489 1320 2536 Saracenos
1353 2487 1505 2551 magis
1548 2504 1693 2552 quam
1741 2490 1981 2552 Agarenos
2016 2488 2178 2534 vocari
2214 2484 2401 2545 volunt,

244 2564 381 2627 quasi
405 2567 567 2613 aSara
591 2565 743 2614 libera
765 2568 915 2631 magis
948 2584 1095 2632 quam
1131 2568 1193 2615 ab
1229 2570 1350 2632 Agar
1383 2567 1556 2615 ancilla
1589 2567 1859 2633 nuncupari
1893 2584 1943 2614 se
1973 2565 2246 2631 gloriantes.
2290 2589 2311 2611 «
2338 2567 2403 2614 Α’(Ι

246 2643 575 2694 obediendum
611 2647 742 2695 fidei.
777 2669 799 2691 >2
833 2651 937 2696 Hoc
970 2659 1058 2710 est,
1103 2648 1167 2695 ad
1198 2665 1254 2696 ea
1289 2665 1438 2714 opera
1470 2648 1718 2714 implenda
1753 2665 1858 2712 quae
1882 2647 2280 2695 ante-crediderit
2317 2650 2403 2695 im-

245 2725 440 2789 plenda.
463 2728 624 2774 Primo
642 2729 826 2794 quippe
849 2729 960 2776 sciri
983 2739 1177 2795 oportet
1201 2745 1307 2793 quae
1332 2729 1561 2777 facienda
1574 2739 1687 2776 sunt
1709 2744 1856 2793 quam
1877 2744 2025 2794 opere
2044 2729 2392 2794 compleantur.

246 2825 270 2851 κ
296 2808 389 2853 Ρ1·0
406 2808 607 2855 1101111110
627 2809 746 2872 ejus.
767 2828 792 2854 »
819 2809 874 2856 Id
903 2820 973 2857 est
1001 2810 1091 2856 Dei
1115 2810 1214 2856 sive
1237 2809 1434 2871 Christi,
1459 2820 1514 2856 ut
1536 2808 1883 2875 videlicetipse
1906 2819 2244 2874 cognoscatur,
2266 2821 2313 2858 et
2334 2812 2400 2857 sic

242 2896 448 2947 ametur,
473 2888 744 2935 secundum
765 2889 898 2953 quod
922 2890 1023 2955 ipse
1039 2889 1256 2937 Christus
1278 2890 1339 2938 de
1357 2907 1408 2938 se
1432 2900 1480 2937 et
1505 2893 1640 2937 Patre
1668 2889 1897 2954 loquitur,
1920 2909 1944 2935 «
1969 2900 2026 2938 uts
2039 2901 2335 2956 cognoscant
2358 2901 2403 2938 te

242 2967 400 3014 solum
424 2978 472 3015 et
494 2985 639 3032 quem
668 2969 832 3016 misisti
861 2971 1021 3016 Jesum
1046 2969 1310 3017 Christum.
1340 2990 1363 3015 22
1389 2970 1623 3028 Quaelibet
1643 2987 1719 3018 res
1743 2971 1944 3018 nomine
1967 2987 2058 3019 suo
2078 2971 2334 3035 significari
2357 2981 2402 3019 et

242 3049 471 3113 cognosci
504 3048 671 3110 habet,
706 3049 914 3114 ideoque
940 3066 1120 3112 nomen
1160 3050 1240 3098 hic
1281 3068 1371 3117 pro
1404 3052 1575 3099 notitia
1598 3052 1813 3117 ponitur.
1841 3054 2266 3117 Cognosciautem
2292 3069 2402 3099 vere

242 3138 432 3178 tantum
460 3130 648 3178 bonum
670 3148 771 3178 non
794 3141 970 3197 potest,
999 3132 1090 3179 nisi
1105 3141 1153 3179 et
1169 3133 1329 3180 statim
1355 3133 1596 3199 diligatur.
1639 3155 1661 3178 «
1685 3137 1737 3181 In
1761 3133 1940 3200 quibus
1971 3136 2082 3183 estis
2102 3146 2149 3182 et
2172 3151 2273 3181 vos.
2297 3154 2318 3177 »
2349 3135 2399 3179 ld

244 3220 331 3271 est,
352 3211 400 3258 in
419 3228 625 3276 quarum
648 3213 864 3277 gentium
886 3214 1141 3261 vocatione
1157 3223 1206 3261 et
1226 3231 1310 3262 vos
1326 3216 1528 3262 Romani
1542 3216 1643 3280 jam
1668 3216 1795 3263 estis.
1818 3235 1840 3261 «
1860 3217 2025 3264 Vocati
2045 3218 2153 3264 Jesu
2174 3214 2398 3262 Christi.»

245 3291 348 3337 Hoc
371 3303 466 3349 est,
494 3309 551 3340 ex
571 3294 781 3357 glorioso
803 3294 905 3358 ejus
928 3295 1128 3343 nomine
1146 3294 1404 3344 Christiani
1428 3295 1670 3362 appellati.
