2638 3866
824 202 883 252 ΙΝ
918 202 1250 251 EPlS'I'OLAM
1285 204 1366 253 AD
1402 204 1705 254 ROMANOS.
2254 209 2339 258 181

199 305 376 363 minus,
406 302 623 353 et'morti
647 319 748 351 non
772 303 968 351 tradidit
1005 320 1100 365 me.
1135 322 1159 350 »
1193 307 1251 352 Et
1276 322 1468 354 rursum
1488 309 1500 331 ¹
1523 324 1533 353 z
1567 326 1589 350 α
1616 308 1751 364 Quos
1790 305 1941 372 diligit
1972 310 2103 355 Deus
2127 310 2346 374 corrigit3

200 385 405 451 flagellat
441 395 603 434 autem
638 401 836 433 omnem
864 383 1017 432 filium
1048 401 1196 450 quem
1234 387 1420 452 recipit.
1451 405 1474 431 υ
1512 386 1653 434 Unde
1693 387 2018 453 Hieronymus
2055 387 2124 436 ad
2157 391 2350 438 Castru-

197 467 320 513 cium
343 469 375 529 ‘,
403 486 425 510 ιι.
440 469 612 532 Magna
634 466 705 513 ira
725 473 797 513 est
820 464 1021 529 quando
1044 465 1358 531 peccantibus
1376 483 1478 515 non
1506 467 1724 516 irascitur
1747 470 1895 516 Deus.
1915 488 1940 514 »

267 565 290 592 «
307 545 570 595 Tribulatio
591 555 638 594 et
658 546 891 611 angustia.
914 566 936 590 »
953 545 1176 594 Ostendit
1194 563 1253 594 ex
1270 546 1447 611 quibus
1459 547 1688 614 praedicta
1713 549 1785 596 ira
1810 558 1857 596 et
1880 549 2148 614 indignatio
2174 568 2348 617 prove-

197 626 315 675 niat.
333 626 600 675 Tribulatio
626 626 757 674 enim
773 627 994 690 angustia
1011 636 1097 689 est,
1122 626 1205 675 ubi
1234 627 1272 674 is
1295 629 1379 692 qui
1405 638 1657 693 torquetur
1677 629 1812 676 omni
1839 647 1923 696 spe
1949 630 2186 679 evadendi
2207 632 2350 681 desti·

199 716 327 756 tutus
351 717 438 769 est,
462 718 516 755 ut
535 724 624 755 nec
649 722 758 773 spes
781 707 825 754 ei
854 706 915 755 ad
949 706 1219 756 remedium
1245 708 1444 773 aliquod
1467 710 1527 757 sit
1556 710 1739 773 relicta,
1773 710 1857 757 sed
1896 711 1999 777 ipsa
2036 729 2232 778 quoque
2265 713 2347 762 de·

196 788 469 853 speratione
493 797 790 852 torqueatur.
817 790 875 835 Et
897 788 1011 853 quia
1033 788 1219 838 dixerat
1246 788 1395 837 «his»
1413 789 1680 851 indefinite,
1704 790 1840 839 addit
1859 792 2140 857 generaliter
2157 793 2206 840 id
2225 793 2345 842 fieri.

200 889 221 911 a
243 870 296 915 In
319 885 514 916 omnem
539 870 752 917 animam
775 867 987 917 hominis
1006 871 1252 935 operantis
1271 870 1471 918 malum.
1488 890 1511 916 »
1533 874 1648 919 Tam
1672 871 1823 919 Judaei
1847 872 2026 920 scilicet
2051 890 2200 939 quam
2220 876 2348 922 Gen-

197 948 306 1010 tilis,
328 949 377 997 id
401 960 473 998 est
499 960 600 997 tam
617 950 795 1015 scripta
814 967 963 1015 quam
993 951 1202 999 naturali
1227 951 1331 1016 lege
1357 952 1596 1000 instructi.
1625 973 1648 997 α
1673 951 1950 1019 Operantis,
1985 975 2008 998 »
2047 954 2218 1019 inquit,
2249 972 2347 1002 non

196 1031 398 1096 operati,
418 1029 468 1078 id
487 1041 559 1079 est
580 1031 927 1097 perseverantis
949 1031 1001 1079 in
1021 1030 1220 1095 malitia,
1240 1049 1342 1080 non
1367 1032 1659 1081 desistentis,
1688 1034 1784 1092 Qui
1807 1035 1952 1082 etiam
1973 1035 2099 1082 inter
2127 1035 2230 1101 ipsa
2253 1044 2347 1082 tor·

195 1121 358 1159 menta
380 1128 471 1159 nec
493 1111 671 1160 malam
691 1111 992 1160 voluntatem
1010 1112 1411 1180 deponent,ocum
1431 1113 1627 1162 diabolo
1646 1113 1937 1178 confirmati,
1955 1115 2172 1164 volentes
2189 1115 2349 1164 adhuc

193 1192 240 1257 si.
255 1190 420 1240 liceret
436 1192 609 1241 eadem
629 1209 788 1257 agere,
812 1202 956 1259 atque
985 1193 1096 1242 ideo
1126 1205 1361 1261 perpetua
1385 1195 1475 1242 erit
1497 1196 1670 1243 merito
1693 1212 1854 1261 poena,
1890 1198 2003 1262 quia
2034 1207 2265 1263 perpetua
2299 1198 2347 1244 in

193 1272 357 1320 animo
377 1273 705 1338 perseverabit
723 1273 880 1340 culpa.
900 1273 1059 1337 Unde,
1077 1285 1125 1322 et
1143 1273 1287 1323 beato
1303 1285 1556 1323 attestante
1573 1276 1890 1341 Hieronymo,
1917 1277 2090 1324 merito
2111 1278 2349 1324 Dominus

192 1353 241 1399 in
265 1352 526 1418 diejudicii
545 1353 761 1403 dicturus
784 1364 856 1403 est
876 1356 890 1380 ³
911 1373 921 1402 :
953 1375 976 1398 «
993 1355 1236 1404 Discedite
1254 1373 1282 1404 a
1306 1373 1385 1404 me
1399 1357 1482 1421 qui
1503 1358 1772 1422 operamini
1795 1358 2114 1422 iniquitatem,
2136 1377 2157 1402 n
2185 1357 2231 1405 id
2257 1368 2343 1414 est,

190 1433 275 1497 qui
294 1450 394 1482 non
418 1435 577 1483 solum
595 1436 781 1502 operati
803 1436 933 1497 estis,
959 1436 1043 1485 sed
1064 1436 1226 1485 adhuc
1254 1438 1304 1484 in
1324 1438 1437 1504 ipsis
1459 1437 1687 1486 cordibus
1720 1440 1888 1487 vestris
1917 1439 2206 1505 operamini.
2235 1438 2343 1494 Ubi,

192 1522 245 1560 ut
266 1531 412 1583 supra
438 1515 663 1576 diximus,
682 1517 823 1583 apud
846 1520 1005 1565 Deum
1023 1517 1250 1566 voluntas
1274 1535 1365 1584 pro
1398 1535 1545 1585 opere
1577 1519 1688 1567 facti
1724 1529 2052 1585 computatur,
2081 1519 2209 1567 bene
2233 1519 2348 1567 dicit

191 1595 239 1641 in
262 1595 492 1659 animam,
514 1614 616 1645 non
637 1598 687 1645 in
711 1615 888 1664 corpus
916 1598 1148 1661 hominis,
1186 1599 1451 1648 vindictam
1474 1599 1593 1661 fieri,
1617 1600 1730 1664 quia
1755 1599 1903 1647 solius
1938 1601 2109 1648 animae
2133 1610 2219 1660 est,
2246 1616 2345 1647 non

190 1676 425 1740 corporis,
449 1677 615 1725 dolere
638 1678 737 1725 sive
760 1678 955 1741 sentire,
982 1689 1028 1726 et
1046 1680 1320 1727 contristari
1344 1679 1415 1727 vel
1439 1679 1685 1740 delectari,
1712 1679 1853 1727 irasci
1873 1679 1946 1727 vel
1968 1680 2197 1744 gaudere.
2229 1683 2286 1727 Et
2310 1683 2347 1727 si

189 1754 441 1824 diligenter
461 1758 825 1807 consideremus
847 1760 947 1807 sola
967 1759 1071 1825 ipsa
1090 1777 1195 1825 quae
1216 1761 1338 1808 velle
1361 1769 1536 1826 potest,
1563 1759 1693 1826 apud
1713 1763 1873 1808 Deum
1906 1760 2167 1809 voluntatis
2191 1778 2349 1809 remu·

189 1845 465 1885 neratorem
490 1839 567 1886 vel
588 1839 840 1904 praemium
856 1839 932 1887 vel
953 1857 1150 1906 poenam
1172 1857 1229 1888 ex
1248 1840 1378 1889 bona
1405 1841 1480 1889 vel
1506 1842 1631 1889 mala
1654 1841 1902 1890 voluntate
1924 1852 2232 1907 promeretur
2262 1862 2274 1903 3
2301 1853 2348 1890 et

187 1915 287 1964 sola
324 1919 521 1984 proprie
557 1918 763 1968 dicenda
797 1930 869 1968 est
899 1937 1126 1986 peccare,
1154 1922 1276 1970 sicut
1307 1932 1354 1970 et
1376 1922 1579 1971 virtutes
1612 1922 1808 1984 habere,
1849 1932 1896 1970 et
1925 1922 2027 1971 sola
2055 1922 2196 1972 beata
2225 1923 2344 1972 effici

187 2014 242 2044 ex
268 1998 448 2046 visione
481 1999 655 2048 divinae
692 2001 967 2066 majestatiS,
994 2019 1100 2068 quae
1128 2004 1281 2051 oculis
1304 2013 1493 2052 tantum
1525 2005 1718 2066 mentis,
1751 2021 1852 2051 non
1883 2004 2121 2070 corporis,
2154 2006 2344 2071 conspi-

186 2077 327 2126 citur.
356 2079 503 2138 Quod
534 2091 697 2129 autem
727 2082 945 2148 quinque
974 2083 1145 2131 animae
1168 2101 1336 2132 sensus
1364 2086 1588 2151 corporei
1610 2085 1855 2148 dicuntur,
1879 2102 1990 2132 cum
2024 2085 2127 2134 sola
2157 2095 2345 2134 tantum

186 2158 347 2206 anima
370 2161 570 2223 sentiat;
597 2162 673 2210 vel
695 2162 830 2227 quod
853 2163 1075 2228 quaedam
1095 2175 1295 2230 peccata
1316 2166 1545 2227 carnalia,
1587 2165 1808 2231 quaedam
1831 2165 2062 2232 spiritalia
2090 2176 2341 2227 vocentur,

186 2254 298 2286 eum
322 2240 426 2289 sola
452 2252 643 2294 tantum
679 2244 842 2291 anima
873 2255 1041 2310 peccet
1059 2283 1072 2307 ,
1112 2262 1218 2310 quae
1249 2247 1350 2294 sola
1380 2247 1618 2295 rationem
1638 2246 1787 2295 habet
1810 2256 1857 2294 et
1879 2247 2000 2295 velle
2024 2258 2184 2313 potest
2207 2267 2216 2295 :
2244 2265 2342 2295 non

186 2319 249 2367 ita
273 2330 342 2368 est
365 2323 721 2389 accipiendum,
749 2334 802 2372 ut
821 2342 999 2391 corpus
1021 2326 1181 2392 ipsum
1203 2328 1278 2375 vel
1298 2329 1486 2386 sentiat,
1508 2330 1586 2377 vel
1610 2338 1795 2395 peccet,
1826 2328 1910 2376 sed
1938 2328 2049 2393 quia
2079 2346 2167 2395 per
2187 2330 2343 2395 ipsum

186 2401 262 2448 vel
281 2417 450 2450 sensus
474 2416 759 2453 exercentur
780 2406 858 2455 vel
881 2406 1154 2456 voluntates
1173 2408 1455 2475 implentur,
1482 2420 1535 2458 ut
1554 2409 1792 2474 ingluvies
1821 2410 1948 2475 gula,
1982 2410 2134 2458 libido
2157 2409 2344 2472 genita-

185 2478 326 2540 libus.
350 2483 462 2532 Sola
485 2485 648 2551 itaque
672 2489 832 2535 anima
855 2504 913 2535 ex
935 2487 1068 2536 bona
1090 2488 1168 2537 vel
1190 2489 1314 2537 mala
1334 2490 1583 2538 voluntate
1609 2492 1859 2556 praemium
1890 2490 1965 2538 vel
1995 2506 2189 2556 poenam
2213 2489 2343 2554 apud

184 2563 341 2611 Deum
364 2576 576 2614 meretur
597 2577 644 2615 et
666 2567 872 2632 obtinet,
895 2580 942 2618 et
966 2569 1068 2618 sola
1089 2568 1404 2618 beatitudinis
1429 2571 1506 2618 vel
1528 2572 1728 2619 miseriae
1756 2572 1995 2637 particeps
2023 2587 2124 2618 esse
2155 2579 2338 2635 potest;

183 2641 293 2690 licet
319 2660 377 2691 ex
401 2662 607 2711 corpore
630 2660 877 2715 resumpto
900 2654 1046 2716 poen'a
1059 2650 1162 2715 ejus
1187 2650 1262 2698 vel
1286 2649 1440 2715 gloria
1463 2661 1710 2715 augeatur.
1740 2651 1882 2700 Unde
1902 2650 2146 2717 duplicem
2170 2651 2344 2697 contri-

184 2722 368 2771 tionem
393 2725 675 2791 impiorum,
701 2739 749 2789 et
769 2731 1012 2795 geminam
1029 2730 1203 2779 stolam
1220 2741 1518 2794 sanctorum,
1536 2742 1636 2779 tam
1654 2731 1924 2780 secundum
1937 2734 2149 2779 animam
2163 2730 2343 2778 scilicet

183 2819 330 2866 quam
354 2806 623 2855 secundum
645 2826 824 2875 corpus
853 2810 1076 2858 dicimus.
1116 2810 1358 2859 Gaudebit
1389 2811 1596 2877 amplius
1628 2811 1761 2859 bona
1800 2812 1960 2860 anima
1997 2822 2044 2860 et
2074 2820 2340 2859 creatorem

184 2885 334 2948 magis
357 2885 661 2951 glorificabit,
684 2906 798 2938 cum
816 2907 995 2956 corpus
1020 2892 1198 2956 ipsum,
1225 2891 1361 2956 quod
1395 2891 1477 2939 hic
1501 2901 1599 2939 tam
1623 2891 1871 2940 infirmum
1905 2902 1953 2940 et
1989 2891 2214 2958 passibile
2238 2906 2340 2956 ges-

185 2962 261 3024 sit,
283 2965 462 3028 ⁴viderit
480 2967 546 3016 ibi
568 2969 635 3018 ita
656 2980 893 3035 aptatum,
919 2971 1057 3036 quod
1073 2971 1272 3019 ulterIus
1295 2971 1493 3020 dissolvi
1519 2990 1620 3020 non
1659 2973 1828 3038 possit,
1867 2989 1958 3021 nec
1991 2973 2095 3039 ipsa
2131 2988 2186 3020 ex
2220 2987 2340 3019 con-

186 3045 439 3109 tactuejus
462 3049 673 3114 aliquam
696 3050 985 3099 contrahere
1004 3051 1268 3100 laesionem.
1294 3055 1354 3100 Et
1376 3053 1478 3101 haec
1501 3054 1605 3120 ipsa
1626 3054 1845 3120 corporis
1859 3053 2062 3101 humani
2078 3052 2332 3119 reparatio,

184 3126 402 3189 corporis
425 3127 709 3193 glorificatio
729 3132 805 3180 vel
824 3131 1075 3181 beatitudo
1099 3132 1291 3182 dicitur.
1309 3134 1386 3181 Sic
1405 3143 1452 3182 et
1474 3151 1619 3200 poena
1633 3134 1851 3199 corporis
1871 3133 1965 3182 dici
1990 3142 2162 3201 potest,
2189 3147 2335 3196 quam
2359 3158 2362 3162 ›

226 3309 233 3327 ¹
251 3308 447 3354 Hebr.,cap.
464 3322 529 3356 xu,
549 3324 578 3348 v.
597 3316 627 3350 6.
648 3334 685 3341 -—
705 3319 716 3337 ²
730 3317 842 3359 Epist.
860 3327 898 3361 c,
912 3317 1019 3362 opp„
1040 3323 1062 3352 t.
1083 3317 1138 3361 IV,
1156 3319 1218 3354 col.
1238 3321 1310 3355 802.
1331 3336 1371 3344 -
1386 3319 1398 3340 ³
1415 3312 1544 3360 matth„
1560 3326 1632 3360 cap.
1649 3327 1726 3360 xxv,
1746 3325 1776 3352 v.
1792 3317 1845 3351 41.
