2638 3866
1124 261 1445 309 APPENDlX.
2254 261 2350 308 799

198 361 418 422 magister,
444 375 541 403 cum
557 360 645 403 1108
667 360 912 420 Augustino
935 360 991 404 ad
1012 361 1188 405 beatum
1210 361 1525 420 Hieronymum
1555 361 1760 422 loquente
1783 361 1930 406 dicens
1954 377 1964 405 :
1997 382 2016 398 ιι
2035 361 2239 416 Quamvis
2261 360 2354 421 pul·

199 443 342 486 chrius
358 431 422 484 ⁵sit
446 455 593 484 senem
617 439 774 484 docere
796 456 926 499 quam
957 440 1136 493 discere,
1167 442 1273 484 mihi
1302 452 1448 484 tamen
1472 441 1589 485 nulla
1625 452 1725 486 aetas
1756 457 1847 486 sera
1870 451 1934 485 est
1963 441 2018 484 ad
2041 440 2308 484 discendum.
2329 462 2347 479 ι

198 519 332 575 Quod
354 529 499 562 autem
523 517 648 572 dicis,
671 533 742 562 me
764 533 895 561 unam
918 518 1176 578 singularem
1199 529 1357 562 sanctae
1380 519 1579 562 trinitatis
1600 519 1881 563 substantiam
1903 519 2152 579 cognovisse
2166 550 2178 571 ,
2203 533 2351 561 verum

198 601 348 659 utique
380 609 466 652 est,
496 597 574 642 sed
597 613 687 641 non
716 597 835 640 illam
857 597 1145 641 sabellianam
1174 598 1531 658 singularitatem,
1556 599 1602 641 in
1624 614 1708 658 qua
1737 615 1823 642 una
1848 599 1938 643 sola
1970 614 2057 653 res,
2090 614 2179 641 11011
2210 597 2351 658 plures

198 679 282 723 illis
310 679 449 722 tribus
478 678 728 721 nominibus
763 678 1018 738 appellatur,
1050 677 1126 721 sed
1156 678 1200 720 in
1234 694 1316 737 qua
1351 679 1588 722 substantia
1616 680 1728 722 trina
1760 690 1804 723 et
1837 679 1989 738 triplex
2022 689 2185 722 tantam
2220 678 2352 722 habet

198 760 433 811 unitatem,
458 768 508 800 ut
534 756 652 800 nulla
675 757 758 804 tria
787 773 968 817 usquam
996 768 1162 800 tantam
1184 757 1396 813 habeant3
1423 758 1542 801 nulla
1569 759 1685 802 enim
1708 759 1788 801 tria
1812 770 1903 802 tam
1927 758 2153 818 singularia
2177 769 2351 819 tamque

200 839 379 899 aequalia
406 848 520 892 sunt,
545 823 654 881 sicut
676 838 880 899 scriptum
903 849 968 882 est
993 853 1003 882 ε
1034 858 1052 875 α
1074 839 1125 881 Ι11
1146 838 1229 880 1188
1250 838 1439 882 trinitate
1462 838 1567 882 nihil
1593 839 1709 899 prius
1732 849 1805 882 aut
1825 839 2035 898 posterius
2049 871 2060 891 ,
2084 838 2187 881 nihil
2215 841 2351 895 majus

198 919 460 972 autminus,
491 917 568 961 sed
588 928 691 961 totae
714 929 799 962 tres
816 934 1012 979 personae
1035 929 1261 963 cooeternae
1277 918 1357 961 sibi
1379 929 1476 961 sunt
1498 929 1542 962 et
1564 919 1819 977 coaequales.
1845 940 1864 957 »
1891 918 1976 962 Sed
1998 918 2097 962 lieet
2118 918 2184 961 lex
2212 919 2348 973 dicat,

198 998 319 1059 quod
344 999 390 1041 in
413 1014 489 1042 ore
512 997 700 1042 duorum
728 998 794 1042 vel
817 999 947 1042 trium
970 999 1145 1042 testium
1173 1009 1255 1042 stet
1276 1015 1406 1042 omne
1427 999 1609 1042 verbum
1625 1031 1636 1052 ‚
1665 1015 1745 1042 nos
1766 1010 1912 1042 tamen
1935 1009 2089 1058 quarto
2106 1000 2196 1056 jam
2217 998 2352 1042 tribus

197 1080 423 1140 apposito,
461 1079 659 1138 quintum
693 1090 737 1122 et
758 1082 937 1122 'sextum
967 1094 1258 1139 apponamus,
1294 1095 1478 1138 quorum
1513 1079 1767 1123 testimoniis
1794 1080 1958 1123 unitate
1991 1079 2276 1123 similitudinis
2309 1091 2353 1123 et

199 1160 453 1220 aequalitatis
480 1159 709 1214 roborata,
737 1175 791 1203 ne
818 1159 1043 1204 videamur
1074 1159 1152 1202 niti
1173 1159 1346 1202 testium
1374 1175 1555 1203 numero
1587 1170 1630 1203 et
1657 1160 1879 1203 occasione
1906 1161 2095 1203 virorum
2126 1159 2351 1204 illustrium

197 1240 494 1300 subterfugere
530 1239 745 1282 rationem
782 1250 826 1283 et
858 1256 950 1283 non
985 1239 1145 1283 audere
1184 1254 1362 1282 manum
1398 1255 1623 1283 conserere
1657 1256 1735 1301 pro
1770 1240 2087 1300 improbatione
2129 1239 2350 1300 singularis

196 1321 395 1376 unitatis,
426 1304 629 1364 eamdem
657 1319 1056 1381 compr....emus¹.
1081 1321 1163 1364 Dic
1193 1336 1320 1381 ergo,
1357 1320 1484 1364 beate
1519 1321 1750 1376 Athanasi,
1782 1320 1937 1363 divinae
1966 1331 2116 1363 contra
2146 1321 2351 1365 Arrianos

198 1401 400 1445 defensor
421 1400 668 1444 substantiae
683 1434 702 1454 ,a
725 1402 811 1455 dic,
834 1399 939 1462 quid
962 1401 1017 1445 de
1039 1402 1131 1462 ipsa
1153 1401 1390 1444 substantia
1416 1402 1589 1456 sentias,
1616 1412 1682 1456 et,
1708 1402 1816 1444 sicut
1835 1402 2040 1444 Arrianos
2061 1401 2134 1460 qui
2157 1416 2251 1444 eam
2274 1417 2351 1461 per

196 1482 355 1543 gradus
375 1481 626 1535 variabant,
657 1482 816 1537 vicisti,
850 1483 911 1525 ita
941 1493 984 1526 et
1004 1481 1299 1535 sabellianos,
1325 1481 1399 1540 qui
1426 1497 1630 1541 personas
1657 1481 1931 1525 confundunt
1957 1482 2206 1534 convincas,
2240 1481 2310 1525 dic
2336 1497 2346 1525 :

202 1583 220 1601 «
237 1563 390 1622 Neque
413 1562 730 1633 confundentes
751 1578 974 1622 personas,
1000 1578 1140 1622 neque
1162 1555 1240 1622 per
1264 1562 1544 1605 substantiam
1566 1573 1826 1622 separantes.
1851 1583 1870 1600 »
1895 1561 2104 1605 Personas
2125 1561 2351 1605 confundit

195 1644 271 1703 qui
303 1655 472 1705 patrem
505 1642 662 1695 filium,
694 1654 738 1687 et
768 1643 905 1687 filium
934 1655 1102 1704 patrem
1135 1643 1254 1694 dicit,
1292 1642 1411 1702 quod
1443 1658 1615 1686 11888558
1649 1654 1712 1686 851
1745 1658 1845 1686 811111
1878 1642 2019 1685 dicere
2056 1642 2129 1700 qui
2162 1641 2233 1684 illa
2270 1643 2352 1685 tria

195 1726 374 1768 nomina
395 1741 528 1768 unam
554 1724 810 1768 solam‘rem
833 1725 1092 1786 singularem
1116 1722 1355 1784 significare
1377 1723 1578 1767 voluerit.
1603 1724 1759 1766 Omnia
1782 1723 1897 1766 enim
1919 1723 2044 1765 unius
2066 1733 2109 1765 et
2130 1722 2352 1782 singularis

194 1806 259 1850 rei
280 1807 461 1850 nomina
484 1805 539 1848 de
560 1820 605 1848 se
626 1805 813 1848 invicem
834 1804 1140 1865 praedicantur.
1167 1805 1232 1847 Ita
1251 1804 1381 1864 igitur
1400 1814 1524 1864 pater
1546 1804 1791 1847 incarnatus
1808 1814 1851 1846 et
1870 1819 2017 1863 passus
2038 1813 2117 1857 est,
2142 1804 2241 1862 quia
2262 1804 2351 1863 ipse

197 1898 262 1930 est
297 1886 408 1929 filius
439 1886 514 1944 qui
543 1886 630 1928 hoc
651 1895 794 1928 totum
822 1901 970 1945 passus
1002 1896 1087 1939 est3
1122 1884 1242 1944 quod
1281 1895 1491 1943 quantum
1521 1899 1635 1926 sanae
1653 1883 1765 1926 fidei
1795 1894 2007 1943 repugnat
2038 1882 2238 1927 adtende.
2275 1885 2350 1927 Se-

195 1967 341 2026 quitur
361 1982 371 2010 :
392 1966 582 2024 «lNeque
600 1964 886 2008 substantiam
907 1976 1168 2025 separantes.
1186 1984 1206 2002 »
1223 1964 1459 2024 Diligenter
1479 1962 1793 2006 intendendum
1815 1974 1892 2018 est,
1912 1974 2056 2006 utrum
2072 1964 2349 2006 substantiam

195 2058 354 2090 sanctae
380 2046 581 2088 trinitatis
612 2045 874 2089 omnimodis
905 2062 960 2088 an
993 2055 1112 2088 certo
1144 2044 1280 2087 modo
1313 2043 1501 2103 separari
1528 2043 1772 2102 prohibeat.
1798 2042 2031 2097 Quomodo
2063 2044 2205 2098 enim,
2234 2044 2350 2088 sisic

195 2138 260 2170 est
280 2143 392 2182 una,
422 2136 471 2168 ut
491 2126 622 2185 etiam
642 2125 786 2184 plures
815 2125 922 2180 sint,
957 2125 1064 2167 sicut
1084 2124 1236 2168 Graeca
1266 2123 1423 2165 clamat
1444 2121 1639 2175 88818518,
1666 2137 1754 2164 11011
1787 2121 2034 2181 separatur?
2054 2123 2208 2166 Omnia
2233 2124 2348 2166 enim

193 2208 320 2267 plura
347 2205 602 2266 pluralitatis
625 2197 1021 2265 lege'separantur,
1053 2206 1154 2263 quia
1181 2204 1386 2263 scriptum
1419 2213 1504 2257 est,
1541 2202 1660 2261 quod
1687 2203 1828 2245 omnis
1850 2202 2094 2246 differentia
2116 2204 2160 2245 in
2185 2202 2348 2247 discre-

193 2288 391 2347 pantium
423 2285 667 2346 pluralitate
699 2285 907 2328 consistit.
938 2285 1047 2339 Quae
1082 2299 1184 2344 ergo
1222 2283 1467 2326 differentia
1496 2283 1543 2324 in
1573 2283 1655 2325 hac
1684 2281 1927 2341 pluralitate
1963 2298 2245 2342 personarum
2278 2299 2349 2327 se-

127 2424 130 2427 *
194 2366 391 2410 cundum
414 2381 492 2409 nos
505 2397 517 2420 ‚
548 2364 884 2408 substantiarum
913 2380 1016 2409 vero
1040 2363 1279 2407 secundum
1306 2363 1481 2406 Graecos
1503 2362 1581 2416 sit,
1611 2362 1921 2421 perquiramus.
1946 2362 2062 2405 Nihil
2091 2363 2208 2406 enim
2231 2363 2348 2407 aliud

195 2458 260 2491 est
272 2446 507 2490 substantia
525 2445 658 2505 patris
679 2461 810 2504 quam
830 2455 969 2505 pater,
983 2454 1038 2488 ·et
1058 2444 1296 2487 substantia
1319 2436 1393 2485 6111
1416 2457 1547 2501 quam
1566 2440 1692 2496 611115,
1714 2441 1821 2484 518111
1832 2442 1935 2485 urbs
1956 2443 2105 2485 Romae
2125 2443 2264 2486 Roma
2287 2454 2351 2486 est

195 2538 240 2572 et
269 2538 466 2571 creatura
488 2541 611 2585 aquae
634 2542 745 2586 aqua
773 2536 852 2569 est.
878 2525 991 2580 Quia
1019 2539 1122 2585 ergo
1145 2534 1268 2583 pater
1291 2523 1439 2583 genuit
1459 2521 1618 2576 filium,
1646 2521 1882 2564 substantia
1910 2523 2041 2581 patris
2066 2523 2217 2582 genuit
2242 2523 2349 2565 sub-

195 2609 398 2652 stantiam
425 2606 517 2651 filii.
543 2607 656 2662 Quia
683 2607 813 2666 igitur
843 2605 976 2649 altera
1007 2616 1070 2649 est
1100 2604 1335 2648 substantia
1358 2603 1624 2663 generantis,
1650 2600 1782 2644 altera
1804 2612 2028 2661 generata,
2063 2602 2144 2644 alia
2172 2613 2234 2645 est
2263 2618 2350 2646 una

196 2688 252 2731 ab
285 2688 395 2743 alia3
431 2702 599 2747 semper
621 2687 738 2730 enim
759 2701 969 2746 generans
991 2696 1035 2729 et
1055 2694 1307 2746 generatum
1329 2683 1454 2743 plura
1475 2693 1599 2737 sunt,
1623 2698 1714 2725 11011
1735 2697 1802 2724 res
1824 2697 1911 2724 una
1925 2714 1936 2736 ‚
1963 2681 2198 2725 secundum
2231 2681 2349 2725 illam

195 2769 314 2812 beati
338 2767 567 2827 Augustini
594 2765 820 2825 praefatam
841 2765 1119 2818 sententiam,
1145 2779 1231 2823 qua
1253 2763 1312 2806 ait
1340 2762 1460 2822 quod
1484 2761 1603 2805 nulla
1627 2762 1807 2805 omnino
1828 2777 1895 2805 res
1916 2773 2004 2816 est,
2029 2778 2125 2821 quae
2146 2778 2191 2805 se
2213 2763 2348 2822 ipsam

196 2849 370 2910 gignat3
406 2864 503 2906 quae
538 2847 656 2890 enim
689 2856 866 2906 generat
896 2855 961 2889 est
989 2844 1205 2905 ingenita,
1239 2844 1384 2904 genita
1411 2858 1514 2886 vero
1547 2853 1611 2886 est
1645 2842 1881 2902 unigenita.
1922 2842 2007 2885 Sed
2036 2831 2274 2903 ingenitum
2305 2853 2349 2886 et

193 2929 464 2989 unigenitum
475 2938 574 2970 sunt
594 2927 733 2987 plura,
755 2926 864 2969 sicut
884 2925 1146 2985 Augustinus
1162 2924 1216 2966 de
1241 2924 1459 2966 Trinitate
1484 2923 1542 2966 ait
1563 2938 1574 2965 z
1605 2939 1622 2962 ι
1644 2921 1774 2965 Filius
1794 2921 1969 2981 quidem
1984 2923 2119 2982 ipsam
2146 2923 2348 2966 substan-

191 3009 303 3052 tiam
334 3007 466 3052 debet
498 3008 628 3067 patri,
661 3027 679 3044 n
713 3005 759 3049 id
791 3015 870 3057 est,
902 3004 1022 3064 quod
1058 3014 1121 3048 est
1161 3003 1398 3047 substantia
1435 3018 1461 3045 a
1494 3012 1615 3062 patre
1643 3000 1778 3045 habet
1810 3012 1854 3045 et
1885 3002 1941 3045 ab
1970 3003 2060 3059 ejus
2087 3002 2344 3056 substantia;

197 3105 289 3132 non
318 3104 421 3148 ergo
452 3087 632 3130 omnino
663 3101 888 3146 possumus
909 3086 1045 3128 vitare
1077 3084 1394 3144 separationem
1430 3081 1572 3126 facere
1602 3082 1649 3124 in
1677 3080 1911 3125 substantia
1942 3093 2101 3125 58118181
2129 3082 2343 3125 trinitatis.

194 3171 344 3213 Restat
378 3184 499 3230 ergo,
527 3178 578 3211 ut
598 3177 718 3211 certo
754 3165 889 3209 modo
923 3165 1238 3225 separationem
1258 3163 1510 3224 prohibeat3
1535 3162 1610 3222 qui
1629 3160 1786 3205 modus
1808 3162 1902 3221 quis
1923 3162 1977 3205 sit
2006 3161 2208 3216 ostendit,
2245 3175 2345 3204 cum

253 3346 263 3368 ¹
276 3344 332 3379 Sic
342 3346 532 3381 Schmeller.
