2638 3866
290 177 383 224 198
891 176 893 178 ’
1089 172 1263 219 PETRI
1300 170 1610 216 ABAELARDI

287 286 513 341 potestaS,
550 275 656 339 ipso
687 282 938 320 attestante
969 281 1137 337 postea
1175 269 1422 336 Apost010,
1460 269 1555 316 nisi
1589 285 1619 316 a
1650 270 1771 316 De0.
1806 267 1945 315 Unde
1970 278 2018 315 et
2040 269 2223 318 Veritas
2253 270 2421 336 iniquo

288 356 476 404 Praesidi
495 356 558 402 ait
577 356 585 378 ¹
606 373 615 400 :
654 373 676 398 «
696 356 803 400 Non
830 352 1032 400 haberes
1067 352 1116 398 in
1151 368 1229 398 me
1264 359 1566 416 potestatem,
1594 349 1684 395 nisi
1707 347 1873 396 datum
1898 348 1984 396 tibi
2007 358 2130 402 esset
2152 350 2374 418 desuper.
2394 372 2418 396 n

285 438 377 495 Qui
409 437 567 499 itaque
598 433 721 481 male
748 442 912 497 agunt,
955 432 1044 480 sibi
1073 432 1234 497 potius
1266 430 1459 478 inutiles
1489 446 1634 494 quam
1672 430 1874 478 omnino
1907 429 2100 478 inutiles
2127 431 2422 497 intelligendi

284 526 419 575 sunt3
436 532 548 562 cum
568 515 617 561 in
636 513 807 561 ordine
828 530 990 560 rerum
1011 511 1129 559 nihil
1147 510 1381 558 inutiliter
1399 520 1480 558 aut
1496 509 1737 575 superflue
1750 510 1825 575 agi
1838 510 2017 571 divina,
2034 518 2088 558 ut
2105 512 2419 572 ostendimus,

284 596 507 661 dipositio
534 595 791 660 permittat.
820 595 1082 652 Quomodo
1107 602 1267 640 autem
1290 591 1651 639 declinaverunt
1673 608 1858 650 omnes,
1883 602 1967 639 aut
1982 609 2009 639 a
2036 608 2135 656 quo
2159 592 2423 641 declinave-

284 677 421 723 runt?
445 693 473 724 a
495 676 629 723 bono
653 674 830 723 scilicet
853 690 997 739 opere
1020 672 1266 738 supponit,
1295 671 1458 719 dicens
1481 689 1491 717 :
1521 692 1542 715 «
1574 674 1680 719 Non
1702 681 1774 718 est
1795 672 1878 735 qui
1902 671 2039 721 faciat
2059 672 2267 735 bonum,
2290 693 2312 719 υ
2340 675 2423 739 qui

281 757 404 804 bene
434 767 680 822 operetur,
722 766 769 803 et
797 755 930 820 quod
960 754 1102 802 debet
1136 754 1347 819 impleat.
1391 753 1623 811 Quamvis
1653 753 1784 800 enim
1822 752 1953 801 bona
1985 754 2203 802 videatur
2232 754 2423 803 traditio

282 838 493 898 Domini,
529 854 634 901 quae
667 853 693 883 a
724 836 845 883 Juda
878 835 1003 882 facta
1030 843 1117 895 est,
1145 843 1192 881 et
1214 833 1356 881 simul
1384 843 1437 881 ut
1459 834 1643 881 dictum
1668 843 1740 881 est
1774 849 1802 881 a
1832 836 1970 881 Patre
1993 835 2091 882 sive
2109 851 2138 883 a
2159 834 2297 897 Filio,
2323 852 2422 883 non

282 927 440 964 tamen
461 916 508 963 id
533 919 556 963 J
562 916 677 963 udas
699 916 824 963 bene
849 915 973 974 fecit,
997 914 1132 979 quod
1155 927 1381 980 perversa
1405 915 1691 976 intentione,
1718 913 1769 962 id
1794 924 1882 974 est,
1907 931 1964 963 ex
1991 915 2253 981 cupiditate
2277 933 2426 981 pecu·

281 998 369 1044 niae
389 997 648 1044 commisit.
673 996 849 1042 Omnia
872 996 1052 1060 quippe
1076 1012 1227 1061 opera
1258 1013 1314 1044 ex
1353 996 1620 1043 intentione
1654 995 1903 1061 pensanda
1937 1013 2039 1044 esse
2070 997 2309 1044 Dominus
2336 995 2425 1045 do-

280 1078 393 1138 cuit,
422 1077 587 1124 dicens
608 1080 648 1122 ²:
680 1096 701 1120 α
721 1076 768 1122 Si
794 1075 963 1122 oculus
980 1085 1091 1122 tuus
1113 1075 1316 1141 simplex
1339 1076 1496 1138 fuerit,
1516 1085 1607 1123 etc.
1628 1096 1650 1119 υ
1674 1075 1898 1140 Alioquin
1916 1076 2048 1124 Judae
2063 1093 2260 1142 quoque
2280 1094 2422 1144 opus,

279 1157 327 1203 in
348 1174 445 1221 quo
466 1166 563 1204 tam
583 1160 718 1203 Pater
736 1172 882 1220 quam
905 1156 1050 1203 Filius
1073 1155 1444 1204 misericorditer
1454 1166 1564 1203 sunt
1582 1155 1784 1220 operati,
1803 1155 1988 1203 bonum
2009 1156 2269 1204 dicendum
2283 1167 2422 1206 esset.

283 1258 305 1280 «
322 1241 426 1284 Non
451 1248 520 1284 est
546 1254 696 1301 usque
720 1237 780 1284 ad
806 1254 975 1284 unum.
999 1258 1022 1280 »
1044 1238 1282 1303 Repetitio
1306 1247 1376 1284 est
1397 1237 1628 1303 praemissi
1656 1235 1798 1296 illius,
1826 1237 2049 1286 videlicet
2072 1237 2206 1303 quod
2243 1238 2426 1287 dictum

279 1326 364 1378 est,
405 1339 426 1362 «
452 1335 550 1365 non
578 1328 647 1366 est
671 1319 755 1383 qui
777 1318 917 1366 faciat
950 1318 1155 1378 bonum,
1188 1338 1210 1363 »
1248 1328 1303 1366 ut
1340 1318 1677 1366 determinatio
1715 1318 2018 1379 subderetur,
2047 1337 2110 1368 ne
2148 1320 2429 1384 generaliter

280 1397 461 1444 dictum
483 1408 749 1463 putaretur.
771 1398 881 1446 Tale
896 1410 965 1447 est
984 1400 1145 1465 itaque
1165 1417 1221 1447 ac
1238 1400 1276 1447 si
1295 1399 1504 1447 diceret:
1523 1402 1629 1447 Non
1651 1400 1819 1465 estqui
1833 1399 1974 1448 faciat
1988 1401 2193 1462 bonum,
2209 1403 2424 1466 inquam,

280 1495 531 1543 usquequo
558 1480 715 1527 veniat
735 1479 979 1527 credendo
1003 1489 1049 1527 et
1067 1497 1154 1546 per
1174 1496 1393 1528 amorem
1410 1496 1461 1528 se
1483 1479 1762 1545 copulando
1796 1481 1841 1528 ei
1870 1481 1954 1545 qui
1975 1497 2090 1529 vere
2123 1498 2247 1528 unus
2268 1491 2356 1541 est,
2381 1492 2431 1530 et

280 1559 593 1606 immutabilis
618 1577 703 1625 per
728 1570 968 1621 naturam,
996 1570 1043 1607 et
1064 1561 1318 1624 singularis
1341 1578 1427 1626 per
1454 1561 1784 1622 eminentiam,
1811 1560 1861 1608 id
1877 1571 1946 1608 est
1969 1564 2073 1609 Deo
2097 1562 2195 1609 sive
2217 1561 2426 1624 Christo,

276 1640 359 1704 qui
384 1650 454 1686 est
480 1657 604 1687 unus
627 1642 715 1687 Dei
738 1651 784 1689 et
807 1641 1066 1688 hominum
1095 1641 1352 1700 mediator,
1393 1658 1479 1707 per
1511 1641 1647 1705 cujus
1683 1641 1829 1690 fidem
1854 1644 1904 1689 in
1928 1642 2241 1707 sequentibus
2260 1643 2428 1692 salvari

275 1734 364 1764 uos
387 1727 565 1765 astruet
589 1718 690 1765 sine
714 1719 942 1783 operibus
961 1718 1094 1782 legis.
1122 1721 1281 1765 Potest
1304 1719 1449 1765 etiam
1470 1718 1535 1765 ita
1559 1719 1772 1782 intelligi.
1803 1739 1825 1764 «
1854 1722 1960 1767 Non
1986 1729 2056 1767 est
2081 1720 2164 1784 qui
2186 1720 2326 1768 faciat
2344 1720 2431 1785 bo·-

277 1814 393 1844 uum
420 1815 570 1862 usque
594 1798 656 1845 ad
680 1816 848 1860 unum,
865 1818 886 1840 n
908 1815 964 1846 ac
986 1799 1025 1845 si
1047 1798 1227 1846 diceret
1248 1817 1258 1845 :
1282 1799 1369 1846 Vix
1392 1807 1461 1846 est
1484 1799 1568 1864 qui
1593 1799 1732 1846 faciat
1754 1799 1961 1860 bonum,
1983 1801 2032 1847 id
2055 1811 2125 1847 est
2150 1800 2247 1848 sere
2271 1801 2430 1849 nuHus

276 1888 345 1924 est
358 1878 440 1942 qui
458 1878 612 1926 faciat.
631 1882 745 1926 Fere
760 1880 889 1926 enim
906 1879 1064 1926 nullus
1079 1889 1165 1940 est,
1185 1895 1275 1926 nec
1289 1896 1414 1926 unus
1427 1889 1615 1927 tantum
1629 1890 1860 1944 superest.
1871 1901 1892 1925 α
1906 1879 2191 1946 Sepulcrum
2207 1891 2393 1946 patens.
2403 1901 2426 1924 ›>

274 1961 383 2005 Tres
403 1959 477 2005 isti
494 1969 747 2024 sequentes
765 1960 1000 2020 versiculi,
1016 1961 1099 2024 qui
1119 1959 1168 2006 in
1188 1969 1355 2007 nostro
1371 1959 1597 2007 Psalterio
1611 1960 1869 2020 habentur,
1883 1962 1934 2008 in
1951 1961 2172 2023 Hebraeo,
2190 1971 2307 2009 teste
2321 1963 2431 2011 Ori·

276 2055 394 2100 gene
418 2039 517 2086 sive
543 2040 859 2104 Hieronymo,
885 2041 1084 2087 minime
1107 2041 1172 2088 ita
1194 2041 1424 2087 continue
1448 2041 1691 2104 leguntur.
1719 2041 1858 2089 Unde
1885 2043 2118 2107 Origenes
2140 2059 2284 2107 super
2305 2041 2432 2091 hanc

280 2119 540 2184 Epistolam
560 2138 569 2166 :
592 2141 614 2163 ε(
631 2123 683 2167 In
701 2120 965 2182 nonnullis,
986 2121 1160 2185 inquit,
1179 2120 1532 2185 exemplaribus
1546 2121 1845 2182 Latinorum,
1866 2139 1923 2171 ea
1945 2139 2050 2188 quae
2074 2122 2434 2188 subsequuntur

279 2200 323 2245 iu
349 2201 493 2247 tertio
512 2199 701 2248 decimo
720 2200 904 2265 psalmo
928 2210 1282 2265 consequenter
1304 2200 1646 2260 inveniuntur3
1674 2202 1722 2249 in
1744 2204 1919 2250 Graecis
1939 2213 2102 2251 autem
2125 2220 2251 2268 pene
2274 2203 2432 2251 omni-

277 2279 365 2327 bus
389 2297 487 2327 non
508 2281 712 2345 amplius
732 2281 781 2327 in
807 2282 946 2328 tertio
963 2281 1152 2328 decimo
1169 2281 1355 2347 psalmo
1370 2282 1602 2347 scriptum
1624 2292 1696 2330 est
1717 2300 1867 2347 quam
1886 2301 2038 2348 usque
2053 2283 2115 2331 ad
2131 2282 2269 2330 illum
2284 2283 2432 2331 versi·
2491 2334 2492 2337 ,

279 2361 440 2407 culum
465 2360 548 2408 ubi
570 2362 801 2426 scriptum
827 2371 898 2409 est
926 2379 936 2408 :
965 2381 988 2406 α
1011 2365 1117 2409 Non
1145 2371 1215 2409 est
1238 2363 1321 2426 qui
1348 2362 1488 2409 faciat
1509 2362 1715 2421 bonum,
1739 2380 1839 2410 non
1864 2374 1934 2411 est
1956 2381 2108 2428 usque
2131 2363 2191 2411 ad
2221 2381 2429 2411 unum.»

280 2439 373 2488 Sed
391 2450 436 2486 et
450 2441 584 2505 quod
603 2441 723 2488 dixit
744 2441 1002 2507 Apostolus
1019 2460 1029 2488 :
1049 2462 1071 2484 «
1085 2442 1218 2489 Sicut
1235 2442 1465 2506 scriptum
1484 2452 1554 2488 est
1572 2459 1582 2487 :
1602 2464 1624 2486 α
1641 2443 1766 2500 Quia
1779 2460 1880 2491 non
1895 2453 1967 2491 est
1982 2445 2138 2508 justus
2155 2444 2429 2508 quisquam,

281 2537 377 2566 non
398 2530 468 2568 est
491 2521 774 2586 intelligens,
798 2539 898 2569 non
921 2532 991 2570 est
1012 2523 1260 2587 requirens
1279 2525 1453 2581 Deum,
1470 2542 1493 2566 υ
1511 2539 1612 2569 non
1630 2523 1811 2570 eisdem
1833 2523 2138 2572 sermonibus
2158 2525 2206 2570 in
2221 2524 2429 2584 Psalmo,

281 2602 360 2647 sed
384 2602 462 2648 alii
485 2613 838 2666 permutantur,
865 2604 944 2651 alii
968 2613 1295 2663 assumuntur,
1316 2602 1397 2650 alii
1419 2603 1774 2668 relinquuntur.
1798 2608 1855 2651 Et
1871 2606 2005 2669 quod
2023 2605 2167 2653 dixit:
2191 2626 2212 2648 «
2233 2607 2340 2652 Non
2365 2615 2434 2653 est

277 2682 429 2743 justus
452 2683 725 2748 quisquam,
745 2703 768 2728 »
794 2694 911 2748 puto
930 2683 1064 2749 quod
1088 2701 1144 2731 ex
1172 2701 1230 2731 eo
1254 2685 1511 2749 sumpserit
1538 2702 1549 2730 ε
1572 2703 1596 2729 «
1614 2687 1721 2732 Non
1742 2695 1812 2732 est
1834 2686 1918 2751 qui
1942 2685 2082 2733 faciat
2102 2685 2307 2747 bonum,
2333 2702 2431 2734 non

283 2771 351 2807 est
373 2779 521 2826 usque
545 2764 603 2811 ad
629 2749 850 2812 unumf‘»
879 2764 1024 2823 Quod
1051 2781 1168 2812 vero
1201 2765 1316 2812 dicit
1346 2783 1355 2811 ε
1389 2786 1410 2808 α
1441 2765 1728 2831 Sepulcrum
1751 2775 1921 2832 patens
1954 2776 2025 2814 est
2059 2776 2222 2831 guttur
2243 2783 2430 2826 eorum,

283 2842 452 2905 linguis
475 2844 571 2890 suis
594 2844 763 2892 dolose
785 2845 1007 2908 agebant,
1027 2864 1050 2890 »
1086 2846 1136 2893 in
1161 2846 1332 2909 quinto
1353 2847 1542 2894 Psalmo
1563 2847 1816 2912 reperies³.
1863 2867 1886 2892 «
1909 2850 2165 2896 Venenum
2191 2847 2430 2913 aspidum,

287 2921 377 2969 sub
394 2922 530 2970 labiis
548 2941 737 2983 eorum,
755 2946 777 2968 2>
799 2943 857 2972 ex
874 2926 1091 2990 quodam
1117 2926 1306 2973 Psalmo
1319 2928 1332 2950 ⁴
1345 2937 1644 2993 assumptum
1659 2938 1798 2994 puto,
1811 2928 2074 2976 immutatis
2087 2927 2428 2975 sermonibus‘.

290 3022 310 3045 u
331 3004 552 3060 Quorum
579 3021 632 3051 os
657 3004 993 3053 maledictione
1019 3015 1065 3053 et
1088 3006 1409 3053 amaritudine
1435 3008 1631 3072 plenum
1657 3010 1775 3069 est⁶,
1799 3028 1823 3053 »
1847 3025 1904 3056 ex
1928 3025 2062 3055 nono
2093 3007 2280 3055 Psalmo
2301 3006 2433 3055 vide-

331 3207 459 3246 ‘Joan.,
478 3217 549 3247 cap.
570 3217 637 3247 xix,
657 3217 685 3238 v.
711 3212 758 3241 ιι.
779 3226 814 3230 -
834 3210 844 3227 ²
858 3209 985 3247 Matth„
1004 3218 1076 3249 cap.
1096 3218 1137 3241 vn
1151 3234 1159 3249 ,
1175 3219 1205 3241 ν.
1222 3212 1323 3243 22.-
1399 3213 1430 3243 in
1454 3214 1596 3246 editione
1614 3215 1829 3246 Amboesiana
1853 3223 1987 3254 prorsus
2009 3216 2158 3246 mutilum
2176 3223 2215 3246 ex
2235 3215 2308 3255 ipso
2324 3213 2434 3254 Orige-

288 3263 298 3280 ³
312 3261 441 3295 I'salm.
459 3272 488 3301 v,
506 3272 533 3294 v.
558 3264 605 3295 il.
627 3280 663 3284 —
683 3264 693 3281 ”
711 3262 840 3295 Psalm.
860 3271 999 3303 cxxxix,
1019 3272 1047 3295 v.
1067 3264 1096 3295 4.
1120 3280 1159 3287 —-
1178 3266 1188 3284 ⁵
1202 3264 1322 3296 Locum
1399 3268 1448 3298 nis
1467 3272 1555 3299 textu
1572 3270 1783 3301 restituimus.
1798 3286 1834 3291 —
1854 3268 2010 3301 6Ρεαῑτη.
2027 3277 2101 3309 xiii,
2121 3277 2150 3301 v.
2169 3270 2201 3301 3.
