2638 3866
271 207 370 254 222
1058 197 1229 245 PETRI
1262 194 1578 244 ABAELARDI

269 307 433 365 nister,
474 302 545 350 vel
578 310 630 348 ut
651 299 720 347 illi
747 296 1014 362 appellant,
1046 297 1284 362 propheta
1316 297 1474 345 omnis
1505 297 1816 345 circumcisus
1843 307 1931 347 est.
1971 297 2169 345 Litteras
2205 313 2400 362 quoque

270 382 583 435 sacerdotales
630 387 846 426 veterum
882 378 1217 442 AEgyptiorum
1261 393 1407 424 nemo
1452 377 1670 430 ‚discebat
1714 378 1806 425 nisi
1855 378 2182 426 circumcisus.
2231 378 2400 425 Omnis

268 475 421 524 vates,
461 461 616 509 omnis
658 456 791 517 coeli,
830 466 882 504 ut
914 466 1114 522 putant,
1146 456 1416 521 infernique
1455 467 1632 522 mystes
1666 467 1714 505 et
1754 459 1975 506 conscius
2009 458 2141 524 apud
2178 475 2262 506 eos
2298 474 2400 506 esse

268 561 374 592 non
399 541 625 599 creditur,
653 538 745 585 nisi
779 537 1089 585 circumcisus
1111 537 1270 585 fuerit.
1299 540 1405 585 Hoc
1437 554 1551 603 ergo
1573 538 1705 604 apud
1730 555 1820 587 nos
1841 548 1982 606 turpe
1998 538 2239 603 judicatis,
2265 538 2400 604 quod

266 623 395 690 apud
413 638 498 669 vos
520 621 585 668 ita
606 619 865 667 honestum
883 617 1090 665 habetur
1108 627 1156 665 et
1178 634 1425 683 magnum,
1447 629 1502 667 ut
1520 618 1786 667 coelestium
1805 620 2201 684 infernorumque
2219 628 2400 668 secreta

265 700 456 748 nonnisi
479 715 565 764 per
587 694 922 761 hujuscemodi
945 695 1150 759 insignia
1181 696 1422 744 enuntiari
1443 694 1586 743 nobis
1613 713 1756 762 posse
1780 697 2001 746 credatis.
2030 697 2170 744 Unde
2193 697 2232 744 si
2257 697 2400 763 repli-

262 781 375 828 cetis
408 779 629 826 historias
656 786 859 836 vestras‘,
887 775 1139 823 invenietis
1171 793 1271 823 non
1298 777 1458 824 solum
1479 778 1815 844 AEgyptiorum
1853 778 2125 827 sacerdotes
2154 794 2268 826 usos
2297 795 2398 832 esse

260 860 637 918 circumcisione,
675 856 760 904 sed
791 857 934 903 etiam
970 856 1166 918 Arabas,
1211 866 1257 904 et
1282 857 1549 924 AEthiopaS,
1577 867 1625 906 et
1651 858 1918 921 Phoenices,
1952 859 2166 924 aliosque
2189 875 2399 924 quorum

260 941 418 989 studia
450 956 558 1004 erga
583 936 863 1003 hujusmodi
897 937 1261 1002 superstitiones
1282 937 1493 986 nobilius
1514 939 1726 1002 viguere.
1753 942 1863 988 Haec
1885 939 2015 989 dicta
2036 949 2146 987 sunt
2171 939 2401 987 adversus

259 1022 486 1069 Gentiles.
521 1023 560 1068 N
565 1035 657 1066 unc
683 1017 743 1065 ad
768 1034 851 1065 eos
875 1034 1036 1065 sermo
1059 1018 1309 1082 dirigatur,
1337 1020 1420 1084 qui
1443 1019 1634 1067 Christo
1658 1020 1858 1085 quidem
1880 1020 2100 1083 credunt,
2126 1019 2212 1067 sed
2245 1020 2399 1084 legem

258 1119 357 1150 non
398 1101 634 1166 recipiunt
671 1107 717 1146 et
751 1097 1033 1163 Prophetas.
1076 1099 1317 1164 Scriptum
1354 1109 1425 1147 est
1455 1099 1505 1147 in
1538 1100 1756 1164 Epistola
1796 1101 1970 1162 Petri¹,
2006 1101 2119 1166 quia
2160 1099 2399 1165 redempti

256 1199 420 1230 sumus
456 1180 665 1246 pretioso
700 1178 933 1242 sanguine
958 1178 1228 1242 Unigeniti,
1256 1178 1318 1227 ab
1357 1179 1521 1245 aliquo
1551 1180 1653 1228 sine
1681 1180 1835 1229 dubio
1867 1182 2018 1248 empti
2043 1181 2183 1246 cujus
2208 1196 2398 1231 eramus

255 1263 392 1323 servi,
420 1261 503 1325 qui
520 1270 568 1307 et
589 1259 799 1325 pretium
823 1259 1076 1324 proposuit
1100 1259 1236 1323 quod
1255 1260 1423 1321 voluit,
1450 1270 1503 1308 ut
1525 1260 1785 1309 dimitteret
1801 1261 1935 1327 quod
1958 1260 2168 1310 tenebat.
2187 1259 2398 1310 Tenebat

253 1352 411 1390 autem
435 1358 525 1388 nos
550 1339 790 1398 diabolus,
823 1339 902 1386 cui
924 1338 1140 1387 distracti
1165 1339 1409 1388 fueramus
1430 1341 1638 1408 peccatis
1662 1341 1856 1389 nostris.
1888 1341 2115 1407 Poposcit
2137 1358 2252 1406 ergo
2284 1357 2396 1407 pre-

251 1423 369 1469 tium
405 1430 624 1468 nostrum
661 1419 945 1484 sanguinem
970 1418 1162 1466 Christi.
1192 1420 1332 1468 Unde
1364 1420 1525 1469 donec
1555 1424 1664 1468 Jesu
1699 1421 1910 1480 daretur,
1949 1422 2274 1470 necessarium
2309 1421 2399 1469 fuit

251 1519 333 1550 eos
357 1502 440 1566 qui
463 1499 835 1548 instituebantur
866 1500 915 1546 in
943 1497 1065 1564 lege,
1090 1517 1491 1566 unumquemque
1515 1519 1605 1567 pro
1631 1519 1680 1550 se
1704 1502 1767 1550 ad
1795 1502 2114 1551 imitationem
2136 1502 2398 1567 quamdam

251 1585 416 1630 suturae
439 1580 804 1647 redemptionis,
828 1580 1114 1644 sanguinem
1135 1598 1276 1628 suum
1302 1581 1435 1630 dare.
1465 1585 1519 1628 Et
1543 1593 1801 1648 propterea
1823 1600 1933 1646 nOS,
1957 1599 2048 1649 pro
2070 1581 2247 1646 quibus
2268 1599 2398 1631 com·

249 1664 430 1729 pletum
462 1672 533 1711 est
557 1662 766 1728 pretium
789 1661 1037 1726 sanguinis
1063 1661 1266 1724 Christi,
1293 1679 1395 1710 non
1415 1679 1609 1710 necesse
1631 1663 1869 1711 habemus
1889 1680 1981 1729 pro
2003 1662 2147 1710 nobis
2169 1663 2394 1728 pretium,

246 1744 375 1792 idest
391 1743 674 1806 sanguinem
688 1742 1065 1789 circumcisionis
1090 1742 1280 1790 offerre.
1299 1743 1348 1790 Si
1362 1759 1476 1807 ergo
1488 1742 1729 1809 culpabile
1745 1743 2082 1808 videturq-uod
2092 1746 2221 1790 Deus
2235 1743 2399 1791 inferri

242 1823 376 1887 jubet
398 1822 659 1871 infantibus
684 1821 900 1884 vulnera,
927 1822 1023 1869 hoc
1049 1823 1194 1870 etiam
1217 1823 1268 1870 in
1292 1822 1483 1871 Christo
1510 1823 1689 1872 factum
1713 1823 1987 1889 culpabitis,
2013 1824 2098 1888 qui
2120 1833 2167 1870 et
2193 1823 2396 1871 circum·

246 1905 369 1952 cisus
391 1914 479 1967 est,
496 1914 545 1952 et
567 1921 679 1951 cum
702 1904 857 1951 crucis
878 1919 1023 1969 poena
1047 1903 1333 1967 sanguinem
1355 1903 1544 1952 effudit.
1572 1903 1719 1963 Quod
1746 1920 1859 1952 vero
1881 1903 2261 1954 circumcisionis
2283 1903 2398 1951 hor-

246 2002 355 2033 rore
370 1985 574 2033 difficilis
597 1983 660 2032 ad
691 1984 973 2048 religionem
989 1983 1181 2032 videtur
1200 1999 1442 2046 accessus,
1461 1983 1702 2032 difficilior
1719 1983 1874 2032 multo
1894 1983 2138 2033 videbitur
2157 1984 2397 2047 ingressus

246 2066 307 2113 ad
340 2065 672 2130 Evangelium;
701 2064 785 2113 ubi
808 2081 909 2112 non
933 2074 1121 2131 partem
1152 2065 1374 2129 exiguam
1399 2067 1637 2132 corporis,
1658 2065 1745 2114 sed
1767 2067 1923 2132 ipsam
1943 2065 2161 2131 quisquis
2183 2065 2396 2113 animam

246 2162 426 2211 ponere
445 2146 660 2211 jubetur.
685 2144 781 2193 Sed
806 2154 854 2193 et
877 2145 1098 2211 exempla
1124 2148 1389 2210 Martyrum
1412 2145 1682 2194 secundum
1705 2162 1792 2195 vos
1814 2145 2147 2212 prohibebunt
2171 2145 2394 2194 homines

247 2227 472 2275 accedere
505 2227 567 2274 ad
595 2226 762 2274 fidem.
796 2228 868 2273 An
898 2242 958 2273 eo
989 2226 1141 2290 magis
1174 2225 1386 2274 creditur
1410 2226 1550 2275 firma
1580 2227 1766 2292 religio,
1801 2226 1938 2291 quod
1960 2225 2081 2274 nihil
2105 2225 2359 2273 remissum
2377 2261 2391 2286 ,

247 2306 368 2354 nihil
397 2307 650 2355 delicatum
680 2306 933 2373 pollicetur
963 2317 1045 2354 aut
1077 2306 1259 2354 molle?
1292 2306 1439 2366 Quod
1470 2308 1510 2354 si
1546 2317 1593 2355 et
1623 2308 1746 2355 nihil
1776 2307 2064 2355 sacramenti
2094 2306 2394 2354 circumcisio

249 2396 446 2448 teneret,
472 2387 586 2452 quid
611 2397 734 2435 esset
750 2385 964 2445 absurdi,
990 2387 1030 2433 si
1045 2386 1107 2434 ad
1131 2387 1491 2435 distinctionem
1511 2397 1789 2436 caeterarum
1813 2387 2047 2451 gentium,
2074 2386 2286 2452 populus
2307 2386 2393 2450 qui

250 2466 338 2514 sub
372 2466 475 2532 lege
506 2468 590 2515 Dei
614 2467 958 2526 instruebatur,
984 2468 1239 2533 proprium
1276 2468 1475 2532 aliquod
1504 2478 1710 2533 gestaret
1730 2467 1946 2532 insigne?
1975 2470 2036 2515 Et
2064 2467 2104 2514 si
2126 2465 2393 2514 necessaria

248 2547 347 2594 visa
372 2556 439 2594 est
462 2548 608 2612 partis
626 2547 827 2612 alicujus
845 2548 1130 2613 amputatio,
1155 2547 1275 2612 quid
1300 2558 1398 2596 tam
1417 2549 1712 2596 conveniens
1731 2547 1819 2595 fuit
1840 2564 1989 2612 quam
2011 2563 2120 2595 eam
2148 2546 2389 2606 minuere,

250 2643 354 2690 quae
372 2627 621 2675 videbatur
644 2627 870 2687 obscena,
899 2638 946 2676 et
974 2627 1054 2676 illa
1080 2628 1266 2676 auferre
1297 2645 1509 2694 quorum
1535 2628 1793 2676 diminutio
1813 2627 1935 2675 nihil
1962 2627 2024 2676 ad
2047 2626 2260 2675 officium
2284 2642 2392 2674 cor-

250 2708 380 2771 poris
402 2708 686 2773 impediret?
711 2708 856 2767 Quod
877 2725 993 2756 vero
1024 2707 1212 2771 dicunt,
1250 2709 1365 2773 quia
1389 2709 1428 2757 si
1450 2709 1718 2758 necessaria
1741 2726 1843 2757 non
1867 2718 1969 2756 erat
1988 2724 2106 2774 pars·
2131 2708 2211 2755 illa
2240 2723 2393 2755 mem-

250 2787 343 2847 bri,
379 2805 405 2835 a
438 2799 651 2836 creatore
685 2789 790 2837 fieri
824 2807 925 2837 non
961 2788 1130 2837 debuit
1159 2807 1169 2836 ε
1199 2790 1239 2836 si
1273 2790 1540 2838 necessaria
1575 2790 1698 2838 sacta
1735 2800 1823 2852 est,
1849 2806 1951 2838 non
1984 2788 2152 2837 debuit
2177 2787 2387 2836 auferri:

251 2867 596 2931 interrogemus
619 2879 665 2916 et
688 2886 796 2931 nos,
824 2870 863 2916 si
884 2869 1201 2917 necessariam
1220 2869 1384 2918 dicant
1399 2869 1611 2918 filiorum
1631 2871 2039 2936 procreationem.
2066 2844 2391 2917 Necessariam

252 2947 354 2993 sine
373 2946 522 2993 dubio
545 2948 925 3012 respondebunt.
961 2953 1114 2998 Erunt
1143 2966 1258 3014 ergo
1284 2949 1566 3016 culpabiles,
1601 2951 1685 3016 qui
1707 2950 2015 2999 continentiae
2039 2958 2087 2999 et
2109 2947 2392 3013 virginitatis

253 3025 452 3073 obtentu
490 3027 766 3074 necessariis
802 3038 984 3076 naturae
1015 3029 1186 3078 officiis
1218 3046 1320 3078 non
1349 3030 1638 3080 ministrant.
1676 3034 1732 3078 In
1757 3047 1948 3079 summa
1979 3045 2096 3079 vero
2129 3027 2392 3076 dicendum

252 3115 350 3168 est,
386 3106 520 3172 quod
551 3099 673 3154 sicut
710 3110 986 3157 necessariae
1010 3121 1148 3159 erant
1184 3112 1346 3160 multae
1384 3112 1571 3174 hostiae,
1616 3122 1876 3177 antequam
1912 3127 2011 3160 una
2046 3110 2205 3158 hostia
2240 3125 2392 3173 agnus

296 3291 333 3323 ¹1
354 3290 455 3331 Pena,
479 3300 551 3333 cap.
570 3299 599 3329 1,
628 3300 656 3323 v.
679 3293 731 3325 18.
