2638 3866
265 193 326 238 20
1043 169 1228 236 ,ΡΕΤΒι
1263 188 1577 236 ABAELARm

263 303 375 333 xxm
405 287 465 334 de
485 289 667 334 Joanne
693 287 913 350 Baptista¹
935 304 946 333 ε
975 306 996 331 «
1023 289 1126 350 Ego
1146 303 1240 333 vox
1261 287 1508 335 clamantis
1529 287 1577 334 in
1601 287 1809 335 deserto.
1835 306 1858 329 ι)
1884 285 2015 344 Ideo,
2042 285 2214 349 inquit,
2239 301 2330 332 vox
2353 301 2381 331 a

263 365 496 429 propheta
513 375 705 413 vocatus
723 374 816 426 est,
826 365 938 430 quia
949 366 1148 413 verbum
1164 365 1359 431 praeibat
1374 365 1507 429 quod
1527 377 1596 414 est
1614 366 1789 414 dicere.
1808 366 1938 412 Sicut
1956 364 2155 411 verbum
2168 363 2380 411 audibile

262 444 309 490 in
332 444 547 509 auditore
580 444 803 510 praecedit
820 444 1130 508 intelligibile,
1159 446 1269 509 quia
1299 445 1516 493 videlicet
1538 446 1670 511 prius
1705 462 1796 494 vox
1818 454 1974 506 sonat,
1992 453 2046 490 ut
2070 441 2380 508 postmodum

260 539 316 569 ex
340 539 396 569 ea
416 523 679 570 intellectus
702 523 1027 588 concipiatur:
1054 525 1118 572 ita
1137 525 1333 572 Joannis
1353 524 1627 590 praedicatio
1654 524 1883 586 anteibat,
1903 523 2163 571 adventum
2183 520 2379 570 Domini

259 601 763 650 nuntiando.Verbum
775 603 933 667 itaque
949 603 1062 651 dicit
1076 613 1364 669 conceptum
1382 605 1570 667 mentis,
1583 615 1629 652 et
1645 604 1902 669 quamdam
1920 601 2235 665 intelligentiae
2247 601 2380 650 locu-

259 681 441 727 tionem
470 698 573 745 quae
602 682 649 728 in
676 683 836 729 mente
855 683 1105 739 formatur,
1132 684 1194 731 ad
1217 683 1350 748 cujus
1381 683 1742 745 similitudinem
1765 683 2036 747 unigenitus
2059 680 2271 729 Verbum
2290 678 2378 726 Dei

259 769 306 807 et
321 761 455 824 quasi
475 761 691 824 quaedam
711 761 811 825 ejus
827 763 1156 810 intellectualis
1179 779 1234 811 ac
1255 773 1487 827 perpetua
1509 763 1708 823 locutio,
1728 764 1776 811 in
1800 763 1935 826 cujus
1952 760 2256 827 providentia
2273 775 2377 807 om-

259 839 394 886 nium
418 839 478 886 ab
500 850 676 888 aeterno
700 841 888 906 praefixa
911 844 1125 891 consistit
1144 842 1383 890 ordinatio
1407 852 1549 908 atque
1561 843 1796 908 operatio.
1825 842 1964 889 Unde
1989 851 2036 888 et
2057 843 2243 904 Moyses
2266 855 2379 886 cum

256 918 304 964 in
329 918 529 967 diversis
548 937 706 968 rerum
728 922 1047 970 creationibus
1069 922 1294 970 faciendis
1316 923 1610 988 praemittat',
1631 943 1654 966 «
1680 922 1809 969 Dixit
1830 924 1973 978 Deus,
1998 939 2020 964 υ
2047 930 2094 967 et
2114 919 2176 966 ad
2200 919 2380 967 dictum

255 998 411 1045 statim
435 999 659 1064 adjungat
683 1001 904 1048 effectum
925 1002 1114 1063 dicens,
1146 1021 1168 1046 ι(
1196 1003 1254 1049 Et
1276 1001 1452 1050 factum
1475 1012 1544 1049 est
1569 1003 1656 1062 ita,
1686 1021 1709 1046 »
1736 1011 1908 1049 cuncta
1929 1003 2085 1047 Deum
2110 998 2380 1046 condidisse

256 1078 301 1123 in
328 1078 477 1125 verbo
492 1116 504 1140 ,
530 1079 624 1127 hoc
647 1090 716 1127 est
739 1081 787 1127 in
811 1082 1041 1146 sapientia
1070 1099 1155 1129 sua
1179 1082 1414 1141 ostendit,
1444 1082 1494 1129 id
1517 1092 1585 1130 est
1609 1082 1772 1129 omnia
1796 1079 2158 1128 rationabiliter.
2187 1081 2258 1126 De
2283 1094 2380 1143 quo

254 1156 397 1204 etiam
424 1159 666 1206 Psalmista
690 1160 777 1206 ait³
802 1179 813 1207 :
843 1180 866 1206 «
893 1161 1020 1208 Dixit
1045 1171 1092 1208 et
1112 1161 1235 1224 facta
1257 1171 1394 1218 sunt,
1424 1180 1448 1206 »
1473 1161 1523 1208 id
1545 1171 1615 1208 est
1637 1162 1822 1224 ratione
1846 1169 2020 1207 cuncta
2041 1156 2259 1206 condidit
2283 1157 2381 1204 sive

253 1235 507 1285 ordinavit.
535 1239 630 1295 Qui
652 1239 795 1286 etiam
820 1238 916 1287 hoc
937 1240 1137 1288 verbum
1166 1241 1279 1288 alibi
1312 1241 1519 1305 apertius
1542 1240 1876 1288 demonstrans
1890 1276 1904 1301 ,
1930 1255 2029 1286 non
2056 1255 2156 1286 esse
2178 1237 2380 1285 verbum

252 1315 458 1363 audibile
473 1354 483 1374 ‚
507 1326 554 1363 et
575 1318 901 1366 transitorium
918 1356 929 1377 ‚
957 1320 1041 1366 sed
1063 1320 1356 1384 intelligibile
1377 1329 1423 1368 et
1446 1337 1757 1385 permanens,
1786 1320 1874 1367 ait*
1895 1337 1906 1366 ε
1936 1338 1960 1363 «
1986 1319 2081 1376 Qui
2106 1318 2213 1365 fecit
2235 1316 2382 1365 coelos

251 1394 297 1439 in
321 1394 585 1452 intellectu,
619 1415 641 1440 »
667 1397 761 1444 hoc
795 1407 864 1444 est
894 1398 954 1444 ad
977 1398 1178 1446 modum
1206 1399 1342 1446 illum
1363 1415 1461 1463 quo
1486 1416 1570 1446 eos
1595 1399 1806 1464 primum
1830 1398 2131 1446 ordinaverat
2156 1399 2206 1444 in
2229 1397 2379 1445 verbo

252 1475 446 1535 mentis,
470 1475 519 1522 id
546 1485 616 1523 est
639 1477 687 1523 in
711 1487 967 1542 conspectu
1000 1495 1093 1525 suae
1121 1489 1350 1545 perpetue
1374 1479 1536 1526 omnia
1566 1477 1861 1543 providentis
1883 1478 2218 1541 intelligentiae.
2245 1480 2379 1525 Hanc

250 1562 406 1614 autern
430 1555 794 1603 intellectualem
819 1558 906 1604 Dei
935 1557 1256 1615 locutionem,
1286 1558 1337 1605 id
1369 1567 1439 1605 est
1469 1567 1694 1606 aeternam
1722 1574 1816 1605 suae
1846 1558 2086 1622 sapientiae
2114 1556 2376 1604 ordinatio-

248 1649 359 1679 nem
398 1636 679 1698 Augustinus
711 1636 770 1683 de
809 1639 1004 1684 Ciuitate
1030 1639 1136 1699 Dei,
1174 1637 1261 1684 lib.
1295 1655 1391 1695 xw,
1421 1654 1527 1703 cap.
1555 1655 1620 1698 vl,
1649 1628 1959 1685 describens:
1994 1656 2016 1682 α
2049 1637 2159 1696 Dei,
2190 1637 2374 1700 inquit,

248 1723 355 1760 ante
387 1714 560 1761 factum
596 1732 762 1777 suum,
799 1716 979 1764 locutio
1008 1717 1080 1764 sui
1111 1718 1258 1782 ipsius
1291 1717 1398 1766 facti
1433 1727 1502 1765 est
1534 1717 1940 1764 incommutabilis
1974 1717 2111 1778 ratio,
2140 1734 2245 1781 quae
2277 1733 2377 1764 non

249 1791 390 1840 habet
425 1810 597 1842 sonum
631 1805 919 1860 strepentem
950 1805 1091 1861 atque
1120 1806 1468 1854 transeuntem,
1508 1797 1592 1845 sed
1624 1797 1721 1844 vim
1752 1797 2040 1863 sempiterne
2077 1805 2375 1855 manentem,

247 1881 294 1918 et
318 1875 640 1938 temporaliter
662 1886 956 1940 operantem.
984 1897 1007 1920 »

315 1954 734 2010 Quemadmodum
768 1973 881 2004 vero
922 1975 1027 2022 quae
1044 1958 1104 2006 ad
1127 1960 1393 2023 potentiam
1414 1959 1672 2025 pertinent,
1691 1960 1842 2021 Patri;
1867 1976 1974 2024 quae
1996 1957 2059 2018 ad
2074 1957 2374 2022 sapientiam,

248 2030 362 2078 Filio
386 2034 647 2098 specialiter
681 2036 981 2096 tribuunttlr3
1008 2038 1074 2085 ita
1109 2056 1214 2102 quae
1233 2039 1293 2086 ad
1321 2040 1653 2104 operationem
1678 2039 1849 2087 divinae
1872 2039 2029 2103 gratiae
2061 2038 2265 2085 attinent
2285 2073 2296 2095 ,
2323 2052 2379 2084 ac

247 2110 416 2159 divinae
450 2113 690 2162 charitatis
722 2115 983 2165 bonitatem
1001 2156 1013 2180 ,
1039 2118 1234 2184 Spiritui
1258 2129 1426 2166 sancto
1448 2118 1770 2181 ascribuntur,
1793 2119 1916 2166 sicut
1940 2127 2010 2166 est
2029 2117 2243 2164 remissio
2267 2133 2378 2181 pec·

247 2200 489 2252 catorum,
534 2204 580 2241 et
611 2211 1011 2262 quorumcunque
1041 2197 1282 2246 donorum
1325 2199 1598 2246 distributio
1621 2236 1632 2257 ‚
1666 2216 1720 2246 ex
1750 2199 1852 2247 sola
1882 2198 2098 2246 bonitate
2127 2197 2251 2260 ejus,
2278 2213 2377 2243 non

246 2286 359 2318 vero
383 2289 438 2319 ex
457 2275 635 2321 meritis
655 2277 828 2323 nostris
850 2279 1164 2342 proveniens;
1192 2278 1343 2343 qualis
1365 2289 1436 2326 est
1464 2279 1761 2343 regeneratio
1788 2279 1837 2326 in
1859 2278 2101 2343 baptismo
2122 2275 2183 2323 ad
2207 2275 2377 2323 dimit-

246 2350 389 2397 tenda
410 2363 623 2416 peccata,
650 2355 948 2404 confirmatio
971 2375 1057 2423 per
1079 2358 1434 2423 impositionem
1459 2375 1628 2405 manus
1645 2359 1885 2424 Episcopi,
1911 2357 1970 2405 ad
1987 2355 2203 2404 dandum
2224 2371 2378 2403 arma-

245 2438 403 2476 turam
431 2431 659 2480 virtutum
692 2434 867 2498 quibus
904 2437 1079 2485 scilicet
1113 2438 1391 2499 virtutibus,
1421 2447 1530 2502 post
1567 2438 1899 2485 remissionem
1924 2446 2231 2502 peccatorum
2268 2451 2376 2499 per-

245 2519 460 2574 ceptam,
487 2513 701 2561 resistere
734 2515 976 2564 valeamus
1003 2518 1199 2565 inimico
1229 2528 1342 2564 tunc
1370 2517 1701 2565 vehementius
1734 2517 2015 2580 insurgenti.
2044 2515 2120 2562 Sic
2151 2524 2198 2561 et
2222 2523 2379 2561 cetera

250 2588 548 2639 Sacramenta
563 2609 667 2657 quae
683 2594 732 2640 in
748 2596 956 2643 Ecclesia
972 2596 1310 2656 conficiuntur,
1332 2613 1387 2644 ex
1412 2597 1628 2645 bonitate
1642 2598 1728 2645 Dei
1751 2597 1948 2663 Spiritui
1966 2593 2221 2643 tribuenda
2242 2602 2371 2653 sunt,

251 2676 301 2711 ut
324 2683 380 2713 ex
399 2669 492 2717 hoc
514 2682 731 2736 patenter
749 2674 976 2722 innuatur
994 2676 1150 2741 ipsum
1171 2676 1343 2724 divinae
1360 2676 1586 2724 bonitatis
1608 2678 1848 2737 affectum,
1866 2686 2009 2741 atque
2028 2675 2200 2722 divinae
2220 2673 2375 2736 gratiae

251 2742 549 2796 dulcedinem
578 2752 777 2816 Spiritus
800 2755 950 2801 sancti
970 2755 1207 2803 vocabulo
1232 2757 1448 2822 exprimi.
1489 2757 1662 2821 Spiritu
1697 2756 1876 2822 quippe
1899 2756 1997 2803 oris
2028 2753 2207 2814 nostri,
2233 2752 2281 2800 id
2309 2762 2378 2799 est

253 2823 458 2871 anhelitu
485 2823 683 2877 maxime
707 2832 900 2880 affectus
920 2835 1068 2881 animi
1091 2835 1338 2900 patefiunt,
1361 2852 1472 2883 cum
1497 2835 1718 2882 videlicet
1749 2845 1830 2882 aut
1861 2851 1957 2900 prae
1982 2849 2147 2881 amore
2171 2832 2376 2903 suspira-

254 2918 373 2964 mUS‚
409 2915 489 2951 aut
520 2924 612 2970 prae
640 2909 815 2957 laboris
837 2923 919 2959 aut
939 2913 1119 2960 doloris
1149 2916 1365 2978 angustia
1388 2916 1648 2978 gemimus⁸⁴
1669 2915 1804 2961 Unde
1829 2915 1878 2960 in
1913 2914 2010 2960 hoc
2036 2913 2146 2959 loco
2178 2911 2377 2975 Spiritus

253 2990 438 3030 sanctus
461 3002 548 3048 pro
572 2987 740 3036 affectu
768 2989 890 3038 bene
914 2993 1126 3056 ponitur,
1149 2993 1279 3056 juxta
1305 2994 1422 3041 illud
1448 2995 1722 3059 Sapientiae'⁵
1745 3012 1755 3039 :
1781 3014 1803 3037 «
1830 2992 2066 3055 Benignus
2090 3000 2160 3037 est
2183 2989 2373 3053 spiritus

294 3186 428 3226 ’Joanq
454 3197 523 3229 cap.
557 3200 580 3230 ι,
607 3201 636 3223 ν.
668 3194 717 3226 23.
750 3193 827 3233 Leg.
860 3195 986 3227 Homil.
1013 3205 1069 3237 xx,
1092 3206 1125 3229 n.
1155 3199 1183 3230 3,
1220 3216 1255 3221 -
1287 3200 1297 3218 ²
1317 3199 1444 3237 Genes„
1476 3208 1545 3239 cap.
1578 3208 1600 3239 1,
1629 3208 1659 3232 v.
1686 3202 1703 3232 3
1737 3204 1769 3231 et
1800 3207 1868 3239 seq.
1890 3215 1926 3220 -
1945 3196 2081 3229 ³1³sa1m.
2112 3204 2212 3229 xxxia„
2243 3205 2269 3225 v.
2288 3196 2318 3227 9.
2338 3213 2372 3217 -

252 3241 262 3257 ⁴
281 3238 393 3272 Psalm.
410 3249 531 3283 cxxxv,
549 3253 578 3276 v.
597 3246 626 3277 5.
647 3263 683 3268 —
700 3246 823 3288 ³Sap.,
840 3255 911 3288 cap.
928 3257 951 3287 1,
967 3258 996 3280 v.
1015 3250 1047 3282 6.
