2638 3866
1086 331 1573 400 MAGISTRI

385 557 1009 716 PETRI
1125 554 2277 746 ABAELARDL
2382 631 2385 635 ·

967 885 1705 965 NANNETENSIS

704 1150 1217 1210 INTRODUCTIO
1269 1152 1369 1208 AD
1426 1149 1964 1215 THEOLOGIAM.

1083 1328 1220 1360 DIVISA
1259 1330 1302 1361 IN
1337 1329 1382 1361 111
1423 1328 1582 1360 LIBROS.

319 1539 412 1582 Hoc
428 1553 551 1597 opus,
580 1537 635 1580 ad
652 1538 771 1596 quod
792 1536 997 1581 lectorem
1011 1539 1169 1582 referre
1184 1539 1292 1582 solet
1308 1538 1576 1588 Abaelardus,
1597 1555 1708 1599 saepe
1724 1539 1779 1581 ab
1799 1554 1852 1581 eo
1867 1537 2041 1581 diversis
2060 1535 2192 1580 titulis
2214 1538 2409 1599 designa·-

260 1615 350 1645 tum
379 1613 457 1646 est.
484 1604 534 1645 In
564 1603 752 1646 Historia
772 1603 1070 1646 Calamitatum
1093 1615 1269 1647 vocatur
1311 1605 1544 1647 Tractatus
1565 1604 1618 1647 cle
1641 1605 1811 1647 Unitate
1835 1613 1877 1646 et
1903 1603 2120 1645 Trinitate
2141 1604 2302 1647 Divina
2318 1620 2337 1657 ,·
2365 1606 2407 1646 in

257 1667 447 1726 Epistola
469 1668 525 1710 ad
547 1668 807 1727 Episcopum
828 1669 1124 1723 Parisiensem,
1152 1669 1416 1728 Opus-culum
1439 1670 1492 1712 de
1510 1670 1620 1712 Fide
1641 1679 1798 1712 sanecae
1822 1670 2054 1711 Trinitatis
2063 1685 2083 1722 ,·
2107 1669 2152 1710 in
2178 1670 2407 1712 Commen-

256 1735 365 1775 tario
389 1733 443 1776 de
465 1732 657 1793 Epistola
681 1734 737 1776 ad
758 1735 994 1788 Romanos,
1024 1735 1288 1793 Opusculum
1319 1736 1566 1796 leeologioe
1594 1747 1638 1779 et
1666 1735 1893 1794 saepissime
1922 1734 2187 1793 Tkeologia,
2213 1751 2298 1793 quo
2330 1737 2408 1778 sub

258 1799 430 1841 nomine
444 1798 551 1841 illud
570 1798 764 1842 indicant
783 1811 826 1843 et
847 1799 943 1843 loca
964 1802 1053 1857 ejus
1071 1801 1263 1844 referunt
1284 1802 1339 1844 D.
1362 1802 1626 1853 Bernardus,
1649 1799 1900 1844 Guilielmus
1923 1815 1945 1842 a
1971 1801 2026 1842 D.
2052 1800 2342 1853 Theodorico,
2368 1813 2409 1844 et

255 1863 498 1906 Gualterius
521 1880 544 1905 a
566 1864 621 1906 D.
646 1864 837 1908 Victore.
862 1866 1048 1909 Diversae
1076 1883 1248 1926 quoque
1270 1868 1314 1909 in
1338 1866 1557 1910 codicibus
1580 1867 1774 1924 ejusdem
1803 1866 1942 1925 operis
1963 1865 2258 1924 inscriptiones
2279 1878 2377 1908 sunt
2396 1884 2404 1909 :

256 1927 491 1987 appellatur
512 1929 557 1970 in
579 1929 729 1972 codice
743 1931 967 1974 Victorino
993 1934 1080 1975 446
1103 1932 1231 1975 Liber
1251 1949 1381 1992 super
1402 1949 1573 1975 sacram
1596 1938 1856 1990 scripturam
1866 1948 1885 1985 ,·
1910 1932 1956 1973 in
1978 1930 2126 1973 codice
2149 1931 2404 1985 Turonensi,

255 1993 520 2036 Introduc-tio
554 1995 615 2037 ad
657 1995 967 2055 Theologiam;
993 2013 1133 2057 neque
1172 1998 1418 2041 dubitamus
1448 2000 1551 2058 quin
1582 1999 1700 2042 idem
1725 1997 1832 2040 illud
1854 1998 1908 2039 sit
1929 2013 1978 2039 ac
2001 2011 2108 2054 opus
2136 1996 2181 2038 in
2202 1997 2406 2057 Catalogo

254 2058 464 2101 librorum
487 2060 874 2120 manuscriptorum
894 2062 1060 2122 Angliae
1083 2074 1126 2106 et
1150 2063 1386 2107 Hiberniae’
1409 2065 1468 2107 sic
1491 2063 1758 2124 designatum
1782 2079 1791 2106 ε
1818 2062 1944 2104 Liber
1959 2062 2012 2103 de
2033 2062 2235 2103 Essentia
2258 2062 2405 2104 divina

254 2133 296 2165 et
315 2124 368 2166 de
391 2125 625 2180 Trinitate,
645 2126 762 2169 Part.
783 2129 842 2181 ΙΙ,
866 2128 966 2171 cod.
994 2131 1077 2181 423
1098 2129 1372 2184 Scholarius,
1387 2129 1505 2173 Part.
1525 2131 1566 2172 II
1578 2163 1589 2183 ,
1617 2129 1715 2171 cod.
1745 2132 1876 2172 8670.
1896 2128 1932 2169 T
1934 2126 2086 2169 itulum
2110 2128 2406 2186 assumpsimus

256 2191 309 2231 ab
330 2190 565 2233 Amboesio
589 2190 818 2246 delectum,
842 2209 929 2252 quo
953 2195 1008 2236 ab
1033 2205 1155 2238 aetate
1176 2194 1343 2238 decima
1365 2196 1546 2254 septima
1569 2211 1677 2255 opus
1699 2205 1762 2237 est
1785 2193 2036 2236 indicatum.

314 2254 404 2297 Nos
433 2256 479 2297 in
510 2257 720 2315 prooemio
755 2258 882 2302 docet
909 2259 1163 2303 Abaelardus
1194 2261 1299 2319 quid
1330 2261 1410 2304 sibi
1453 2261 1746 2320 proposuerit,
1775 2257 2088 2302 conscribendo
2123 2258 2333 2316 aliquam,
2361 2269 2407 2301 ut

255 2322 334 2374 ait,
360 2336 490 2363 sacrae
527 2322 778 2366 eruditionis
799 2340 1011 2367 summam
1025 2358 1036 2380 ,
1061 2327 1181 2385 quasi
1205 2326 1359 2369 divinae
1392 2327 1609 2386 scripturae
1638 2325 2028 2378 introductionem3
2050 2323 2208 2366 scilicet
2229 2334 2277 2366 ut
2299 2325 2406 2382 peti-

253 2386 361 2428 tioni
374 2385 682 2445 discipulorum
695 2389 970 2445 satisfaceret,
989 2391 1065 2450 qui
1086 2407 1186 2435 cum
1200 2391 1385 2451 plurima
1407 2392 1461 2435 ab
1483 2407 1536 2434 eo
1552 2392 1606 2434 de
1631 2391 1901 2451 philosophia
1915 2401 1958 2432 et
1971 2388 2242 2432 saecularibus
2257 2388 2405 2431 litteris

253 2452 407 2510 scripta
419 2451 617 2511 legissent
630 2463 673 2495 et
686 2454 745 2497 eis
759 2455 998 2499 admodum
1013 2456 1122 2501 lecta
1135 2457 1409 2518 placuissent,
1422 2458 1771 2501 existimaverunt
1782 2472 1874 2499 rem
1888 2455 2035 2498 utilem
2049 2465 2091 2497 et
2100 2455 2192 2497 viro
2208 2453 2404 2512 religioso

254 2515 427 2575 dignam
450 2516 565 2572 fore,
591 2518 626 2560 si
655 2519 877 2579 ingenium
898 2522 942 2564 in
967 2522 1189 2566 dialectica
1217 2524 1495 2566 exercitatum
1518 2524 1707 2565 Domino
1731 2531 2020 2574 consecraret,
2044 2518 2404 2577 talidioribusque

254 2582 428 2623 rationis
448 2583 656 2641 praesidiis
677 2583 809 2629 fidem
840 2587 1096 2631 catholicam
1119 2589 1230 2631 tueri
1252 2604 1301 2631 ac
1324 2588 1576 2632 confirmare
1598 2588 1802 2631 studeret.
1829 2588 1926 2629 Huc
1948 2587 2076 2628 etiam
2104 2583 2288 2627 redeunt
2309 2600 2404 2642 quae

253 2646 408 2689 Noster
441 2647 486 2689 in
522 2649 710 2692 Historia
745 2651 1048 2695 Calamitatum
1084 2653 1256 2696 narrat²
1295 2669 1305 2696 :
1351 2675 1366 2691 «
1402 2655 1487 2713 Ipsi
1524 2653 1724 2696 accidisse
1758 2663 1807 2694 ut
1846 2652 1899 2695 ad
1938 2652 2077 2710 ipsum
2116 2650 2217 2693 fidei
2247 2661 2403 2692 nostrae

253 2711 580 2756 fundamentum
601 2716 801 2759 humanae
815 2720 992 2761 rationis
1015 2718 1363 2761 similitudinibus
1383 2719 1676 2761 disserendum
1701 2719 1841 2777 primo
1861 2733 1904 2759 se
1925 2715 2170 2775 applicaret,
2191 2726 2235 2758 et
2254 2731 2404 2773 quem-

252 2776 351 2819 dam
369 2779 618 2839 Theologiae
637 2792 867 2826 tractatum
891 2783 945 2826 de
965 2785 1141 2827 Unitate
1164 2796 1207 2827 et
1227 2784 1434 2827 Trinitate
1458 2784 1600 2827 divina
1618 2783 1882 2826 scholaribus
1905 2783 1989 2824 suis
2013 2791 2308 2840 componeret,
2332 2782 2402 2839 qui

253 2842 459 2886 humanas
489 2855 532 2886 et
565 2845 881 2907 philosophicas
913 2850 1101 2893 rationes
1138 2848 1438 2907 requirebant,
1472 2860 1515 2891 et
1545 2849 1638 2908 plus
1678 2864 1773 2907 quae
1806 2847 1982 2907 intelligi
2018 2862 2147 2906 quam
2185 2861 2279 2904 quae
2320 2845 2402 2888 dici

252 2919 423 2965 possent
445 2907 754 2968 efflagitabant.
781 2934 796 2949 »
816 2914 962 2968 Quum
981 2913 1053 2956 illa
1069 2915 1163 2957 loca
1185 2913 1414 2957 contuleris
1435 2930 1484 2956 ac
1504 2914 1833 2973 comparaveris,
1852 2912 2125 2955 manifestum
2141 2911 2219 2953 tibi
2232 2926 2403 2970 prorsus

251 2972 468 3016 videbitur
495 2975 608 3017 hanc
640 2977 887 3037 Theologiae
908 2979 1279 3023 Introductionem
1314 2980 1501 3039 primum
1530 2995 1620 3022 esse
1654 2979 1943 3039 theologicum
1967 2993 2075 3038 opus
2097 2977 2152 3019 ab
2176 2976 2401 3018 Abaelardo

252 3038 570 3092 elucubratum,
589 3057 728 3100 neque
750 3044 885 3086 multo
902 3056 1094 3105 tempore
1117 3047 1400 3105 compositum
1421 3045 1547 3088 fuisse
1563 3056 1788 3104 postquam
1805 3043 1875 3086 ille
1898 3044 2085 3103 primum
2101 3057 2125 3084 e
2144 3042 2401 3084 monasterio

255 3103 306 3144 D.
327 3103 519 3163 Dionysii
544 3105 779 3151 discesserit
795 3142 805 3162 ,
832 3121 876 3152 et
899 3110 1017 3153 idern
1042 3126 1133 3153 esse
1155 3110 1288 3169 quod,
1315 3111 1515 3153 Alberico
1539 3121 1580 3152 et
1603 3110 1773 3152 Lotulfo
1798 3107 2092 3152 accusantibus
2106 3139 2116 3159 ,
2140 3106 2401 3149 damnaverit

296 3257 301 3274 ¹
321 3255 465 3297 Oxoniae,
486 3260 578 3299 1697,
596 3261 708 3293 in-sol.
726 3264 785 3286 -2
804 3262 920 3295 Videt.
942 3263 966 3296 Ι.
987 3266 1083 3305 hujus
1093 3267 1261 3306 editioniS,
1283 3274 1317 3306 p.
1340 3266 1389 3297 18.

423 3332 453 3354 11
2221 3324 2234 3359 1
