2638 3866
303 220 365 268 44
1107 216 1270 264 PETRI
1308 214 1610 262 ABAELARDI

299 330 447 380 terrae,
479 319 632 382 elegit,
659 333 801 381 quam
826 317 957 378 quasi
980 323 1123 380 caput
1145 313 1389 362 constituit
1412 313 1559 375 Regni
1584 313 1673 373 sui,
1705 313 1753 359 in
1776 327 1870 376 qua
1889 313 2095 377 primum
2120 312 2183 358 ad
2203 313 2419 377 magnifi-

297 399 505 446 candum
531 398 710 445 cultum
743 412 883 443 suum
917 394 1151 442 aedificare
1175 394 1265 440 sibi
1287 392 1537 457 templum,
1568 392 1705 456 quasi
1726 392 1882 456 regale
1904 392 2152 457 palatium,
2179 391 2347 452 voluit,
2373 404 2420 440 et

294 479 361 524 ibi
383 479 524 525 etiam
549 476 838 523 uberrimam
858 475 1056 539 Spiritus
1081 474 1229 520 sancti
1253 472 1450 535 gratiam
1473 471 1709 537 Apostolis
1725 471 1914 533 infudit,
1941 488 2027 537 per
2054 487 2197 535 quam
2226 487 2313 536 per
2336 488 2419 520 eos

294 566 419 603 totus
447 555 750 621 spiritualiter
778 554 988 601 mundus
1021 562 1333 615 vegetaretur.
1368 549 1506 597 Unde
1529 550 1757 614 scriptum
1783 553 1905 597 est¹:
1934 551 2102 598 «Deus
2128 559 2288 597 autem
2320 553 2416 598 Rex

292 645 453 682 noster
476 644 696 699 operatus
724 643 794 680 est
818 634 1018 680 salutem
1041 632 1088 678 in
1119 630 1279 677 medio
1305 639 1457 676 terrae.
1479 648 1500 674 ι
1529 632 1586 676 Et
1609 645 1774 676 rursus
1789 632 1803 654 ²
1826 647 1836 675 ε
1876 649 1899 675 «
1923 633 1994 676 De
2016 629 2131 676 Sion
2156 628 2302 676 exibit
2318 629 2411 690 lex,

290 725 333 760 et
361 714 559 761 verbum
581 713 777 761 Domini
808 713 867 760 de
895 712 1203 759 Hierusalem.
1227 728 1249 754 »
1276 708 1486 756 Medium
1514 718 1673 757 autem
1694 708 1881 768 mundi,
1906 718 1952 756 et
1974 709 2107 773 quasi
2131 708 2412 757 umbilicum

288 803 443 852 terrae,
474 810 618 858 super
640 793 775 840 illum
800 791 1055 839 Ezechielis
1082 790 1266 849 locum,
1298 805 1396 853 quo
1421 789 1652 853 scriptum
1676 789 1770 835 est⁸
1793 806 1803 834 z
1830 807 1853 833 r<
1873 790 1982 835 Haec
2006 788 2122 835 dicit
2143 789 2408 836 Dominus:

287 875 377 920 Ista
408 883 478 920 est
508 872 801 920 Hierusalem
834 872 882 917 in
906 871 1066 918 medio
1096 869 1308 932 gentium
1324 869 1497 933 posita,
1532 878 1579 915 et
1603 868 1653 915 in
1676 868 1875 915 circuitu
1898 868 1999 931 ejus
2019 877 2174 927 terra3
2198 887 2222 912 »
2249 869 2413 916 Hiero-

283 968 455 1016 nymus
478 952 552 998 his
579 952 742 999 asserit
762 950 943 998 verbis‘
962 968 972 995 ε
1013 968 1035 993 ι(
1057 946 1350 994 Hierusalem
1369 948 1418 994 in
1440 947 1600 994 medio
1623 946 1793 994 mundi
1815 947 1978 1005 sitam,
2001 967 2024 991 »
2052 947 2133 994 hic
2149 946 2279 994 idem
2299 951 2412 995 Pro-

283 1030 428 1094 pheta
446 1041 659 1090 testatur,
683 1030 957 1077 umbilicum
980 1037 1113 1075 terrae
1138 1043 1245 1074 eam
1267 1043 1368 1074 esse
1391 1026 1742 1074 demonstrans.
1768 1029 1826 1073 Et
1850 1026 2093 1074 Psalmista
2110 1027 2307 1075 Domini
2330 1043 2409 1074 ex-

284 1111 491 1174 primens
524 1111 791 1176 passionem
812 1110 854 1154 ⁵:
892 1128 913 1152 «
937 1110 1170 1172 Operatus
1203 1117 1298 1164 est,
1330 1126 1352 1149 »
1382 1107 1474 1167 ait,
1516 1127 1539 1149 t<
1563 1105 1764 1152 salutem
1795 1106 1845 1152 in
1872 1105 2033 1153 medio
2057 1116 2207 1154 terrae.
2243 1125 2264 1151 υ
2292 1107 2379 1153 Hic
2398 1108 2412 1130 ⁸

280 1188 490 1253 plantata
508 1199 578 1236 est
601 1190 754 1247 vinea,
782 1205 885 1252 quae
900 1189 914 1212 '¹
939 1186 1188 1233 «extendit
1215 1186 1432 1250 palmites
1459 1202 1571 1233 suos
1600 1201 1751 1250 usque
1774 1184 1836 1233 ad
1857 1201 2007 1240 mare,
2029 1205 2052 1230 »
2074 1202 2186 1233 cum
2206 1185 2286 1232 hic
2301 1186 2409 1232 vitis

279 1285 390 1315 vera
420 1268 660 1328 Christus,
691 1267 926 1332 Apostolis
960 1266 1057 1313 suis
1093 1266 1231 1330 quasi
1262 1265 1537 1331 palmitibus
1572 1282 1657 1330 per
1692 1265 1967 1312 universum
2001 1265 2169 1312 orbem
2194 1265 2403 1327 ditectis,

279 1348 548 1394 universum
566 1347 801 1394 mundum
818 1346 1032 1393 ubertate
1055 1344 1284 1392 doctrinae
1306 1344 1564 1408 spiritualis
1586 1344 1854 1392 inebriavit.
1882 1347 1953 1392 De
1970 1344 2062 1392 hac
2084 1354 2246 1392 autem
2267 1361 2406 1409 vege·-

275 1427 453 1474 tatione
477 1443 532 1473 ac
554 1426 871 1474 vivificatione
893 1426 1094 1492 Spiritus
1112 1425 1279 1485 sancti,
1301 1426 1501 1471 Sanctus
1522 1423 1768 1472 Salvianus
1785 1424 2066 1490 Episcopus,
2092 1424 2154 1471 ad
2177 1427 2404 1473 Sanctum

275 1504 516 1553 Salonium
539 1508 708 1572 Episco
747 1524 847 1565 um,
862 1505 947 1554 lib.
972 1510 1006 1553 I.
1030 1505 1085 1553 cle
1111 1505 1462 1554 Gzcbernatione
1483 1505 1588 1561 Dei,
1612 1502 1982 1567 Pythagoricum
1999 1504 2404 1552 testimoniumin-

0 1617 29 1629 2·-
274 1588 405 1635 ducit
427 1588 590 1635 dicens
606 1524 975 1653 :l-‹sssthagoras
1000 1589 1335 1654 Philosophus,
1363 1605 1508 1653 quem
1531 1586 1664 1652 quasi
1688 1586 1968 1650 magistrum
1990 1602 2133 1633 suum
2155 1587 2258 1651 ipsa
2282 1586 2403 1633 Phi-

0 1651 7 1662 *
277 1667 495 1732 losophia
511 1668 730 1733 suscepit,
760 1669 821 1716 de
845 1678 1014 1716 natura
1036 1686 1090 1716 ac
1111 1668 1357 1716 beneficiis
1371 1669 1460 1716 Dei
1479 1668 1715 1716 disserens
1738 1666 1804 1714 sic
1826 1665 2014 1714 locutus
2036 1675 2106 1714 est
2124 1684 2134 1713 τ
2160 1686 2182 1710 κ
2204 1666 2400 1715 Animus

275 1767 297 1789 «
327 1763 413 1811 per
436 1763 604 1794 omnes
637 1747 805 1794 mundi
834 1758 990 1813 partes
1013 1765 1289 1795 commeans
1317 1758 1461 1812 atque
1487 1747 1714 1809 diffusus,
1754 1765 1811 1796 ex
1838 1764 1938 1813 quo
1970 1747 2134 1795 omnia
2157 1763 2262 1811 quae
2291 1764 2399 1795 nas—

274 1845 297 1869 «
322 1835 495 1872 cuntur
515 1826 737 1874 animalia
759 1828 905 1874 vitam
933 1828 1142 1892 capiunt.
1165 1846 1188 1872 »
1208 1827 1469 1885 Quomodo
1492 1828 1632 1891 igitur
1655 1828 1894 1879 mundum
1913 1826 2148 1892 negligere
2171 1830 2301 1874 Deus
2322 1828 2400 1875 di-

269 1905 409 1966 citur,
434 1922 579 1970 quem
596 1905 692 1953 hoc
714 1907 819 1971 ipso
839 1907 949 1954 satis
969 1906 1134 1971 diligit,
1162 1907 1294 1971 quod
1319 1908 1474 1971 ipsum
1499 1924 1549 1954 se
1573 1924 1659 1972 per
1683 1917 1838 1955 totum
1860 1907 2031 1954 mundi
2049 1923 2227 1972 corpus
2247 1908 2398 1955 inten-

268 1981 367 2028 dit?
387 2001 408 2024 ›>
435 1985 505 2028 De
529 1982 748 2030 Salviano
773 1992 934 2030 autem
957 1983 1061 2048 ipso
1088 1983 1388 2031 Massiliensis
1411 1984 1619 2031 ecclesiae
1643 1985 1890 2049 episcopo,
1913 1993 1959 2032 et
1983 1984 2044 2031 de
2065 1984 2191 2031 libro
2214 1984 2316 2048 ejus
2335 1986 2397 2032 ad

267 2060 512 2107 Salonium
534 2061 812 2126 episcopum
828 2099 841 2123 ,
873 2071 918 2108 et
945 2062 1048 2108 aliis
1069 2062 1295 2126 operibus
1323 2064 1470 2127 ipsius
1488 2101 1500 2124 ,
1526 2063 1805 2111 Gennadius
1825 2063 2125 2111 Massiliensis
2148 2063 2396 2128 presbyter

265 2139 321 2186 de
342 2139 609 2186 Illastrc'bus
625 2142 736 2187 νίνιζς
752 2140 981 2202 scribens,
1006 2142 1131 2188 inter
1149 2142 1352 2190 illustres
1364 2144 1493 2190 viros
1516 2153 1563 2190 et
1581 2160 1750 2190 eorum
1779 2159 1927 2208 opera
1949 2143 2243 2190 mentionem
2262 2143 2388 2191 facit.

265 2219 357 2276 Qui
382 2220 524 2266 etiam
548 2230 656 2284 post
680 2220 955 2284 Pythagorae
981 2222 1307 2268 testimonium
1324 2260 1335 2282 ,
1363 2222 1567 2269 Tullium
1591 2222 1825 2270 inducens
1842 2260 1855 2284 ,
1882 2225 2039 2270 Deum
2062 2222 2223 2287 ipsum
2246 2238 2392 2286 quem

15 2326 71 2381 W-
266 2301 298 2342 P
332 2298 553 2361 thagoras
585 2299 802 2346 animum
837 2310 1001 2361 vocat,
1039 2310 1254 2348 mentem
1279 2318 1307 2348 a
1328 2301 1480 2348 Tullio
1506 2302 1736 2367 appellari
1768 2311 2145 2359 commemorat,
2184 2301 2386 2348 dicens:

228 2315 490 2478 'TIT—ullius
509 2395 702 2442 quoque
721 2397 764 2423 :a
782 2382 876 2426 Nec
891 2396 1006 2426 vero
1030 2382 1158 2427 Deus
1178 2380 1296 2444 ipse,
1319 2381 1492 2444 inquit,
1515 2381 1598 2444 qui
1615 2380 1891 2445 intelligitur
1907 2398 1935 2429 a
1950 2380 2110 2442 nobis,
2126 2380 2222 2428 alio
2240 2379 2390 2427 modo

265 2474 287 2499 «
316 2456 512 2519 intelligi
532 2467 687 2522 potest
702 2474 847 2521 quam
861 2476 996 2506 mens
1009 2459 1165 2506 soluta
1178 2459 1397 2522 quaedam
1412 2469 1459 2506 et
1473 2460 1623 2507 libera
1641 2470 1688 2507 et
1700 2469 1943 2523 segregata
1958 2459 2020 2507 ab
2035 2459 2166 2506 omni
2185 2475 2391 2522 congre-

266 2556 286 2577 «
317 2536 505 2599 gatione
528 2537 734 2598 mortali,
762 2539 926 2585 omnia
944 2538 1151 2585 sentiens
1171 2548 1218 2585 et
1239 2555 1456 2585 movens.
1479 2558 1502 2583 »
1521 2538 1641 2585 Alibi
1661 2556 1856 2603 quoque
1875 2557 1886 2586 t
1916 2559 1940 2583 ι(
1957 2539 2082 2586 Nihil
2103 2549 2190 2599 est,
2214 2539 2385 2601 inquit,

264 2634 286 2657 «
313 2617 605 2678 praestantius
629 2620 749 2663 Deo.
772 2637 794 2661 n
822 2638 843 2660 ε(
864 2617 933 2664 Ab
956 2634 1015 2664 eo
1036 2618 1178 2681 igitur
1201 2618 1439 2664 mundum
1458 2619 1557 2681 regi
1574 2635 1767 2666 necesse
1789 2627 1876 2667 est.
1906 2619 2030 2666 Nulli
2047 2619 2188 2682 igitur
2206 2627 2387 2665 naturae

261 2692 488 2741 obediens
503 2705 584 2742 aut
597 2696 836 2760 subjectus
849 2707 917 2744 est
937 2716 947 2744 :
971 2713 1165 2744 omnem
1180 2697 1323 2760 igitur
1335 2698 1437 2762 ipse
1451 2699 1570 2761 regit
1588 2708 1825 2746 naturam.
1846 2717 1868 2743 υ
1886 2698 2172 2761 Augustinus
2191 2713 2386 2761 quoque

261 2771 341 2818 lib.
369 2775 469 2831 XII,
495 2773 551 2819 de
575 2777 708 2822 Civit.
730 2779 846 2836 Dei,
872 2792 979 2841 cap.
1005 2778 1178 2833 xxxn⁸,
1200 2777 1261 2823 de
1273 2779 1490 2824 Varrone
1512 2777 1716 2841 loquens
1734 2813 1746 2835 ‚
1770 2778 1863 2824 ait:
1894 2797 1916 2823 κ
1939 2778 2067 2824 Dicit
2087 2778 2230 2824 etiam
2254 2776 2382 2823 idem

258 2859 425 2897 auctor
449 2852 743 2899 acutissimus
760 2864 902 2918 atque
925 2855 1225 2902 doctissimus
1240 2894 1251 2916 ,
1280 2856 1414 2919 quod
1446 2856 1496 2902 hi
1519 2855 1608 2903 soli
1633 2857 1701 2903 ei⁹
1722 2855 1977 2903 videantur
1996 2854 2385 2903 animadvertisse

258 2927 375 2991 quid
396 2939 515 2975 esset
547 2933 689 2991 Deus,
716 2933 798 2994 qui
820 2933 1124 2980 crediderunt
1145 2951 1246 2981 esse
1265 2935 1492 2996 animam,
1519 2944 1655 2982 motu
1670 2951 1726 2982 ac
1746 2935 1931 2982 ratione
1951 2935 2188 2982 mundum
2208 2932 2383 2996 guber·

258 3016 465 3053 nantem.
498 3027 520 3051 υ
549 3011 752 3055 Mentem
776 3011 950 3074 itaque,
970 3012 1019 3058 id
1044 3022 1114 3059 est
1135 3013 1348 3059 animum
1372 3014 1469 3060 sive
1493 3015 1727 3073 animam,
1755 3018 1909 3062 Deum
1931 3014 2181 3073 dixerunt,
2204 3027 2382 3058 secun—

297 3158 302 3175 ¹
323 3155 436 3188 Psalm.
456 3166 570 3198 Lxxm,
586 3167 616 3189 v.
636 3159 739 3191 12.-2
753 3159 846 3199 lsai„
859 3168 928 3200 cap.
948 3168 981 3198 11,
997 3169 1025 3190 v.
1039 3163 1132 3192 3.-—³
1146 3162 1275 3200 Ezech„
1352 3161 1445 3193 Amb.
1462 3177 1501 3185 -
1518 3162 1651 3195 ⁷Psalm.
1672 3171 1783 3201 ικκιΧ,
1803 3173 1834 3196 v.
1857 3164 1905 3196 12.
1925 3179 1963 3185 —
1982 3164 1994 3182 ⁸
2009 3163 2079 3194 Lib.
2103 3160 2157 3200 lv,
2183 3171 2254 3201 cap.
2285 3170 2378 3199 xxxi,

252 3218 323 3249 cap.
344 3219 376 3249 ν,
398 3219 425 3241 v.
444 3212 474 3243 5.
510 3211 704 3258 —s‘Oppq
737 3217 760 3243 t.
788 3211 843 3253 ΙΙΙ,
871 3215 932 3245 col.
960 3215 1033 3246 726.
1062 3231 1099 3236 —-—
1117 3216 1127 3234 ⁵
1160 3215 1273 3246 Psalm.
1352 3215 1450 3255 opp„
1480 3220 1504 3246 t.
1533 3215 1600 3255 vu,
1627 3217 1687 3248 col.
1717 3215 1941 3249 tlh—⁹810
1962 3216 2044 3248 Cod.
2079 3215 2162 3247 vict.
2190 3215 2232 3246 Et
2260 3224 2320 3255 pro
2349 3217 2381 3247 ei

253 3267 366 3301 Lxxm,
384 3270 412 3293 v.
433 3264 483 3295 12.
499 3280 534 3286 —
551 3263 625 3295 ⁶Sit:
639 3264 720 3296 Cod.
738 3263 820 3296 vict.
847 3265 930 3297 Hinc
947 3275 1006 3306 pro
1027 3267 1090 3299 Hic
1102 3269 1183 3299 male
1198 3268 1276 3306 legit
1350 3268 1443 3300 Amb.
