2638 3866
1008 233 1353 285 THEOLOGIA
1399 235 1749 284 CHRISTlANA
1761 271 1771 282 .
2356 234 2443 282 52⁴

308 343 447 393 sunt,
487 333 749 398 plurimum
783 343 1008 398 prosunt,
1050 352 1148 383 non
1183 354 1354 385 verum
1383 337 1591 386 dicendo
1626 336 1762 401 quod
1797 336 2045 390 nesciunt,
2083 334 2169 382 sed
2198 334 2259 382 ad
2290 351 2456 382 verum

310 415 622 479 quaerendum
645 415 875 475 carnales,
903 426 950 463 et
969 417 1032 464 ad
1057 435 1223 466 verum
1247 420 1581 486 accipiendum
1607 419 1874 486 spirituales
1896 418 2160 467 catholicos
2182 417 2456 466 excitando.

313 499 513 554 Utamur
545 514 658 560 ergo
683 496 931 557 haereticis,
959 514 1058 544 non
1092 509 1144 546 ut
1176 516 1346 548 eorum
1379 500 1707 567 approbemus
1733 517 1938 561 errores,
1965 500 2048 547 sed
2085 509 2137 547 ut
2170 498 2457 546 catholicam

312 577 612 643 disciplinam
636 577 867 625 adversus
891 593 1062 624 eorum
1086 579 1280 627 insidias
1304 590 1582 641 asserentes,
1606 580 1930 645 vigilantiores
1954 590 2001 628 et
2030 580 2268 628 cautiores
2290 580 2456 639 simus,

312 660 396 707 etsi
436 676 519 707 eos
548 658 609 707 ad
635 658 840 706 salutem
876 675 1104 706 revocare
1143 676 1241 707 non
1268 663 1523 726 possimus.
1549 683 1571 706 »
1615 661 1826 709 Isidorus
1857 663 2212 708 Sententiarum
2247 659 2374 708 libro
2411 662 2457 720 1,

313 755 464 792 c.,xvi
495 758 505 786 :
539 741 745 787 «Sancta
766 738 987 802 *Ecclesia
1022 750 1271 788 exercetur
1302 742 1564 806 sapientia,
1607 759 1720 790 cum
1751 751 1961 790 tentatur
1996 740 2180 801 verbis;
2220 751 2464 788 exercetur

314 819 558 883 patientia,
582 836 695 867 cum
718 829 929 868 tentatur
951 819 1138 883 gladiis.
1160 824 1314 870 Causa
1341 823 1588 887 pravitatis
1609 822 1841 870 haereticae
1864 821 2082 869 doctrina
2109 831 2179 869 est
2202 830 2463 887 propagata

314 899 539 947 ecclcsiae.
565 902 684 948 Nam
708 910 846 954 autea
873 901 1078 966 simplici
1105 911 1291 948 tantum
1315 902 1411 950 fide
1435 902 1641 966 vigebat.
1676 903 2018 950 Haereticorum
2047 902 2188 965 igitur
2210 902 2464 948 occasione

316 980 566 1045 propagati
596 990 710 1028 sunt
732 980 956 1028 doctores
986 981 1036 1028 in
1062 982 1175 1039 fide,
1202 991 1249 1029 et
1272 999 1358 1047 per
1379 999 1582 1030 acumen
1612 982 1846 1030 haeresum
1876 981 2094 1029 Ecclesiae
2120 981 2330 1045 magistri
2363 998 2465 1028 cre-

316 1071 506 1107 verunt.
529 1082 552 1104 »
577 1060 719 1109 Unde
740 1062 884 1110 etiam
909 1063 1059 1110 sancti
1083 1062 1327 1124 doctores,
1366 1080 1477 1111 cum
1512 1063 1573 1111 ad
1615 1063 2029 1123 exercitationem,
2058 1072 2110 1109 ut
2147 1062 2330 1110 dictum
2366 1071 2463 1118 est,

316 1140 533 1188 fidelium
582 1141 705 1197 adeo
744 1143 1035 1190 necessarias
1090 1160 1192 1191 esse
1241 1143 1577 1192 haereticorum
1624 1144 1971 1210 disputationes
2011 1143 2087 1191 vel
2140 1143 2469 1208 inquisitiones

317 1223 642 1285 attenderent,
680 1225 866 1273 ratione
902 1225 1062 1290 potius
1101 1241 1250 1290 quam
1287 1235 1523 1292 potestate
1560 1226 1771 1274 coerceri
1809 1234 2098 1286 sanxerunt,
2142 1234 2189 1271 et
2221 1240 2304 1271 eos
2336 1224 2470 1287 quasi

317 1312 458 1351 tantae
490 1305 698 1352 victoriae
729 1305 968 1353 desiderio
1005 1305 1067 1353 ad
1099 1322 1243 1353 sacrae
1275 1306 1491 1354 studium
1522 1306 1806 1354 eruditionis
1828 1314 1940 1353 sunt
1968 1305 2272 1371 potissimum
2298 1303 2471 1351 adhor-

318 1385 419 1432 tati.
449 1385 588 1433 Unde
612 1387 935 1451 Hieronymus
961 1385 1030 1433 ad
1048 1388 1374 1451 Nepotianum
1408 1406 1417 1434 :
1451 1388 1643 1448 «Disce,
1672 1387 1843 1452 inquit,
1879 1386 2012 1451 quod
2039 1385 2203 1447 doces,
2231 1394 2282 1432 ut
2318 1385 2470 1450 possis

319 1465 562 1519 exhortari
599 1467 649 1513 in
679 1467 899 1515 doctrina
941 1470 1116 1527 sacra¹,
1162 1477 1210 1514 et
1249 1467 1634 1516 contradicentes
1664 1468 1933 1527 revincere,
1969 1476 2162 1532 paratus
2188 1483 2378 1531 semper
2411 1465 2471 1512 ad

320 1547 693 1595 satisfactionem
727 1549 862 1596 omni
894 1548 1115 1613 poscenti
1146 1549 1457 1596 te,rationem
1490 1549 1551 1596 de
1586 1566 1642 1596 ea
1667 1565 1773 1613 quae
1797 1549 1913 1595 inte
1936 1557 2007 1595 est
2027 1564 2129 1613 spe.
2154 1568 2175 1590 »
2215 1547 2476 1610 Gregorius

322 1627 614 1675 Bonifacio²:
642 1628 920 1694 «....potius
943 1645 1090 1692 quam
1111 1628 1159 1676 vi
1181 1629 1529 1676 convincatis.»
1554 1632 1663 1687 Qua
1684 1645 1801 1676 vero
1821 1629 2007 1676 ratione
2031 1627 2138 1688 hos,
2159 1627 2242 1692 qui
2265 1626 2476 1674 christia·

322 1708 482 1756 nitatis
505 1708 695 1756 bonum
718 1710 958 1775 suscipere
976 1719 1206 1771 renuunt,
1227 1709 1534 1771 convincere,
1551 1709 1728 1773 quibus
1750 1709 1946 1756 monitis
1964 1708 2037 1755 vel
2063 1705 2477 1755 exhortationihus

323 1788 382 1835 ad
420 1787 570 1836 fidem
595 1789 835 1837 attrahere
864 1790 1147 1855 poterimus,
1190 1789 1230 1836 si
1256 1789 1374 1854 quid
1399 1790 1449 1836 in
1475 1790 1581 1855 ipsa
1603 1789 1713 1837 fidei
1756 1799 1930 1837 nostrae
1957 1788 2253 1854 professione
2276 1787 2477 1834 dubium

321 1869 682 1933 protulerimus,
722 1869 856 1935 quod
892 1887 992 1917 non
1021 1870 1269 1918 valeamus
1299 1870 1577 1933 defendere,
1618 1871 1799 1918 nedum
1835 1869 2150 1919 confirmare?
2188 1869 2480 1916 Auctoritate

322 1950 518 2013 quidem
545 1951 808 2016 scripturae,
835 1968 980 2016 quam
1007 1968 1110 1998 non
1134 1952 1320 2017 recipit,
1348 1952 1484 2015 argui
1518 1969 1664 2000 nemo
1689 1961 1862 2017 potest.
1890 1950 2036 2009 Quod
2063 1951 2102 1997 si
2125 1949 2285 1997 adhuc
2309 1950 2480 2015 aliquis

322 2033 371 2079 in
395 2049 552 2080 meam
571 2043 842 2098 perseveret
859 2032 1305 2098 reprehensionem,
1330 2042 1378 2080 et
1396 2050 1508 2079 cum
1533 2033 1755 2080 nondum
1779 2032 1859 2080 illa
1876 2031 2145 2097 periculosa
2163 2041 2382 2096 tempora
2408 2032 2473 2077 in·

324 2121 465 2173 stent,
493 2123 659 2162 nostra
681 2114 873 2179 penitus
897 2112 1087 2177 abjiciat
1111 2113 1185 2160 vel
1207 2130 1308 2160 non
1339 2123 1474 2160 curet
1498 2114 1699 2178 scripta3
1730 2112 1849 2160 illud
1869 2111 2066 2159 tandem
2093 2108 2375 2175 Hieronymi
2399 2128 2480 2158 au-

324 2193 424 2242 diat
445 2212 455 2240 z
483 2195 781 2257 «Peregrinae
805 2211 987 2242 merces
1009 2202 1197 2240 tantum
1212 2192 1484 2240 volentibus
1500 2194 1753 2257 navigant;
1770 2212 1790 2238 ι
1816 2203 1863 2240 et
1886 2209 1976 2240 nos
1995 2192 2192 2257 quidem
2211 2193 2299 2239 ista
2318 2191 2481 2239 volen-

327 2274 455 2321 tibus
474 2284 661 2322 tantum
677 2274 950 2335 scribimus,
973 2274 1125 2320 immo
1145 2274 1422 2339 importune
1446 2273 1587 2321 nobis
1609 2273 1939 2320 insistentibus
1956 2282 2101 2336 atque
2121 2273 2475 2331 insultantibus,

326 2355 460 2419 quod
491 2371 596 2402 eam
633 2372 781 2419 quam
811 2354 1127 2421 praedicamus
1162 2353 1309 2402 fidem
1337 2354 1596 2402 defendere
1619 2354 1723 2401 ausi
1753 2370 1854 2400 non
1887 2353 2053 2414 simuS,
2081 2353 2342 2418 praesertim
2368 2370 2479 2400 cum

327 2437 548 2483 omnium
581 2435 828 2484 bonorum
855 2435 1225 2482 fundamentum
1247 2434 1395 2482 fidem
1418 2451 1519 2482 esse
1543 2444 1753 2493 constet,
1781 2450 1929 2498 quam
1953 2434 2171 2498 quisquis
2197 2432 2482 2481 labefactare

326 2514 520 2579 poterit,
556 2514 676 2561 nihil
709 2514 770 2562 de
800 2514 1186 2580 superaedificatis
1216 2514 1413 2561 firmum
1443 2513 1703 2577 reliquerit.
1739 2513 1833 2560 Sed
1862 2513 1968 2572 etsi,
1998 2513 2244 2560 veritatem
2270 2511 2481 2577 profiteri

328 2595 498 2657 liceat,
526 2613 638 2643 cum
664 2597 793 2643 non⁸
814 2595 970 2642 nullas
1000 2595 1144 2659 hujus
1168 2595 1312 2642 etiam
1340 2594 1570 2659 temporis
1591 2593 1794 2642 haereses
1824 2603 1907 2641 aut
1939 2593 2192 2640 schismata
2228 2592 2482 2657 reprehen-

329 2675 512 2724 dendas
533 2687 616 2724 aut
640 2677 951 2740 corrigendas
974 2693 1077 2725 esse
1100 2692 1368 2734 censemus,
1406 2691 1525 2738 quas
1553 2675 1629 2722 vel
1661 2675 1752 2740 ipsi
1789 2691 1880 2721 nos
1913 2673 1974 2720 ab
2002 2673 2077 2720 his
2109 2674 2191 2736 qui
2226 2690 2305 2721 eas
2341 2672 2481 2737 profi-

330 2766 491 2804 tentur
505 2757 797 2815 audivimus,
814 2758 891 2805 vel
911 2757 972 2804 ab
995 2757 1071 2803 his
1087 2758 1172 2820 qui
1190 2773 1270 2803 eas
1289 2756 1528 2803 audierint
1547 2755 1818 2802 didicimus.
1839 2756 1960 2800 Sunt
1978 2753 2125 2809 enim,
2145 2763 2198 2800 ut
2212 2768 2358 2817 supra
2381 2770 2482 2800 me-

335 2837 563 2884 minimus
581 2874 593 2898 ,
631 2838 717 2902 qui
738 2837 801 2884 ad
825 2836 1161 2900 assignandam
1186 2836 1334 2882 trium
1357 2850 1675 2899 personarum
1699 2833 2023 2881 diversitatem
2050 2843 2144 2880 tres
2167 2833 2483 2898 proprietates

332 2918 381 2963 in
412 2933 472 2964 eo
503 2916 786 2980 intelligant,
829 2926 1057 2980 tanquam
1093 2925 1187 2962 tres
1213 2931 1286 2961 res
1320 2914 1534 2961 diversas
1557 2912 1869 2961 essentialiter
1899 2912 2088 2978 abipso
2111 2915 2231 2960 Deo.
2261 2915 2481 2971 Quorum

332 2998 477 3045 etiam
507 3014 632 3044 unus
661 2996 745 3062 qui
777 2997 827 3044 in
854 2995 1182 3059 Andegavensi
1212 3011 1336 3060 pago
1361 2995 1522 3059 magni
1547 2994 1758 3042 nominis
1792 2994 2015 3058 magister
2046 2995 2191 3057 viget,
2220 2994 2270 3040 in
2302 3003 2482 3041 tantam

332 3094 648 3143 prorumpere
670 3093 814 3125 ausus
830 3085 899 3124 est
919 3077 1173 3137 insaniam,
1191 3076 1414 3124 utomnia
1433 3084 1759 3123 creaturarum
1773 3075 1972 3122 nomina
1990 3074 2053 3122 ad
2067 3077 2221 3122 Deum
2234 3074 2474 3133 translata,

379 3290 384 3307 ¹
408 3287 471 3328 Ap.
496 3287 728 3328 Hieronymum
745 3295 886 3319 sana.—
897 3287 909 3305 ²
924 3284 993 3318 Hoc
1010 3286 1107 3318 etiam
1123 3286 1197 3318 loco
1217 3285 1377 3326 relinqui·
1449 3287 1544 3326 cujus
1562 3284 1675 3317 ultima
1692 3289 1816 3317 tantum
1836 3284 1934 3317 verba
1949 3284 2091 3325 scriptor
2105 3284 2269 3323 apposuit,
2289 3282 2410 3314 scincet
2420 3291 2484 3323 po-

337 3347 391 3374 tui·
405 3343 546 3384 spatium
563 3351 699 3375 vacuum
723 3343 763 3374 ad
786 3339 823 3374 S.
840 3340 989 3380 Gregorii
1012 3346 1136 3373 textum
1153 3341 1375 3380 inserendum,
1451 3338 1521 3371 tius
1537 3348 1643 3381 quam
1658 3339 1695 3372 vi
1710 3338 1932 3372 convincatis.
1946 3355 1987 3362 -
2009 3340 2022 3359 ³
2038 3339 2109 3372 Non
2126 3339 2217 3371 deest
2235 3339 2267 3369 in
2283 3337 2405 3368 codice.

502 3416 532 3440 11
2270 3400 2321 3436 66
