2638 3866
223 217 315 266 566
641 218 813 263 PETRI
848 215 1164 264 ABAELARDI
1196 214 1540 263 THEOLOGIA
1573 214 1935 263 CHRISTIANA.

221 331 315 368 tate
348 328 520 385 potest,
557 333 705 381 quam
726 315 1006 364 naturaliter
1029 332 1084 363 ac
1106 315 1478 364 substantialiter
1502 332 1560 364 ex
1579 316 1754 383 seipso,
1782 333 1883 364 non
1908 324 2075 364 nostro
2102 315 2249 363 modo
2272 331 2359 381 per

220 410 352 449 actus
381 399 545 458 habet,
578 415 635 445 ex
657 397 758 463 ipsa
787 413 875 445 sua
896 406 944 444 et
964 396 1194 445 ineffabili
1222 396 1458 457 bonitate,
1495 395 1619 445 adeo
1649 414 1856 463 semper,
1889 406 1942 444 ut
1971 396 2188 444 humano
2222 413 2358 444 more

220 482 405 545 loquar,
442 494 697 526 accensum
712 514 724 538 ,
751 487 807 524 ut
833 494 939 542 quae
966 479 1069 526 vult
1092 479 1363 527 necessario
1388 477 1529 540 velit,
1557 489 1605 526 et
1627 495 1733 543 quae
1757 478 1866 525 facit
1889 477 2156 524 necessario
2184 476 2324 524 faciat
2340 514 2352 537 ,

219 576 318 606 non
341 559 471 606 enim
494 574 656 605 carere
687 574 773 606 sua
798 568 956 623 potest
977 558 1108 605 bona
1129 559 1375 608 voluntate
1404 575 1551 624 quam
1572 558 1746 620 habet,
1778 575 1890 606 cum
1912 557 1972 605 sit
2000 557 2045 605 ei
2067 556 2359 605 naturalis-et

217 648 471 700 coaeterna,
513 655 614 685 non
648 638 935 700 adventitia,
962 639 1084 687 sicut
1115 649 1279 688 nostra
1303 650 1374 688 est
1399 639 1564 701 nobis,
1594 649 1646 687 ‘et
1676 655 1822 687 omne
1846 637 1981 703 quod
2011 638 2062 684 in
2095 647 2266 685 natura
2287 647 2358 684 est

217 719 493 782 divinitatis,
512 720 782 767 necessario
797 720 841 768 ei
854 729 997 785 atque
1012 719 1239 768 omnibus
1261 720 1419 768 modis
1440 719 1774 768 inevitabiliter
1797 721 1941 780 inest,
1968 727 2136 783 utpote
2153 718 2353 783 justitia,

218 802 395 865 pietas,
423 800 777 857 misericordia,
815 811 863 848 et
895 818 1209 866 quaecumque
1237 817 1349 866 erga
1383 811 1623 850 creaturas
1653 801 1786 848 bona
1805 799 2045 848 voluntas.
2070 799 2166 857 Qui
2196 799 2358 863 itaque

217 881 486 929 necessario
513 891 700 930 tantum
722 881 885 930 bonus
908 893 1004 940 est,
1031 893 1269 948 quantum
1290 883 1450 930 bonus
1471 893 1559 942 est,
1585 899 1676 930 nec
1697 882 1851 929 minui
1870 891 2028 947 potest
2045 881 2096 927 in
2119 879 2354 939 bonitate,

217 978 409 1010 necesse
434 973 505 1010 est
529 973 583 1010 ut
609 972 706 1011 tam
728 963 853 1011 bene
874 963 988 1011 velit
1018 963 1078 1011 de
1100 964 1315 1028 singulis,
1343 980 1490 1029 quam
1510 963 1637 1011 bene
1660 962 1788 1024 vult3
1821 971 1868 1009 et
1891 971 1990 1010 tam
2022 960 2149 1009 bene
2172 959 2360 1024 singula

216 1052 401 1105 tractet,
431 1053 665 1107 quantum
684 1053 861 1109 potest.
879 1044 1123 1110 Alioquin,
1142 1044 1278 1108 juxta
1301 1045 1446 1092 etiam
1459 1043 1727 1104 Platonem,
1754 1042 1955 1090 aemulus
1979 1051 2119 1101 esset,
2134 1058 2225 1088 nec
2248 1056 2357 1105 per-

217 1123 337 1170 fecte
371 1123 625 1188 benignus.
660 1125 807 1183 Quod
842 1126 880 1173 si
903 1141 1010 1173 eam
1041 1142 1190 1190 quam
1216 1125 1364 1173 habet
1385 1125 1685 1173 voluntatem
1721 1123 1926 1172 faciendi
1953 1121 2152 1187 aliquid,
2184 1138 2360 1176 neces-

219 1204 343 1251 sario
368 1204 537 1266 habet,
563 1222 652 1253 nec
679 1206 759 1254 illa
780 1223 1015 1271 umquam
1043 1206 1254 1255 efficacia
1276 1206 1427 1272 possit
1445 1221 1631 1266 carere3
1657 1222 1851 1254 necesse
1875 1214 1945 1252 est
1967 1214 2021 1251 ut
2043 1213 2091 1251 et
2113 1219 2170 1251 ea
2193 1219 2360 1250 neces-

220 1287 345 1333 sario
380 1288 520 1336 faciat
554 1305 661 1352 quae
694 1290 796 1354 ejus
817 1290 1115 1338 voluntatem
1144 1289 1414 1338 necessario
1440 1290 1750 1337 comitantur.
1785 1286 2029 1352 Quicquid
2046 1287 2207 1351 itaque
2229 1286 2358 1344 facit,

217 1367 338 1414 sicut
372 1370 641 1417 necessario
665 1370 792 1430 vult,
819 1372 886 1418 ita
917 1380 964 1417 et
990 1371 1259 1419 necessario
1291 1370 1418 1418 facit.
1451 1373 1601 1418 Tanta
1625 1370 1804 1435 quippe
1837 1378 1907 1416 est
1933 1368 2036 1432 ejus
2065 1367 2281 1426 bonitas,
2308 1376 2360 1413 ut

218 1464 329 1494 eum
349 1451 618 1498 necessario
639 1450 702 1498 ad
725 1450 855 1498 bona
875 1467 981 1515 quae
1001 1460 1159 1516 potest
1182 1450 1400 1499 facienda
1420 1450 1695 1516 compellat,
1708 1466 1798 1498 nec
1823 1449 2026 1496 omnino
2043 1448 2196 1514 possit
2216 1447 2361 1495 absti-

217 1545 330 1576 nere
351 1531 469 1594 quin
491 1530 623 1579 bona
645 1548 751 1595 quae
773 1541 932 1597 potest
954 1531 1145 1591 efficiat,
1172 1542 1219 1580 et
1241 1549 1342 1597 quo
1364 1532 1541 1579 melius
1566 1540 1722 1597 potest
1747 1530 1824 1579 vel
1846 1531 1984 1579 citius
2018 1539 2194 1595 potest.
2222 1527 2360 1576 Unde

217 1618 263 1655 et
281 1610 331 1655 in
349 1609 542 1658 laudem
559 1612 663 1675 ejus
679 1611 854 1659 dicitur
873 1612 934 1659 de
951 1612 1026 1659 his
1042 1629 1241 1678 quoque
1259 1630 1366 1678 quae
1384 1612 1467 1660 diu
1485 1612 1683 1672 distulit,
1706 1613 1821 1677 quia
1842 1629 1943 1659 non
1962 1610 2187 1658 tardabit.
2208 1612 2361 1657 Nemo

216 1690 348 1736 enim
373 1691 562 1739 tardare
584 1693 633 1738 in
661 1692 824 1756 aliquo
846 1692 1079 1740 dicendus
1099 1703 1171 1741 est
1186 1731 1198 1755 ,
1225 1693 1359 1758 quod
1377 1692 1490 1741 ideo
1509 1693 1668 1741 differt
1688 1702 1740 1746 ut
1760 1691 2125 1740 convenientius
2149 1690 2256 1749 fiat,
2278 1689 2362 1737 sed

215 1769 254 1816 is
277 1780 466 1819 tantum
493 1772 685 1820 tardare
707 1772 941 1820 dicendus
965 1783 1052 1832 est,
1081 1774 1165 1837 qui
1190 1773 1310 1822 dum
1332 1774 1486 1822 facere
1507 1773 1651 1822 debet
1671 1790 1770 1821 non
1797 1773 1933 1833 facit3
1963 1789 2078 1821 nam
2102 1782 2150 1820 et
2172 1771 2362 1819 differre

216 1851 337 1899 sicut
365 1852 551 1900 auferre
580 1852 768 1901 bonum
793 1854 926 1918 quod
963 1854 1133 1920 possis,
1171 1871 1271 1902 non
1303 1864 1375 1902 est
1402 1854 1631 1902 bonitatis
1653 1854 1889 1919 perfectae,
1914 1854 2012 1901 hoc
2040 1862 2126 1910 est,
2155 1861 2207 1898 ut
2229 1851 2363 1914 quod

216 1933 317 1994 jam
340 1932 617 1981 faciendum
639 1951 741 1982 esse
763 1951 976 1996 censeas,
1008 1935 1058 1981 in
1088 1935 1305 1982 futurum
1324 1934 1533 1996 differas,
1557 1952 1670 1982 cum
1684 1935 1785 1999 jam
1807 1950 1941 1999 aeque
1960 1933 2112 1999 possis
2136 1941 2188 1979 ut
2210 1933 2260 1978 in
2283 1931 2361 1978 fu-

218 2022 346 2060 turo.
374 2015 650 2062 Necessario
679 2014 841 2080 itaque
869 2018 1000 2063 Deus
1032 2015 1273 2063 mundum
1294 2032 1398 2063 esse
1418 2015 1572 2063 voluit
1595 2031 1652 2063 ac
1673 2015 1808 2077 fecit,
1842 2031 1933 2062 nec
1967 2014 2150 2062 otiosus
2173 2013 2358 2073 extitit,

217 2094 301 2158 qui
334 2111 464 2155 eum,
499 2096 782 2161 priusquam
815 2095 943 2155 fecit,
976 2095 1131 2144 facere
1152 2113 1255 2144 non
1289 2096 1463 2161 potuit,
1496 2097 1610 2160 quia
1637 2096 1921 2161 priusquam
1955 2094 2082 2155 fecit,
2118 2092 2220 2140 fieri
2251 2109 2362 2140 eum

217 2191 318 2222 non
344 2176 577 2241 oportuit.
610 2177 655 2223 Si
688 2177 817 2224 enim
838 2177 969 2242 prius
992 2177 1193 2239 fecisset,
1229 2177 1394 2240 utique
1421 2186 1469 2224 et
1494 2177 1628 2243 prius
1653 2192 1766 2224 eum
1788 2175 1892 2223 fieri
1919 2174 2227 2240 oportuisset,
2250 2174 2364 2237 quia

218 2255 373 2304 facere
405 2257 666 2322 quicquam
693 2257 786 2306 nisi
817 2267 1152 2324 opportunum
1180 2274 1281 2305 non
1305 2267 1481 2323 potest,
1509 2258 1659 2305 immo
1682 2258 1775 2305 nisi
1797 2257 2064 2323 optimum,
2100 2255 2150 2303 id
2172 2265 2242 2304 est
2263 2264 2363 2302 tam

217 2336 406 2385 honum
429 2348 876 2403 quantumcumque
895 2340 1141 2401 convenit,
1167 2338 1303 2404 quod
1323 2355 1413 2386 suo
1434 2339 1532 2387 alto
1556 2348 1823 2387 reservatur
1844 2336 2062 2386 consiliO.
