2638 3866
246 258 339 306 286
1040 252 1209 300 PETRI
1245 249 1559 298 ABAELARDI

855 587 1168 674 LIBER
1233 582 1754 690 QUARTUS.

315 853 336 878 «
358 836 462 879 Non
487 842 647 880 autem
670 831 802 896 quod
825 831 1067 879 exciderit.
1092 851 1114 874 >2
1141 832 1331 879 Diceret
1355 831 1550 878 fortasse
1572 828 1741 894 aliquis
1765 847 1775 874 ε
1799 831 1853 875 Et
1872 827 2118 892 quomodo
2134 829 2368 894 promissa

247 914 409 961 divina
432 912 650 961 Israelitis
672 912 794 961 facta
821 922 950 974 sunt,
979 929 1083 977 quae
1105 928 1194 977 pro
1229 912 1440 977 nequitia
1461 926 1547 958 sua
1569 909 1785 958 obtinere
1807 908 2015 975 populus
2046 908 2124 956 ille
2150 925 2249 956 non
2279 925 2369 972 po-

247 1002 358 1053 test,
397 1009 584 1058 semper
606 996 707 1040 Deo
737 992 924 1040 rebellis
947 993 1176 1050 existens,
1204 1001 1251 1039 et
1267 993 1366 1056 jam
1389 991 1451 1039 ab
1473 991 1578 1056 ipso
1607 990 1799 1055 penitus
1826 988 2143 1055 reprobatus?
2172 989 2243 1037 Ad
2273 988 2368 1036 hoc

247 1073 516 1136 Apostolus,
548 1093 570 1115 ε(
588 1075 693 1119 Non
732 1072 815 1132 ita,
831 1091 854 1117 »
880 1073 1052 1137 inquit,
1081 1072 1315 1136 promissa
1342 1071 1410 1118 eis
1439 1069 1561 1118 facta
1583 1079 1712 1130 sunt,
1747 1069 1880 1134 quod
1915 1068 2142 1116 exciderit
2168 1067 2369 1116 verbum

244 1153 402 1216 ipsum
428 1152 773 1217 promissionis,
810 1152 861 1200 id
891 1160 985 1211 est,
1024 1151 1155 1216 quod
1181 1151 1239 1198 sit
1266 1166 1395 1198 cassa
1425 1149 1707 1216 promissio,
1735 1159 1781 1197 et
1804 1148 2073 1196 nullatenus
2094 1149 2365 1213 impleatur.

245 1234 376 1279 Stare
390 1232 584 1296 quippe,
601 1232 697 1278 sive
719 1247 913 1278 manere
932 1231 1187 1296 promissio
1201 1230 1391 1290 dicitur,
1412 1246 1517 1294 quae
1530 1228 1779 1294 impletur3
1803 1228 2022 1277 excidere
2035 1239 2195 1276 autem
2209 1245 2234 1275 e
2251 1244 2368 1275 con-

245 1312 407 1358 trario.
428 1311 536 1358 Tale
559 1312 777 1376 superius
789 1310 1132 1359 animadverte.
1156 1312 1275 1356 Cum
1296 1310 1426 1357 enim
1442 1308 1690 1373 quaesitum
1706 1309 1892 1358 fuisset:
1913 1329 1935 1354 «
1954 1311 2070 1367 Quae
2089 1308 2264 1356 utilitas
2280 1308 2371 1355 cir·

243 1392 560 1452 cumcisionis,
571 1413 591 1435 »
606 1400 653 1438 et
665 1407 949 1455 responsum
962 1408 971 1436 ι
988 1389 1218 1436 «Multum
1231 1405 1316 1454 per
1330 1404 1529 1436 omnem
1542 1388 1741 1436 modum
1750 1424 1760 1434 .
1774 1389 1988 1436 Primum
2002 1387 2216 1453 quidem,
2225 1390 2332 1435 etc.¹
2342 1406 2366 1431 υ

244 1465 548 1528 subjunctum
565 1474 657 1512 est:
673 1464 796 1523 Quid
815 1465 942 1511 enim
955 1463 974 1510 Ξ)
986 1465 1034 1511 Si
1047 1462 1245 1528 quidam
1263 1463 1454 1510 illorum
1467 1479 1567 1510 non
1583 1461 2138 1526 crediderunt,nunquid
2151 1461 2370 1509 incredu-

244 1545 348 1592 litas
376 1544 567 1592 illorum
597 1544 742 1591 fidem
767 1545 854 1591 Dei
886 1542 1167 1592 evacuabit?
1191 1546 1259 1590 Ita
1290 1543 1434 1607 igitur
1463 1552 1510 1590 et
1531 1542 1628 1590 hoc
1648 1542 1759 1590 loco
1781 1542 1977 1600 dicitur,
2007 1542 2141 1607 quod
2163 1541 2370 1607 promis-

245 1624 333 1683 sio,
363 1633 415 1670 ut
438 1624 623 1671 dictum
642 1634 728 1682 est,
749 1622 970 1670 Israelitis
987 1623 1108 1670 facta
1131 1639 1230 1669 non
1255 1632 1325 1669 est
1348 1632 1545 1682 cassata,
1572 1623 1610 1670 si
1632 1623 1681 1670 in
1704 1622 1992 1688 quibusdam
2009 1622 2092 1687 qui
2114 1621 2174 1669 de
2198 1610 2368 1685 genere

246 1703 387 1750 Israel
412 1703 680 1750 secundum
702 1719 896 1750 carnem
922 1712 1055 1763 sunt,
1084 1718 1390 1766 nequaquam
1426 1703 1485 1749 sit
1516 1701 1772 1767 completa.
1802 1722 1825 1747 κ
1846 1704 1948 1749 Non
1973 1702 2103 1748 enim
2131 1717 2316 1750 omnes.
2342 1722 2366 1746 n

248 1783 343 1830 Soli
381 1783 559 1848 quippe
600 1781 667 1830 illi
701 1782 825 1829 inter
860 1781 982 1828 filios
1020 1782 1160 1828 Israel
1202 1781 1516 1846 computandi
1555 1791 1696 1843 sunt,
1737 1782 1820 1846 qui
1853 1782 1901 1828 in
1941 1782 2073 1829 cultu
2111 1781 2250 1829 unius
2282 1783 2368 1829 Dei

249 1872 578 1927 permanentes
603 1860 749 1909 fidem
773 1862 845 1908 sui
867 1862 1014 1926 patris
1037 1861 1196 1919 Israel,
1220 1860 1268 1907 id
1293 1870 1364 1907 est
1382 1859 1529 1908 Jacob
1548 1860 1809 1918 imitantur,
1837 1861 1959 1908 sicut
1979 1877 2088 1908 mox
2109 1877 2196 1926 per
2218 1860 2368 1908 simile

248 1944 294 1988 in
318 1942 555 1990 Abraham
576 1941 873 1990 demonstrat
896 1940 1060 1988 dicens
1087 1958 1096 1987 :
1130 1959 1153 1984 u
1175 1944 1337 2005 Neque
1372 1941 1453 2005 qui
1488 1957 1650 1988 semen
1680 1951 1791 1988 sunt
1820 1940 2033 1998 Abrahae,
2051 1960 2072 1983 ³2
2100 1940 2368 1989 secundum

246 2038 438 2069 carnem
473 2021 669 2083 scilicet,
704 2037 873 2069 omnes
903 2021 952 2068 in
988 2020 1095 2068 filiis
1118 2019 1316 2068 Abrahae
1346 2031 1707 2086 computantur.
1735 2021 1879 2080 Quod
1904 2022 2062 2069 statim
2094 2022 2368 2070 testimonio

246 2102 349 2166 ipso
389 2118 446 2149 ex
485 2102 656 2149 Genesi
688 2110 881 2166 sumpto
919 2099 1202 2160 confirmat,
1245 2100 1433 2148 dicente
1470 2101 1681 2148 Domino
1715 2100 1778 2148 ad
1810 2100 2071 2160 Abraham,
2111 2111 2369 2167 postquam

246 2184 356 2228 Sara
387 2184 508 2246 Agar
536 2179 757 2228 ancillam
789 2179 960 2246 expelli
989 2196 1101 2227 cum
1135 2179 1234 2227 filio
1262 2182 1466 2244 jusserat
1493 2197 1504 2225 ι
1536 2181 1755 2228 «Omnia
1783 2197 1888 2245 quae
1917 2181 2088 2230 dixerit
2117 2181 2203 2229 tibi
2224 2184 2366 2242 Sara,

246 2261 358 2308 audi
382 2277 549 2312 vocem
577 2261 676 2324 ejus
690 2298 702 2322 ,
728 2261 840 2326 quia
862 2260 912 2306 in
935 2262 1062 2307 Isaac
1085 2259 1336 2307 vocabitur
1350 2259 1435 2307 tibi
1453 2276 1635 2308 semen.
1655 2280 1675 2304 υ
1698 2280 1719 2302 (ε
1736 2259 1789 2307 ld
1804 2270 1985 2309 estnon
2001 2261 2100 2326 qui.
2121 2261 2369 2326 »Exponit

245 2341 497 2406 Apostolus
523 2340 654 2404 quod
677 2341 971 2407 praemissum
994 2349 1065 2387 est
1090 2358 1099 2386 ε
1132 2359 1153 2384 t<
1175 2342 1228 2387 In
1253 2341 1380 2388 Isaac
1402 2339 1652 2388 vocabitur
1676 2340 1761 2388 tibi
1790 2358 1968 2390 semen.
1992 2362 2014 2385 »
2043 2342 2184 2390 Filios
2212 2342 2367 2390 carnis

245 2422 384 2482 dicit,
420 2423 589 2487 quiex
616 2425 752 2470 Patre
776 2421 1015 2470 Abraham
1049 2421 1202 2468 solam
1228 2422 1385 2468 carnis
1413 2422 1646 2486 originem
1678 2422 1878 2484 ducunt,
1907 2439 2006 2470 non
2031 2422 2142 2470 fidei
2172 2432 2367 2470 sumunt

248 2502 537 2567 exemplum.
569 2504 692 2549 Cum
717 2511 879 2550 autem
901 2499 1160 2549 dicendum
1182 2499 1424 2548 videretur
1449 2519 1459 2548 ε
1486 2503 1545 2548 Hi
1576 2501 1660 2548 filii
1682 2511 1794 2549 sunt
1815 2501 2036 2563 Abrahae,
2072 2502 2187 2550 dicit
2206 2501 2367 2566 potius

248 2582 501 2646 Apostolus
525 2601 535 2628 ε
563 2582 662 2629 «Hi
684 2581 767 2628 filii
787 2591 897 2629 sunt
920 2581 1025 2641 Dei,
1041 2601 1063 2623 ι)
1089 2579 1347 2628 ostendens
1368 2581 1592 2629 videlicet
1610 2598 1710 2628 non
1733 2582 1852 2629 alios
1874 2582 2104 2630 dicendos
2126 2598 2226 2629 esse
2244 2581 2368 2628 filios

251 2660 459 2723 Abrahae,
492 2662 580 2709 nisi
610 2662 692 2726 qui
715 2661 798 2708 filii
826 2670 937 2708 sunt
958 2661 1070 2722 Dei,
1097 2659 1146 2707 id
1173 2670 1243 2707 est
1276 2661 1358 2725 qui
1382 2660 1546 2709 fideles
1567 2671 1701 2724 sunt.v
1729 2661 1966 2710 Abraham
1995 2661 2193 2726 quidem
2220 2660 2367 2708 fidem

249 2740 500 2803 significat;
536 2741 743 2806 ideoque
774 2740 972 2787 Abrahae
1006 2739 1090 2787 filii
1121 2740 1187 2787 illi
1218 2740 1308 2787 soli
1330 2751 1459 2788 recte
1492 2740 1720 2789 dicuntur
1744 2758 1866 2805 quos
1893 2741 1985 2788 sibi
2015 2742 2250 2788 Dominus
2281 2757 2366 2805 per

249 2818 392 2864 fidem
419 2819 615 2883 adoptat
634 2829 730 2867 tam
749 2836 806 2867 ex
832 2819 1004 2866 Judaeis
1033 2835 1178 2883 quam
1206 2836 1261 2866 ex
1287 2820 1536 2881 Gentibus,
1558 2821 1680 2867 sicut
1705 2829 1752 2867 et
1781 2820 1883 2885 ipse
1909 2821 2125 2886 superius
2149 2820 2366 2866 meminit

251 2897 527 2961 Apostolus,
553 2915 662 2945 cum
694 2899 753 2945 de
777 2898 1015 2945 Abraham
1037 2899 1315 2962 loqueretur
1344 2900 1558 2947 dicens’:
1590 2921 1612 2943 «
1634 2903 1695 2946 Ut
1712 2900 1771 2947 sit
1786 2909 1921 2965 pater
1939 2899 2234 2948 credentium
2258 2915 2364 2946 om-

250 2977 400 3030 nium,
423 2993 521 3023 non
539 2976 612 3023 his
635 2987 820 3023 tantum
836 2978 919 3040 qui
942 2987 1053 3023 sunt
1075 2994 1130 3024 ex
1153 2979 1533 3041 circumcisione,
1556 2979 1639 3027 sed
1658 2989 1705 3026 et
1727 2979 1802 3026 his
1818 2980 1898 3043 qui
1916 2989 2155 3027 sectantur
2173 2978 2364 3041 vestigia

249 3054 378 3116 fidei,
396 3072 499 3119 quae
519 3065 587 3102 est
600 3056 648 3102 in
664 3057 911 3121 praeputio.
931 3074 954 3100 »
975 3076 996 3099 «
1017 3056 1110 3102 Sed
1132 3058 1213 3119 qui
1241 3057 1322 3104 filii
1342 3068 1452 3105 sunt
1466 3059 1810 3123 promissionis.
1832 3078 1856 3102 »
1874 3059 2013 3105 Filios
2036 3058 2363 3123 promissionis

251 3134 387 3192 dicit,
413 3135 497 3199 qui
520 3134 577 3182 ad
605 3134 791 3182 fidelem
819 3138 946 3182 Isaac
968 3136 1231 3200 pertinent,
1259 3153 1369 3184 eum
1395 3138 1571 3185 scilicet
1600 3138 1695 3185 fide
1726 3137 1984 3197 imitando,
2021 3138 2249 3202 quoniam
2275 3138 2361 3184 sci-

291 3322 418 3359 ¹Rom.‚
436 3329 464 3353 c.
485 3328 532 3360 111,
553 3327 583 3352 v.
602 3322 615 3353 1
635 3324 667 3352 et
683 3328 732 3360 sq.
751 3320 928 3360 —2Rom.,
946 3329 1015 3360 cap.
1035 3328 1080 3360 iv,
1098 3328 1129 3353 v.
1150 3321 1199 3353 12.
