2638 3866
1157 221 1475 271 DIALOGUS.
2301 223 2387 271 661

234 323 410 389 loquor
444 320 601 382 vobis,
638 338 797 387 neque
833 321 1054 370 auferetis
1087 339 1143 370 ex
1179 339 1256 371 eo.
1281 343 1303 367 »
1333 326 1391 371 Et
1421 339 1614 371 rursum
1645 341 1655 370 x
1687 322 1876 382 «Quod
1912 323 2144 390 praecipio
2174 322 2261 371 tibi
2298 323 2395 371 hoc

234 414 423 452 tantum
456 403 599 452 facito
633 402 870 464 Domin0‚
911 419 1001 450 nec
1035 401 1185 451 addas
1213 404 1476 469 quicquam
1495 400 1602 452 'nec
1628 404 1881 451 minuas.»
1908 403 2179 452 Perfectum
2210 404 2391 471 quippe

234 494 304 533 est
335 484 414 532 cui
447 482 569 532 nihil
602 481 885 531 addendum
917 491 1004 530 est.
1042 485 1134 530 Aut
1169 483 1208 530 si
1240 484 1359 549 quid
1383 484 1691 550 perfectionis
1721 484 1931 543 deesset,
1971 483 2098 533 mala
2133 484 2236 534 haec
2269 495 2392 534 esset

233 565 518 631 prohibitio,
554 581 661 630 quae
693 562 830 629 quod
863 562 998 611 deest
1029 563 1274 629 prohibet,
1303 575 1351 612 et
1373 563 1688 613 beatitudinis
1721 565 1812 613 iter
1837 564 1979 613 nobis
2011 565 2236 615 obstruit.
2265 566 2395 625 Quid

234 646 379 698 etiam
408 645 471 694 ad
501 643 890 711 purificationem
907 643 984 691 vel
1010 644 1410 693 emundationem
1433 655 1652 694 nostram
1675 655 1820 710 atque
1849 645 2200 710 indulgentiam
2224 662 2397 713 pecca-

234 737 398 775 torum
427 736 709 774 nostrorum
731 724 807 773 lex
830 723 991 790 aliqua
1013 725 1065 772 in
1087 725 1329 774 sacrificiis
1354 726 1430 774 vel
1456 727 1627 775 ceteris
1650 726 2071 775 observationibus
2096 727 2197 776 fieri
2225 727 2394 793 jubet,

232 808 272 855 si
293 807 389 855 hoc
410 806 473 855 ad
496 822 659 854 veram
680 804 1031 854 beatitudinem
1069 806 1190 853 nihi-l
1221 807 1452 856 attineat?
1478 807 1604 855 Nihil
1627 807 1808 873 quippe
1831 806 1938 855 illos
1957 807 2172 856 excludit
2195 825 2221 856 a
2245 809 2396 857 beati·

174 892 176 896 ’
233 886 419 949 tudine,
455 886 634 952 quibus
659 895 857 953 peccata
879 885 1203 934 dimittuntur.
1230 887 1453 952 Alioquin
1480 904 1570 936 nec
1591 887 1730 935 vobis
1755 888 1835 935 illa
1866 897 1990 935 esset
2013 888 2269 954 speranda.
2302 892 2397 937 Cur

231 967 376 1015 etiam
399 977 599 1033 peccata
623 967 767 1015 nobis
801 966 1066 1033 perlegem
1088 967 1350 1030 interdicit,
1376 969 1466 1016 nisi
1490 978 1545 1016 ut
1567 968 1710 1017 nobis
1732 967 1850 1016 illud
1875 978 2102 1028 reservet,
2129 969 2264 1034 quod
2286 986 2394 1035 pec-

232 1058 356 1110 cata,
385 1049 426 1097 si
453 1048 631 1111 desint,
657 1047 934 1110 conferunt,
959 1048 999 1096 si
1022 1047 1201 1110 adsint,
1226 1048 1556 1114 praepediunt?

299 1132 488 1178 Pinnos.
524 1130 674 1178 Miror
720 1138 767 1177 te
797 1129 914 1193 legis
944 1129 1157 1195 peritum
1187 1140 1288 1178 tam
1319 1130 1675 1178 inconsiderate
1706 1131 1866 1195 loqui,
1905 1141 1957 1178 ut
1995 1130 2120 1179 adeo
2149 1131 2396 1178 circumci-

231 1210 420 1259 sionem
441 1211 660 1270 extollas,
674 1227 766 1259 nec
785 1211 978 1259 mentiri
990 1211 1198 1260 verearis
1213 1211 1422 1260 dicendo
1447 1212 1625 1260 scilicet
1643 1221 1753 1278 post
1774 1212 2189 1261 circumcisionem
2208 1221 2397 1260 tantum

230 1301 278 1339 et
309 1308 412 1340 non
451 1302 563 1341 ante
603 1295 762 1340 Deum
799 1292 1031 1359 appellari
1066 1293 1324 1340 hominum
1362 1303 1409 1341 et
1444 1310 1615 1342 eorum
1649 1304 1837 1341 tantum
1882 1294 1969 1358 qui
2001 1294 2270 1341 circumcisi
2295 1293 2396 1357 jam

232 1373 424 1435 fuerint,
460 1373 607 1421 veluti
642 1374 746 1439 ipse
777 1376 908 1421 Deus
932 1372 1174 1422 Abraham
1196 1384 1245 1422 et
1274 1377 1404 1422 Isaac
1427 1385 1472 1422 et
1502 1374 1652 1422 Jacob
1684 1375 1969 1440 appellatur.
2001 1374 2137 1422 Unde
2162 1384 2207 1422 te
2227 1385 2394 1440 aperte

231 1453 335 1518 ipsa
362 1454 480 1519 legis
511 1456 747 1520 scriptura
780 1454 1116 1521 reprehendit,
1150 1458 1253 1503 Noe
1287 1465 1429 1503 antea
1460 1457 1604 1520 longe
1639 1455 1848 1505 dicente¹
1882 1474 1892 1502 ε
1926 1454 2255 1503 «Benedictus
2301 1457 2397 1503 Do—

231 1534 395 1583 minus
419 1538 550 1583 Deus
571 1537 702 1597 Sem,
725 1536 989 1583 sitCanaan
1011 1552 1178 1584 servus
1195 1537 1317 1601 cjus.
1334 1556 1358 1581 >2
1379 1540 1501 1584 Ecce
1526 1536 1705 1584 etenim
1727 1539 1827 1583 Noe
1847 1539 2004 1583 Deum
2023 1538 2133 1584 Sem
2155 1537 2391 1584 nominat.

232 1615 375 1664 Unde
400 1626 450 1664 et
471 1633 585 1664 cum
610 1616 787 1664 dicitur
808 1619 939 1665 Deus
962 1616 1217 1679 Abraham,
1246 1620 1376 1666 Deus
1400 1621 1531 1666 Isaac
1555 1619 1654 1666 sive
1676 1617 1844 1678 Jacob,
1871 1633 1972 1664 non
1995 1617 2261 1680 incongrue
2283 1617 2396 1664 addi

229 1695 383 1761 solet,
422 1707 471 1745 et
500 1700 632 1745 Deus
667 1707 860 1764 patrum
897 1707 1195 1746 nostrorum.
1236 1698 1383 1757 Quod
1415 1699 1455 1746 si
1484 1699 1625 1746 etiam
1662 1699 1826 1746 divina
1859 1697 2094 1746 beneficia
2126 1714 2299 1762 penses
2338 1714 2395 1744 ex

226 1769 407 1841 quibus
428 1794 516 1826 vos
540 1778 746 1826 maxime
764 1778 1039 1842 gloriamini
1058 1788 1290 1844 tanquam
1307 1779 1409 1843 ejus
1425 1779 1638 1845 populus
1656 1778 1929 1844 peculiaris,
1955 1777 2071 1825 inde
2089 1778 2203 1842 quia
2223 1778 2392 1825 Enoch

231 1857 281 1903 in
305 1858 587 1923 paradisum
610 1859 794 1906 felicius
816 1859 1075 1907 translatus
1101 1870 1172 1907 est
1187 1897 1201 1921 ,
1230 1876 1378 1925 quam
1403 1876 1492 1907 vos
1516 1859 1565 1907 in
1591 1869 1768 1907 terram
1793 1861 2006 1907 Canaam
2030 1858 2320 1916 introducti,
2350 1869 2395 1906 et

230 1936 325 1985 hoc
339 1937 419 1987 ille
436 1939 666 1986 meruisse
680 1938 902 1999 refertur,
919 1956 1032 1987 cum
1047 1939 1269 1988 videlicet
1287 1940 1511 1988 dicitur²z
1538 1960 1561 1986 «
1584 1940 1955 2004 Ambulavitque
1975 1939 2143 1986 Enoch
2165 1956 2275 1986 cum
2291 1942 2394 1986 Deo

229 2027 277 2065 et
313 2035 415 2067 non
450 2020 699 2085 apparuit,
738 2021 854 2085 quia
885 2021 994 2068 tulit
1027 2037 1141 2069 eum
1181 2024 1330 2069 Deus.
1373 2025 1471 2069 Vos
1510 2031 1675 2069 autem
1712 2020 1835 2068 illud
1872 2020 2139 2067 obtinuisse
2178 2021 2388 2080 meritis,

229 2100 433 2147 omnino
468 2102 656 2164 Moyses
693 2100 923 2165 denegat,
962 2101 1152 2149 dicens³
1181 2120 1192 2148 :
1226 2122 1249 2146 «
1270 2105 1337 2149 Ne
1362 2101 1495 2150 dicas
1525 2104 1574 2148 in
1602 2101 1752 2148 corde
1776 2111 1886 2160 tu0,
1914 2117 2027 2147 cum
2057 2099 2288 2147 deleverit
2310 2117 2393 2147 cos

229 2182 469 2228 Dominus
493 2190 694 2246 propter
719 2181 951 2245 justitiam
982 2198 1170 2242 meam,
1203 2182 1473 2230 introduxit
1500 2198 1579 2229 me
1611 2192 1662 2229 ut
1692 2192 1871 2229 terram
1904 2181 2032 2229 hanc
2063 2181 2387 2246 possiderem,

229 2275 342 2307 cum
378 2270 577 2326 propter
603 2262 872 2327 impietates
904 2278 1014 2310 suas
1046 2263 1146 2310 istae
1182 2262 1347 2310 deletae
1385 2264 1480 2310 sint
1518 2263 1769 2324 nationeS,
1809 2273 1863 2310 ut
1898 2261 2164 2328 compleret
2186 2260 2391 2309 verbum

227 2356 371 2388 suum
392 2342 528 2406 quod
554 2341 796 2408 pollicitus
827 2352 898 2390 est
929 2342 1147 2408 patribus
1174 2344 1287 2391 tuis.
1308 2364 1331 2388 »
1361 2345 1492 2392 Scito
1516 2344 1661 2408 igitur
1682 2343 1820 2409 quod
1842 2360 1943 2392 non
1970 2352 2170 2409 propter
2187 2342 2390 2407 justitias

228 2430 335 2469 tuas
356 2425 488 2471 Deus
505 2422 694 2471 dederit
716 2423 805 2471 tibi
829 2423 956 2471 hanc
975 2433 1153 2472 terram
1172 2425 1408 2490 optimam
1429 2442 1542 2472 cum
1565 2425 1830 2472 durissimae
1847 2425 2049 2472 cervicis
2072 2424 2136 2471 sis
2154 2424 2384 2489 populus.

227 2502 330 2550 Noe
352 2520 469 2551 vero
491 2514 694 2569 propter
709 2505 943 2569 justitiam
957 2521 1114 2566 suam,
1139 2506 1375 2553 universis
1398 2505 1684 2553 hominibus
1707 2515 1879 2571 praeter
1902 2505 2107 2553 domum
2127 2520 2264 2552 suam
2279 2504 2388 2550 sub-

228 2584 402 2644 versis,
432 2585 772 2633 universorum
797 2602 903 2650 quae
926 2585 976 2633 in
1002 2596 1129 2634 terra
1156 2587 1233 2634 vel
1267 2587 1318 2634 in
1347 2588 1470 2635 mari
1502 2596 1615 2635 sunt
1647 2587 1939 2634 constitutus
1962 2595 2033 2633 est
2053 2585 2308 2644 dominus,
2342 2594 2387 2630 et

227 2665 393 2712 omnia
427 2666 471 2712 ei
505 2666 554 2713 in
589 2683 726 2714 esum
762 2676 934 2732 praeter
964 2669 1248 2732 sanguinem
1279 2684 1534 2729 concessa,
1577 2677 1628 2714 ut
1655 2668 1789 2732 juxta
1821 2668 1909 2714 Dei
1933 2665 2167 2714 beneficia
2200 2674 2386 2712 terrena

227 2762 333 2809 quae
353 2762 442 2793 vos
474 2746 796 2818 desiderastis,
825 2757 957 2795 tanto
981 2749 1201 2814 priorum
1225 2747 1442 2796 fidelium
1462 2749 1560 2795 vita
1586 2748 1729 2796 fuerit
1753 2748 1952 2809 felicior,
1980 2756 2164 2812 quanto
2190 2744 2388 2793 liberior

227 2835 275 2872 et
299 2826 536 2874 universis·
557 2836 756 2875 terrenae
781 2827 1092 2876 habitationis
1115 2828 1376 2876 dominans
1394 2829 1644 2876 creaturis.
1668 2831 1864 2894 Quanto
1886 2827 2050 2876 au'tem
2075 2830 2176 2875 Noe
2200 2836 2249 2874 et
2270 2843 2387 2874 suo-

227 2923 335 2954 rum
367 2907 465 2955 vita
499 2907 698 2956 liberior
729 2910 906 2957 exstitit
932 2926 1082 2974 quam
1106 2919 1288 2972 vestra,
1316 2910 1540 2958 nondum
1564 2909 1788 2958 videlicet
1815 2910 1934 2974 jugo
1965 2909 2081 2975 legis
2105 2918 2270 2957 vestrae
2300 2925 2386 2974 op—

224 3003 411 3051 pressa,
439 2998 574 3037 tanto
607 2999 655 3037 et
684 2999 850 3037 nostra
878 2989 1076 3038 liberior
1105 3000 1177 3038 est
1198 2991 1279 3039 illa
1309 2991 1555 3056 antiquior
1583 2991 1680 3038 vita
1711 3006 1856 3055 quam
1892 2990 2034 3039 nullis
2069 2989 2386 3038 exterioribus

224 3067 337 3116 dirae
367 3069 484 3133 legis
517 3069 748 3135 operibus
783 3071 1049 3135 constringi
1082 3072 1284 3137 potestis
1315 3061 1623 3130 convincere.
1659 3074 1778 3131 Quoe
1814 3071 2012 3137 quidem
2046 3072 2111 3121 ab
2145 3072 2251 3137 ipso
2284 3073 2384 3120 Noe

225 3148 533 3213 inchoantes,
566 3151 645 3198 cui
674 3151 735 3199 de
768 3150 1056 3200 abstinentia
1080 3152 1324 3217 sanguinis
1347 3153 1482 3218 prior
1505 3152 1580 3201 lex
1614 3153 1831 3201 instituta
1862 3163 1950 3214 est,
1983 3152 2236 3218 diligenter
2263 3169 2380 3198 con-

270 3333 276 3351 ¹
293 3331 418 3373 cenes„
440 3342 512 3375 cap.
532 3342 585 3377 ix,
604 3344 633 3367 v.
653 3338 706 3370 26.
725 3354 762 3360 --—
780 3336 903 3376 ²Ibid.,
921 3346 992 3378 cap.
1013 3346 1047 3378 v,
1065 3347 1095 3370 v.
1114 3340 1166 3372 24.
1181 3339 1400 3380 —³Deuter.,
1417 3347 1493 3380 cap,
1508 3347 1558 3378 ix,
1587 3348 1617 3371 v.
1636 3341 1671 3380 4,
1696 3341 1727 3372 6.
