2638 3866
237 213 331 263 660
1042 213 1211 260 PETRI
1246 210 1564 261 ABAELARDI

236 325 437 380 tumque
459 313 726 362 dilectionis
748 313 908 360 sinum
926 313 1001 360 lex
1020 312 1125 378 ipsa
1147 312 1290 373 laxat,
1315 322 1370 360 ut
1391 330 1481 362 nec
1501 313 1615 379 ipsis
1635 313 1838 362 inimicis
1857 315 1932 363 vel
1954 315 2196 380 injuriosis
2212 316 2370 365 desint

234 396 382 459 ipsius
426 393 676 441 beneficia.
717 396 786 440 De
821 393 1001 458 quibus
1044 410 1178 440 nunc
1210 393 1371 458 aliqua
1410 394 1732 459 proferamus¹
1763 412 1774 442 ε
1815 415 1838 439 (ι
1858 395 1906 442 Si
1941 397 2207 444 occurreris
2253 397 2370 445 bovi

233 475 410 521 inimici
437 474 508 520 tui
539 482 621 520 aut
650 473 784 520 asino
816 473 1016 534 erranti,
1045 473 1194 521 reduc
1222 474 1283 520 ei.
1316 474 1364 520 Si
1391 474 1566 522 videris
1594 475 1783 523 asinum
1802 475 2009 523 odientis
2031 486 2078 523 te
2093 477 2252 540 jacere
2277 478 2368 526 sub

232 571 395 612 onere,
422 569 522 600 non
553 551 882 617 pertransibis,
915 552 999 600 sed
1025 552 1297 601 sublevabis
1318 570 1432 601 cum
1461 570 1539 602 eo.
1568 555 1821 620 Peregrino
1848 556 2078 603 molestus
2111 572 2213 603 non
2245 557 2364 617 eris,

231 646 276 682 et
297 635 387 699 ipsi
419 633 656 699 peregrini
681 632 830 680 fuistis
853 634 903 680 in
938 644 1064 681 terra
1085 635 1295 699 AEgypti.
1329 637 1436 682 Non
1459 652 1641 701 quaeras
1671 635 1908 684 ultionem
1937 653 2028 685 nec
2060 653 2248 685 memor
2275 638 2368 685 eris

228 715 410 778 injuriae
438 713 615 761 civium
639 716 876 761 tuorum’.
903 714 952 760 Si
974 713 1262 762 habitaverit
1293 714 1478 764 advena
1505 716 1555 763 in
1584 726 1711 764 terra
1731 726 1889 764 vestra
1911 726 1960 764 et
1989 726 2204 765 moratus
2227 716 2370 764 fuerit

227 796 350 842 inter
374 812 478 854 vos,
497 811 558 841 ne
577 793 849 859 exprobetis
872 795 934 850 ei,
956 794 1039 843 sed
1063 795 1123 842 sit
1144 795 1270 843 inter
1282 812 1369 843 vos
1391 797 1527 861 quasi
1542 795 1786 862 indigena,
1803 806 1852 844 et
1875 795 2077 860 diligetis
2098 813 2211 844 eum
2232 798 2369 862 quasi

228 885 412 922 vosmet
432 876 582 940 ipsos,
620 874 771 921 fuistis
804 875 934 922 enim
966 885 1015 923 et
1038 892 1125 923 vos
1156 875 1354 924 advenae
1382 877 1431 924 in
1463 887 1592 925 terra
1613 877 1821 942 AEgypti.
1850 879 1950 941 Ego
1974 877 2212 925 Dominus
2238 880 2368 925 Deus

226 966 396 1003 vester.
419 978 442 999 υ
476 959 532 1002 Et
562 954 696 1002 alibi³
721 973 732 1001 :
764 958 916 1003 «Non
949 955 1153 1004 deerunt
1182 974 1418 1022 pauperes
1450 958 1501 1004 in
1534 967 1662 1006 terra
1693 957 2004 1006 habitationis
2033 966 2223 1017 vestrae3
2254 957 2365 1005 ideo

224 1036 447 1101 praecipio
471 1035 559 1083 tibi
580 1046 633 1083 ut
655 1036 838 1101 aperias
859 1052 1058 1083 manum
1082 1036 1214 1084 fratri
1238 1047 1325 1084 tuo
1353 1047 1400 1085 et
1421 1054 1575 1101 egeno
1592 1047 1640 1085 et
1659 1038 1862 1104 pauperi
1880 1038 1965 1102 qui
1986 1048 2148 1085 tecum
2170 1053 2365 1086 versan-

225 1127 301 1163 tur
328 1117 378 1163 in
404 1127 543 1164 terra.
575 1137 597 1160 >³
622 1119 690 1163 Ex
711 1116 787 1163 his
804 1116 1051 1182 perpende
1065 1154 1078 1178 ,
1104 1116 1326 1178 obsecro,
1350 1127 1586 1183 quantum
1605 1118 1830 1166 extendat
1848 1118 1923 1166 lex
1940 1127 2040 1165 tam
2062 1117 2125 1165 ad
2143 1117 2368 1166 homines

221 1212 367 1261 quam
402 1196 464 1244 ad
498 1199 655 1244 Deum
690 1196 960 1244 dilectionis
992 1196 1246 1254 affectum,
1281 1206 1335 1244 ut
1368 1208 1503 1246 tuam
1535 1198 1680 1246 etiam
1721 1199 1879 1262 legem
1911 1214 2059 1263 quam
2097 1197 2365 1246 naturalem

220 1276 429 1342 appellas
451 1277 500 1323 in
522 1287 683 1324 nostra
705 1277 932 1324 concludi
952 1293 1234 1342 cognoscas,
1263 1288 1318 1325 ut
1336 1279 1376 1325 si
1398 1278 1490 1326 alia
1509 1295 1706 1344 quoque
1729 1288 1968 1326 cessarent
1985 1287 2239 1344 praecepta,
2261 1277 2365 1326 haec

219 1374 322 1421 quae
356 1358 575 1422 perfectae
613 1357 885 1405 dilectionis
919 1367 1031 1405 sunt
1058 1357 1200 1405 nobis
1229 1358 1374 1406 etiam
1406 1359 1529 1406 sicut
1564 1369 1611 1407 et
1636 1359 1772 1407 vobis
1799 1359 1859 1407 ad
1891 1358 2205 1406 salvationem
2230 1357 2363 1410 suffi-

218 1448 395 1485 cerent.
421 1438 608 1496 Quibus
641 1447 687 1485 et
715 1440 901 1504 priores
926 1449 1086 1504 patres
1118 1449 1312 1486 nostros
1343 1439 1530 1497 salvari,
1562 1456 1662 1487 non
1690 1438 1952 1503 denegatiS‚
1982 1448 2038 1486 ut
2054 1448 2188 1486 tanto
2215 1438 2366 1501 magis

217 1518 356 1566 nobis
391 1519 618 1566 securitas
662 1519 981 1583 relinquatur,
1020 1529 1201 1584 quanto
1243 1519 1552 1585 superaddita
1588 1529 1745 1568 cetera
1772 1519 1888 1584 legis
1924 1527 2164 1585 praecepta
2197 1518 2367 1566 arctio·

215 1616 318 1645 rem
361 1599 500 1646 nobis
543 1600 692 1646 vitam
736 1600 1058 1647 instituerunt.
1105 1602 1222 1658 Quae
1257 1601 1455 1665 quidem
1491 1600 1677 1648 additio
1713 1618 1815 1648 non
1855 1610 1955 1647 tam
1989 1598 2050 1646 ad
2086 1609 2365 1646 sanctorum

215 1695 407 1725 morum
439 1678 719 1742 religionem
745 1696 889 1744 quam
920 1680 983 1727 ad
1007 1696 1112 1727 eam
1138 1681 1285 1727 tutius
1309 1680 1623 1729 muniendam
1653 1681 1772 1728 mihi
1793 1681 2034 1746 pertinere
2055 1677 2261 1726 videtur.
2289 1678 2364 1727 Ad

216 1776 412 1806 omnem
448 1760 629 1824 quippe
664 1760 813 1806 animi
850 1760 1077 1807 virtutem
1112 1777 1223 1808 vera
1263 1762 1353 1808 Dei
1389 1771 1436 1809 et
1470 1761 1731 1808 hominum
1767 1761 1960 1808 dilectio
1995 1758 2187 1807 sufficit.
2230 1761 2288 1806 Et
2323 1760 2363 1806 si

215 1839 372 1886 desint
398 1855 564 1904 opera,
583 1850 744 1887 tamen
765 1839 896 1887 bona
914 1857 970 1887 ac
989 1840 1196 1904 perfecta
1212 1840 1452 1903 voluntas,
1473 1841 1646 1888 merito
1668 1856 1977 1905 nequaquam
1999 1839 2251 1887 minuitur.
2268 1839 2364 1887 Sed

214 1921 334 1967 sicut
371 1920 479 1968 loco
514 1937 605 1967 nos
636 1922 873 1968 Dominus
911 1920 973 1968 ab
1008 1919 1283 1967 infidelibus
1318 1937 1540 1986 separare
1573 1921 1754 1982 voluit,
1796 1938 1859 1968 ne
1894 1937 1981 1986 per
2015 1921 2144 1985 ipsos
2183 1919 2363 1967 scilicet

214 2017 655 2066 corrumperemur,
689 2001 755 2048 ita
777 2010 824 2048 et
849 2017 1055 2066 operum
1083 2000 1281 2060 ritibus,
1314 2010 1366 2048 ut
1388 2001 1512 2062 dixi,
1543 2000 1819 2048 faciendum
1847 2017 1949 2048 esse
1982 2000 2211 2048 decrevit.
2239 2001 2362 2047 Cum

213 2097 325 2145 ergo
363 2080 632 2129 dilectionis
663 2081 892 2146 perfectio
924 2081 988 2128 ad
1014 2080 1370 2128 beatitudinem
1391 2097 1555 2128 veram
1578 2081 1955 2146 promerendam
1978 2079 2211 2138 sufficiat,
2246 2096 2361 2145 pro·

211 2161 335 2208 fecto
369 2161 585 2208 arctioris
619 2161 728 2207 vitae
765 2160 1074 2226 superaddita
1108 2171 1344 2226 praecepta
1378 2161 1454 2208 vel
1486 2161 1536 2208 in
1574 2160 1666 2208 hac
1705 2162 1801 2208 vita
1830 2159 2028 2217 saltem,
2067 2159 2251 2225 aliquid
2285 2160 2360 2207 in-

211 2259 354 2306 super
376 2241 595 2289 obtinere
619 2240 915 2302 debuerunt,
939 2251 992 2288 ut
1015 2243 1192 2289 terreni
1216 2258 1413 2307 quoque
1435 2240 1659 2289 beneficii
1682 2241 1856 2289 solatio
1879 2241 2134 2289 alacriores
2155 2250 2202 2288 et
2223 2256 2361 2287 secu-

209 2323 357 2369 riores
385 2323 436 2368 in
468 2325 625 2369 Deum
656 2321 972 2383 efficeremur,
1010 2332 1057 2370 et
1085 2339 1198 2370 cum
1222 2332 1511 2386 augerentur
1542 2339 1653 2386 erga
1684 2339 1776 2370 nos
1807 2322 1909 2386 ejus
1939 2321 2098 2382 dona,
2126 2330 2361 2369 cresceret

209 2405 257 2450 in
287 2420 399 2450 eum
428 2403 624 2450 devotio
658 2413 850 2463 nostra,
877 2413 926 2450 et
959 2402 1228 2450 infidelium
1263 2403 1476 2468 populus
1505 2414 1731 2451 externus
1760 2404 1843 2467 qui
1870 2403 1971 2450 haec
1993 2402 2200 2463 videret,
2233 2418 2359 2449 com-

211 2483 368 2531 modis
399 2485 572 2531 nostris
598 2483 660 2531 ad
682 2484 867 2531 cultum
896 2484 985 2531 Dei
1008 2484 1190 2532 facilius
1219 2484 1518 2531 invitaretur.
1541 2484 1688 2544 Quod
1717 2499 1832 2531 vero
1856 2483 2096 2530 Dominus
2119 2482 2168 2528 in
2196 2497 2359 2528 remu-

211 2566 456 2612 neratione
474 2565 590 2629 legis
614 2565 783 2630 saepius
806 2564 881 2612 vel
904 2565 1116 2630 apertius
1138 2574 1331 2612 terrena
1348 2563 1584 2612 beneficia
1606 2580 1752 2628 quam
1774 2573 1950 2610 aeterna
1971 2577 2357 2609 commemorare

211 2645 416 2706 videtur,
459 2646 665 2692 maxime
706 2655 904 2710 propter
944 2646 1188 2692 carnalem
1233 2644 1395 2692 adhuc
1434 2644 1760 2708 rebellemque
1800 2643 2066 2709 populum,
2114 2657 2262 2713 quem
2296 2641 2358 2689 de

213 2727 458 2790 opulentia
480 2726 672 2792 AEgypti
707 2743 852 2791 super
880 2743 977 2790 qua
1006 2727 1182 2790 jugiter
1218 2725 1576 2787 murmurabat,
1610 2725 1672 2772 ad
1703 2724 2016 2790 asperrimam
2049 2720 2358 2770 solitudinem

211 2805 461 2866 educebat,
486 2805 664 2853 factum
679 2823 780 2853 esse
796 2807 1047 2871 intelliges.
1071 2806 1479 2872 Superfluumque
1498 2805 1550 2854 id
1565 2806 1615 2853 in
1633 2805 1955 2871 promissione
1974 2817 2360 2851 commemorare,

211 2885 478 2945 videbatur,
501 2885 561 2933 de
579 2896 755 2935 aeterna
771 2887 949 2935 scilicet
967 2887 1283 2949 beatitudine,
1308 2903 1457 2952 quam
1475 2887 1620 2935 etiam
1640 2887 1742 2934 sine
1759 2885 1876 2950 legis
1896 2884 2155 2932 traditione
2173 2882 2358 2947 priores

213 2973 322 3011 ante
357 2965 606 3013 constabat
638 2967 839 3032 adeptos
864 2985 981 3016 esse.
1008 2968 1196 3015 Deinde
1219 2977 1400 3032 quanta
1431 2967 1548 3031 legis
1577 2968 1638 3014 sit
1667 2966 1898 3032 perfectio
1922 2964 2019 3011 hoc
2050 2979 2151 3011 uno
2187 2961 2356 3024 collige

211 3042 329 3103 fine,
367 3043 427 3090 de
462 3062 558 3108 quo
582 3047 631 3092 in
662 3048 934 3095 novissimis
958 3050 1146 3112 Moyses
1178 3047 1255 3094 his
1291 3047 1455 3094 scribit
1483 3046 1670 3094 verbis'·
1696 3064 1706 3092 :
1740 3066 1763 3089 c<
1791 3048 1849 3092 Et
1870 3061 2018 3105 nunc,
2056 3042 2215 3102 Israel,
2243 3039 2354 3087 audi

211 3133 447 3188 praecepta
480 3134 526 3171 et
556 3125 754 3187 judicia,
789 3144 893 3190 quae
928 3144 1016 3190 ego
1052 3127 1256 3175 doceam
1286 3137 1361 3187 te,
1399 3138 1491 3175 etc.
1528 3131 1634 3174 Non
1669 3126 1853 3174 addetis
1890 3124 1953 3173 ad
1984 3122 2187 3170 verbum
2219 3118 2352 3184 quod

255 3310 262 3327 ¹
279 3308 404 3350 Exod„
423 3317 494 3349 cap.
510 3316 651 3350 xx111,v.
669 3309 745 3341 4⁴—
760 3310 771 3328 ²
787 3311 886 3343 Levit.
901 3335 908 3351 ,
924 3320 995 3352 cap.
1010 3319 1089 3353 mx,
1103 3321 1131 3344 v.
1149 3314 1200 3346 33.
1216 3327 1257 3337 -—
1272 3313 1282 3333 ³
1299 3312 1448 3353 Denter„
1473 3320 1546 3352 cap.
1565 3320 1620 3352 xv,
1638 3320 1669 3343 v.
1697 3311 1809 3343 11.--4
1823 3308 1931 3350 Ιϋίά.,
1954 3317 2028 3349 cap.
2058 3316 2107 3349 iv,
2129 3308 2189 3340 v.1
2209 3312 2241 3339 et
2256 3309 2287 3339 2,
