2638 3866
311 200 373 246 30
1108 199 1278 246 PETRI
1319 198 1629 247 ABAELARDI

316 316 339 342 «
362 296 690 345 seductionem
714 297 980 344 secundum
1002 298 1236 345 elementa
1272 297 1456 346 mundi.
1481 318 1505 342 »
1532 295 1717 345 Deinde
1738 311 1799 343 ne
1825 310 1992 342 omnes
2012 293 2129 341 tales
2152 292 2424 354 arbitretur,

311 376 439 423 aliud
463 377 595 424 audit
619 376 680 424 ab
703 376 874 424 eodem
908 377 1137 442 Apostolo
1171 377 1232 426 de
1261 377 1597 442 quibusdam¹,
1627 394 1651 421 «
1679 376 1792 440 quia
1827 373 1961 440 quod
1990 382 2160 421 notum
2197 383 2268 420 est
2305 374 2423 434 Dei,

313 476 336 501 «
358 457 660 503 manifestum
682 466 752 504 est
772 457 822 503 in
847 456 954 519 illis,
975 468 1066 505 etc.
1091 477 1113 502 »
1136 460 1191 504 Et
1212 457 1296 504 ubi
1313 457 1678 505 Atheniensibus
1699 455 1918 519 loquens,
1945 470 2055 501 cum
2080 469 2182 501 rem
2203 469 2427 516 magnam

309 536 369 583 de
386 540 489 582 Deo
512 536 728 596 dixisset,
757 546 803 584 et
826 555 930 602 quae
969 554 997 585 a
1020 538 1183 603 paucis
1206 546 1364 603 posset
1385 537 1600 601 intelligi²
1624 555 1635 584 :
1662 555 1686 581 «
1711 535 1857 594 Quod
1887 535 1936 581 in
1959 533 2041 581 illo
2064 533 2291 592 vivimus,
2322 549 2429 579 mo·-

313 637 334 658 «
361 631 528 662 vemur
557 626 604 663 et
639 633 820 679 sumus,
848 636 872 661 »
897 617 1085 682 adjecit,
1116 639 1137 661 «
1165 618 1285 665 sicut
1309 626 1356 664 et
1377 618 1519 665 vestri
1541 617 1738 681 quidam
1760 615 1997 663 dixerunt.
2027 632 2051 659 >›
2075 613 2208 660 Idem
2231 614 2281 660 in
2304 612 2428 661 libro

308 694 365 740 de
398 697 582 759 Spiritu
612 706 663 743 et
682 698 859 743 Littera
889 715 898 743 :
940 718 963 741 «
988 698 1095 745 Vita
1117 698 1304 763 sapiens
1327 687 1432 762 quae
1459 697 1568 745 fecit
1588 695 1847 756 mundum,
1883 693 2208 758 contemplato
2243 692 2428 741 mundo

309 774 599 839 intelligitur.
629 778 872 840 Interroga
907 777 1145 824 mundum
1165 787 1212 824 et
1236 787 1460 825 ornatum
1483 777 1618 838 coeli,
1652 786 1826 823 terram
1855 774 2220 822 fructificantem
2244 772 2424 831 herbis,

307 864 352 900 et
391 854 529 918 lignis
569 865 616 902 et
656 855 938 904 animalibus
969 857 1160 922 plenam
1179 894 1191 917 ,
1236 873 1367 904 mare
1402 858 1591 922 quantis
1623 855 1892 904 natantibus
1922 854 2120 920 plenum
2153 862 2240 913 est,
2269 869 2428 901 aerem

307 935 499 997 quantis
519 934 812 992 volatilibus,
838 936 1078 999 interroga
1100 937 1263 984 omnia
1285 946 1331 984 ct
1364 937 1472 984 vide
1505 937 1543 983 si
1578 953 1677 983 non
1706 936 1869 983 omnia
1889 935 2046 1001 specie
2080 950 2168 980 sua
2197 943 2429 997 tanquam

306 1030 425 1060 voce
441 1013 529 1061 tibi
551 1015 873 1079 respondeant
900 1034 910 1062 :
937 1035 960 1061 «
986 1018 1115 1064 Deus
1145 1034 1234 1063 nos
1262 1017 1385 1064 fecit.
1425 1035 1448 1061 »
1475 1019 1582 1064 Haec
1609 1015 1886 1080 Philosophi
1907 1014 2095 1062 nobiles
2117 1014 2425 1078 quaesierunt,

307 1103 353 1140 et
388 1110 445 1140 ex
473 1105 572 1141 arte
605 1095 835 1142 artificem
862 1106 1208 1159 cognoverunt.
1240 1117 1262 1140 >³
1287 1096 1496 1144 Isidorus
1526 1095 1583 1142 de
1616 1099 1810 1142 Summo
1838 1094 1982 1154 bono,
2007 1093 2091 1141 lib.
2116 1097 2154 1153 1,
2182 1110 2288 1159 cap.
2326 1095 2424 1139 1v³t

307 1173 438 1220 Sicut
474 1173 575 1221 laus
592 1175 758 1239 ‘operis
782 1175 831 1221 in
856 1174 1085 1222 artificem
1108 1186 1353 1240 retorquet
1382 1175 1574 1223 laudem
1590 1213 1602 1237 ,
1630 1176 1694 1223 ita
1719 1185 1767 1222 et
1789 1191 1949 1222 rerum
1973 1183 2160 1221 creator
2180 1190 2268 1238 per
2290 1189 2429 1220 crea-

307 1247 460 1299 turam
506 1270 641 1300 suam
683 1254 926 1316 laudatur,
965 1264 1013 1301 et
1052 1265 1234 1320 quanto
1284 1257 1342 1302 sit
1383 1255 1689 1303 excellentior
1723 1271 1779 1301 ex
1817 1254 1917 1319 ipsa
1958 1253 2116 1318 operis
2152 1253 2432 1300 conditione

307 1342 615 1380 monstratur.
644 1353 666 1376 2>
704 1337 820 1380 Item
855 1351 865 1379 ε
905 1355 926 1377 «
956 1334 1241 1382 Collaudant
1269 1338 1425 1382 Deum
1452 1344 1499 1382 et
1521 1334 1813 1382 insensibilia
1844 1350 1931 1398 per
1952 1349 2064 1394 nOS,
2102 1333 2219 1380 dum
2242 1348 2299 1380 ea
2319 1348 2434 1381 con-

309 1411 568 1460 siderantes
599 1416 753 1460 Deum
781 1413 1047 1461 laudamus.
1077 1415 1309 1461 Dixerunt
1340 1415 1525 1479 antiqui
1557 1431 1568 1459 t
1604 1415 1717 1478 quia
1745 1413 1864 1460 nihil
1888 1414 1946 1461 sit
1968 1413 2099 1477 quod
2113 1429 2213 1460 non
2238 1430 2432 1461 sensum

307 1491 479 1539 habeat
512 1493 561 1539 in
595 1495 764 1540 Deum.
795 1512 818 1537 »
849 1495 998 1540 Nemo
1032 1493 1191 1558 itaque
1216 1494 1431 1554 miretur,
1466 1495 1504 1540 si
1535 1494 1595 1541 ab
1621 1494 1735 1559 ipsis
1758 1509 1953 1558 quoque
1980 1492 2314 1558 Philosophis,
2350 1494 2432 1558 qui

308 1582 377 1619 tot
395 1583 670 1621 sanctorum
686 1573 1026 1621 assertionibus
1050 1574 1111 1622 ad
1135 1574 1393 1622 divinitatis
1416 1575 1638 1623 notitiam
1658 1575 1764 1639 ipso
1792 1575 1935 1622 etiam
1957 1574 2168 1620 Domino
2194 1574 2433 1622 revelante

306 1653 720 1713 conscenderunt,
757 1653 1025 1700 testimonia
1058 1653 1361 1701 inducarnus.
1403 1655 1534 1702 Licet
1571 1671 1740 1702 eorum
1772 1653 1967 1719 plurimi
2000 1654 2062 1701 ab
2095 1654 2202 1719 ipso
2238 1671 2433 1719 quoque

309 1733 533 1797 Apostolo
560 1735 763 1797 graviter
784 1744 1065 1798 arguantur,
1100 1751 1159 1781 eo
1187 1735 1339 1799 quod,
1366 1736 1501 1799 juxta
1526 1735 1644 1781 illud
1671 1734 1805 1798 quod
1833 1735 2035 1800 ipsemet
2063 1735 2149 1781 ait⁴
2180 1753 2190 1781 ε
2225 1756 2247 1779 c<
2273 1736 2434 1782 Scien—

305 1813 369 1859 tia
391 1813 547 1875 inflat,
579 1834 602 1858 »
634 1831 691 1862 ex
712 1815 816 1879 ipsa
838 1814 1009 1861 divinae
1033 1815 1211 1861 notitiae
1235 1816 1545 1880 praerogativa
1567 1814 1893 1880 superbiendo
1927 1813 2121 1879 reprobi
2152 1814 2260 1862 facti
2283 1826 2395 1862 sunt
2419 1835 2429 1862 :

306 1909 405 1939 non
424 1894 552 1940 enim
576 1911 658 1941 eos
680 1895 729 1941 in
754 1894 972 1960 exemplo
997 1894 1190 1942 vivendi
1214 1894 1309 1942 hoc
1344 1896 1454 1942 loco
1487 1895 1795 1956 assumimus,
1834 1895 1918 1942 sed
1956 1894 2167 1942 docendi
2197 1896 2296 1942 sive
2326 1913 2432 1943 cre-

305 1972 471 2033 dendi,
497 1974 617 2021 sicut
636 1984 682 2021 et
706 1975 1013 2022 Salomonem
1032 1974 1324 2038 frequenter,
1359 1976 1493 2038 cujus
1525 1985 1687 2023 tamen
1715 1975 1955 2039 sapientiae
1984 1974 2263 2022 excellentia
2286 1976 2434 2040 ipsius

305 2052 450 2100 etiam
468 2054 664 2100 Domini
683 2054 955 2101 testimonio
972 2053 1199 2100 omnibus
1218 2055 1534 2119 praeferenda,
1557 2070 1644 2119 per
1666 2054 2104 2119 concupiscentiam
2124 2055 2434 2120 carnalesque

304 2131 569 2198 voluptates
593 2134 776 2181 devicta
797 2132 1025 2182 idolatriae
1046 2134 1311 2193 consensit,
1338 2133 1504 2181 divino
1528 2133 1659 2181 cultu
1684 2132 1929 2193 derelicto,
1952 2150 2097 2198 quem
2116 2135 2168 2182 in
2192 2135 2436 2200 scripturis

305 2213 399 2259 suis
423 2223 470 2259 et
493 2213 699 2261 docebat
727 2223 774 2261 et
794 2213 1107 2279 praedicabat3
1133 2213 1194 2261 ad
1218 2226 1363 2278 quem
1401 2214 1544 2261 etiam
1580 2214 1759 2260 cultum
1789 2214 1880 2261 Dei
1902 2213 2312 2278 magnificandum
2334 2216 2437 2280 ipse

301 2293 434 2355 jussu
456 2294 544 2340 Dei
563 2293 794 2358 templum
817 2293 1088 2354 aedificavit,
1111 2310 1139 2341 a
1163 2311 1261 2359 quo
1283 2303 1417 2359 pater
1441 2294 1539 2357 ejus
1555 2293 1711 2357 justus
1737 2293 1969 2340 inhibitus
1991 2294 2096 2341 fuit.
2119 2297 2250 2341 Deus
2277 2304 2436 2342 autem

305 2371 521 2437 reprobis
549 2383 595 2420 et
619 2373 892 2421 infidelibus
921 2390 1274 2438 nonnunquam
1297 2373 1504 2421 maxima
1529 2373 1658 2420 dona
1679 2373 1945 2434 distribuit,
1971 2390 2075 2437 quae
2098 2374 2302 2421 aliorum
2320 2374 2437 2422 doc·

307 2452 438 2500 trinae
469 2452 543 2500 vel
568 2453 673 2500 usui
693 2454 959 2502 necessaria
981 2453 1082 2500 fore
1107 2452 1268 2515 videt3
1302 2469 1392 2500 nec
1426 2469 1526 2499 non
1562 2462 1607 2499 et
1646 2469 1732 2517 per
1765 2452 2000 2517 reprobos
2034 2455 2184 2501 multa
2205 2454 2438 2502 miracula

308 2542 557 2595 operatur,
584 2532 644 2580 de
666 2532 840 2598 quihus
860 2533 1042 2581 Veritas
1064 2533 1114 2580 in
1138 2532 1441 2596 Evangelio³z
1468 2551 1491 2577 κ
1506 2530 1642 2579 Multi
1660 2532 1822 2579 dicent
1844 2532 1963 2579 mihi
1984 2534 2033 2579 in
2054 2533 2134 2581 illa
2154 2533 2234 2580 die
2257 2551 2268 2579 ε
2295 2554 2317 2577 «
2340 2536 2435 2581 Do-

314 2629 333 2651 «
360 2611 505 2672 mine,
528 2613 751 2673 Domine,
777 2629 943 2659 nonne
963 2612 1011 2659 in
1035 2612 1233 2659 nomine
1254 2621 1339 2658 tuo
1359 2611 1770 2677 prophetavimus,
1794 2621 1840 2659 et
1858 2612 1906 2659 in
1925 2613 2124 2660 nomine
2147 2621 2233 2660 tuo
2257 2613 2435 2661 daemo-

315 2707 336 2731 «
360 2689 439 2736 nia
469 2691 716 2753 ejecimus,
742 2701 788 2739 et
819 2693 868 2738 in
899 2691 1096 2738 nomine
1117 2698 1203 2739 tuo
1227 2691 1424 2739 virtutes
1448 2691 1623 2739 multas
1646 2691 1879 2739 fecimus?
1903 2711 1926 2735 »
1953 2695 2010 2739 Et
2030 2702 2146 2740 tunc
2166 2692 2436 2741 confitebor

316 2766 406 2813 illis
432 2785 442 2813 :
474 2788 496 2813 «
524 2771 646 2826 Quia
669 2787 770 2817 non
795 2771 910 2818 novi
935 2787 1047 2829 vos,
1074 2770 1301 2819 discedite
1323 2786 1351 2817 a
1374 2786 1451 2817 me
1471 2786 1639 2818 omnes
1660 2771 1743 2834 qui
1767 2771 2033 2836 operamini
2059 2772 2378 2837 iniquitatem.
2409 2792 2431 2816 κ

315 2849 444 2893 Deus
463 2857 620 2894 autem
645 2866 755 2895 cum
779 2866 865 2916 per
887 2849 1121 2915 reprobos
1135 2859 1216 2898 aut
1229 2849 1458 2898 miracula
1475 2849 1703 2912 ostendit,
1719 2860 1801 2897 aut
1817 2850 2092 2916 prophetias
2107 2852 2338 2918 loquitur,
2350 2862 2442 2899 ·aut

317 2924 535 2988 quaelibet
556 2943 726 2990 magna
750 2939 996 2993 operatur,
1023 2946 1124 2976 non
1146 2929 1242 2977 hoc
1269 2929 1331 2976 ad
1356 2929 1604 2977 utilitatem
1635 2930 1853 2995 ipsorum
1876 2930 2056 2994 agitur⁶
2087 2931 2262 2996 quibus
2287 2931 2439 2977 'utitur

317 3013 545 3068 tanquam
567 3007 813 3069 ministris,
841 3007 925 3055 sed
948 3009 1105 3073 potius
1127 3008 1355 3071 aliorum,
1384 3025 1506 3072 quos
1528 3010 1762 3058 instruere
1783 3026 1870 3074 per
1891 3010 2007 3057 istos
2029 3010 2249 3058 intendit.
2281 3011 2375 3069 Qui
2394 3020 2441 3056 et

363 3197 489 3237 ¹Rom„
505 3206 576 3238 cap.
598 3207 622 3238 ι,
638 3207 668 3230 v.
686 3201 716 3232 8.
734 3200 863 3232 —²Act.
883 3202 1012 3242 Apost„
1036 3210 1106 3242 cap.
1125 3211 1203 3240 xvn,
1230 3213 1259 3235 ν.
1287 3205 1338 3236 28.
1415 3219 1453 3225 —-
1468 3203 1616 3243 ⁵Matth.,
1642 3211 1713 3243 cap.
1734 3211 1789 3241 vn,
1815 3212 1843 3232 v,
1872 3204 1923 3236 22.
1944 3219 1980 3224 -——
1995 3202 2006 3222 ⁶
2021 3202 2072 3234 Sic
2089 3201 2168 3234 Cod.
2194 3200 2275 3233 vict.
2302 3199 2337 3233 ln
2355 3201 2444 3234 Edit.-

320 3267 359 3273 -—
376 3251 387 3270 ³
405 3251 503 3292 01η)Ἶ
520 3256 543 3283 t.
563 3251 617 3291 vl,
635 3261 667 3292 p.
690 3254 758 3285 121.
778 3269 811 3276 -—
835 3255 844 3271 ⁴
866 3252 889 3290 l,
905 3254 1071 3294 Corinth„
1088 3263 1159 3295 cap.
1178 3264 1245 3295 vni,
1264 3265 1293 3286 v.
1314 3257 1342 3288 1.
1416 3256 1589 3288 Amb.Pro
1600 3255 1851 3297 ayiturleqitur
1861 3256 2438 3296 aqereq=1odnultumsensumerfictt.
