2638 3866
905 202 962 250 IN
997 201 1328 249 EI'ISTOLAM
1363 200 1445 248 AD
1479 199 1781 249 ROMANOS.
2327 203 2414 249 221

268 304 387 353 dum
418 303 690 353 Salomonis
710 302 913 363 monita,
938 319 1041 350 non
1071 302 1242 368 recipit
1269 302 1571 350 auditionem
1594 317 1787 362 vanam,
1816 310 1864 348 et
1886 299 2252 348 incircumcisus
2283 301 2423 350 labiis

267 385 459 448 dicitur,
485 385 570 450 qui
592 401 692 433 non
722 383 1077 432 circumciderit
1097 382 1470 449 blasphemiam,
1494 382 1849 444 scurrilitatem,
1876 382 2227 448 turpiloquium
2249 381 2311 430 de
2338 400 2423 432 ore

266 484 374 529 suo,
409 466 495 532 qui
517 482 619 514 non
651 465 868 531 posuerit
898 465 971 512 ori
997 481 1087 512 suo
1115 463 1405 512 custodiam.
1432 465 1530 510 Cur
1562 479 1665 510 non
1694 462 1839 509 simili
1867 462 2023 511 forma
2057 464 2421 512 incircumcisus

264 547 501 613 praeputio
536 546 694 595 carnis
722 563 818 594 suae
849 545 1037 594 dicatur
1067 546 1153 611 qui
1184 561 1298 610 erga
1332 543 1601 592 naturalem
1637 544 1793 591 coitus
1830 553 2018 592 motum
2055 545 2421 603 immoderatius

263 627 445 689 effluit3
474 627 785 675 circumcisus
816 643 932 675 vero
957 625 1195 675 habeatur
1217 627 1302 692 qui
1324 624 1607 691 hujusmodi
1631 624 1826 689 negotio
1847 625 2085 689 legitimis,
2111 636 2158 673 et
2180 637 2418 691 quantum

263 708 531 774 posteritati
571 707 771 771 sufficit,
810 717 974 756 utatur
1009 706 1213 756 officiis?
1254 706 1396 755 Unde
1438 706 1674 772 quoniam
1715 705 1778 753 de
1817 706 2194 755 circumcisionis
2232 709 2418 757 ratione

262 789 590 847 tractavimus,
625 800 673 837 et
707 788 827 837 illud
861 788 1122 855 adjungere
1148 805 1249 836 non
1274 787 1542 836 absurdum
1574 786 1838 847 videbitur,
1877 787 2012 852 quod
2049 787 2173 835 filius
2208 792 2336 838 Nave
2361 810 2416 840 ex

260 879 501 936 praecepto
525 870 723 918 Domini
757 869 883 919 filios
907 870 1051 918 Israel
1083 869 1299 918 secundo
1329 867 1686 916 circumcidisse
1719 861 1884 916 cultris
1915 869 2065 916 saxeis
2098 883 2414 921 memoratur.

260 950 406 1009 Quod
435 951 603 1017 utique
630 962 870 1017 quantum
900 950 963 999 ad
990 951 1199 998 litteram
1229 948 1526 1016 impossibile
1546 948 1754 996 videtur.
1786 949 1943 997 Semel
1970 950 2100 997 enim
2123 951 2416 1002 circumcisis

259 1030 308 1077 in
332 1048 480 1080 carne
498 1032 762 1099 praeputiis,
786 1032 907 1098 quid
929 1032 1146 1080 invenire
1174 1040 1334 1097 potest
1356 1029 1568 1078 secunda
1592 1028 1927 1078 circumcisio?
1950 1033 2085 1078 Jcsus
2107 1048 2224 1079 vero
2250 1044 2413 1083 noster

257 1112 341 1176 qui
380 1129 492 1161 vere
537 1123 648 1179 post
683 1116 885 1180 Moysen
921 1113 1046 1161 filios
1085 1113 1228 1160 Israel
1272 1113 1321 1159 in
1364 1122 1541 1159 terram
1585 1120 1799 1159 sanctam
1846 1110 2060 1172 induxit,
2102 1112 2299 1162 evidens
2341 1128 2411 1164 est

255 1193 509 1257 qu‘omodo
533 1194 748 1243 secundo
777 1194 1092 1242 circumcidat
1125 1192 1429 1241 credentium
1462 1192 1720 1259 populum.
1762 1192 1920 1239 Prima
1955 1201 2166 1258 namque
2203 1204 2274 1242 est
2310 1198 2408 1245 cir-

253 1275 504 1335 cumcisio,
542 1293 649 1341 quae
684 1275 747 1325 ab
780 1276 848 1324 eis
879 1276 955 1323 vel
986 1274 1232 1322 idolorum
1263 1274 1449 1322 cultum
1484 1273 1561 1320 vel
1596 1283 1872 1321 commenta
1904 1272 2251 1340 philosophicae
2288 1294 2406 1342 per-

251 1355 487 1404 suasionis
506 1358 728 1406 resecuit.
757 1357 980 1406 Secunda
1003 1366 1168 1405 autem
1184 1355 1356 1404 veteris
1379 1354 1591 1403 hominis
1614 1353 2015 1402 consuetudinem
2038 1371 2094 1402 ac
2115 1356 2231 1404 vitia
2251 1362 2407 1407 carnis

250 1435 470 1485 abscidit.
505 1442 566 1486 Et
598 1449 714 1487 tunc
748 1439 979 1505 impletur
1011 1438 1144 1504 quod
1178 1439 1228 1485 in
1259 1440 1371 1485 Jesu
1405 1439 1535 1484 Nave
1561 1436 1792 1502 scriptum
1823 1437 1916 1484 est¹
1942 1454 1952 1483 :
1975 1455 1999 1481 «
2018 1436 2174 1485 Hodie
2208 1455 2236 1487 a
2268 1441 2406 1488 vobis

253 1536 276 1561 «
291 1515 466 1566 abstuli
485 1520 752 1586 opprobria
764 1520 975 1586 AEgypti,
992 1540 1014 1563 ³>
1033 1519 1082 1567 id
1097 1528 1166 1567 est
1179 1518 1515 1584 AEgyptiorum
1539 1534 1726 1564 morem
1744 1526 1791 1564 et
1806 1526 1968 1564 motus
1984 1518 2133 1565 animi
2150 1518 2400 1570 barbaros.

248 1599 397 1646 Stoici
421 1600 558 1647 aiunt
584 1619 594 1648 :
618 1601 804 1649 Indicet
827 1601 1012 1666 aliquid
1034 1602 1290 1666 mysticum
1315 1600 1638 1660 circumcisiO,
1671 1609 1718 1647 et
1738 1597 1941 1664 figuram
1965 1608 2126 1648 teneat
2147 1601 2398 1666 allegoriae.

248 1680 381 1728 Itane
413 1682 645 1747 oportuit,
683 1692 735 1729 ut
769 1699 882 1729 cum
908 1698 1053 1747 poena
1076 1692 1124 1729 et
1152 1682 1369 1748 periculo
1395 1681 1735 1746 parvulorum,
1767 1697 1879 1727 cum
1910 1680 2202 1729 cruciatibus
2229 1693 2403 1732 tenera¹

246 1768 293 1806 et
318 1760 591 1809 innocentis
626 1762 855 1824 infantiae,
898 1761 1163 1827 figurarum
1204 1763 1385 1829 species
1420 1771 1468 1810 et
1505 1762 1621 1826 legis
1662 1761 1916 1826 aenigmata
1949 1761 2290 1810 crederentur?
2327 1768 2403 1814 Sic

245 1856 345 1888 non
378 1841 590 1890 habebat
626 1842 885 1908 legislator,
923 1843 1007 1891 ubi
1040 1843 1204 1891 firmas
1227 1844 1432 1908 justitias
1464 1852 1670 1909 poneret
1703 1842 1795 1889 nisi
1823 1842 1873 1888 in
1904 1841 2236 1892 deculcatione
2269 1838 2402 1894 vere-

241 1921 519 1970 cundorum
547 1923 788 1986 locorum,
823 1933 871 1972 et
897 1926 988 1972 Dei
1017 1925 1317 1989 signaculum
1348 1925 1440 1972 nisi
1472 1924 1521 1971 in
1561 1923 1800 1971 obscoenis
1831 1923 2086 1989 partibus?
2107 1927 2240 1974 Itane
2272 1929 2402 1976 Deus

242 2012 288 2050 et
306 2003 478 2052 ani'mae
497 2015 686 2054 creator
705 2016 752 2054 et
773 2006 1010 2072 corporis,
1035 2007 1282 2072 superfluo
1299 2023 1349 2054 se
1370 2006 1630 2072 plasmasse
1646 2014 1831 2070 partem
1851 2004 1980 2053 illam
2002 2007 2221 2071 corporis
2241 2019 2395 2069 notat,

241 2101 387 2148 quam
408 2086 730 2151 postmodum
749 2086 970 2136 abscindi
988 2087 1204 2148 mandat,
1233 2097 1279 2136 et
1297 2104 1383 2154 per
1403 2087 1691 2135 miserorum
1712 2086 1945 2151 supplicia
1961 2087 2214 2152 proprium
2237 2105 2398 2137 emen-

239 2163 323 2212 dat
342 2182 574 2229 errorem,
600 2178 684 2216 aut
706 2168 843 2232 quod
865 2168 1048 2215 utiliter
1064 2167 1174 2216 fecit
1191 2184 1292 2216 non
1319 2177 1447 2215 recte
1470 2166 1669 2214 mandat
1689 2166 1893 2213 auferri?
1915 2169 2189 2233 Propterea,
2213 2169 2252 2216 si
2271 2186 2396 2217 curae

239 2254 310 2292 est
331 2248 436 2294 Deo
460 2247 696 2313 plurimos
719 2249 783 2297 ad
802 2250 986 2296 cultum
1011 2265 1138 2297 sanae
1161 2249 1405 2314 religionis
1429 2247 1623 2307 adduci,
1653 2247 1919 2295 maximum
1945 2264 2001 2294 ex
2029 2248 2396 2298 circumcisione

238 2325 544 2375 obstaculum
581 2330 811 2390 nascitur,
853 2347 967 2377 cum
1006 2346 1066 2377 eo
1111 2330 1243 2378 enim
1282 2329 1418 2395 quod
1453 2328 1747 2395 supplicium
1783 2328 2117 2393 unusquisque
2155 2330 2393 2390 declinat,

239 2417 352 2455 tunc
375 2409 520 2457 etiam
545 2410 679 2474 quod
699 2411 934 2459 irrisionis
954 2410 1307 2476 turpitudinem
1327 2410 1519 2474 refugit.
1541 2408 1728 2468 Quibus
1751 2409 2047 2474 respondere
2071 2413 2395 2459 necessarium

234 2497 371 2552 puto.
404 2492 556 2538 Nemo
582 2492 772 2557 sapiens
795 2493 845 2539 in
869 2492 974 2540 aliis
993 2501 1133 2540 notat
1158 2509 1264 2557 quae
1293 2491 1426 2557 apud
1447 2508 1499 2539 se
1522 2491 1728 2538 honesta
1752 2489 1889 2537 ducit
1917 2500 1964 2538 et
1987 2508 2178 2554 magna.
2209 2494 2395 2539 Etenim

234 2569 536 2619 circumcisio
572 2572 705 2638 apud
739 2589 845 2633 vos,
875 2572 1106 2630 Gentiles,
1147 2573 1213 2620 ita
1250 2573 1503 2621 manifesta
1537 2571 1764 2633 habetur,
1809 2580 1862 2617 ut
1902 2587 2003 2618 non
2036 2572 2214 2636 passim
2250 2573 2395 2636 vulgo

235 2650 460 2713 ignobili,
500 2652 587 2700 sed
614 2647 728 2701 solis
759 2653 1109 2713 sacerdotibus,
1144 2663 1191 2701 et
1214 2654 1270 2701 iis
1294 2654 1377 2718 qui
1404 2654 1530 2700 inter
1560 2654 1691 2718 ipsos
1722 2650 2031 2699 electioribus
2063 2651 2232 2699 studiis
2257 2670 2395 2700 man-

233 2730 379 2795 cipati
418 2732 620 2795 fuerint,
663 2734 904 2782 credatur.
950 2739 1072 2783 Nam
1106 2734 1237 2800 apud
1271 2734 1520 2799 AEgyptios
1557 2733 1641 2798 qui
1681 2733 1728 2778 in
1767 2732 2191 2797 superstitionibus
2227 2736 2396 2783 vestris

232 2812 542 2860 versutissimi
564 2812 807 2862 habentur
832 2825 879 2862 et
902 2815 1233 2874 eruditissimi,
1255 2831 1283 2861 a
1306 2814 1484 2878 quibus
1503 2829 1658 2878 prope
1677 2828 1849 2860 omnes
1873 2812 2044 2877 reliqui
2069 2814 2215 2861 ritum
2236 2832 2398 2863 sacro—

232 2905 341 2936 rum
375 2899 423 2938 et
460 2891 770 2939 caeremonias
805 2893 1012 2940 mutuati
1048 2902 1187 2952 sunt3
1228 2891 1360 2957 apud
1393 2890 1502 2953 hos,
1541 2891 1770 2955 inquam,
1809 2890 1970 2938 nullus
2005 2901 2089 2939 aut
2123 2894 2396 2956 geometria·

231 2971 482 3034 studebat,
509 2984 594 3022 aut
615 2976 942 3036 astronomiae,
970 2991 1076 3039 quae
1096 2974 1228 3040 apud
1257 2973 1368 3022 illos
1390 2973 1629 3039 praecipua
1653 2973 1877 3035 ducitur3
1904 2974 2065 3023 nullus
2089 2985 2220 3023 certe
2243 2986 2396 3024 astro-

230 3052 366 3116 legiae
395 3063 442 3102 et
472 3070 726 3118 geneseos,
752 3071 850 3121 qua
871 3055 995 3103 nihil
1021 3055 1230 3104 divinius
1258 3064 1456 3121 putant,
1494 3064 1676 3102 secreta
1708 3053 1995 3117 rimabatur,
2022 3055 2115 3103 nisi
2149 3057 2396 3104 circumci-

229 3132 366 3180 sione
390 3145 626 3200 suscepta.
647 3136 899 3184 <Sacerdos
920 3136 1053 3202 apud
1084 3152 1168 3184 eos
1194 3145 1276 3185 aut
1299 3152 1503 3202 aruspex
1520 3173 1532 3197 ,
1563 3145 1644 3184 aut
1668 3135 1998 3200 quorumlibet
2029 3153 2278 3186 sacrorum
2305 3139 2394 3185 mi-

275 3317 392 3351 ¹Josue
407 3344 415 3361 ,
433 3330 506 3363 cap.
524 3331 561 3363 v,
582 3331 614 3354 v.
635 3324 668 3356 9.
