2638 3866
1095 244 1414 294 APPENDlX.
2234 251 2332 300 767

183 346 285 383 vtam
315 349 533 400 acceptam
561 351 746 384 mortem
768 340 863 384 Filii
886 341 1060 398 habuit,
1083 354 1133 388 ut
1151 360 1230 405 per
1253 346 1390 405 ipsam
1409 346 1607 391 universo
1635 346 1931 391 reconciliatus
1951 348 2005 392 sit
2023 348 2206 393 mundo.
2231 350 2336 396 Hoec

197 430 241 464 et
261 419 328 464 his
347 419 501 464 similia
528 435 618 464 non
641 419 905 465 mediocrem
925 434 1102 468 movent
1120 425 1416 485 quaestionem,
1441 441 1532 470 non
1552 426 1692 471 solum
1713 427 1768 472 de
1790 427 2088 489 redemptione
2110 429 2185 473 sed
2206 430 2334 474 etiam

196 499 253 544 de
278 500 581 558 justificatione
608 512 753 545 nostra
785 516 865 562 per
897 514 1083 547 mortem
1113 505 1291 549 Domini
1324 507 1464 551 nostri
1496 507 1789 552 Iesu-Christi.
1824 507 1962 552 Nobis
1993 519 2135 553 autem
2167 509 2337 555 videtur

196 580 315 640 quod
342 580 478 625 nihilo
504 582 646 625 minus
675 596 821 625 sumus
847 581 1063 639 justificati
1090 584 1136 627 in
1169 586 1375 646 sanguine
1405 586 1588 643 Christi,
1623 597 1667 631 et
1697 588 1792 632 Deo
1822 588 2084 632 reconciliati
2117 604 2194 649 per
2223 590 2335 634 hanc

195 660 455 721 singularem
470 662 651 722 gratiam
664 661 793 705 nobis
808 663 1057 720 exhibitam,
1077 663 1196 724 quod
1216 665 1347 710 Filius
1363 681 1463 710 suus
1482 676 1673 710 nostram
1689 667 1870 727 suscepit
1888 678 2102 723 naturam,
2126 678 2170 712 et
2189 670 2233 712 in
2246 670 2336 730 ipsa

195 756 276 785 nos
303 752 394 785 tam
419 742 556 786 verbo
577 757 708 802 quam
735 743 933 804 exemplo
954 744 1217 788 instituendo
1240 761 1374 806 usque
1398 746 1455 790 ad
1482 757 1668 791 mortem
1698 748 1913 808 praestitit,
1944 763 2023 792 nos
2045 748 2125 792 sibi
2158 749 2336 810 amplius

193 836 273 882 per
302 836 496 865 amorem
525 822 720 866 astrinxit
745 838 755 867 ε
783 833 830 866 ut
853 834 977 868 tanto
1005 824 1163 868 divinae
1191 826 1337 886 gratiae
1360 827 1525 871 accensi
1552 826 1782 882 beneficio,
1806 826 1923 870 nulla
1954 828 2135 872 tolerare
2163 840 2338 889 propter

199 902 340 962 ipsum
360 913 501 946 vestra
521 902 775 947 reformidet
794 905 963 960 caritas,
988 903 1108 965 quod
1130 905 1305 965 quidem
1324 906 1582 951 beneficium
1606 908 1803 967 antiquos
1824 908 1955 952 etiam
1973 919 2136 968 patres,
2158 909 2243 953 hoc
2261 925 2338 969 per

194 981 327 1026 fidem
348 993 658 1043 exspectantes,
681 983 727 1027 in
748 1000 964 1028 summum
986 1000 1179 1029 amorem
1199 986 1281 1029 Dei
1301 996 1508 1046 tanquam
1527 987 1726 1030 homines
1746 988 1950 1048 temporis
1978 1003 2066 1031 non
2094 987 2338 1033 dubitamus

195 1062 454 1107 accendisse.
476 1082 494 1102 n
520 1064 577 1106 Et
596 1063 708 1106 infra
733 1078 745 1108 t
777 1086 793 1102 ιι
814 1064 927 1117 Puto
948 1080 1051 1126 ergo
1073 1065 1193 1126 quod
1214 1066 1439 1110 consilium
1464 1076 1509 1110 et
1533 1082 1660 1110 causa
1684 1067 1989 1112 incarnationis
2014 1068 2111 1123 fuit,
2142 1079 2190 1111 ut
2210 1085 2336 1112 mun-

193 1142 299 1187 dum
321 1143 415 1187 luce
436 1159 525 1187 suae
544 1144 762 1204 sapientiae
782 1145 1059 1201 illuminaret,
1085 1155 1129 1190 et
1150 1146 1207 1190 ad
1230 1162 1422 1191 amorem
1440 1162 1565 1191 suum
1590 1146 1859 1192 accenderet.
1884 1169 1902 1186 ν

191 1329 237 1368 V.
260 1327 375 1378 Quod
393 1341 521 1381 neque
538 1332 644 1368 Deus
659 1338 698 1369 et
713 1329 848 1380 homo,
864 1343 992 1383 neque
1008 1330 1126 1370 homo
1140 1344 1307 1384 persona
1315 1345 1402 1385 quae
1422 1331 1596 1372 Christus
1616 1341 1689 1383 est,
1703 1333 1752 1372 sit
1770 1332 1881 1372 tertia
1893 1345 2058 1386 persona
2078 1332 2118 1372 in
2136 1333 2332 1374 Trinitate.

258 1483 278 1500 «
296 1462 484 1518 Quando
503 1462 602 1507 dico
623 1478 634 1508 :
653 1463 843 1507 Christus
865 1475 930 1508 est
941 1465 1067 1508 tertia
1087 1481 1271 1525 persona
1292 1466 1338 1508 in
1358 1466 1594 1522 Trinitate3
1618 1467 1704 1510 hoc
1722 1465 1823 1510 volo
1845 1465 1987 1510 dicere
2003 1466 2122 1526 quod
2142 1466 2335 1510 Verbum

194 1543 313 1604 quod
346 1543 400 1586 ab
433 1554 593 1587 aeterno
624 1545 749 1588 tertia
780 1560 966 1605 persona
993 1545 1039 1588 in
1059 1545 1269 1589 Trinitate
1298 1545 1400 1601 fuit,
1424 1546 1551 1589 tertia
1582 1562 1767 1607 persona
1795 1547 1914 1589 sitin
1934 1547 2142 1590 Trinitate
2169 1563 2178 1590 :
2204 1557 2247 1590 et
2277 1547 2336 1589 ita

190 1634 298 1684 puto
332 1624 452 1683 quod
485 1623 647 1668 locutio
677 1625 732 1668 sit
765 1623 1006 1686 figurativa.
1041 1625 1086 1668 Si
1120 1626 1237 1669 enim
1270 1627 1490 1686 propriam
1513 1625 1752 1670 diceremus
1785 1642 1897 1682 esse,
1934 1642 2034 1670 cum
2061 1628 2146 1670 hoc
2176 1642 2336 1670 nomen

187 1705 377 1749 Christus
398 1704 516 1749 idem
537 1716 661 1749 sonat
683 1706 802 1765 quod
823 1707 939 1750 Deus
960 1717 1003 1750 et
1022 1707 1175 1760 homo,
1199 1717 1303 1750 tunc
1319 1705 1414 1750 talis
1435 1718 1545 1750 esset
1565 1723 1713 1751 sensus
1738 1722 1750 1750 z
1770 1708 1884 1750 Deus
1906 1717 1951 1750 et
1967 1708 2102 1751 homo
2125 1718 2188 1750 est
2211 1708 2336 1750 tertia

188 1801 373 1846 persona
392 1786 439 1829 in
459 1786 685 1840 Trinitate,
708 1786 827 1845 quod
847 1787 1017 1847 penitus
1040 1797 1103 1830 est
1134 1785 1302 1831 falsum.
1318 1807 1335 1826 ι»
1362 1787 1418 1830 Et
1437 1797 1536 1847 post
1554 1803 1694 1847 pauca
1716 1802 1728 1830 ι
1758 1806 1777 1824 α
1790 1787 1847 1829 Et
1868 1797 1931 1830 est
1952 1787 2195 1839 sciendum,
2220 1785 2338 1846 quod

189 1867 383 1926 quamvis
405 1865 694 1910 concedamus
707 1897 720 1920 ,
753 1866 873 1925 quod
898 1865 1089 1909 Christus
1116 1876 1180 1910 est
1202 1867 1328 1909 tertia
1355 1881 1540 1926 persona
1561 1867 1608 1909 in
1627 1866 1859 1922 Trinitate,
1892 1882 1983 1909 non
2011 1877 2154 1910 tamen
2181 1882 2338 1911 conce·

190 1946 332 1991 dimus
353 1947 473 2007 quod
492 1949 586 1991 haec
606 1961 809 2007 persona,
835 1963 932 2007 quae
953 1948 1143 1991 Christus
1164 1957 1244 2003 est,
1267 1947 1322 1990 sit
1342 1947 1468 1991 tertia
1487 1962 1671 2008 persona
1693 1947 1739 1990 in
1762 1948 1987 1991 Trinitate.
2013 1967 2032 1984 »

188 2135 254 2173 vl.
277 2130 390 2182 Quod
411 2135 516 2171 Deus
532 2144 612 2171 non
637 2131 724 2184 plus
743 2130 856 2170 faciat
869 2130 905 2170 ei
919 2129 987 2182 qui
999 2130 1172 2169 salvatur
1183 2138 1389 2182 antequam
1409 2129 1601 2168 cohaereat
1615 2129 1762 2182 gratiae,
1779 2141 1897 2181 quam
1910 2129 1946 2168 ei
1965 2129 2032 2181 qui
2051 2142 2130 2168 non
2146 2129 2329 2169 salvatur.

253 2288 272 2304 «
299 2267 367 2310 Sic
390 2267 544 2310 iterum
566 2265 674 2310 solet
694 2266 827 2325 quaeri
847 2264 955 2308 illud
975 2263 1096 2324 quod
1117 2279 1142 2307 a
1164 2261 1422 2323 quibusdam
1440 2262 1611 2317 dicitur,
1632 2262 1790 2306 scilicet
1807 2273 1951 2306 utrum
1970 2278 2120 2307 omnes
2137 2264 2334 2307 homines

192 2349 252 2391 ita
281 2346 373 2391 sola
398 2345 693 2390 misericordia
718 2345 950 2398 salventur,
980 2355 1030 2388 ut
1055 2344 1199 2389 nullus
1228 2345 1283 2389 sit
1310 2346 1386 2406 qui
1413 2344 1576 2388 bonam
1597 2343 1863 2387 voluntatem
1890 2343 2051 2388 habere
2071 2344 2228 2404 possit,
2252 2345 2333 2387 nisi

189 2429 326 2489 gratia
357 2429 438 2471 Dei
464 2428 768 2488 praeveniente,
792 2443 889 2487 quae
917 2443 992 2470 cor
1022 2437 1218 2478 moveat,
1243 2437 1287 2470 et
1314 2427 1478 2470 bonam
1505 2423 1770 2468 voluntatem
1797 2424 1989 2484 inspiret,
2015 2434 2059 2467 et
2085 2424 2333 2484 inspiratam

188 2508 467 2570 multiplicet,
504 2519 548 2551 et
578 2507 903 2568 multiplicatam
936 2518 1174 2551 conservet.
1206 2506 1338 2563 Quod
1370 2507 1405 2550 si
1434 2506 1494 2549 ita
1521 2515 1586 2549 est
1614 2503 1736 2564 quod
1767 2505 1901 2548 homo
1932 2519 1986 2548 ex
2016 2519 2061 2548 se
2090 2503 2196 2547 nihil
2226 2504 2332 2547 boni

189 2590 360 2650 operari
384 2589 532 2648 possit,
558 2600 632 2632 aut
653 2588 797 2648 aliquo
817 2588 953 2632 modo
981 2587 1039 2632 ad
1061 2587 1250 2631 divinam
1271 2587 1453 2648 gratiam
1472 2585 1786 2646 suscipiendam
1809 2600 1886 2645 per
1906 2584 2090 2629 liberum
2112 2584 2332 2627 arbitrium

190 2671 280 2713 sine
314 2668 474 2712 auxilio
495 2670 640 2729 gratiae
663 2685 707 2712 se
735 2670 914 2729 erigere,
943 2679 1074 2729 prout
1102 2667 1265 2711 dictum
1295 2678 1381 2722 est,
1406 2682 1496 2710 non
1517 2666 1674 2726 possit,
1703 2680 1794 2708 non
1814 2663 1983 2708 videtur
2011 2665 2120 2707 ratio
2142 2680 2274 2723 quare
2297 2665 2332 2707 si

188 2761 338 2809 peccat
355 2749 575 2809 puniatur.
603 2749 647 2792 Si
670 2749 784 2792 enim
806 2764 896 2792 non
923 2759 1065 2808 potest
1089 2763 1143 2790 ex
1170 2763 1213 2790 se
1243 2746 1405 2806 aliquid
1426 2746 1534 2789 boni
1555 2746 1695 2789 facere
1708 2777 1721 2799 ,
1745 2755 1789 2788 et
1815 2743 1910 2787 talis
1936 2744 2070 2787 factus
2100 2755 2162 2787 est
2184 2745 2256 2802 qui
2279 2745 2332 2787 sit

190 2830 368 2890 pronior
390 2828 448 2871 ad
469 2828 631 2871 malum
654 2844 784 2887 quam
807 2827 864 2871 ad
885 2828 1074 2884 bonum;
1099 2842 1262 2881 nonne,
1286 2826 1321 2870 si
1341 2836 1492 2886 peccat
1505 2856 1517 2880 ,
1540 2824 1742 2868 immunis
1763 2834 1826 2867 est
1845 2840 1870 2866 a
1892 2823 2041 2883 culpa;
2060 2834 2103 2867 et
2123 2823 2331 2882 numquid

190 2911 306 2953 Deus
337 2910 411 2968 qui
438 2910 499 2952 ita
533 2908 748 2952 infirmum
785 2918 829 2951 et
858 2908 1018 2968 fragilis
1051 2918 1215 2951 naturae
1248 2922 1347 2950 eum
1381 2906 1497 2961 fecit,
1526 2916 1590 2950 est
1619 2904 1861 2948 laudandus
1894 2904 1949 2948 de
1979 2904 2054 2947 tali
2084 2903 2331 2948 creatione?

190 2991 330 3033 Immo
353 2991 388 3032 si
402 2991 462 3032 ita
483 3000 605 3040 esset,
633 3005 750 3032 nunc
772 2989 914 3049 potius
938 2986 1176 3048 culpandus
1193 2985 1438 3031 videretur?
1455 3007 1472 3025 υ
1499 2986 1554 3030 Et
1573 2996 1672 3045 post
1691 3001 1829 3046 pauca
1855 3000 1866 3029 t
1898 3005 1914 3023 α
1934 2983 2065 3040 Quod
2086 2986 2119 3027 si
2141 2986 2201 3027 ita
2224 2996 2332 3029 esset

190 3070 309 3130 quod
331 3071 466 3113 homo
490 3069 546 3113 ad
570 3069 759 3113 divinam
784 3069 965 3129 gratiam
986 3067 1307 3128 percipiendam
1333 3082 1378 3111 se
1401 3067 1563 3128 erigere
1583 3066 1673 3109 sine
1695 3065 1865 3109 alterius
1886 3065 2021 3125 gratia
2041 3079 2131 3108 non
2162 3075 2326 3124 posset;

189 3166 281 3193 non
317 3150 487 3194 videtur
519 3150 630 3193 ratio
658 3164 748 3193 esse
772 3164 902 3208 quare
924 3148 1059 3192 homo
1086 3147 1400 3208 inculparetur;
1424 3157 1469 3191 et
1497 3147 1577 3190 Dei
1604 3146 1785 3207 gratiam
1805 3160 1895 3188 non
1926 3144 2087 3187 habere
2112 3145 2253 3204 potius
2284 3145 2328 3186 in

196 3241 415 3275 auctorem
444 3231 573 3292 ipsius
597 3229 914 3274 refundendum
945 3228 1178 3273 videretur.
1203 3227 1334 3284 Quod
1361 3228 1422 3270 ita
1451 3242 1542 3271 non
1569 3237 1652 3281 est,
1677 3225 1754 3269 sed
1774 3224 1901 3285 longe
1930 3223 2051 3268 aliter
2072 3223 2323 3275 dicendum,

192 3321 321 3370 prout
340 3312 404 3355 rei
424 3312 578 3356 veritas
600 3326 644 3355 se
670 3309 816 3354 habet.
842 3308 1083 3354 Dicendum
1114 3318 1177 3353 est
1199 3323 1302 3370 ergo
1332 3306 1451 3367 quod
1475 3307 1609 3351 homo
1627 3321 1706 3366 per
1730 3306 1958 3359 rationem,
1984 3319 2008 3347 a
2034 3304 2126 3347 Deo
2154 3302 2326 3362 quidem
