2638 3866
245 228 341 277 600
1058 229 1232 276 PETRI
1266 228 1584 277 ABAELARDI

244 340 440 395 peccata
461 330 834 389 committamus,
857 328 1082 377 nonnulli
1105 339 1265 378 tamen
1285 348 1432 378 omne
1453 339 1705 396 peccatum
1724 328 2048 378 voluntarium
2068 346 2170 378 esse
2193 329 2386 392 dicunt3

242 411 291 456 in
331 427 428 474 quo
467 420 514 456 et
551 409 813 474 quamdam
850 410 1170 458 differentiam
1211 412 1395 476 peccati
1435 428 1463 458 a
1498 411 1743 459 voluntate
1780 411 2062 473 inveniunt,
2108 427 2223 458 cum
2257 410 2392 458 aliud

242 489 486 550 voluntas,
523 489 654 536 aliud
678 490 1007 538 voluntarium
1040 490 1252 553 dicatur,
1278 491 1375 539 hoc
1402 502 1500 552 est,
1529 491 1661 540 aliud
1687 492 1937 551 voluntas,
1976 490 2109 539 aliud
2136 508 2224 557 per
2247 490 2388 555 quod

248 569 470 616 voluntas
496 569 831 618 committitur.

313 654 370 696 At
405 666 519 697 vero
551 651 590 697 si
618 661 870 716 peccatum
909 651 1141 713 dicimus,
1182 653 1317 718 quod
1339 653 1536 720 proprie
1566 652 1662 701 dici
1690 663 1943 719 peccatum
1973 651 2153 718 praefati
2188 668 2354 699 sumus
2372 688 2384 711 ,

247 731 341 777 hoc
365 740 457 792 est,
488 751 511 776 α
531 741 864 798 contemptum
884 734 972 780 Dei
996 734 1096 781 sive
1116 749 1409 782 consensum
1431 735 1478 781 in
1500 751 1559 782 eo
1579 734 1712 799 quod
1743 733 1984 782 credimus
2015 742 2215 799 propter
2236 735 2392 779 Deum

246 811 611 872 dimittendum,
638 831 660 857 υ
688 814 939 878 quomodo
955 813 1160 862 dicimus
1182 824 1435 880 peccatum
1454 832 1556 864 esse
1578 815 1922 874 voluntarium,
1941 813 2037 862 hoc
2060 823 2150 873 est,
2170 829 2259 860 nos
2271 813 2392 861 velle

247 895 401 940 Deum
434 904 768 951 contemnere,
800 894 935 960 quod
970 905 1042 943 est
1072 912 1291 961 peccare,
1316 897 1393 944 vel
1419 895 1680 944 deteriores
1714 894 1840 958 fieri,
1875 904 1957 942 aut
1985 894 2157 959 dignos
2188 893 2391 941 damna-

247 974 377 1020 tione
409 973 568 1021 effici?
593 976 825 1033 Quamvis
848 977 979 1023 enim
1010 977 1215 1024 velimus
1248 976 1403 1025 facere
1434 977 1484 1024 id
1518 976 1649 1041 quod
1681 975 1858 1024 debere
1886 975 2047 1041 puniri
2077 974 2280 1035 scimus,
2319 973 2394 1022 vel

248 1053 377 1101 unde
411 1055 572 1120 puniri
607 1055 739 1120 digni
773 1057 945 1117 simus,
980 1073 1082 1104 non
1114 1067 1274 1105 tamen
1307 1058 1469 1123 puniri
1499 1057 1752 1118 volumus3
1793 1057 1843 1104 in
1878 1056 1975 1103 hoc
2006 1056 2112 1121 ipso
2150 1054 2394 1102 manifeste

246 1135 416 1199 iniqui,
452 1135 587 1200 quod
630 1135 727 1183 hoc
763 1136 988 1184 volumus
1020 1137 1174 1185 facere
1212 1137 1345 1203 quod
1377 1149 1447 1185 est
1480 1138 1727 1203 iniquum,
1764 1154 1865 1185 non
1900 1146 2062 1184 tamen
2098 1151 2251 1201 poenae
2290 1151 2395 1199 quae

242 1215 369 1278 justa
392 1225 490 1277 est,
528 1214 690 1263 subire
713 1215 939 1264 volumus
961 1218 1249 1283 aequitatem.
1278 1218 1508 1284 Displicet
1529 1234 1675 1284 poena
1701 1234 1805 1283 quae
1824 1217 1951 1281 justa
1974 1226 2067 1276 est;
2094 1214 2250 1281 placet
2272 1214 2396 1262 actio

246 1313 352 1360 quae
388 1306 459 1343 est
489 1296 679 1360 injusta.
726 1298 860 1363 Saepe
895 1299 1038 1346 etiam
1075 1299 1335 1364 contingit,
1372 1308 1425 1346 ut
1467 1316 1580 1347 cum
1610 1298 1813 1346 velimus
1842 1296 2168 1346 concumbere
2197 1311 2310 1343 cum
2342 1310 2396 1342 ea

246 1392 391 1439 quam
411 1377 587 1424 scimus
610 1377 934 1442 conjugatam,
961 1379 1117 1444 specie
1140 1379 1265 1427 illius
1285 1380 1446 1441 illecti,
1476 1396 1785 1445 nequaquam
1801 1388 1965 1427 tamen
1992 1375 2253 1425 adulterari
2280 1391 2393 1422 cum

247 1474 302 1504 ea
324 1457 572 1514 vellemus,
599 1474 747 1522 quam
770 1475 872 1506 esse
895 1460 1203 1525 conjugatam
1231 1460 1489 1508 nollemus.
1514 1461 1650 1509 Multi
1669 1477 1695 1508 e
1717 1459 1960 1508 contrario
1984 1467 2096 1505 sunt
2115 1457 2200 1521 qui
2224 1471 2397 1504 uxores

252 1547 503 1602 potentum
529 1538 590 1585 ad
617 1538 818 1602 gloriam
845 1556 981 1588 suam
1008 1558 1066 1588 eo
1093 1542 1244 1605 magis
1266 1551 1519 1608 appetunt,
1548 1542 1662 1605 quia
1683 1540 1853 1588 talium
1883 1555 2059 1586 uxores
2092 1546 2223 1599 sunt,
2252 1552 2399 1600 quam

246 1620 285 1664 si
316 1628 473 1665 essent
510 1619 751 1684 innuptae3
791 1621 941 1684 magis
976 1621 1235 1670 adulterari
1270 1639 1418 1687 quam
1448 1621 1675 1670 fornicari
1708 1620 1938 1685 cupiunt,
1977 1618 2074 1665 hoc
2109 1626 2197 1678 est,
2247 1616 2398 1679 magis

248 1715 394 1761 quam
426 1700 584 1746 minus
609 1699 856 1747 excedere.
894 1703 1015 1748 Sunt
1049 1719 1171 1767 quos
1205 1703 1409 1750 omnino
1432 1703 1561 1768 piget
1589 1702 1638 1749 in
1673 1716 1963 1749 consensum
1996 1696 2396 1763 concupiscentiae

247 1778 322 1826 vel
347 1778 522 1825 malam
552 1779 852 1827 voluntatem
879 1781 1030 1842 trahi,
1057 1792 1103 1829 et
1129 1782 1226 1830 hoc
1250 1800 1308 1830 ex
1333 1782 1609 1830 infirmitate
1640 1781 1798 1829 carnis
1827 1779 1947 1828 velle
1981 1787 2238 1844 coguntur,
2266 1775 2399 1842 quod

249 1876 556 1924 nequaquam
603 1860 779 1907 vellent
812 1861 951 1910 velle.
993 1862 1257 1920 Quomodo
1300 1880 1414 1927 ergo
1447 1863 1528 1910 hic
1561 1877 1824 1909 consensus
1878 1876 2024 1924 quem
2067 1857 2248 1905 habere
2295 1874 2397 1905 non

248 1940 488 2002 volumus,
518 1941 815 1989 voluntarius
846 1942 1050 2002 dicetur,
1079 1953 1147 2005 ut,
1177 1943 1446 1991 secundum
1467 1941 1730 2007 quosdam,
1763 1940 1893 1988 velut
1921 1939 2104 1986 dictum
2131 1948 2218 1997 est,
2254 1953 2400 1984 omne

249 2031 500 2087 peccatum
534 2021 751 2069 dicamus
782 2023 1130 2085 voluntarium,
1166 2023 1383 2089 profecto
1413 2040 1514 2070 non
1541 2022 1704 2081 video,
1740 2021 1832 2068 nisi
1864 2019 2191 2068 voluntarium
2224 2017 2404 2065 intelli-

250 2118 416 2165 gamus
449 2101 512 2149 ad
549 2103 876 2150 exclusionem
902 2104 1174 2166 necessarii,
1211 2120 1324 2151 cum
1358 2102 1582 2151 videlicet
1615 2102 1805 2149 nullum
1843 2110 2097 2166 peccatum
2129 2096 2402 2146 inevitabile

249 2183 336 2241 sit,
363 2182 438 2230 vel
462 2182 786 2230 voluntarium
812 2184 1030 2232 dicamus
1062 2184 1196 2249 quod
1230 2201 1285 2232 ex
1311 2184 1473 2248 aliqua
1493 2182 1734 2248 ‚procedat
1753 2180 2021 2228 voluntate.
2057 2182 2180 2227 Nam
2209 2179 2296 2226 etsi
2324 2178 2402 2226 ille

251 2263 335 2327 qui
368 2273 562 2311 coactus
597 2263 852 2321 dominum
885 2282 1027 2312 suum
1061 2264 1257 2327 occidit,
1295 2281 1398 2312 non
1434 2263 1604 2311 habuit
1638 2263 1940 2310 voluntatem
1975 2261 2024 2308 in
2050 2259 2313 2320 occisione,
2351 2258 2402 2306 id

253 2353 414 2391 tamen
440 2362 499 2392 ex
520 2345 679 2409 aliqua
702 2346 941 2395 commisit
955 2345 1223 2406 voluntate,
1251 2362 1363 2393 cum
1383 2344 1607 2397 videlicet
1629 2352 1837 2392 mortem
1862 2341 2083 2403 evadere,
2108 2339 2187 2388 vel
2209 2338 2402 2387 differre

255 2424 410 2473 vellet.

319 2508 440 2553 Sunt
475 2507 559 2571 qui
595 2524 694 2555 non
731 2508 1038 2557 mediocriter
1071 2520 1360 2558 moveantur
1391 2526 1504 2557 cum
1537 2508 1738 2558 audiant
1769 2524 1859 2556 nos
1887 2506 2046 2554 dicere
2071 2502 2403 2569 operationem

252 2588 438 2653 peccati
472 2588 591 2636 nihil
632 2589 809 2638 addere
846 2591 908 2639 ad
944 2601 1130 2639 reatum
1161 2591 1236 2639 vel
1269 2591 1332 2639 ad
1370 2591 1734 2639 damnationem
1766 2587 1899 2654 apud
1931 2588 2105 2633 Deum.
2157 2581 2404 2646 Objiciunt

254 2669 434 2734 quippe
465 2669 600 2734 quod
640 2671 689 2717 in
726 2672 915 2719 actione
949 2673 1135 2737 peccati
1167 2671 1391 2737 quaedam
1427 2671 1682 2719 delectatio
1726 2678 1971 2734 sequatur,
2013 2681 2120 2731 quae
2150 2671 2414 2728 peccatum-

254 2759 445 2810 augeat,
469 2759 521 2796 ut
545 2751 595 2796 in
627 2751 759 2798 coitu
778 2752 854 2799 vel
885 2769 967 2799 esu
992 2751 1076 2800 illo
1099 2769 1246 2817 quem
1267 2752 1492 2800 diximus.
1517 2750 1664 2809 Quod
1686 2749 1885 2814 quidem
1912 2763 2015 2794 non
2037 2742 2245 2793 absurde
2268 2741 2404 2789 dice—

257 2839 378 2888 rent,
424 2831 462 2876 si
491 2831 732 2879 carnalem
763 2832 1045 2897 hujusmodi
1083 2833 1453 2881 delectationem
1491 2841 1743 2898 peccatum
1776 2845 1881 2877 esse
1915 2826 2276 2884 convincerent,
2313 2836 2403 2869 nec

258 2908 349 2956 tale
393 2909 507 2974 quid
546 2913 782 2959 committi
818 2930 959 2978 posse
1000 2914 1093 2960 nisi
1126 2913 1396 2980 peccando.
1435 2912 1580 2972 Quod
1613 2911 1832 2978 profecto
1866 2909 1905 2956 si
1938 2906 2199 2971 recipiant,
2240 2902 2405 2966 utique

258 2989 439 3035 nemini
466 2990 577 3038 licet
608 2991 736 3039 hanc
768 2994 924 3040 carnis
956 2993 1329 3041 delectationem
1357 2993 1570 3052 habere;
1608 2990 1740 3040 unde
1774 3006 1866 3037 nec
1900 2987 2129 3051 conjuges
2166 2985 2404 3031 immunes

258 3079 371 3115 sunt
394 3085 422 3116 a
451 3081 675 3134 peccato,
715 3089 828 3119 cum
862 3073 955 3120 hac
982 3073 1075 3120 sibi
1099 3075 1279 3122 carnali
1304 3074 1622 3122 delectatione
1651 3086 1879 3120 concessa
1903 3067 2278 3134 permiscentur;
2312 3075 2403 3107 nec

258 3147 336 3195 ille
363 3165 558 3213 quoque
585 3152 669 3213 qui
700 3168 784 3198 esu
808 3152 1075 3200 delectabili
1099 3154 1281 3202 fructus
1313 3155 1387 3202 sui
1411 3154 1636 3203 vescitur.
1669 3156 1838 3199 Essent
1867 3149 2009 3197 etiam
2041 3147 2092 3193 in
2124 3143 2265 3206 culpa
2293 3139 2404 3204 qui-

257 3228 373 3276 libet
403 3228 582 3276 infirmi
612 3231 693 3295 qui
726 3231 788 3278 ad
824 3234 1199 3292 recreationem,
1227 3245 1280 3282 ut
1311 3235 1371 3282 de
1407 3234 1684 3282 infirmitate
1709 3228 2066 3285 convalescant,
2105 3220 2405 3271 suavioribus

260 3308 379 3357 cibis
406 3309 647 3371 foventur,
673 3328 796 3376 quos
818 3329 1123 3378 nequaquam
1142 3315 1246 3363 sine
1269 3314 1586 3363 delectatione
1610 3319 1823 3371 sumunt,
1850 3308 1927 3357 vel
1950 3307 1989 3354 si
2011 3311 2272 3363 sumerent,
2301 3316 2402 3348 non
