2638 3866
993 229 1335 279 THEOLOGIA
1370 232 1734 283 CHRISTIANA.
2345 240 2430 288 561

290 327 501 380 Platonis
533 329 779 378 verissima
813 329 955 391 ratio,
991 346 1089 395 qua
1118 332 1341 382 videlicet
1369 334 1545 400 probat
1574 338 1731 384 Deum
1761 335 2034 385 nullatenus
2065 338 2305 387 mundum
2337 356 2437 388 me·

286 410 458 460 liorem
480 410 693 477 potuisse
725 410 902 472 facere,
929 427 1076 477 quam
1105 413 1233 462 fecit.
1262 414 1340 462 Sic
1371 416 1551 482 quippe
1591 417 1641 465 in
1672 419 1844 466 Timoeo
1871 419 1936 467 ait
1962 437 1972 466 z
2002 439 2025 463 α
2046 418 2320 468 Dicendum
2351 437 2437 468 cur

287 492 530 553 conditor,
557 502 648 540 etc.
670 511 692 536 ›>
716 492 835 551 Quis
857 492 1002 540 etiam
1029 504 1172 558 neget
1190 511 1589 562 unumquemque
1619 507 1806 547 tantum
1827 499 1949 548 velle
1967 499 2094 549 bene
2120 518 2260 566 agere
2282 518 2437 568 quan-

286 582 390 621 tum
429 582 609 640 potest,
644 582 728 622 aut
765 590 1134 640 unumqumque
1169 586 1356 625 tantum
1391 577 1568 628 debere
1604 579 1730 628 bene
1766 596 1931 647 agere,
1969 592 2206 647 quantum
2247 584 2434 649 potest?

288 654 434 713 Quod
471 654 510 702 si
550 654 646 702 hoc
686 654 737 701 in
778 653 920 703 nobis
955 654 1192 719 judicium
1232 667 1481 720 tenemus;
1524 671 1708 725 quanto
1745 663 1896 726 magis
1937 663 1987 710 in
2026 679 2084 710 eo
2130 663 2212 728 qui
2247 680 2434 711 summe

285 745 354 783 est
402 734 593 795 bonus,
646 744 694 783 et
737 751 886 800 quem
936 735 1097 784 nullus
1143 739 1438 803 operationis
1489 739 1629 789 labor
1676 759 1875 808 gravare
1927 742 2126 809 potest?
2169 743 2431 802 Quomodo

284 825 445 864 autem
477 815 580 863 vult
607 825 654 863 et
687 825 847 882 potest
880 819 1033 877 Deus,
1065 817 1106 865 si
1140 834 1239 866 non
1271 819 1493 884 perficit?
1520 825 1612 870 Aut
1642 823 1894 888 quomodo
1918 824 2076 889 justus
2110 834 2204 884 est,
2236 825 2273 872 si
2296 825 2430 889 quod

283 895 428 944 debet
461 906 509 944 et
531 896 676 945 etiam
698 906 856 963 potest
886 914 986 946 non
1012 897 1152 946 facit?
1185 899 1280 948 Sed
1303 910 1350 948 et
1373 901 1412 948 si
1436 902 1594 950 minus
1615 902 1918 952 benefaceret
1943 920 2088 969 quam
2112 914 2296 970 posset,
2321 921 2432 970 per-

283 975 404 1025 fecte
434 976 596 1026 bonus
627 994 728 1025 non
764 988 904 1027 esset.
942 980 1072 1027 Facit
1103 980 1263 1046 itaque
1297 982 1464 1030 omnia
1496 1001 1601 1048 quae
1627 994 1785 1050 potest
1815 987 1972 1046 Deus,
2006 994 2054 1032 et
2087 994 2273 1032 tantum
2306 984 2431 1033 bene

282 1068 517 1122 quantum
554 1068 727 1125 potest.
765 1059 861 1107 Sed
889 1077 989 1108 non
1017 1077 1203 1109 cessare
1231 1061 1294 1110 ab
1326 1063 1383 1111 iis
1410 1074 1567 1129 potest
1591 1082 1696 1130 quae
1726 1065 1864 1125 faci-t,
1895 1075 1949 1112 ut
1978 1064 2200 1113 videlicet
2233 1082 2288 1113 ea
2314 1076 2430 1113 tunc

282 1154 383 1186 non
417 1139 555 1188 faciat
586 1139 784 1205 quando
818 1140 1037 1190 facienda
1068 1151 1196 1190 sunt.
1223 1143 1415 1210 Quippe
1447 1146 1486 1192 si
1516 1156 1720 1194 cessaret
1747 1163 1776 1194 a
1803 1145 1947 1194 bonis
1970 1162 2076 1212 quae
2109 1156 2285 1212 posset,
2317 1163 2428 1194 cum

282 1235 338 1267 ea
370 1219 473 1268 fieri
502 1230 775 1287 oporteret,
806 1221 1025 1288 profecto
1057 1232 1104 1269 et
1135 1239 1192 1270 ex
1223 1223 1320 1271 hoc
1351 1242 1451 1272 non
1483 1242 1584 1274 esse
1609 1227 1819 1293 perfecte
1850 1226 2037 1274 bonum
2068 1226 2430 1275 convincendus

280 1310 419 1347 esset.
448 1304 673 1350 Praeterea
701 1319 1017 1368 quaecumque
1039 1304 1084 1351 ei
1119 1303 1398 1352 naturaliter
1426 1306 1615 1366 insunt,
1642 1324 1804 1356 carere
1827 1324 1926 1355 non
1950 1317 2123 1373 potest.
2152 1307 2225 1354 Ei¹
2246 1317 2424 1367 autem,

279 1397 426 1445 quem
447 1398 640 1431 necesse
663 1394 734 1431 est
765 1401 954 1433 summe
974 1385 1161 1433 bonum
1191 1401 1292 1434 esse
1315 1396 1461 1452 atque
1491 1387 1776 1452 benignum,
1811 1406 1900 1436 nec
1930 1389 1978 1436 in
2003 1405 2088 1436 sua
2112 1389 2264 1436 minui
2288 1405 2429 1454 posse

279 1461 516 1524 bonitate,
555 1463 689 1512 bona
727 1466 950 1513 voluntas
984 1466 1264 1514 naturaliter
1298 1484 1354 1516 ac
1386 1468 1761 1517 substantialiter
1796 1470 1945 1528 inest,
1981 1486 2081 1516 non
2127 1469 2249 1517 sicut
2287 1468 2428 1516 nobis

281 1558 366 1607 per
390 1543 644 1605 accidens3
671 1545 799 1593 unde
834 1562 942 1593 eam
969 1563 1116 1612 quam
1144 1547 1291 1596 habet
1322 1548 1503 1597 bonam
1523 1550 1823 1598 voluntatem
1851 1550 2096 1616 deponere
2126 1567 2226 1597 non
2251 1560 2424 1615 potest,

279 1640 425 1687 quam
449 1633 496 1672 et
519 1626 677 1672 Deum
703 1642 803 1674 esse
827 1627 1031 1676 concedi
1050 1629 1295 1677 convenit.
1318 1632 1688 1696 Quamcumque
1707 1631 1868 1696 itaque
1892 1630 2075 1678 bonam
2099 1630 2246 1677 habet
2264 1630 2431 1677 volun·

278 1714 425 1753 tatem
442 1742 454 1765 ,
480 1723 644 1756 carere
667 1724 768 1756 non
793 1719 967 1775 potest.
998 1713 1200 1759 Necesse
1230 1721 1301 1759 est
1320 1712 1484 1776 igitur,
1512 1721 1567 1760 ut
1592 1712 1757 1759 omnia
1778 1728 1885 1776 quae
1908 1710 2027 1771 vult,
2059 1711 2160 1777 ipse
2183 1710 2317 1771 velit3
2346 1710 2431 1758 sed

278 1801 367 1833 nec
402 1786 625 1836 inefficax
661 1789 763 1853 ejus
793 1789 1016 1839 voluntas
1050 1807 1153 1839 esse
1188 1801 1348 1857 potest
1379 1809 1390 1837 ε
1428 1808 1625 1840 necesse
1656 1802 1727 1840 est
1758 1809 1872 1857 ergo
1903 1801 1958 1839 ut
1985 1808 2300 1857 quaecumque
2329 1791 2432 1839 vult

276 1865 377 1930 ipse
407 1866 641 1932 perficiat,
676 1886 788 1917 cum
814 1886 922 1918 eam
958 1870 1182 1920 videlicet
1205 1889 1453 1921 sumamus
1476 1873 1799 1935 voluntatem,
1826 1890 1933 1939 quae
1962 1872 2025 1921 ad
2054 1873 2203 1938 ipsius
2225 1873 2432 1938 pertinet

275 1946 654 1997 ordinationem.
683 1951 787 1999 Istis
810 1967 925 2016 ergo
949 1952 1217 2018 rationibus
1236 1954 1552 2002 astruendum
1577 1955 1786 2018 videtur,
1810 1954 1945 2020 quod
1969 1954 2107 2019 plura
2130 1956 2259 2001 Deus
2282 1954 2430 2002 nulla-

274 2036 414 2076 tenus
454 2030 610 2079 facere
644 2032 795 2097 possit
832 2049 982 2097 quam
1022 2033 1191 2096 faciat;
1232 2044 1316 2081 aut
1348 2035 1519 2082 melius
1562 2035 1739 2098 facere,
1780 2046 1863 2083 aut
1897 2034 1959 2082 ab
1997 2034 2072 2082 his
2105 2050 2313 2096 cessare,
2346 2035 2430 2082 sed

275 2109 442 2158 omnia
454 2111 519 2158 ita
533 2120 587 2158 ut
609 2111 720 2159 facit
742 2113 1016 2161 necessario
1031 2114 1205 2162 facere.
1223 2114 1317 2161 Sed
1336 2132 1501 2162 rursus
1521 2115 1719 2180 singulis
1738 2116 1836 2163 istis
1855 2114 2145 2162 difficillimae
2168 2124 2430 2162 occurrunt

274 2188 599 2253 objectiones,
641 2202 695 2239 ut
745 2203 953 2258 utroque
988 2209 1141 2241 cornu
1181 2195 1388 2258 graviter
1421 2194 1568 2243 fidem
1600 2205 1816 2244 nostram
1854 2204 2102 2261 oppugnet
2133 2194 2423 2260 complexio.

274 2270 393 2327 Quis
426 2271 556 2318 enim
579 2288 757 2336 negare
787 2272 990 2334 audeat,
1017 2273 1153 2339 quod
1182 2291 1281 2321 non
1307 2275 1457 2340 possit
1479 2278 1610 2323 Deus
1634 2293 1747 2324 eum
1774 2276 1857 2340 qui
1888 2274 2194 2323 damnandus
2224 2285 2297 2322 est
2333 2274 2428 2322 sal-

274 2367 403 2412 vare,
431 2362 515 2400 aut
536 2352 789 2401 meliorem
819 2353 955 2401 illum
984 2355 1068 2419 qui
1101 2354 1360 2402 salvandus
1383 2366 1452 2403 est
1482 2355 1654 2416 facere,
1681 2373 1826 2422 quam
1852 2356 1954 2422 ipse
1986 2356 2171 2403 futurus
2194 2356 2253 2403 sit
2278 2355 2429 2403 colla-

274 2433 406 2479 tione
425 2449 626 2480 suorum
651 2433 913 2495 donorum,
941 2444 1024 2482 aut
1049 2436 1252 2483 omnino
1275 2435 1508 2484 dimisisse
1531 2453 1592 2484 ne
1613 2453 1727 2484 eum
1747 2452 1980 2502 umquam
2002 2436 2216 2484 crearet?
2237 2436 2429 2501 Quippe

273 2512 311 2559 si
328 2528 435 2559 non
459 2522 618 2577 potest
640 2516 771 2564 Deus
792 2513 927 2562 hunc
949 2514 1152 2578 salvare,
1174 2516 1339 2581 utique
1361 2534 1452 2565 nec
1469 2518 1571 2583 ipse
1591 2518 1762 2566 salvari
1784 2534 1812 2566 a
1833 2520 1938 2565 Deo
1958 2527 2131 2583 potest.
2156 2518 2426 2565 Necessaria

273 2592 454 2659 quippe
490 2604 562 2641 est
593 2593 694 2641 haec
722 2595 1118 2661 reciprocationis
1154 2599 1458 2659 consecutio,
1493 2599 1628 2662 quod
1657 2599 1696 2646 si
1725 2599 1812 2646 iste
1838 2598 2046 2646 salvatur
2081 2614 2108 2645 a
2139 2600 2260 2657 Deo,
2296 2599 2426 2644 Deus

271 2672 405 2720 hunc
429 2672 596 2721 salvat.
623 2674 763 2723 Unde
788 2675 827 2722 si
854 2675 1082 2741 possibile
1104 2686 1175 2724 est
1207 2676 1340 2724 hunc
1369 2677 1541 2726 salvari
1572 2695 1599 2726 a
1624 2681 1746 2740 Deo,
1774 2677 2000 2743 possibile
2023 2688 2093 2726 est
2114 2680 2271 2725 Deum
2292 2677 2424 2725 hunc

272 2802 490 2856 termium
519 2814 646 2862 atque
663 2805 723 2847 ita
733 2806 823 2862 jam
840 2806 885 2848 in
905 2807 1220 2866 suprapositum
1235 2808 1543 2850 inconveniens
1557 2807 1816 2850 relabemur.
1838 2808 1910 2850 Sin
1933 2819 2075 2852 autem
2089 2807 2205 2850 dicas
2221 2806 2276 2850 de
2290 2806 2423 2850 altero

270 2866 390 2924 quod
407 2867 568 2910 factum
582 2884 670 2911 non
689 2881 767 2924 est,
789 2871 889 2929 quia
905 2887 995 2914 non
1018 2883 1111 2915 erat
1131 2873 1298 2916 bonum
1319 2883 1368 2915 ut
1383 2873 1557 2927 faceret,
1579 2872 1660 2916 nisi
1675 2873 1732 2915 ita
1751 2884 1799 2916 ut
1812 2873 1991 2916 alterum
2008 2884 2206 2926 cessaret,
2230 2872 2424 2932 profecto

270 2931 424 2975 eadem
443 2934 610 2977 ratione
629 2934 683 2978 de
704 2934 838 2979 altero
860 2936 979 2996 quod
998 2937 1159 2980 factum
1175 2949 1240 2981 est
1255 2954 1346 2981 non
1361 2939 1442 2981 erit
1462 2938 1708 2998 simpliciter
1726 2938 2054 2982 concedendum
2070 2950 2119 2981 ut
2133 2938 2299 2982 bonum
2316 2950 2425 2981 esset

269 2997 377 3040 illud
410 2997 526 3052 fieri,
551 3015 651 3043 cum
675 3017 795 3061 aeque
818 3017 1068 3046 concessum
1090 3004 1144 3046 sit
1172 3015 1262 3047 tam
1289 3005 1375 3048 hoc
1397 3020 1529 3064 quam
1550 3003 1658 3047 illud
1689 3003 1781 3047 fieri
1802 3004 1969 3047 bonum
1996 3020 2103 3048 esse.
2128 3005 2249 3048 Fecit
2278 3005 2423 3063 itaque

270 3065 386 3108 Deus
408 3064 527 3123 quod
541 3082 631 3109 non
644 3078 739 3110 erat
759 3067 927 3111 bonum
943 3067 1058 3112 fieri?
1079 3070 1218 3114 Absit.
1235 3070 1367 3126 Quod
1385 3071 1421 3114 si
1441 3071 1549 3114 illud
1565 3070 1707 3114 solum
1727 3069 1847 3131 quod
1867 3070 1984 3125 facit,
1999 3069 2091 3114 fieri
2111 3070 2166 3114 ab
2180 3086 2234 3114 eo
2256 3071 2422 3113 bonum

270 3141 349 3184 est,
377 3132 573 3190 profecto
593 3132 700 3176 illud
719 3134 859 3177 solum
882 3135 999 3193 quod
1021 3135 1120 3179 facit
1141 3136 1280 3180 facere
1302 3147 1459 3196 potest,
1481 3138 1554 3197 qui
1578 3136 1682 3180 nihil
1705 3137 1844 3180 facere
1861 3147 2017 3197 potest,
2047 3138 2128 3180 nisi
2149 3136 2266 3197 quod
2293 3136 2348 3179 ab
2371 3151 2423 3178 eo

270 3194 362 3237 fieri
387 3196 553 3240 bonum
576 3209 654 3242 est.

317 3365 323 3382 ¹
338 3362 420 3396 Male
438 3364 470 3396 in
488 3366 584 3398 editis
599 3366 631 3397 si
648 3374 709 3406 pro
724 3367 765 3399 ei.

430 3440 461 3463 u
2208 3430 2251 3466 71
