2638 3866
263 220 358 267 298
1067 220 1235 266 PETRI
1272 221 1588 268 ABAELARDI

265 319 416 380 fideli,
448 339 469 364 t(
496 319 733 379 Christus,
763 339 784 362 »
813 320 863 367 id
891 331 960 367 est
994 320 1111 367 fides
1140 320 1336 377 Christi,
1374 342 1396 364 (ι
1432 320 1495 368 ad
1518 320 1778 384 justitiam,
1798 341 1819 365 >2
1847 320 1897 368 id
1927 330 1999 368 est
2026 320 2206 369 adhoc
2234 331 2285 369 ut
2315 339 2401 388 per

264 416 367 446 eam
395 399 702 463 justificetur,
742 400 814 446 vel
852 399 960 448 finis
997 401 1136 465 legis,
1177 400 1227 448 id
1264 410 1334 447 est
1366 400 1590 464 legalium
1624 417 1846 466 operum.
1884 401 1980 459 Qui
2013 409 2173 448 autem
2187 404 2206 427 ¹·
2229 401 2278 448 in
2311 402 2402 449 illis

263 479 486 543 operibus
510 496 644 544 spem
663 479 826 528 salutis
849 481 1164 541 constituunt,
1191 480 1404 529 Christus
1427 481 1494 528 eis
1518 498 1617 528 non
1639 481 1869 547 proderit.
1895 480 2035 528 Unde
2056 490 2102 527 et
2119 481 2186 528 ad
2204 481 2404 528 Galatas

264 558 403 605 dicit*
426 576 435 604 :
470 578 491 602 «
522 559 570 605 Si
591 560 1018 621 circumcidamini,
1045 560 1260 608 Christus
1281 560 1420 608 vobis
1442 560 1564 608 nihil
1586 561 1818 627 proderit.
1847 579 1870 606 »
1897 564 1956 609 Et
1983 578 2070 626 per
2092 561 2401 626 semetipsum

262 638 475 686 Christus
498 639 641 686 dicit³
668 659 678 687 ε
709 661 731 684 «
760 645 921 706 Usque
945 641 1003 689 ad
1031 645 1267 688 Joannem
1289 641 1362 688 lex
1389 650 1435 688 et
1463 641 1730 707 Prophetae.
1757 661 1781 686 »

332 739 354 761 «
376 721 561 783 Moyses
584 721 732 769 enim.
754 742 775 765 n
801 722 1021 769 Ostendit
1046 722 1194 787 ipsius
1211 721 1497 785 legislatoris
1516 722 1692 786 Moysis
1717 723 2001 771 testimoniis
2017 721 2271 787 exjustitia
2286 721 2403 786 legis

262 799 474 863 impleta,
502 801 549 847 in
580 802 806 866 operibus
833 802 1010 850 scilicet
1034 803 1123 850 illis
1146 802 1438 861 carnalibus,
1464 803 1708 850 neminem
1741 804 1931 869 assequi
1961 804 2109 851 vitam
2141 810 2398 861 aeternam,

264 895 352 926 nec
373 879 514 928 fuisse
538 883 842 946 promissam,
869 883 953 931 sed
980 883 1140 949 potius
1162 899 1218 929 ex
1239 881 1333 930 fide
1357 882 1549 931 Christi.
1568 902 1591 929 «
1617 885 1855 932 Justitiam
1878 901 1983 949 quae
2002 900 2059 931 ex
2082 882 2184 945 lege
2205 892 2292 940 est,
2319 883 2403 945 qui

264 959 425 1008 fecerit
455 961 635 1023 homo,
659 984 680 1007 »
707 964 757 1011 id
792 973 862 1011 est
892 964 1062 1029 legalia
1095 981 1244 1030 opera
1276 963 1571 1029 impleverit,
1605 966 1809 1013 «vivet»
1834 982 1978 1030 super
2008 974 2184 1011 terram
2207 961 2399 1022 seilicet,

267 1061 289 1085 «
311 1041 359 1087 in
401 1058 473 1099 ea,
493 1063 515 1086 »
557 1042 606 1089 id
641 1053 711 1090 est
745 1054 942 1109 propter
974 1045 1121 1110 ipsius
1156 1044 1273 1109 legis
1309 1044 1666 1092 observantiam
1702 1045 1805 1092 vitae
1838 1044 1981 1109 hujus
2012 1043 2154 1091 bonis
2189 1042 2400 1103 fruetur,
2478 1054 2481 1065 ¹

266 1137 364 1168 non
394 1132 597 1170 aeternae.
630 1126 789 1181 «Quae
821 1135 982 1172 autem
1006 1142 1063 1173 ex
1091 1124 1188 1172 fide
1210 1135 1299 1187 est,
1324 1145 1347 1168 2>
1376 1124 1426 1171 id
1450 1134 1521 1171 est
1544 1125 1775 1189 quoniam
1809 1124 1927 1172 fides
1960 1124 2020 1171 de
2043 1141 2144 1171 non
2168 1138 2406 1188 apparen-

264 1200 390 1248 tibus
413 1212 500 1264 est,
526 1203 673 1251 vitam
696 1204 827 1252 illam
853 1216 1081 1253 aeternam
1113 1222 1218 1270 quae
1244 1205 1293 1252 in
1319 1204 1508 1252 Christo
1534 1205 1819 1254 abscondita
1843 1216 1939 1266 est,
1967 1205 2126 1270 potius
2150 1203 2402 1269 promittit,

263 1297 407 1344 quam
445 1293 751 1347 praesentem3
791 1294 839 1331 et
872 1285 1127 1332 invisibilia
1166 1287 1342 1350 potius,
1384 1301 1529 1348 quam
1569 1285 1771 1334 visibilia
1801 1285 1949 1334 bona.
1992 1288 2051 1332 Et
2084 1284 2186 1331 haec
2223 1293 2291 1331 est
2329 1283 2407 1331 illa

258 1363 435 1425 justitia
471 1379 575 1426 quae
606 1381 663 1411 ex
694 1364 790 1412 fide
821 1375 891 1412 est
922 1365 1123 1427 Christi,
1151 1365 1201 1412 id
1232 1375 1302 1413 est
1325 1366 1427 1430 ipsa
1450 1365 1568 1413 fides
1604 1366 1654 1413 in
1678 1366 1920 1413 Christum
1952 1365 2118 1413 habita
2149 1380 2239 1411 nos
2257 1363 2407 1428 justi-

264 1440 427 1489 ficans.
468 1444 545 1491 Sic
574 1445 788 1508 loquitur
821 1445 1028 1507 ibidem,
1054 1445 1232 1493 scilicet
1264 1446 1312 1492 in
1345 1448 1731 1508 Deuteronomio,
1769 1463 1856 1511 per
1889 1446 2047 1511 ipsum
2077 1447 2291 1509 Moysem
2324 1444 2407 1509 qui

265 1539 349 1586 per
380 1541 487 1571 eam
524 1543 633 1573 vere
662 1526 817 1589 justus
844 1536 970 1588 erat,
1000 1543 1090 1574 nos
1125 1526 1462 1588 corroborans,
1500 1536 1553 1573 ut
1587 1527 1635 1574 in
1666 1526 1809 1574 nullis
1832 1526 2111 1574 deficiamus
2132 1524 2207 1572 vel
2240 1523 2409 1590 despe-

266 1620 424 1651 remus
457 1605 682 1653 adversis.
723 1610 826 1654 Hoc
863 1617 951 1668 est,
990 1608 1091 1672 ipse
1118 1624 1176 1654 ex
1208 1607 1287 1654 illa
1307 1608 1489 1671 justitia
1517 1623 1662 1672 quam
1693 1608 1793 1671 jam
1830 1606 2059 1669 habebat,
2097 1606 2220 1653 sicut
2253 1604 2366 1652 dicit
2392 1623 2402 1650 :

271 1704 292 1726 <c
315 1686 382 1730 Ne
405 1684 579 1732 dixeris
608 1687 656 1732 in
683 1686 829 1733 corde
854 1697 955 1747 tuo,
978 1706 1001 1732 »
1033 1686 1081 1733 id
1107 1697 1176 1734 est
1209 1704 1269 1734 ne
1299 1688 1495 1750 cogites,
1528 1696 1580 1734 tu
1603 1687 1755 1734 homo
1786 1688 2087 1752 quicunque,
2117 1685 2191 1733 vel
2222 1694 2292 1745 tu,
2319 1700 2408 1750 po-

266 1763 376 1828 pule
407 1765 575 1812 Israel:
607 1767 765 1823 «Quis
785 1766 1008 1814 ascendet
1037 1768 1082 1814 in
1115 1766 1320 1814 coelum?
1342 1785 1365 1812 »
1391 1767 1437 1814 id
1465 1777 1535 1814 est
1567 1783 1629 1814 ne
1652 1767 1874 1832 desperes
1900 1767 1961 1814 de
1989 1767 2084 1814 vita
2107 1765 2187 1813 illa
2210 1764 2405 1821 coelesti,

268 1844 315 1890 in
347 1861 442 1908 qua
467 1845 584 1893 fides
607 1846 781 1894 Christi
802 1847 1035 1909 consistit,
1067 1857 1114 1894 et
1140 1848 1275 1911 cujus
1298 1864 1388 1895 nos
1412 1847 1733 1912 promissione
1758 1849 1964 1895 maxime
1988 1847 2203 1894 Christus
2235 1845 2404 1906 allicit,

268 1926 404 1988 quasi
446 1925 507 1973 ad
542 1927 688 1974 vitam
723 1928 853 1975 illam
887 1919 1213 1976 conscendere
1252 1928 1466 1975 humana
1501 1929 1699 1975 minime
1735 1929 1885 1994 possit
1919 1937 2121 1985 natura,
2159 1926 2276 1991 quia
2313 1925 2408 1972 hoe

269 2015 413 2067 esset,
442 2006 597 2071 inquit
623 2009 904 2073 Apostolus,
931 2025 986 2055 ex
1017 2025 1103 2057 sua
1133 2018 1268 2074 parte
1300 2009 1541 2057 Christum
1570 2010 1728 2075 ipsum
1761 2009 1822 2057 ab
1845 2009 1925 2056 illa
1948 2008 2045 2056 vita
2076 2006 2333 2067 deducere,
2361 2006 2411 2052 id

269 2095 339 2132 est
359 2086 553 2133 credere
572 2103 661 2134 nec
677 2088 836 2153 ipsum
858 2088 970 2135 illuc
993 2089 1279 2150 ascendisse,
1309 2090 1358 2136 in
1377 2089 1592 2137 humana
1614 2106 1761 2154 quam
1784 2090 2038 2154 assumpsit
2061 2097 2248 2135 natura.
2275 2105 2300 2131 α
2319 2088 2412 2133 Aut

269 2167 375 2230 quis
400 2166 658 2215 descendet
690 2169 741 2215 in
775 2168 1033 2234 abyssum?
1061 2189 1084 2215 n
1117 2170 1168 2217 id
1192 2179 1263 2219 est
1287 2187 1440 2236 usque
1463 2170 1526 2219 ad
1549 2171 1708 2236 ipsum
1732 2172 1876 2219 etiam
1904 2170 2175 2227 infernum,
2203 2177 2256 2214 ut
2289 2183 2412 2231 quos

269 2246 490 2294 videlicet
515 2265 613 2294 non
640 2248 859 2297 liberavit
888 2250 949 2297 ad
982 2249 1183 2297 coelestia
1208 2266 1371 2298 secum
1403 2251 1662 2316 perducat,
1696 2252 1808 2316 quia
1843 2251 1939 2298 hoc
1971 2260 2092 2298 esset
2120 2270 2142 2293 c<
2169 2247 2412 2295 Christum

221 2359 224 2362 -
272 2343 298 2374 a
321 2329 523 2375 mortuis
555 2346 807 2388 revocare,
848 2352 868 2374 n
907 2330 1003 2378 hoc
1034 2341 1104 2379 est
1135 2331 1380 2379 credendo
1414 2332 1644 2380 reducere
1675 2332 1916 2380 Christum
1947 2332 2045 2379 sive
2075 2329 2317 2378 retrahere
2351 2327 2412 2375 ab

272 2407 353 2454 illo
377 2407 626 2469 descensu,
650 2427 748 2474 quo
770 2409 934 2458 fideles
957 2428 1070 2458 suos
1093 2421 1311 2458 mortuos
1333 2411 1394 2459 ab
1420 2412 1607 2459 inferno
1628 2412 1846 2458 liberavit
1868 2421 1914 2458 et
1937 2427 2099 2458 secum
2123 2410 2184 2456 ad
2203 2408 2412 2456 coelestia
2468 2445 2470 2448 .

274 2488 526 2535 transtulit.
558 2489 695 2537 «Sed
719 2490 836 2554 quid
872 2491 1072 2538 dicunt?
1091 2509 1114 2534 υ
1140 2489 1195 2537 Id
1230 2500 1324 2551 est,
1355 2492 1512 2555 inquit
1535 2491 1809 2557 Apostolus,
1835 2490 2029 2538 attende
2061 2488 2194 2554 quod
2227 2486 2410 2534 ibidem

275 2567 581 2632 subjunctum
607 2580 676 2617 est
699 2570 760 2618 ab
780 2571 886 2636 ipso
911 2573 1091 2635 Moyse,
1117 2570 1213 2618 hoc
1234 2570 1457 2618 videlicet
1479 2589 1490 2618 2
1519 2593 1541 2616 c<
1560 2574 1715 2637 Prope
1738 2580 1809 2618 est
1831 2569 2052 2627 verbum,
2081 2579 2196 2629 etc.,
2219 2588 2242 2612 »
2269 2567 2319 2615 id
2343 2578 2412 2615 est

272 2648 407 2696 facile
431 2659 501 2696 est
522 2659 567 2697 te
591 2651 640 2697 in
663 2650 852 2699 Christo
882 2652 978 2698 hoc
1002 2650 1216 2717 profiteri
1245 2651 1541 2717 completum
1563 2651 1640 2699 vel
1662 2651 1882 2712 credere,
1921 2651 1981 2698 de
2006 2666 2201 2697 assensu
2235 2648 2412 2695 scilicet

272 2727 481 2776 hominis
516 2730 577 2778 ad
612 2731 837 2792 coelestia,
866 2742 913 2779 et
945 2732 1175 2780 descensu
1207 2732 1421 2780 hominis
1443 2732 1503 2780 ad
1527 2733 1730 2780 inferna.
1768 2732 1882 2779 Ideo
1920 2730 2056 2778 facile
2089 2730 2202 2795 quia
2236 2729 2411 2776 rationi

275 2823 371 2853 non
410 2820 478 2856 est
511 2810 789 2872 adversum,
820 2812 903 2859 sed
937 2813 1142 2861 maxime
1176 2829 1446 2876 congruum
1479 2812 1651 2860 divinae
1687 2812 1968 2871 clementiae,
2004 2811 2100 2858 hoc
2132 2819 2218 2870 est,
2256 2809 2412 2873 inquit

278 2888 548 2951 Apostolus,
570 2912 591 2934 «
608 2892 810 2940 verbum
831 2892 994 2955 fidei,»
1020 2893 1070 2940 id
1092 2903 1162 2941 est
1181 2893 1383 2940 verbum
1404 2892 1464 2941 de
1487 2910 1546 2941 eo
1566 2893 1698 2958 quod
1723 2892 1844 2940 fides
1863 2891 2028 2950 habet,
2045 2900 2092 2938 et
2114 2890 2174 2937 de
2196 2906 2255 2937 eo
2277 2888 2410 2953 quod

277 2967 509 3014 creditum
548 2969 712 3018 fideles
757 2972 882 3019 facit.
929 2973 1075 3030 Quod
1115 2972 1321 3021 verbum
1366 2973 1544 3021 scilicet
1585 2990 1675 3021 nos
1716 2972 1931 3038 Apostoli
1972 2970 2231 3036 praedicare
2280 2968 2411 3015 missi

276 3062 457 3093 sumus.
485 3050 542 3094 Et
568 3051 757 3112 merito,
782 3052 893 3115 quia
917 3052 966 3099 in
988 3052 1131 3115 hujus
1157 3052 1293 3119 verbi
1314 3053 1615 3101 confessione
1637 3063 1684 3101 et
1706 3053 1801 3100 fide
1825 3052 1950 3100 salus
1979 3059 2138 3098 nostra
2165 3048 2405 3096 consistit.

321 3254 327 3272 ¹
347 3252 400 3285 Sic
417 3254 508 3286 locus
530 3255 749 3287 restituendus
770 3264 840 3288 esse
862 3257 1001 3290 videtur.
1025 3256 1119 3290 Δηὼ.
1145 3257 1225 3296 Quae
1244 3258 1410 3298 gaudium
1436 3268 1495 3300 pro
1513 3259 1577 3299 Qui
1594 3263 1721 3293 autem.
1738 3276 1778 3282 ·—
1794 3260 1805 3278 ²
1823 3257 1950 3299 Galat.²
1973 3267 2045 3298 cap.
2065 3266 2096 3297 V,
2122 3266 2153 3290 v.
2171 3260 2202 3291 2.
2228 3275 2263 3280 —
2281 3258 2292 3276 ³
2311 3256 2407 3299 Luc.,

282 3315 355 3347 cap.
373 3316 437 3348 ΧΠ,
454 3316 485 3339 v.
508 3309 557 3342 16.
