2638 3866
796 204 851 253 IN
888 202 1218 252 EPISTOLAM
1253 203 1334 252 AD
1370 202 1677 252 ROMANOS.
2218 204 2311 251 173

162 307 333 357 divinae
364 307 589 373 potentiae
620 304 868 372 accipitur,
898 320 1004 370 quae
1031 305 1296 370 specialiter
1319 322 1378 354 ex
1406 305 1607 353 nomine
1636 305 1811 366 Patris,
1837 305 1960 352 sicut
1991 320 2119 363 reor,
2150 304 2312 351 innui-

161 399 253 437 tur.
292 391 420 437 Deus
451 389 658 454 quippe,
695 395 812 435 teste
846 385 1059 446 Isidoro,
1099 388 1209 446 θεός,
1238 386 1287 434 id
1314 396 1385 434 est
1426 386 1573 434 timor
1607 386 1970 451 interpretatur,
2015 394 2062 432 et
2103 394 2313 450 potestas

160 469 382 535 quaelibet
422 470 566 518 timor
608 478 679 516 est
723 467 1069 532 subjectorum.
1114 466 1253 515 Unde
1294 467 1468 515 merito
1510 466 1710 515 nomine
1751 466 1839 513 Dei
1881 467 1979 514 sive
2025 465 2310 524 divinitatis,

160 551 207 599 id
229 561 300 599 est
322 551 527 614 deitatis,
555 549 718 598 divina
747 549 1013 615 specialiter
1043 549 1322 614 exprimitur
1349 549 1582 615 potentia.
1621 547 1769 607 Quod
1805 547 2056 612 diligenter
2080 549 2313 596 Maximus

158 633 427 699 Episcopus
465 633 512 680 in
550 631 857 696 Expositc‘one
891 629 1131 695 Symboll',
1180 630 1315 695 quod
1356 630 1533 678 dicitur
1581 628 1947 695 Apostolorum,
1998 647 2104 694 quae
2143 630 2313 695 legitur

157 713 207 760 in
233 716 274 761 V
298 713 682 778 Quadragesimae
711 711 968 759 Dominica
997 710 1072 758 his
1103 711 1265 759 verbis
1299 709 1535 758 insinuat:
1573 731 1596 755 α
1618 710 1803 772 Credis,
1845 710 2027 775 inquit,
2071 711 2119 758 in
2156 714 2312 759 Deum

159 796 349 842 Patrem
381 794 785 860 omnipotentem.
826 795 879 839 ln
921 795 1026 840 Deo
1063 801 1235 839 natura
1272 790 1586 853 innascibilis,
1625 791 1674 838 in
1711 794 1850 839 Patre
1884 791 2081 855 ingeniti
2119 793 2310 851 veritas,

157 873 207 921 in
235 874 570 941 omnipotente
599 872 850 940 plenitudo
879 872 1086 932 virtutis,
1118 871 1403 920 ostenditur.
1438 874 1521 919 Est
1554 888 1768 936 namque
1791 889 1877 937 per
1907 872 2169 936 ingenitam
2193 873 2314 920 divi-

157 955 355 1004 nitatem
388 956 726 1021 omnipotens,
766 963 814 1002 et
850 971 937 1020 per
975 954 1380 1019 omnipotentiam
1414 956 1569 1000 Pater.
1595 972 1617 997 υ
1651 955 1723 1000 De
1758 952 1831 1000 his
1870 963 2030 1001 autem
2070 954 2118 1001 in
2156 955 2312 1020 primo

162 1036 422 1103 Theologiae
456 1047 630 1085 nostrae
663 1045 808 1102 prout
836 1035 1084 1101 potuimus
1117 1035 1231 1083 satis
1263 1034 1515 1100 diligenter
1549 1033 1878 1082 disseruimus.
1907 1039 2115 1100 Apparet
2148 1036 2312 1102 itaque

159 1118 364 1166 maxime
388 1135 444 1167 ex
469 1119 572 1185 ipsa
587 1117 844 1166 mundanae
863 1116 1055 1165 sabricae
1075 1116 1384 1165 universitate
1400 1125 1499 1163 tam
1517 1114 1798 1186 mirabiliter
1812 1116 1952 1175 facta,
1971 1126 2067 1164 tam
2088 1116 2312 1166 decenter

156 1208 344 1261 ornata,
371 1209 562 1266 quantoe
583 1198 826 1266 potentiae,
853 1207 1045 1264 quantae
1070 1197 1330 1263 sapientiae,
1351 1205 1541 1261 quantae
1563 1195 1797 1243 bonitatis
1816 1195 1918 1260 ejus
1937 1197 2104 1244 artifex
2125 1198 2202 1259 sit,
2224 1201 2306 1264 qui

155 1290 344 1328 tantum
365 1290 412 1330 et
433 1281 527 1329 tale
544 1297 668 1346 opus
690 1279 752 1328 de
771 1279 925 1327 nihilo
950 1279 1105 1327 facere
1135 1278 1294 1344 potuit
1315 1287 1363 1325 et
1384 1276 1551 1339 voluit,
1590 1286 1638 1325 et
1670 1286 1768 1324 tam
1807 1278 2007 1326 solerter
2030 1289 2078 1326 et
2099 1279 2309 1328 rationa-

153 1359 315 1409 biliter
354 1372 529 1410 cuncta
566 1361 875 1428 temperavit,
913 1370 966 1408 ut
1008 1361 1060 1408 in
1100 1358 1298 1425 singulis
1339 1358 1459 1406 nihil
1503 1358 1611 1424 plus
1658 1368 1741 1405 aut
1776 1359 1936 1406 minus
1980 1375 2127 1424 quam
2167 1378 2308 1426 opor-

155 1442 299 1490 tuerit
319 1452 483 1491 actum
507 1443 584 1491 sit.
612 1442 753 1491 Unde
784 1451 832 1491 et
861 1441 997 1490 Plato
1023 1442 1143 1507 ipse,
1174 1457 1287 1489 cum
1308 1439 1369 1488 de
1396 1439 1614 1503 genitura
1637 1438 1810 1487 mundi
1832 1451 2015 1505 ageret,
2037 1442 2087 1489 in
2122 1451 2308 1491 tantum

155 1523 328 1572 divinae
357 1525 583 1591 potentiae
621 1533 668 1572 et
699 1523 941 1590 sapientiae
970 1522 1238 1570 bonitatem
1276 1521 1462 1582 extulit,
1499 1528 1553 1567 ut
1578 1529 1812 1569 astrueret
1846 1523 2004 1570 Deum
2040 1523 2312 1573 nullatenus

155 1605 367 1670 potuisse
391 1605 633 1653 mundum
669 1604 919 1652 meliorem
946 1603 1102 1651 facere
1127 1618 1275 1668 quam
1298 1601 1477 1650 secel-it.
1507 1603 1614 1649 Non
1639 1601 1799 1650 solum
1834 1611 1996 1651 autem
2032 1604 2309 1671 philosophi

155 1685 382 1734 Gentium
413 1703 472 1733 ex
500 1686 604 1752 ipsa
641 1684 814 1733 mundi
841 1683 1196 1749 compositione
1216 1681 1291 1730 vel
1315 1691 1492 1730 ornatu
1516 1681 1724 1730 mirabili
1746 1683 2016 1732 mirabilem
2038 1685 2140 1750 ejus
2162 1687 2311 1734 artifi-

154 1782 261 1813 cem
282 1779 619 1832 perceperunt,
643 1782 814 1814 verum
832 1774 879 1812 et
903 1781 960 1812 ex
986 1765 1173 1831 optima
1195 1763 1297 1829 ejus
1326 1762 1645 1829 dispositione
1668 1764 1904 1830 optimam
1935 1764 2110 1814 divinae
2144 1766 2314 1832 guber-

153 1846 363 1895 nationis
384 1846 747 1912 providentiam
767 1843 1037 1894 rationibus
1054 1844 1282 1910 congruis
1303 1843 1622 1909 assignarunt.
1651 1847 1874 1903 Quorum
1907 1863 2032 1896 unus
2053 1848 2232 1897 Tullius
2261 1851 2311 1898 in

152 1927 310 1992 primo
342 1927 601 1976 Rhetorcbae
637 1930 776 1987 suae¹,
809 1924 1050 1974 mundum
1086 1925 1250 1991 ipsum
1285 1924 1608 1992 providentia,
1636 1942 1738 1974 non
1777 1927 1979 1975 fortuitu
2013 1929 2112 1994 regi
2149 1930 2305 1979 valida

153 2008 339 2057 ratione
373 2008 698 2069 monstravit;
738 2024 852 2057 cum
884 2006 1107 2056 videlicet
1137 2023 1195 2055 ea
1229 2023 1336 2072 quae
1366 2006 1569 2055 consilio
1608 2023 1666 2055 ac
1702 2008 2009 2073 providentia
2053 2022 2305 2075 reguntur,

154 2090 323 2138 melius
346 2089 611 2155 procedere
634 2100 782 2156 atque
810 2089 1136 2138 administrari
1158 2098 1457 2155 proponeret
1488 2104 1637 2154 quam
1665 2088 1774 2151 alia,
1800 2105 1857 2138 ae
1878 2091 2037 2140 statim
2059 2092 2180 2142 nihil
2202 2110 2308 2142 me-

153 2170 244 2218 lius
281 2180 329 2219 et
365 2170 632 2220 ordinatius
654 2170 979 2219 administrari
1017 2169 1093 2218 vel
1130 2169 1527 2235 disponi,.quam
1566 2170 1807 2218 mundum
1834 2172 1992 2237 ipsum
2026 2185 2306 2234 assumeret,

153 2261 298 2316 atque
319 2251 417 2300 hoc
439 2268 636 2318 quoque
659 2252 789 2301 illico
812 2252 1065 2301 manifesta
1087 2251 1276 2299 ratione
1298 2250 1628 2310 convinceret,
1657 2251 1919 2301 ostendens
1945 2254 2126 2303 scilicet
2162 2273 2308 2322 quam

154 2332 332 2381 utiliter
354 2343 402 2381 et
421 2332 768 2382 rationabiliter
792 2350 849 2383 ea
871 2350 976 2399 quae
1001 2333 1051 2381 in
1086 2332 1274 2380 mundo
1303 2341 1415 2379 sunt
1442 2332 1494 2379 in
1524 2348 1611 2381 sua
1651 2332 1958 2383 ordinatione
1983 2347 2306 2400 perseverent.

154 2416 415 2462 Possumus
431 2423 479 2463 et
503 2414 639 2481 quod
658 2415 723 2464 ait
739 2414 1015 2481 Apostolus,
1046 2433 1070 2460 «
1081 2412 1342 2462 Invisibilia
1355 2413 1486 2461 enim
1505 2413 1653 2480 ipsius
1666 2424 1924 2462 acreatura
1943 2417 2129 2479 mundi,
2153 2428 2268 2480 etc.‚
2285 2438 2307 2463 »

153 2511 253 2543 non
276 2495 436 2544 solum
456 2496 523 2545 ita
542 2512 805 2562 exponere,
832 2495 969 2561 quod
991 2513 1050 2545 ex
1066 2495 1422 2561 compositione
1446 2504 1495 2542 et
1519 2511 1578 2542 ex
1599 2505 1776 2543 ornatu
1794 2496 1964 2544 mundi
1987 2500 2199 2563 potuerit
2223 2516 2309 2565 per

152 2575 418 2625 humanam
464 2577 704 2625 rationem
729 2577 832 2643 ipsa
854 2576 1048 2626 artificis
1075 2576 1309 2642 potentia,
1347 2575 1580 2642 sapientia
1618 2586 1763 2640 atque
1787 2576 1979 2626 bonitas
2002 2580 2201 2645 percipi,
2228 2597 2311 2628 se·

152 2657 370 2706 cundum
406 2673 530 2722 quae,
552 2667 606 2706 ut
629 2658 859 2718 diximuS,
900 2667 995 2706 tres
1019 2658 1068 2705 in
1092 2659 1197 2705 Deo
1216 2672 1435 2722 personae
1457 2655 1845 2721 distinguuntur:
1885 2675 2056 2706 verum
2080 2670 2127 2707 et
2150 2660 2310 2709 dicere

150 2753 365 2803 eousque
383 2755 470 2805 per
494 2738 859 2787 similitudinem
875 2737 1204 2804 corporalium
1223 2753 1386 2784 rerum
1400 2736 1667 2785 humanam
1691 2738 1929 2786 rationem
1951 2741 2307 2804 conscendisse,

154 2827 207 2865 ut
245 2818 401 2884 ipsam
435 2819 524 2867 Dei
563 2819 795 2867 unitatem
831 2828 975 2884 atque
1005 2819 1056 2866 in
1080 2834 1140 2866 eo
1166 2833 1487 2882 personarum
1509 2817 1805 2880 Trinitatem,
1846 2829 1894 2866 et
1921 2821 2174 2884 quomodo
2199 2824 2311 2889 ipsae

154 2915 372 2963 personae
387 2899 593 2947 invicem
612 2916 662 2947 se
678 2898 908 2960 habeant,
932 2898 1161 2963 congruis
1186 2895 1560 2945 similitudinum
1584 2898 1817 2963 exemplis
1841 2900 2082 2964 assignare
2111 2903 2307 2965 valeret,

154 2979 386 3044 ponendo
408 2979 633 3028 videlicet
653 2989 766 3027 ante
790 2979 962 3027 oculos
985 2979 1198 3044 aliquam
1228 2977 1401 3025 mundi
1423 2987 1717 3038 creaturam,
1749 2979 1874 3028 sicut
1895 2997 2069 3030 aeream
2092 2983 2312 3032 substan-

155 3059 271 3109 tiam
288 3062 320 3122 ²,
357 3070 406 3109 et
441 3059 738 3109 attendendo
770 3059 952 3124 aliquid
987 3058 1122 3123 quod
1149 3057 1233 3106 fiat
1266 3059 1317 3106 in
1349 3058 1453 3124 ipsa
1484 3075 1608 3107 aerea
1638 3059 1933 3124 substantia,
1970 3072 2024 3110 ut
2053 3063 2310 3129 imaginem

156 3156 345 3205 aeream,
360 3159 467 3208 quae
481 3151 648 3190 nostra
662 3141 945 3208 operatione
963 3156 1020 3188 ex
1034 3140 1140 3206 ipso
1152 3155 1243 3188 aere
1261 3139 1383 3189 facta
1396 3150 1466 3189 est
1484 3158 1494 3188 :
1515 3141 1579 3188 ita
1593 3141 1793 3206 quidem
1812 3152 1865 3190 ut
1881 3144 2040 3209 ipsum
2052 3161 2114 3192 aes
2131 3155 2177 3193 et
2190 3162 2310 3194 aerea

201 3329 345 3364 'travena
364 3329 391 3371 1,
405 3339 521 3364 xxxiv.
537 3347 577 3355 —
592 3331 604 3351 ²
617 3329 652 3364 S.
671 3329 855 3363 Bernartius
869 3329 953 3363 hanc
967 3328 1215 3363 slmllltudinem
1228 3328 1357 3361 refellit,
