2638 3866
850 172 909 221 ΙΝ
943 171 1276 220 EPlSTOLAM
1311 174 1392 221 AD
1428 174 1734 223 ROMANOS.
2276 180 2370 228 265

210 275 442 323 omnibus
464 274 653 341 placeo,
681 290 782 322 non
807 290 1024 339 quaerens
1056 273 1192 338 quod
1235 274 1354 323 mihi
1396 275 1511 324 utile
1542 286 1631 338 est,
1668 275 1755 324 sed
1789 277 1923 342 quod
1960 278 2140 340 multis,
2172 290 2226 328 ut
2254 281 2373 331 salvi

210 356 346 406 fiant.
374 378 398 403 2>
436 359 607 405 Certus
642 365 803 404 tamen
839 355 985 404 debet
1018 372 1120 404 esse
1155 356 1240 420 qui
1270 356 1337 405 sic
1369 357 1484 422 agit,
1519 357 1581 406 de
1613 358 1908 424 amplissima
1939 369 2080 409 tantae
2103 360 2375 412 dilectionis

210 440 635 488 remuneratione:
661 454 751 486 nec
773 446 935 486 tamen
965 437 1057 485 hac
1086 437 1354 486 intentione
1380 438 1459 486 hic
1494 439 1607 504 agit,
1635 439 1676 486 si
1701 440 1910 505 perfecte
1943 441 2112 506 diligit.
2151 443 2372 509 Alioquin

210 538 296 571 sua
318 530 570 588 quaereret,
595 529 643 568 et
667 519 800 584 quasi
826 518 1170 578 mercenariuS,
1200 517 1310 567 licet
1329 520 1381 567 in
1406 519 1750 586 spiritualibus,
1778 532 1916 570 esset.
1943 526 2040 571 Nec
2072 524 2174 588 jam
2198 535 2268 572 est
2293 542 2375 574 ca-

211 602 325 652 ritas
350 602 573 664 dicenda,
596 602 636 649 si
656 609 856 668 propter
882 617 973 648 nos
998 616 1131 662 eum,
1159 599 1209 647 id
1240 610 1311 648 est
1332 617 1424 667 pro
1455 611 1624 650 nostra
1653 601 1876 665 utilitate,
1914 614 1961 651 et
1992 621 2083 670 pro
2113 606 2249 670 regni
2272 607 2375 671 ejus

212 684 433 733 felicitate
471 701 619 750 quam
645 682 707 732 ab
735 699 795 731 eo
830 698 1103 749 speramuS,
1143 681 1452 747 diligeremus
1481 684 1644 750 potius
1674 700 1822 750 quam
1859 695 2060 752 propter
2094 687 2252 753 ipsum
2280 706 2289 735 ε
2323 689 2375 737 in

211 765 354 814 nobis
373 765 596 814 videlicet
612 775 786 814 nostrae
803 763 1086 812 intentionis
1104 763 1269 825 finem,
1298 781 1400 812 non
1423 766 1473 814 in
1495 765 1685 813 Christo
1705 774 1982 814 statuenteS.
2007 767 2140 815 Tales
2156 768 2374 834 profecto

210 845 435 895 homines
449 846 652 894 fortunae
665 846 827 912 potius
842 844 1037 893 dicendi
1058 855 1169 892 sunt
1189 846 1331 893 amici
1351 863 1500 911 quam
1516 846 1759 908 homines,
1782 856 1831 894 et
1852 863 1938 913 per
1955 848 2206 896 avaritiam
2224 850 2376 915 magis

211 944 359 993 quam
374 946 460 995 per
476 929 676 993 gratiam
689 927 910 994 subjecti.
930 926 1076 987 Quod
1091 926 1288 993 quidem
1300 927 1554 992 diligenter
1568 931 1739 977 Beatus
1750 928 2003 977 attendens
2020 931 2310 994 Augustinus
2324 932 2375 981 in

210 1008 335 1058 libro
353 1012 673 1071 Quaestionum
689 1011 936 1071 LXXXIII,
954 1026 1062 1076 cap.
1082 1026 1272 1057 xxxvn:
1301 1030 1323 1054 «
1342 1009 1470 1057 Nihil
1485 1009 1637 1070 aliud,
1662 1028 1685 1055 »
1710 1010 1886 1075 inquit,
1910 1030 1933 1056 «
1957 1020 2027 1059 est
2047 1027 2209 1060 amare
2228 1028 2377 1078 quam

210 1101 411 1158 propter
433 1092 743 1158 semetipsam
769 1091 980 1156 aliquam
1005 1108 1109 1140 rem
1128 1101 1375 1158 appetere.
1400 1112 1422 1136 ³>
1452 1093 1631 1140 Rursus
1659 1090 1790 1139 idem
1820 1091 1869 1140 id
1893 1092 2028 1157 quod
2051 1093 2281 1159 scriptum
2307 1103 2379 1143 est

212 1187 460 1238 exponens
481 1176 520 1220 ¹:
550 1193 571 1219 α
593 1172 874 1221 Voluntarie
898 1171 1181 1221 sacrificabo
1205 1173 1310 1235 tibi,
1339 1183 1388 1222 et
1410 1172 1684 1222 confitebor
1703 1173 1893 1221 nomini
1923 1182 2009 1222 tuo
2037 1175 2269 1240 quoniam
2290 1175 2379 1224 bo-

211 1270 332 1302 num
351 1266 440 1304 est.
460 1267 487 1300 ‘22
506 1255 636 1314 Quid
655 1255 872 1317 offeram,
895 1275 918 1301 »
939 1256 1112 1322 inquit,
1134 1276 1157 1301 «
1184 1256 1278 1304 nisi
1296 1255 1432 1322 quod
1453 1256 1573 1304 ait²z
1605 1278 1627 1302 «
1647 1254 1948 1304 Sacrificium
1963 1254 2119 1304 laudis
2135 1255 2373 1306 honorifi-

216 1355 238 1381 «
254 1336 381 1385 cabit
398 1337 506 1385 me?
521 1357 542 1383 n
556 1339 654 1385 Cur
668 1337 966 1386 voluntarie?
982 1338 1107 1396 Quia
1121 1339 1267 1403 gratis
1281 1355 1392 1386 amo
1408 1336 1544 1403 quod
1559 1336 1727 1385 laudo.
1740 1336 2014 1385 Gratuitum
2028 1338 2087 1384 sit
2100 1337 2235 1402 quod
2250 1354 2378 1388 ama·

213 1426 290 1465 tur
312 1428 360 1466 et
376 1418 510 1483 quod
532 1418 774 1477 laudatur.
799 1419 928 1478 Quid
950 1428 1021 1467 est
1046 1419 1345 1484 gratuitum?
1364 1422 1471 1484 Ipse
1491 1427 1692 1484 propter
1716 1435 1784 1478 se,
1808 1434 1910 1465 non
1931 1428 2132 1484 propter
2154 1418 2302 1467 aliud.
2328 1420 2377 1468 si

211 1499 341 1547 enim
361 1499 529 1549 laudas
548 1504 704 1549 Deum
724 1511 778 1548 ut
804 1501 886 1548 tibi
911 1500 993 1549 det
1015 1500 1215 1566 aliquid,
1233 1500 1335 1565 jam
1358 1517 1458 1548 non
1483 1500 1629 1565 gratis
1650 1516 1782 1548 amas
1797 1502 1973 1547 Deum.
2000 1499 2319 1549 Erubesceres
2339 1502 2377 1549 si

212 1589 257 1627 te
280 1598 403 1629 uxor
426 1592 507 1630 tua
525 1591 725 1649 propter
745 1582 934 1630 divitias
962 1593 1172 1643 amaret,
1201 1592 1248 1630 et
1268 1582 1391 1629 forte
1420 1582 1457 1628 si
1483 1580 1571 1629 tibi
1595 1590 1851 1647 paupertas
1876 1580 2134 1640 accideret,
2163 1581 2225 1629 de
2245 1582 2381 1630 adul-

213 1663 334 1710 terio
358 1664 606 1728 cogitaret.
646 1666 767 1712 Cum
793 1681 908 1728 ergo
934 1674 979 1712 te
1005 1680 1034 1711 a
1056 1664 1264 1729 conjuge
1299 1663 1442 1728 gratis
1475 1663 1628 1711 amari
1660 1662 1750 1722 vis,
1786 1672 1839 1710 tu
1873 1662 2141 1710 Dominum
2180 1673 2380 1729 propter

211 1742 343 1791 aliud
366 1743 587 1792 amabis?
611 1744 758 1803 Quod
780 1745 1032 1811 praemium
1055 1755 1342 1811 accepturus
1365 1761 1432 1806 es,
1458 1761 1488 1791 o
1514 1760 1657 1791 avare
1679 1744 1698 1790 P
1729 1746 1838 1791 Non
1858 1742 1946 1790 tibi
1972 1753 2166 1803 terram,
2195 1744 2280 1792 sed
2303 1762 2381 1792 se-

209 1825 371 1891 ipsum
388 1835 543 1874 servat
565 1826 648 1891 qui
664 1825 775 1873 fecit
795 1826 971 1874 coelum
996 1836 1044 1873 et
1066 1836 1262 1874 terram.
1293 1847 1314 1870 α
1338 1825 1616 1873 Voluntarie
1635 1823 1917 1872 sacrificabo
1936 1823 2038 1871 tibi.
2055 1844 2079 1868 »
2097 1823 2204 1871 Noli
2223 1841 2278 1871 ex
2298 1841 2381 1872 ne-

209 1907 441 1955 cessitate.
470 1907 520 1955 Si
541 1907 672 1954 enim
694 1918 895 1973 propter
912 1908 1040 1956 aliud
1065 1907 1252 1968 laudas,
1274 1925 1331 1955 ex
1351 1907 1631 1955 necessitate
1648 1905 1833 1953 laudas.
1858 1905 1905 1952 Si
1926 1905 2114 1952 adesset
2134 1904 2220 1953 tibi
2245 1905 2379 1971 quod

210 2005 360 2051 amas,
376 2005 476 2036 non
492 1987 734 2037 laudares.
754 2009 776 2032 >³
795 1991 915 2037 Item
935 2007 944 2036 :
965 2011 987 2034 «
1004 1993 1275 2037 Contemne
1294 1988 1478 2047 omnia,
1496 1989 1655 2054 ipsum
1676 1986 1870 2034 attende
1890 2005 1899 2033 :
1923 1996 1969 2034 et
1981 1985 2084 2033 haec
2101 2004 2207 2052 quae
2224 1986 2377 2045 dedit,

210 2069 618 2135 propterdantem
629 2068 763 2117 bona
773 2080 904 2118 sunt.
915 2073 1284 2135 »ltemmlpsum
1299 2070 1447 2134 gratis
1459 2068 1620 2132 dilige,
1635 2068 1748 2132 quia
1759 2066 2000 2114 mellusab
2011 2084 2180 2114 eonon
2195 2067 2389 2114 invenis.

209 2151 327 2216 quid
346 2150 427 2199 det
448 2168 597 2217 quam
614 2152 826 2218 seipsum
848 2172 859 2200 ε
884 2162 966 2200 aut
986 2153 1025 2199 si
1043 2153 1230 2200 invenis
1246 2151 1435 2213 melius,
1458 2150 1555 2197 hoc
1568 2160 1695 2215 pete.
1716 2171 1738 2193 «
1756 2149 2059 2208 Voluntarie,
2081 2168 2103 2193 υ
2122 2149 2253 2214 quod
2274 2165 2378 2213 gra-

209 2233 283 2280 tis.
295 2253 318 2279 «
330 2234 576 2292 Quoniam
593 2233 779 2281 bonum
797 2245 885 2295 est,
898 2254 919 2279 »
938 2234 1002 2282 ob
1017 2233 1137 2281 nihil
1152 2233 1284 2282 aliud
1297 2233 1387 2280 nisi
1399 2232 1534 2298 quod
1549 2232 1738 2279 bonum
1754 2240 1840 2279 est.
1853 2251 1875 2274 >³
1894 2233 1963 2278 Ex
1973 2230 2048 2278 his
2067 2231 2230 2295 itaque
2251 2230 2381 2277 Beati

209 2314 459 2379 Augustini
480 2314 640 2362 verbis
663 2326 829 2381 aperte
861 2315 1154 2377 declaratur,
1181 2331 1288 2380 quae
1317 2315 1377 2361 sit
1401 2330 1516 2362 vera
1539 2314 1588 2360 in
1614 2313 1826 2378 aliquem
1851 2329 1908 2360 ac
1939 2312 2126 2359 sincera
2162 2311 2378 2370 dilectio,

207 2396 367 2461 ipsum
390 2395 611 2443 videlicet
634 2407 836 2463 propter
857 2414 942 2445 sua
961 2397 1112 2462 diligi.
1137 2395 1362 2460 Denique
1393 2395 1434 2442 si
1464 2397 1622 2442 Deum
1658 2394 1775 2459 quia
1810 2410 1887 2441 me
1910 2393 2063 2458 diligit
2091 2392 2305 2456 diligam,
2332 2402 2380 2439 et

207 2494 309 2524 non
336 2477 497 2543 potius
514 2477 646 2542 quia,
674 2477 915 2544 quidquid
940 2478 1056 2526 mihi
1082 2478 1241 2539 faciat,
1267 2477 1372 2525 talis
1396 2477 1497 2542 ipse
1524 2485 1594 2523 est
1621 2475 1705 2541 qui
1730 2491 1876 2540 super
1909 2474 2076 2521 omnia
2108 2472 2379 2536 diligendus

209 2568 295 2619 est,
323 2559 499 2607 dicitur
515 2559 564 2606 in
588 2576 664 2606 me
680 2559 763 2608 illa
784 2561 1011 2609 Veritatis
1028 2548 1324 2607 sententia&
1359 2578 1382 2604 «
1401 2558 1449 2604 Si
1470 2558 1602 2605 enim
1626 2574 1709 2604 eos
1734 2557 1927 2621 diligitis
1942 2556 2024 2621 qui
2046 2572 2132 2602 vos
2151 2554 2373 2617 diligunt,

207 2653 354 2700 quam
379 2637 654 2685 mercedem
675 2637 948 2685 habebitis?
967 2658 989 2683 »
1018 2637 1209 2685 Nullam
1231 2636 1452 2702 profecto
1473 2635 1747 2682 mercedem
1767 2634 1975 2698 justitiae,
1995 2634 2106 2698 quia
2122 2649 2220 2679 non
2234 2632 2379 2695 aequi·

171 2726 179 2731 “
210 2726 355 2765 tatem
378 2718 448 2765 rei
471 2717 672 2780 dilectae,
700 2719 786 2766 sed
807 2719 1063 2767 utilitatem
1082 2734 1242 2765 meam
1266 2716 1484 2763 attendo.
1509 2719 1568 2762 Et
1591 2732 1728 2780 aeque
1747 2715 1895 2762 alium
1912 2714 2020 2780 plus
2044 2713 2310 2776 diligerem,
2339 2712 2377 2758 si

209 2813 343 2861 aeque
368 2798 488 2844 mihi
512 2798 589 2846 vel
614 2798 821 2864 amplius
844 2799 1128 2864 prodesset3
1156 2798 1307 2844 immo
1332 2813 1423 2843 nec
1443 2813 1555 2843 eum
1574 2796 1674 2859 jam
1696 2795 1962 2858 diligerem,
2005 2795 2044 2840 si
2077 2794 2126 2840 in
2158 2810 2217 2840 eo
2247 2791 2376 2838 utili-

211 2886 357 2926 tatem
380 2895 539 2925 meam
562 2896 664 2926 non
688 2896 948 2944 sperarem.
980 2879 1119 2926 Unde
1143 2875 1454 2943 quamplures
1486 2886 1533 2924 et
1562 2893 1687 2942 pene
1712 2893 1883 2923 omnes
1906 2876 1954 2922 in
1986 2885 2084 2922 tam
2108 2872 2375 2939 reprobum

208 2975 402 3007 sensum
419 2958 637 3007 devoluti
664 2970 792 3021 sunt,
825 2970 877 3008 ut
900 2962 1043 3026 plane
1070 2960 1308 3007 fateantur
1330 2975 1381 3005 se
1406 2957 1682 3004 nullatenus
1705 2943 1923 3003 venerari
1958 2958 2116 3003 Deum
2145 2956 2243 3002 sive
2268 2953 2378 3001 dili-

208 3056 337 3103 gere,
366 3041 403 3087 si
428 3058 539 3088 eum
561 3040 652 3088 sibi
676 3041 875 3088 minime
893 3041 1225 3107 profecturum
1243 3038 1525 3088 crederent:
1549 3054 1660 3085 cum
1684 3047 1846 3085 tamen
1869 3038 1970 3103 ipse
1994 3054 2094 3084 non
2121 3037 2283 3083 minus
2304 3035 2378 3082 di-

208 3120 427 3186 ligendus
446 3132 596 3184 esset,
624 3123 661 3170 si
687 3139 771 3170 eos
794 3123 1010 3189 puniret,
1035 3139 1147 3170 cum
1172 3121 1223 3168 id
1247 3138 1349 3169 non
1374 3121 1465 3168 nisi
1491 3119 1619 3185 juste
1644 3119 1838 3181 faceret,
1870 3127 1917 3166 et
1946 3118 2046 3182 ejus
2080 3118 2378 3184 praevenien-

254 3307 260 3324 ¹
278 3306 441 3340 Enarrat.
461 3307 498 3340 in
514 3308 644 3343 Psalm.
664 3318 719 3342 un
731 3335 739 3351 ,
758 3309 843 3352 Opp.
862 3315 886 3343 t.
904 3310 958 3352 IV,
978 3311 1039 3343 col.
1063 3311 1122 3344 498
1142 3314 1175 3343 et
1192 3318 1265 3351 sqq.
1282 3327 1320 3333 —
1334 3307 1485 3342 7Ρετιιῖιη.
1504 3316 1598 3348 xmx,
1615 3316 1647 3341 v.
1666 3309 1718 3342 23.
1738 3324 1777 3331 -
1791 3307 1802 3327 ³
1818 3306 1949 3349 Manli„
1965 3315 1993 3339 c.
2011 3314 2042 3345 v,
2058 3313 2089 3337 v.
2105 3305 2159 3338 46.

370 3380 402 3405 11
2162 3364 2211 3403 34
