2638 3866
811 242 1206 291 INTRODUCTIO
1241 245 1322 292 AD
1356 244 1765 295 THEOLOGIAM.
2046 252 2049 253 ’
2297 254 2355 298 17

222 338 437 402 profecto
475 339 665 387 videtur
692 340 827 405 juxta
860 351 1087 390 naturam
1110 342 1185 390 vel
1210 343 1413 391 modum
1443 345 1717 404 existentiae,
1753 362 1854 393 non
1893 345 2205 411 operationis,
2234 347 2359 397 hanc

218 418 355 481 quasi
388 420 636 485 propriam
673 421 797 469 Patri
829 421 1067 470 ascribere
1100 424 1399 488 potentiam,
1433 424 1567 489 quod
1603 425 1735 472 solus
1766 426 1867 491 ipse
1898 442 1986 491 per
2017 442 2068 473 se
2101 425 2358 475 subsistere

218 506 389 560 queat,
418 499 493 547 vel
518 517 544 547 a
574 501 732 568 seipso
767 502 968 550 existere
992 502 1196 564 habeat,
1225 504 1322 552 hoc
1345 504 1415 552 est
1438 505 1624 553 non'ab
1647 506 1772 567 alio3
1798 516 1980 554 ceteras
2010 524 2125 554 vero
2161 507 2281 556 duas
2309 510 2357 556 in

216 577 441 627 Trinitate
461 597 690 645 personas
713 580 774 630 ab
798 582 904 649 ipso
928 598 1122 641 necesse
1145 583 1204 631 sit
1227 601 1351 644 esse,
1379 601 1470 632 nec
1489 584 1576 651 per
1599 602 1649 633 se
1669 585 1878 634 habeant
1904 586 2175 634 subsistere.
2202 589 2288 634 Cui
2312 598 2359 636 et

218 655 334 704 illud
346 657 474 706 beati
487 671 723 710 consonat
740 661 995 723 Ambrosii,
1012 664 1096 728 qui
1114 663 1162 710 in
1179 664 1394 729 Epclrtola
1410 664 1633 713 Pauliad
1641 665 1870 730 Ephesios
1888 665 1970 713 ubi
1989 667 2218 731 scriptum
2237 670 2326 714 est¹
2343 686 2352 713 :

220 754 242 779 «
267 739 403 785 Unus
416 742 545 787 Deus
563 750 611 788 et
632 743 770 789 Pater
785 743 1023 803 omnium,
1046 744 1127 808 qui
1146 761 1290 810 super
1306 761 1493 805 omnes,
1513 755 1639 793 etc.»
1657 746 1704 794 Si
1720 746 1884 811 itaque
1901 747 2167 812 potentiam
2182 756 2277 793 tam
2297 747 2357 795 ad

218 825 437 865 naturam
465 819 773 883 subsistendi,
796 839 941 887 quam
966 822 1029 872 ad
1056 823 1318 872 efficaciam
1345 826 1640 890 operationis
1666 825 1946 887 referamus,
1974 826 2274 873 inveniemus
2298 827 2358 874 ad

218 898 556 962 proprietatem
581 903 971 965 personaePatris
997 905 1193 970 proprie
1211 891 1282 952 vel
1305 905 1572 971 specialiter
1595 905 1998 971 omnipotentiam
2020 906 2221 952 attinere
2236 941 2248 965 ,
2277 908 2360 970 qui

219 991 316 1023 non
341 977 500 1025 solum
524 997 636 1027 cum
653 982 825 1030 ceteris
849 982 1038 1032 duabus
1054 985 1273 1050 personis
1290 988 1418 1033 Deus
1439 989 1598 1049 aeque²
1613 986 1778 1033 omnia
1799 985 1988 1033 efficere
2005 994 2179 1051 potest,
2194 1002 2359 1033 verum

215 1056 359 1103 etiam
379 1058 483 1123 ipse
507 1060 638 1108 solus
659 1078 687 1109 a
711 1078 762 1109 se
780 1079 880 1110 non
905 1063 967 1112 ab
991 1064 1085 1112 alio
1105 1065 1307 1113 existere
1329 1065 1492 1123 habet,
1521 1075 1568 1113 et
1585 1066 1711 1114 sicut
1731 1083 1790 1114 ex
1811 1064 2031 1113 sehabet
2053 1065 2272 1126 existere,
2298 1066 2360 1112 ita

216 1135 359 1184 etiam
381 1155 436 1185 ex
460 1156 510 1187 se
533 1140 677 1189 habet
699 1158 858 1208 posse.
885 1147 1062 1193 Ceterae
1084 1162 1200 1193 vero
1220 1163 1436 1211 personae
1459 1147 1581 1194 sicut
1599 1146 1661 1193 ab
1679 1147 1785 1212 ipso
1808 1146 1993 1194 babent
2013 1162 2130 1205 esse,
2151 1146 2215 1206 ita
2238 1155 2285 1193 et
2301 1145 2362 1193 ab

217 1218 322 1280 ipso
348 1217 527 1267 habent
554 1238 696 1287 posse
723 1223 858 1288 quod
880 1225 1052 1273 volunt
1085 1225 1300 1287 efficere3
1329 1226 1460 1274 unde
1484 1237 1531 1274 et
1561 1226 1648 1292 Per
1680 1227 1991 1292 semetipsum
2017 1225 2161 1273 Filius
2187 1226 2355 1274 dicit³,:

219 1316 241 1339 «
263 1297 367 1346 Non
389 1316 585 1364 possum
609 1319 699 1365 ego
718 1319 745 1349 a
765 1304 949 1370 meipso
968 1305 1122 1354 facere
1141 1306 1464 1372 quidquam.»
1482 1310 1538 1354 Et
1558 1306 1710 1354 alibi‘:
1731 1329 1752 1351 «
1772 1310 1830 1354 Et
1846 1323 1873 1354 a
1890 1307 2075 1371 meipso
2093 1306 2214 1353 facio
2228 1305 2313 1363 nil,
2335 1326 2356 1348 »ι

216 1377 288 1423 vel
308 1395 318 1424 ε
339 1399 361 1422 α
378 1382 413 1426 Α
427 1382 612 1446 meipso
629 1399 728 1429 non
742 1385 935 1449 loquor.
946 1407 968 1429 »
983 1389 1106 1434 Cum
1120 1388 1282 1452 itaque
1299 1387 1360 1435 de
1371 1391 1506 1435 Patre
1522 1389 1756 1435 Maximus
1772 1387 1961 1448 dixerit,
1976 1386 2109 1450 quod
2127 1404 2213 1452 per
2228 1388 2359 1451 inge-

215 1457 613 1509 nitamdeitatem
632 1463 691 1510 sit
708 1465 1034 1531 omnipotenS,
1064 1467 1114 1514 id
1134 1477 1205 1515 est
1222 1485 1309 1533 pssr
1325 1467 1420 1515 hoc
1438 1467 1571 1532 quod
1593 1485 1704 1515 cum
1731 1469 1790 1515 sit
1808 1471 1955 1528 Deus,
1981 1468 2042 1514 sit
2061 1467 2205 1515 etiam
2227 1468 2356 1531 inge-

216 1538 344 1585 nitus
361 1555 372 1585 ε
390 1539 470 1587 illa
486 1557 682 1606 quoque
703 1546 901 1611 propria
920 1547 1069 1595 Patris
1084 1549 1302 1614 potentia
1315 1564 1411 1612 qua
1430 1548 1562 1596 solus
1578 1549 1678 1614 ipse
1697 1564 1726 1596 a
1741 1565 1809 1609 se,
1824 1565 1925 1596 non
1940 1548 2000 1595 ab
2014 1548 2109 1595 alio
2129 1547 2358 1607 subsistit,

217 1617 346 1665 unde
370 1619 500 1668 solus
522 1622 623 1687 ipse
644 1623 884 1688 ingenitus
906 1625 1108 1688 dicitur,
1147 1628 1194 1674 in
1221 1629 1575 1694 omnipotentia
1600 1627 2071 1694 comprehenditur⁵,
2097 1637 2145 1675 et
2163 1628 2229 1674 sic
2250 1644 2359 1675 eum

215 1697 444 1747 intellexit
462 1702 871 1767 omnipotentem,
898 1716 950 1753 ut
969 1707 1211 1772 quidquid
1231 1707 1293 1755 ad
1318 1709 1585 1774 potentiam
1606 1709 1798 1768 attinet,
1819 1725 1920 1755 non
1946 1708 2103 1755 solum
2126 1717 2360 1772 quantum

212 1775 276 1824 ad
297 1781 591 1844 operationis
612 1782 863 1844 effectum,
892 1803 1056 1834 verum
1091 1787 1235 1835 etiam
1266 1798 1503 1853 quantum
1532 1788 1595 1836 ad
1618 1788 1911 1837 subsistendi
1932 1787 2161 1850 modum,
2188 1789 2231 1835 ei
2254 1797 2362 1837 tan-

213 1874 360 1923 quam
386 1862 633 1926 propriam
654 1864 926 1915 attribuerit
948 1885 958 1913 :
987 1877 1039 1914 ut
1062 1868 1154 1915 tale
1178 1869 1236 1915 sit
1259 1869 1436 1917 scilicet
1462 1869 1597 1934 quod
1629 1870 1802 1917 dixerit
1822 1886 1908 1935 per
1929 1868 2192 1933 ingenitam
2211 1868 2360 1916 deita-

213 1945 311 1984 tem
336 1940 669 2005 omnipotenS,
696 1960 752 1991 ac
775 1946 814 1992 si
843 1956 1006 2012 aperte
1038 1946 1218 1996 diceret
1240 1965 1327 2015 per
1350 1950 1448 1997 hoc
1476 1950 1611 2015 quod
1640 1953 1770 1998 Deus
1796 1960 1866 1998 est
1889 1949 2222 2013 etssingenitus,
2250 1965 2362 1995 eum

215 2026 420 2083 utroque
442 2020 592 2069 m⁰d0
607 2058 620 2083 ν
645 2033 698 2070 Ut
721 2024 953 2087 diximus,
981 2029 1176 2094 proprie
1204 2030 1592 2096 omnipotentem
1612 2047 1732 2078 esse.
1767 2031 1845 2078 Sic
1860 2039 1913 2077 et
1936 2046 2049 2076 cum
2069 2029 2228 2076 statim
2247 2028 2360 2075 sub-

207 2098 439 2158 junxerit,
462 2111 510 2148 et
532 2119 619 2167 per
642 2106 1046 2171 omnipotentiam
1080 2112 1234 2170 Pater,
1261 2110 1354 2158 tale
1375 2121 1468 2172 est,
1495 2127 1550 2158 ac
1570 2112 1608 2158 si
1622 2110 1754 2158 hanc
1775 2127 1924 2176 quam
1951 2109 2236 2157 intellexerit
2258 2125 2362 2155 om-

214 2178 528 2243 nipotentiam
553 2183 712 2248 ipsum
731 2188 926 2252 proprie
947 2187 1127 2237 habere
1155 2189 1405 2239 fateamur.
1422 2194 1639 2238 Fortasse
1659 2201 1818 2239 autem
1842 2201 1890 2238 et
1910 2192 1960 2238 in
1979 2191 2075 2239 hoc
2085 2190 2362 2254 diligentius

213 2260 363 2325 accipi
387 2272 552 2326 potestv
567 2280 655 2328 per
678 2267 1081 2333 omnipotentiam
1106 2273 1270 2333 Pa-ter,
1298 2287 1356 2319 ac
1380 2272 1419 2318 si
1442 2271 1660 2319 dicamus
1682 2270 1794 2320 eum
1817 2281 1905 2337 per
1936 2271 2356 2337 omnipotentiam,

213 2355 318 2402 quae
336 2340 419 2402 ei,
454 2352 507 2389 ut
538 2343 721 2392 dictum
741 2356 835 2406 est,
875 2350 1141 2414 specialiter
1160 2351 1414 2410 tribuitur,
1447 2352 1507 2400 de
1531 2353 1636 2418 ipso
1652 2348 1949 2419 Sapientiam
1973 2369 2108 2400 suam
2132 2362 2360 2415 tanquam

215 2417 383 2466 Filium
405 2437 656 2485 generare,
678 2442 791 2473 cum
814 2428 915 2493 ipsa
936 2430 1112 2478 scilicet
1137 2430 1303 2479 divina
1322 2433 1565 2498 Sapientia
1587 2433 1768 2498 aliquid
1791 2433 1850 2480 sit
1864 2432 1926 2480 de
1950 2432 2115 2479 divina
2139 2430 2360 2493 omnipo·

214 2500 378 2558 tentia,
405 2517 514 2548 cum
540 2502 600 2549 sit
622 2505 726 2569 ipsa
749 2523 948 2573 quoque
968 2509 1130 2574 aliqua
1152 2513 1388 2576 potentia.
1415 2511 2166 2581 Sapientiam-namquedicimus
2188 2519 2367 2575 poten-⁴

214 2579 327 2625 tiam
353 2578 658 2631 discernendi
673 2621 686 2646 ,
701 2624 706 2630 .
723 2587 824 2634 sive
845 2604 874 2635 a
893 2589 1180 2656 deceptione
1198 2592 1300 2640 ‘sive
1324 2609 1354 2640 a>
1375 2592 1558 2641 fallacia
1580 2592 1898 2658 providendi,
1939 2589 1998 2639 ne
2023 2591 2070 2638 in
2094 2590 2256 2654 aliquo
2276 2588 2358 2635 de⁴

211 2658 306 2723 cipi
333 2662 498 2724 possit,
523 2663 597 2710 vel
618 2664 748 2714 aliud
771 2675 891 2715 eum'
908 2668 1054 2718 latere
1070 2669 1231 2736 queat.
1256 2668 1339 2719 Est·
1352 2673 1513 2737 itaque
1531 2672 1694 2720 divina
1713 2670 2179 2738 sapientia-quaedam
2194 2668 2356 2717 divina

212 2740 448 2802 potentia,
489 2759 574 2807 per
611 2761 760 2809 quam
781 2747 1003 2797 videlicet
1023 2753 1153 2799 Deus
1175 2762 1348 2799 cuncta
1365 2751 1575 2817 perfecte
1600 2752 1870 2800 discernere
1900 2761 2046 2816 atque
2066 2764 2357 2814 cognoscere

214 2816 374 2879 habet,
395 2836 456 2867 ne
470 2822 522 2868 in
538 2823 701 2888 aliquo
721 2843 883 2875 errare
899 2846 986 2894 per
1002 2830 1300 2893 inscientiam
1323 2832 1490 2895 possit,
1513 2831 1780 2879 secundum
1803 2831 1939 2896 quod
1952 2830 2131 2878 scilicet
2143 2827 2355 2876 V'erbum

212 2897 370 2960 ipsum
391 2901 478 2947 Dei
505 2901 566 2949 de
586 2904 691 2968 ipsa
716 2907 866 2955 Patris
887 2909 1157 2959 substantia
1181 2927 1282 2958 esse
1303 2911 1507 2972 dicitur,
1538 2912 1673 2976 quod
1698 2922 1768 2959 est
1792 2912 1962 2960 Filium
1988 2919 2043 2959 ex
2066 2908 2355 2977 Pata-ergeni-

213 2986 316 3025 tum
340 2995 469 3039 esse,
496 2982 618 3030 sicut
647 2987 991 3051 postmodum,
1019 2989 1126 3055 ipso
1149 3001 1417 3052 annuente,
1443 2991 1634 3057 plenius
1656 2991 1968 3054 disseremus,
1994 3007 2105 3040 cum
2128 2990 2189 3039 ad
2214 2987 2355 3051 hujus

212 3056 390 3106 scilicet
425 3064 747 3124 generationis
779 3067 990 3116 modum·
1018 3070 1362 3135 exponendum
1395 3067 1593 3123 ventum
1626 3071 1782 3120 fuerit.
1824 3074 1961 3120 Nunc
1979 3085 2096 3120 vero
2115 3068 2354 3136 praesentis

253 3265 410 3308 ‘Ephesu
428 3278 498 3310 0³1)-
520 3279 564 3310 W,
578 3281 606 3304 v.
621 3274 650 3306 6.
662 3291 699 3296 -
720 3276 730 3294 ²
744 3273 809 3309 Sic.
828 3276 909 3310 Cod.
931 3277 1012 3310 vict.
1031 3279 1135 3320 AEque
1152 3281 1246 3313 deest
1321 3290 1350 3315 v.
1367 3283 1426 3321 283
1447 3289 1520 3323 cap.
1543 3289 1611 3322 xiv,
1627 3289 1658 3314 v.
1685 3283 1735 3315 10.
1754 3297 1796 3307 ·-
1812 3282 1823 3302 ⁶
1839 3279 1945 3314 Illam
1966 3287 2097 3322 quoque
2120 3276 2299 3320 propriam
2317 3294 2347 3299 Α

209 3315 296 3350 Edit.
317 3320 411 3353 Amb.
429 3339 465 3344 -
477 3324 488 3341 ³
501 3321 607 3363 Joan„
624 3334 696 3366 cap.
716 3336 746 3364 v,
764 3337 794 3360 v.
813 3331 865 3363 30.
882 3349 918 3354 —
938 3333 947 3351 ⁴
963 3330 1072 3373 Joan.,
1086 3342 1158 3375 cap.
1178 3343 1247 3374 vni,
1320 3335 1823 3376 potentiam-comprehendit
1847 3333 1928 3367 Cod.
1955 3332 2035 3366 Vict-

371 3394 402 3417 ιι
2171 3391 2192 3426 3
