2638 3866
302 233 356 280 44
368 234 399 279 4
1102 221 1275 269 PETRI
1304 219 1624 270 'ABAELARDI

368 329 511 388 Quod
552 328 591 375 si
628 335 736 391 post
771 323 917 371 fidem
955 339 1011 371 ac
1048 321 1282 369 moralem
1318 321 1589 369 doctrinam
1630 319 2029 386 philosophorum
2071 321 2312 387 finemque
2347 339 2430 371 seu

305 409 617 458 intentionem
656 413 784 451 recte
820 401 1013 450 vivendi
1053 400 1114 449 ab
1157 401 1223 448 eis
1259 401 1568 464 assignatum,
1614 400 1757 448 vitam
1794 417 1988 465 quoque
2028 403 2241 467 ipsorum
2281 402 2431 467 inspi-

305 491 499 548 ciamus,
525 496 572 533 et
594 501 741 549 quam
760 483 1009 547 diligenter
1031 479 1302 545 reipublicae
1323 490 1499 528 statum
1520 480 1828 542 instituerint,
1852 490 1996 545 atque
2018 481 2231 546 ipsorum
2254 481 2431 528 civium

306 569 540 632 simulque
577 564 938 613 conviventium
975 562 1121 609 vitam
1156 561 1507 618 ordinaverint,
1545 561 1836 626 reperiemus
1869 561 2084 625 ipsorum
2121 570 2220 608 tam
2253 561 2400 607 vitam
2420 599 2431 621 ,

307 664 450 713 quam
476 646 747 694 doctrinam
768 643 975 691 maxime
997 641 1320 705 evangelicam
1342 658 1428 689 seu
1450 640 1761 706 apostolicam
1784 640 2126 706 perfectionem
2151 641 2431 705 exprimere,

307 738 352 775 et
386 744 413 774 a
448 725 683 789 religione
709 724 969 772 christiana
995 738 1078 769 eos
1111 721 1231 768 nihil
1262 731 1344 768 aut
1367 738 1537 786 parum
1568 720 1809 778 recedere,
1845 720 1977 784 quod
2004 720 2146 768 nobis
2167 729 2267 767 tam
2290 721 2436 768 ratio-

307 806 449 854 nibus
487 822 700 866 morum,
752 819 898 868 quam
956 801 1155 848 nomine
1206 801 1312 866 ipso
1362 801 1548 865 juncti²
1577 800 1906 865 reperiuntur3
1952 800 2150 847 nomine
2203 799 2400 864 quidem
2421 837 2433 859 ‚

307 903 418 934 cum
438 888 528 932 n0s
552 902 579 932 a
594 901 706 932 vera
737 883 924 950 sophia,
957 881 1051 928 hoc
1073 890 1143 927 est
1166 881 1398 945 sapientia
1418 881 1506 928 Dei
1532 880 1697 941 Patris,
1720 895 1825 944 quae
1848 879 2060 927 Christus
2083 889 2168 936 est,
2195 880 2437 926 christiani

308 966 541 1024 dicamur,
582 980 694 1011 vere
727 964 778 1010 in
817 962 908 1008 hoc
945 959 1137 1007 dicendi
1173 959 1477 1026 philosophi,
1521 960 1560 1007 si
1597 976 1706 1006 vere
1744 959 1984 1006 Christum
2025 958 2283 1022 diligimus.
2325 958 2438 1005 Fide

309 1062 502 1110 quoque
536 1054 581 1092 et
614 1061 715 1108 spe,
755 1057 1040 1105 morumque
1063 1049 1111 1087 et
1133 1039 1394 1087 honestatis
1428 1039 1708 1100 rationibus,
1746 1039 2011 1087 secundum
2052 1039 2259 1086 caritatis
2295 1038 2441 1090 liber-

310 1136 474 1186 tatem,
510 1124 642 1189 quod
679 1124 727 1170 in
766 1122 914 1187 gratia
944 1121 1102 1168 vocati
1136 1111 1321 1180 sumus,
1362 1136 1463 1166 non
1498 1119 1762 1167 secundum
1787 1120 2061 1166 servitutem
2087 1117 2352 1178 Judaicam,
2385 1135 2440 1165 ex

310 1208 480 1253 timore
511 1220 764 1270 poenarum
793 1213 839 1250 et
866 1202 1128 1249 ambitione
1160 1210 1476 1259 terrenorum,
1503 1216 1601 1246 non
1627 1216 1684 1246 ex
1708 1199 1944 1247 desiderio
1970 1209 2274 1259 aeternorum,
2299 1198 2442 1245 nobis

310 1287 570 1349 plurimum
605 1282 923 1348 philosophos
957 1290 1141 1328 certum
1170 1289 1239 1327 est
1269 1279 1495 1326 assentire
1523 1296 1532 1324 :
1561 1277 1752 1343 quibus,
1789 1289 1840 1326 ut
1862 1279 2087 1339 diximus,
2125 1288 2171 1326 et
2198 1277 2317 1324 fides
2342 1278 2442 1325 Tri·

311 1365 469 1412 nitatis
502 1364 707 1411 revelata
737 1370 822 1422 est,
861 1369 908 1407 et
938 1359 998 1407 ab
1026 1360 1139 1424 ipsis
1169 1358 1439 1424 praedicata,
1470 1368 1517 1405 et
1551 1375 1657 1424 spes
1688 1358 1969 1406 immortalis
1999 1359 2166 1405 animae
2189 1367 2236 1405 et
2258 1367 2443 1404 aeternae

312 1444 638 1492 retributionis
679 1450 951 1506 expectata,
992 1457 1083 1505 pro
1131 1456 1227 1504 qua
1275 1438 1512 1486 mundum
1547 1439 1738 1503 penitus
1783 1449 2117 1499 contemnere,
2161 1448 2208 1485 et
2244 1437 2444 1484 terrenis

314 1524 537 1571 omnibus
579 1522 940 1579 abrenuntiare,
983 1529 1029 1567 et
1068 1520 1248 1584 seipsos
1294 1519 1414 1565 dura
1454 1533 1695 1566 macerare
1735 1518 1893 1565 inedia
1933 1534 2033 1565 non
2073 1517 2440 1576 dubitaverunt,

315 1615 548 1668 ponentes
575 1602 828 1650 nobiscum
861 1616 1076 1647 amorem
1109 1600 1195 1646 Dei
1228 1598 1374 1646 finem
1400 1608 1446 1646 et
1475 1615 1668 1646 causam
1698 1598 1937 1659 omnium,
1969 1606 2021 1644 ut
2052 1613 2192 1662 supra
2209 1597 2326 1643 -satis
2348 1613 2446 1643 me-

317 1685 558 1730 minimus.
598 1683 720 1728 Hinc
754 1680 952 1745 quidem
987 1679 1170 1727 facilius
1207 1678 1477 1743 evangelica
1513 1679 1788 1744 praedicatio
1823 1695 1853 1727 a
1886 1672 2204 1743 philosophis,
2240 1692 2386 1741 quam
2420 1692 2446 1722 a

315 1763 487 1809 Judaeis
524 1770 741 1826 suscepta
778 1769 864 1819 est,
906 1776 1017 1806 cum
1041 1758 1130 1805 sibi
1164 1775 1271 1805 eam
1309 1758 1512 1805 maxime
1549 1759 1820 1806 invenirent
1853 1757 2092 1815 adfinem,
2130 1773 2220 1803 nec
2254 1756 2448 1803 fortasse

318 1843 365 1887 in
396 1842 555 1905 aliquo
588 1841 850 1899 dissonam,
884 1839 975 1886 nisi
1007 1838 1127 1885 forte
1154 1839 1202 1885 in
1237 1838 1312 1885 his
1345 1854 1450 1902 quae
1481 1837 1542 1884 ad
1565 1838 1912 1885 lncarnationis
1934 1836 2007 1884 vel
2039 1845 2448 1883 sacramentorum

316 1921 388 1967 vel
437 1921 796 1967 resurrectionis
846 1918 1068 1983 mysteria
1114 1918 1372 1982 pertinent.
1416 1918 1462 1963 Si
1501 1917 1631 1964 enim
1672 1916 1924 1980 diligenter
1973 1915 2172 1962 moralia
2219 1915 2450 1978 evangelii

318 2011 552 2065 praecepta
600 1999 981 2060 consideremus,
1022 1997 1141 2045 nihil
1178 2014 1234 2044 ea
1270 1997 1401 2045 aliud
1441 2013 1586 2061 quam
1625 1997 2015 2044 reformationem
2060 1995 2177 2058 legis
2223 1993 2451 2040 naturalis

318 2081 631 2138 inveniemus,
660 2096 806 2143 quam
830 2088 1018 2126 secutos
1040 2094 1142 2125 esse
1166 2076 1483 2142 philosophos
1506 2085 1714 2137 constat;
1743 2092 1853 2123 cum
1877 2077 1949 2122 lex
1976 2075 2125 2138 magis
2149 2073 2448 2136 figuralibus,

318 2176 464 2224 quam
505 2158 769 2206 moralibus
804 2159 982 2205 nitatur
1012 2156 1269 2216 mandatis,
1306 2166 1352 2203 et
1384 2156 1606 2203 exteriori
1639 2156 1798 2220 potius
1826 2155 2024 2219 justitia,
2063 2169 2208 2217 quam
2238 2152 2452 2199 interiori

318 2240 547 2287 abundet.
589 2239 899 2303 Evangelium
937 2254 1050 2284 vero
1079 2237 1277 2283 virtutes
1312 2253 1366 2283 ac
1394 2237 1507 2283 vitia
1538 2236 1790 2299 diligenter
1819 2235 2074 2294 examinat,
2113 2242 2159 2280 et
2186 2231 2452 2280 secundum

320 2321 467 2367 animi
506 2320 823 2367 intentionem
865 2319 1052 2378 omnia,
1093 2318 1214 2364 'sicut
1248 2326 1295 2363 et
1328 2316 1633 2382 philosophi,
1671 2326 1855 2380 pensat.
1894 2314 2031 2362 Unde
2063 2330 2174 2360 cum
2207 2321 2364 2372 tanta,
2401 2321 2453 2358 ut

321 2400 500 2446 dictum
535 2409 620 2458 est,
660 2398 940 2462 evangelicae
975 2414 1031 2444 ac
1065 2397 1411 2462 philosophicae
1442 2396 1673 2443 doctrinae
1709 2395 1970 2442 concordia
2007 2403 2192 2458 pateat,
2229 2390 2454 2439 nonnulli

324 2480 703 2537 Platonicorum,
750 2489 805 2525 ut
847 2494 991 2542 supra
1035 2477 1152 2523 olim
1192 2476 1524 2536 meminimus,
1562 2476 1612 2521 in
1649 2484 1830 2522 tantam
1868 2481 2192 2539 proruperunt
2226 2469 2454 2534 blasphe-

320 2562 483 2620 miam,
514 2571 565 2606 ut
588 2561 852 2606 Dominum
884 2562 1033 2606 JESUM
1063 2573 1232 2603 omnes
1261 2572 1369 2603 suas
1400 2556 1656 2603 sententias
1686 2571 1713 2602 a
1742 2555 1937 2601 Platone
1961 2553 2197 2617 accepisse
2219 2551 2449 2609 dicerent,

322 2641 456 2703 quasi
484 2639 798 2704 philosophus
821 2639 973 2702 ipsam
1000 2637 1239 2683 docuisset
1265 2635 1502 2701 sophiam.

387 2723 524 2766 Nunc
549 2730 709 2766 autem
730 2727 902 2783 praeter
927 2716 1202 2780 diligentem
1231 2717 1463 2763 virtutum
1487 2715 1862 2779 descriptionem
1888 2729 1914 2759 a
1939 2711 2245 2776 philosophis
2272 2709 2450 2769 datam,

322 2802 452 2860 juvat
471 2810 697 2846 eteorum
717 2799 778 2846 de
791 2798 953 2845 activae
964 2799 1070 2844 vitae
1080 2796 1365 2844 rectitudine
1389 2796 1661 2843 doctrinam
1683 2795 1934 2859 inspicere,
1963 2794 2137 2856 quam²
2154 2791 2295 2838 rectis
2310 2790 2454 2836 ratio-

318 2878 456 2925 nibus
477 2879 667 2926 vivendi
693 2879 941 2925 civitatum
964 2887 1010 2924 et
1032 2894 1202 2924 eorum
1226 2886 1469 2924 rectorum
1490 2875 1807 2922 instituerint⁵
1831 2874 1994 2931 vitam,
2022 2870 2198 2918 deinde
2223 2879 2456 2934 quantum

320 2958 406 3020 ipsi
438 2974 630 3021 quoque
667 2959 761 3004 suis
796 2958 856 3004 de
889 2957 1180 3004 rectitudine
1217 2956 1414 3003 vivendi
1453 2953 1895 3019 obtemperaverint
1933 2936 2098 3012 dictis,
2139 2950 2215 2997 vel
2250 2947 2456 3012 amplius

322 3035 514 3082 fecerint
547 3054 692 3099 quam
728 3037 830 3083 aliis
864 3038 1193 3099 imponerent,
1226 3036 1361 3098 juxta
1394 3035 1528 3098 quod
1565 3034 1709 3081 etde·
1738 3049 1851 3080 vera
1883 3032 2115 3096 scriptum
2151 3037 2222 3075 est
2252 3025 2451 3091 sophia,

323 3117 474 3179 quast,
506 3134 527 3158 «
547 3117 688 3178 coepit
711 3119 842 3161 Jesus
866 3115 1017 3161 facere
1052 3124 1097 3160 et
1131 3114 1307 3161 docere
1337 3132 1346 3159 ε
1371 3134 1394 3159 »
1423 3131 1477 3162 ac
1509 3115 1547 3161 si
1581 3114 1778 3171 diceret,
1818 3112 2025 3176 primum
2065 3109 2244 3163 facere,
2283 3105 2457 3152 deinde

365 3300 370 3316 ¹
385 3296 420 3339 Jn
440 3297 534 3327 editis
549 3295 663 3327 Juncti
679 3295 1000 3337 szmt'reperiuntur.
1019 3312 1056 3319 ·-
1072 3296 1082 3314 ²
1097 3295 1131 3327 ln
1148 3295 1243 3327 editis
1264 3296 1358 3327 Cum.
1372 3296 1432 3319 —³
1444 3294 1478 3326 ln
1495 3294 1591 3326 editis
1601 3292 1836 3325 Instituerent.
1855 3307 1891 3314 -
1908 3291 1917 3310 ⁴
1933 3289 2142 3330 Act.Apost.,
2159 3295 2230 3327 cap.
2247 3294 2269 3324 ι,
2287 3294 2316 3317 v.
2338 3286 2367 3318 1.
