2638 3866
263 247 359 294 1426
1069 238 1243 286 PETRI
1277 237 1592 286 ABAELARDl

265 346 350 411 qui
367 344 621 393 illustrium
643 342 859 389 virorum
874 338 1062 405 scripsit
1085 337 1335 386 historias:
1362 358 1386 383 <c
1400 338 1656 398 Virtutem,
1671 338 1843 403 inquit,
1866 338 1968 403 ejus
1989 347 2037 386 et
2057 338 2405 387 continentiam

266 443 396 474 mors
418 441 612 490 quoque
634 422 975 482 indicat,·nam
997 436 1110 467 cum
1132 419 1195 467 ad
1226 436 1431 484 agonem
1456 419 1806 485 olympiacum,
1834 419 1918 484 qui
1942 436 2118 485 magna
2140 420 2406 486 frequentia

267 507 455 553 Graeciae
487 504 838 558 celebrabatur,
860 502 961 566 jam
990 517 1133 548 senex
1158 510 1397 566 pergeret,
1425 499 1546 548 febri
1577 501 1626 547 in
1648 499 1817 548 itinere
1842 499 2199 566 apprehensus,
2233 500 2408 548 dieitur

268 586 548 634 occubuisse
580 585 628 631 in
660 582 905 648 crepidine
933 582 1021 630 viae
1045 599 1054 628 ε
1082 580 1454 646 volentibusque
1483 598 1595 629 eum
1630 581 1812 643 amicis,
1844 590 1929 628 aut
1948 581 1998 628 in
2030 580 2304 645 jumentum
2325 590 2408 627 aut

267 668 316 714 in
352 666 626 714 vehiculum
660 664 846 724 tollere,
886 679 975 710 nec
1010 662 1264 727 acquievit,
1296 662 1382 710 sed
1406 663 1638 710 transiens
1662 662 1725 710 ad
1747 661 1934 710 arboris
1961 661 2189 710 umbram
2221 661 2409 708 locutus

269 756 340 794 est
365 766 376 794 :
406 746 556 807 Abite,
588 762 768 811 quaeso,
805 754 853 792 et
883 753 1151 810 spectatum
1176 744 1381 809 pergite3
1412 742 1518 791 haec
1543 759 1619 790 me
1652 759 1768 805 nox,
1803 752 1888 791 aut
1921 743 2151 790 victorem
2182 739 2410 807 probabit

268 837 351 875 aut
386 828 581 875 victum.
626 827 675 873 Si
715 825 896 873 febrem
930 825 1110 883 vicero,
1150 823 1213 871 ad
1249 835 1456 887 agonem
1492 824 1708 883 veniam3
1752 824 1791 870 si
1827 840 1906 871 me
1943 823 2111 871 vicerit
2147 816 2309 883 febris,
2347 820 2409 868 ad

268 909 456 956 inferna
492 907 800 956 descendam.
839 905 1003 969 lbique
1042 922 1129 970 per
1163 914 1358 952 noctem
1396 904 1512 952 eliso
1549 913 1763 969 gutture,
1804 921 1906 952 non
1941 914 2041 952 tam
2074 904 2202 951 mori
2240 918 2291 950 se
2324 901 2407 962 ait,

270 1006 416 1053 quam
450 987 631 1036 febrem
666 996 821 1035 morte
849 985 1118 1034 excludere.
1140 1006 1163 1030 2>
1190 985 1317 1043 Quid
1346 985 1435 1032 iste
1464 985 1671 1032 facturus
1705 995 1826 1054 esset
1853 986 1903 1032 in
1938 985 2269 1051 persecutione
2297 981 2412 1030 fide-

269 1070 404 1129 lium,
434 1087 546 1117 cum
573 1069 616 1116 ei
638 1085 727 1134 pro
756 1067 852 1115 fide
874 1065 1207 1114 dimicandum
1231 1066 1521 1127 immineret,
1548 1074 1596 1112 et
1612 1082 1703 1131 pro
1726 1075 1902 1114 aeterna
1926 1064 2242 1131 temporalem
2262 1063 2412 1110 vitam
2477 1077 2481 1081 ·

271 1149 667 1215 impendendam,
703 1158 750 1196 et
781 1149 849 1196 sic
882 1156 1164 1213 perpetuam
1188 1155 1396 1194 mortem
1431 1144 1703 1193 evitandam
1726 1146 1958 1208 crederet,
1991 1147 2075 1211 qui
2103 1162 2166 1193 ne
2196 1141 2412 1192 febribus

271 1231 643 1296 opprimeretur,
681 1238 835 1277 morte
866 1228 1156 1276 medicinam
1179 1227 1415 1286 adhibuit,
1451 1236 1613 1293 aperte
1634 1237 1923 1293 protestatus
1946 1243 2093 1291 quam
2124 1225 2259 1292 parvi
2292 1239 2413 1289 pen-

270 1310 406 1358 deret
439 1312 584 1358 vitam
618 1311 745 1357 hanc
775 1309 1000 1356 aerumnis
1023 1306 1351 1373 implicatam?
1375 1308 1497 1354 Huic
1531 1317 1578 1355 et
1606 1307 1737 1356 illam
1761 1324 1907 1372 quam
1938 1325 2083 1374 supra
2104 1305 2414 1354 meminimus

271 1391 446 1439 adhibe
470 1392 877 1458 philosophorum
901 1388 1168 1437 mirabilem
1191 1389 1510 1449 tolerantiam,
1540 1405 1635 1454 qua
1655 1389 1879 1437 nonnulli
1901 1406 2071 1437 eorum
2103 1387 2412 1435 effossionem

271 1473 566 1532 oculorum¹,
595 1489 656 1519 ne
686 1489 713 1519 a
739 1469 1147 1535 contemplatione
1166 1468 1486 1536 philosophiae
1509 1487 1596 1536 per
1618 1487 1700 1518 eos
1729 1470 2096 1527 devocarentur,
2134 1467 2270 1533 quasi
2294 1464 2413 1514 illud

275 1554 494 1601 Veritatis
517 1553 580 1600 ad
610 1553 818 1599 litteram
843 1551 1230 1616 interpretantes’
1254 1569 1266 1597 ι
1301 1571 1323 1594 ει
1344 1551 1393 1598 Si
1418 1551 1588 1598 oculus
1610 1561 1719 1599 tuus
1752 1551 2040 1599 scandalizat
2069 1559 2132 1609 te,
2159 1564 2274 1597 erue
2302 1562 2412 1594 eum

273 1643 317 1680 et
346 1634 526 1698 projice
549 1633 633 1681 abs
661 1643 722 1679 te.
751 1651 772 1677 υ
799 1635 851 1678 ln
879 1648 977 1696 quo
1001 1641 1164 1696 aperte
1188 1630 1475 1695 docuerunt,
1503 1641 1738 1697 quantum
1768 1649 2006 1698 corporeo
2039 1629 2212 1679 lumini
2240 1626 2414 1676 mentis

274 1714 441 1762 oculos
468 1722 823 1779 praeponerent,
858 1722 904 1759 et
931 1721 1166 1776 quantum
1198 1728 1393 1759 carnem
1416 1712 1568 1777 ipsam
1592 1714 1778 1778 spiritui
1802 1713 2112 1777 subjicerent,
2148 1725 2262 1758 cum
2285 1708 2415 1757 fene-

273 1805 392 1842 stras
427 1795 659 1860 corporiS,
689 1793 769 1840 ·de
804 1792 980 1857 quibus
1015 1792 1253 1857 propheta
1283 1802 1609 1856 conquerente
1637 1793 1835 1841 dicitur³
1861 1812 1870 1840 ε
1901 1793 2128 1841 «Oculus
2166 1807 2301 1838 meus
2337 1788 2418 1836 de-

274 1876 511 1941 praedatus
534 1878 604 1922 est
629 1875 841 1922 animam
870 1889 1046 1932 meam,
1071 1891 1094 1918 »
1121 1883 1252 1919 tanta
1271 1866 1551 1938 passionum
1580 1874 1800 1921 molestia
1824 1875 2073 1922 obstruere
2106 1871 2414 1920 sustinerent.

274 1957 399 2003 Dicit
428 1957 626 2004 fortasse
650 1955 821 2020 aliquis
841 1954 937 2001 hoc
954 1954 1157 2001 omnino
1183 1953 1514 2002 fortitudinem
1536 1964 1619 2002 aut
1642 1955 1868 2003 virtutem
1890 1970 2139 2020 apparere,
2168 1968 2269 1999 non
2294 1965 2415 2008 esse,

273 2038 425 2085 immo
455 2054 542 2102 pro
566 2037 728 2084 furore
756 2034 1056 2095 habendum,
1083 2033 1216 2098 quod
1245 2033 1335 2081 sibi
1358 2035 1447 2099 ipsi
1468 2035 1707 2099 Diogenes
1739 2052 1938 2084 manum
1967 2034 2198 2095 intulerit,
2233 2032 2296 2079 de
2319 2046 2420 2096 quo

276 2134 367 2165 nec
402 2120 704 2178 Samsonem,
739 2132 898 2181 neque
939 2115 1150 2178 aliquem
1185 2131 1412 2163 excusare
1450 2117 1810 2181 praesumimus,
1854 2116 1946 2163 nisi
1987 2115 2084 2163 hoc
2116 2113 2422 2162 committant

275 2198 494 2246 familiari
529 2199 693 2263 aliquo
728 2195 959 2244 mandato
997 2195 1090 2242 sibi
1124 2195 1352 2242 divinitus
1383 2195 1641 2261 inspirato,
1678 2197 1803 2245 sicut
1839 2197 1900 2245 de
1941 2199 2172 2244 Samsone
2211 2192 2423 2242 creditur

276 2279 470 2341 factum,
498 2279 558 2327 ad
581 2276 915 2326 ulciscendum
947 2275 1127 2324 scilicet
1149 2275 1210 2323 de
1245 2275 1511 2342 Allophilis,
1546 2294 1669 2342 quos
1688 2278 1867 2344 pariter
1897 2294 2061 2325 secum
2083 2275 2266 2334 stravit,
2291 2282 2339 2321 et
2361 2271 2423 2320 de

275 2361 521 2407 nonnullis
554 2358 819 2423 virginibus
856 2356 1155 2416 christianis,
1197 2374 1302 2421 quae
1339 2374 1389 2405 se
1424 2358 1630 2407 flammis
1667 2359 1743 2406 vel
1781 2360 1917 2424 aquis
1952 2358 2248 2422 injecerunt,
2294 2370 2356 2402 ne
2395 2369 2423 2400 a

277 2440 531 2504 gentilibus
569 2447 1011 2504 corrumperentur.
1060 2437 1199 2484 Unde
1242 2439 1530 2502 Augustinus
1562 2438 1853 2499 dech'vc'tate
1884 2441 1994 2499 Dei,
2034 2437 2160 2486 libro
2197 2435 2417 2501 primo‘:

277 2521 526 2581 Quaedam,
561 2521 804 2585 inquiunt,
841 2527 1016 2565 sanctae
1050 2518 1235 2564 feminae
1267 2528 1489 2583 tempore
1520 2520 1884 2584 persecutionis,
1911 2529 1966 2565 ut
1987 2519 2295 2566 insectatores
2326 2529 2423 2562 suae

278 2603 517 2667 pudicitiae
551 2601 846 2660 devitarent,
887 2598 937 2645 in
973 2607 1228 2663 rapturum
1261 2608 1405 2662 atque
1442 2609 1727 2647 necaturum
1762 2617 1812 2647 se
1848 2599 2049 2647 fluvium
2083 2597 2421 2664 projecerunt,

279 2700 434 2747 eoque
460 2683 611 2730 modo
642 2682 879 2729 defunctae
906 2689 1035 2741 sunt,
1071 2696 1335 2744 earumque
1367 2681 1594 2744 martyria
1623 2681 1674 2728 in
1705 2679 1943 2728 catholica
1972 2679 2180 2727 Ecclesia
2217 2691 2425 2725 venera—

282 2763 412 2811 tione
447 2764 759 2812 celeberrima
795 2761 1179 2825 frequentantur.
1218 2764 1288 2808 De
1319 2761 1394 2809 his
1424 2762 1544 2810 nihil
1575 2772 1758 2810 temere
1790 2761 1947 2810 audeo
1976 2759 2194 2825 judicare
2222 2776 2232 2805 :
2262 2767 2426 2806 utrum

284 2843 410 2889 enim
441 2844 658 2891 Ecclesiae
694 2841 935 2908 aliquibus
969 2840 1065 2888 fide
1100 2840 1256 2904 dignis
1281 2837 1720 2905 ¹testificationibus,
1760 2852 1812 2890 ut
1843 2858 2009 2890 earum
2042 2840 2326 2889 memoriam
2359 2837 2427 2884 sic

283 2921 516 2983 honoret,
554 2923 716 2971 divina
750 2923 1038 2988 persuaserit
1075 2922 1333 2970 auctoritas
1367 2923 1553 2986 nescio,
1587 2933 1634 2971 et
1663 2923 1767 2971 fieri
1804 2931 1963 2989 potest
1998 2931 2052 2969 ut
2086 2921 2151 2968 ita
2179 2920 2253 2966 sit.
2297 2915 2425 2975 Quid

284 3004 412 3050 enim
435 3004 474 3050 si
494 3005 589 3051 hoc
613 3004 827 3051 fecerunt
847 3020 947 3050 non
970 3003 1252 3051 humanitus
1273 3003 1503 3070 deceptae,
1530 3003 1616 3052 sed
1639 3004 1868 3052 divinitus
1885 3003 2025 3068 jussae
2039 3038 2053 3062 ,
2082 3017 2172 3048 nec
2193 3005 2422 3056 errantes,

283 3084 368 3130 sed
404 3084 755 3131 obedienteSP»
783 3083 852 3130 Ad
875 3084 969 3131 hoc
1006 3085 1215 3132 maxime
1252 3084 1367 3132 illud
1405 3086 1687 3151 Hieronymi
1721 3094 1936 3150 spectare
1970 3081 2161 3130 videtur
2194 3077 2328 3143 quod
2364 3077 2429 3125 ait

324 3298 330 3315 ¹
350 3293 408 3326 llic
423 3293 544 3333 aliquid
561 3293 676 3325 deesse
692 3291 832 3331 videtur,
857 3296 893 3323 ut
915 3291 1012 3333 passi
1028 3295 1119 3333 sunt,
1137 3293 1186 3325 vel
1211 3292 1281 3325 sibi
1305 3292 1508 3327 intulerunt.
1522 3292 1718 3330 -2Mauh.,
1740 3301 1810 3333 cap.
1832 3299 1924 3330 xvut,
1941 3299 1971 3322 v.
1991 3291 2020 3323 5.
2038 3305 2078 3314 -
2094 3290 2106 3309 ³
2122 3287 2259 3324 Tmen..
2282 3293 2353 3325 cap.
2379 3292 2427 3324 ιιι,

279 3359 308 3381 v,
325 3350 376 3382 51.
396 3364 435 3373 «-
453 3347 548 3382 ⁴Lib,
562 3345 595 3387 1,
614 3355 685 3386 cap.
708 3353 797 3377 xxvi.
