2638 3866
831 232 892 280 ΙΝ
927 230 1255 280 EPISTOLAM
1289 232 1370 281 AD
1414 231 1717 280 ROMANOS.
2254 232 2351 280 273

201 333 369 381 sancti.
403 351 428 379 «
448 334 568 381 Nam
587 331 862 398 prudentia.
890 351 912 378 n
940 335 1063 380 Vere
1094 333 1177 397 qui
1209 333 1492 382 secundum
1512 349 1708 382 carnem
1741 342 1875 394 sunt,
1913 349 2019 398 quae
2056 333 2214 381 carnis
2241 343 2352 381 sunt

199 414 545 480 sapiunt,·quia
570 424 777 463 mortem
801 413 980 462 scilicet
1008 413 1195 475 an‘imae,
1232 413 1282 462 id
1316 425 1387 462 est
1410 415 1794 476 damnationem,
1830 431 1917 480 per
1948 415 2052 480 ipsa
2086 414 2350 463 carnalium

199 493 548 543 desideriorum
568 495 894 561 experimenta
913 511 1019 560 quae
1045 511 1136 542 nos
1165 493 1398 555 alliciunt,
1419 495 1715 561 acquirimus
1741 514 1750 542 :
1779 495 1900 543 sicut
1922 512 1948 543 e
1968 495 2211 543 contrario
2235 511 2351 560 pru-

199 573 361 623 dentia
399 576 620 642 spiritus,
658 575 707 624 id
740 585 810 623 est
842 576 1172 641 experimenta
1207 576 1440 624 virtutum
1472 586 1517 624 et
1559 575 1805 624 bonorum
1833 576 1921 622 Dei
1963 595 1986 620 «
2028 576 2125 624 vita
2163 596 2187 620 »
2229 574 2353 623 fiunt

199 654 341 703 nobis
365 665 413 704 et
432 675 456 702 «
475 673 586 723 pax,
613 675 635 701 n
659 656 710 704 id
733 666 821 717 est,
845 657 1057 721 quietam
1077 655 1139 704 ab
1163 657 1299 704 omni
1321 657 1688 722 perturbatione
1710 655 1968 704 conferunt
1988 657 2153 703 vitam.
2179 676 2200 701 «
2223 660 2354 715 Quo·

199 735 330 784 niam
349 738 600 803 sapientia.
619 757 643 783 »
664 737 779 785 Ideo
802 737 1059 803 prudentia
1079 738 1237 785 carnis
1254 748 1462 787 mortem
1482 738 1704 804 acquirit,
1728 737 1843 802 quia
1865 738 1969 785 Deo
1992 738 2236 785 contraria
2262 747 2348 798 est,

198 826 246 864 et
265 818 469 866 omnino
499 818 758 885 displicens
787 837 797 865 :
825 829 872 867 et
899 835 1048 884 quare
1080 819 1330 886 displiceat
1355 820 1514 867 statim
1541 818 1770 880 annectit,
1794 819 1907 883 quia
1930 817 2021 882 legi
2044 818 2132 865 Dei
2160 835 2259 865 non
2284 828 2352 866 est

196 896 429 963 subJecta‚
452 899 502 947 id
524 910 596 948 est
629 894 882 967 praeceptis
908 900 1084 949 divinis
1108 900 1309 949 obedire
1335 918 1438 949 non
1464 902 1591 949 sinit.
1620 903 1826 964 «Neque
1848 899 2160 964 enim‘potest
2188 918 2210 943 υ
2238 899 2355 947 obe-

197 977 430 1028 dientiam
449 981 538 1028 Dei
558 998 764 1030 servare.
795 1002 817 1026 c<
837 982 932 1041 Qui
951 992 1131 1030 autem.
1156 1001 1178 1027 »
1218 983 1427 1048 Exponit
1447 982 1566 1047 quid
1602 981 1886 1048 sapientiam
1913 980 2071 1028 carnis
2095 979 2223 1028 dicat
2251 983 2354 1028 Deo

197 1059 461 1120 inimicam,
488 1061 585 1109 hoc
607 1072 677 1109 est
703 1079 805 1111 esse
830 1063 881 1109 in
906 1079 1070 1125 carne,
1097 1062 1146 1110 id
1177 1073 1247 1111 est
1273 1064 1323 1110 in
1349 1062 1624 1111 carnalibus
1660 1062 1886 1110 delectari
1923 1061 2270 1128 voluptatibus,
2310 1071 2356 1109 et

196 1155 283 1205 per
304 1139 401 1189 hoc
424 1141 693 1209 displicere.
725 1144 1069 1192 Continuatim
1084 1144 1191 1191 Dixi
1216 1144 1500 1210 sapientiam
1522 1145 1680 1192 carnis
1713 1143 1958 1191 inimicam
1982 1146 2104 1202 Deo,
2132 1158 2221 1190 nec
2251 1143 2355 1191 sine

197 1237 358 1281 causa,
386 1223 471 1271 sed
494 1224 608 1271 ideo
630 1224 743 1289 quia
773 1245 795 1269 (ι
815 1225 899 1290 qui
924 1226 973 1272 in
1000 1242 1146 1274 carne
1169 1234 1299 1287 sunt,
1331 1235 1422 1273 etc.
1451 1245 1474 1269 n
1506 1228 1649 1273 «Vos
1672 1235 1853 1273 autem.
1882 1246 1906 1269 n
1940 1227 2008 1271 Ne
2043 1223 2355 1289 desperarent

198 1303 428 1365 Romani,
457 1304 635 1369 quibus
658 1305 917 1366 scribebat,
951 1307 1203 1355 audientes
1225 1306 1358 1372 quod
1388 1307 1471 1371 qui
1499 1308 1549 1354 in
1573 1323 1717 1355 carne
1750 1316 1862 1354 sunt
1895 1308 1999 1353 Deo
2033 1304 2222 1370 placere
2253 1322 2353 1352 non

197 1394 417 1449 possunt,
439 1388 575 1451 quasi
592 1397 793 1453 propter
815 1405 865 1436 se
886 1389 1029 1436 etiarn
1051 1389 1235 1436 dictum
1256 1398 1396 1449 esset,
1425 1387 1704 1436 consolatur
1725 1405 1809 1435 eos
1833 1387 1998 1435 dicens
2022 1405 2032 1433 ε
2054 1389 2149 1434 Vos
2172 1396 2352 1445 autem,

197 1466 346 1527 gratia
367 1467 475 1527 Dei,
495 1468 597 1532 jam
627 1490 649 1512 «
680 1486 781 1517 non
802 1470 915 1518 estis
938 1470 987 1516 in
1013 1486 1175 1531 carne,
1202 1469 1285 1516 sed
1309 1469 1358 1516 in
1379 1469 1569 1534 spiritu,
1595 1488 1619 1514 n
1650 1469 1700 1516 id
1740 1479 1809 1516 est
1842 1485 1944 1515 non
1974 1468 2042 1514 in·
2061 1466 2351 1524 carnalibus,

196 1545 280 1593 sed
298 1547 629 1612 spiritualibus
650 1549 919 1597 desideriis.
935 1553 992 1597 Et
1018 1566 1079 1597 ne
1096 1551 1269 1598 iterum
1287 1550 1348 1599 de
1363 1550 1459 1598 hoc
1479 1550 1612 1615 quod
1634 1559 1854 1609 testatur,
1877 1549 2015 1614 quasi
2037 1557 2196 1595 certus
2211 1557 2352 1608 esset,

198 1625 343 1674 nimis
373 1627 701 1677 confiderent¹
730 1640 778 1678 et
810 1631 873 1678 ad
909 1630 1186 1697 superbiam
1224 1631 1431 1696 amplius
1459 1631 1790 1692 incitarentur,
1835 1629 2014 1694 quibus
2052 1629 2259 1676 maxime
2295 1628 2357 1675 ad

197 1705 458 1756 elationem
484 1726 654 1758 eorum
679 1712 1036 1777 reprimendam
1059 1711 1239 1771 scribit,
1269 1712 1406 1777 quasi
1424 1711 1688 1760 dubitative
1710 1712 1807 1759 hoc
1824 1728 1874 1759 se
1887 1709 2105 1777 profiteri
2127 1710 2355 1770 insinuat,

196 1786 362 1836 dicens
391 1807 402 1836 :
434 1808 459 1835 α
483 1791 533 1837 Si
553 1800 715 1839 tamen
740 1793 961 1858 spiritus,
980 1802 1093 1854 etc.‚
1114 1812 1138 1838 υ
1158 1793 1255 1841 hoc
1279 1803 1367 1854 est,
1395 1793 1434 1840 si
1466 1794 1685 1860 spiritum
1710 1793 1800 1840 Dei
1814 1791 2009 1841 habetis
2030 1790 2356 1839 habitatorem

196 1869 358 1933 potius
382 1887 532 1936 quam
556 1871 825 1939 hospitem,
852 1875 902 1923 id
926 1885 998 1924 est
1017 1879 1382 1942 permanentem
1407 1876 1456 1924 in
1479 1875 1619 1924 vobis
1652 1893 1741 1943 per
1770 1874 2120 1924 inhabitantem
2156 1873 2356 1938 gratiam

196 1965 352 2009 suam,
370 1969 471 1999 non
494 1968 523 2001 a
540 1952 677 2001 vobis
699 1956 1008 2004 recedentem
1032 1957 1106 2005 vel
1131 1975 1218 2023 per
1239 1975 1327 2006 vos
1352 1968 1699 2006 transeuntem.
1719 1960 1967 2016 Quantum
1986 1965 2147 2003 autem
2162 1955 2222 2002 sit
2239 1954 2358 2020 peri·

196 2032 361 2079 culum
386 2034 553 2099 spiritu
579 2036 670 2083 Dei
705 2053 870 2085 carere
904 2039 1116 2086 annectit
1153 2039 1318 2087 dicens
1348 2058 1358 2087 ε
1390 2039 1584 2099 «Quod
1617 2040 1656 2087 si
1690 2039 1797 2103 quis
1820 2054 1920 2085 non
1956 2036 2105 2084 habet
2136 2035 2357 2101 spiritum

150 2121 153 2123 ’
197 2111 389 2176 Christi,
416 2114 497 2163 hic
521 2133 622 2164 non
647 2128 719 2166 est
742 2119 862 2182 ejus,
888 2138 912 2163 »
941 2120 1163 2168 videlicet
1185 2120 1458 2169 membrum
1476 2160 1488 2183 ‚
1516 2121 1628 2187 quia
1651 2120 1846 2186 spiritus
1868 2118 1970 2182 ejus
1992 2118 2093 2183 ipse
2125 2125 2196 2164 est
2222 2132 2360 2163 amor

197 2203 244 2240 et
276 2195 550 2259 vinculum,
585 2215 684 2263 quo
717 2199 833 2247 huic
872 2201 1018 2266 capiti
1052 2201 1272 2249 membra
1305 2218 1390 2250 sua
1427 2202 1689 2250 cohaerent.
1718 2203 1791 2248 De
1826 2216 1925 2265 quo
1959 2197 2156 2264 quidem
2190 2196 2358 2263 spiritu

198 2275 465 2339 specialiter
490 2277 683 2339 dicitur,
703 2281 817 2344 quia
839 2283 970 2328 Deus
986 2282 1159 2329 caritas
1177 2292 1265 2330 est.
1282 2285 1404 2331 Cum
1428 2293 1590 2331 autem
1611 2283 1770 2346 primo
1794 2280 1912 2328 dixit
1937 2279 2159 2346 spiritum
2178 2278 2286 2337 Dei,
2311 2288 2359 2325 et

197 2364 423 2419 praeterea
447 2357 647 2418 Christi,
675 2360 835 2425 ipsum
860 2361 1078 2427 profecto
1102 2363 1366 2422 Christum,
1394 2365 1531 2429 cujus
1561 2364 1708 2411 etiam
1732 2361 1847 2410 dicit
1872 2361 2089 2409 divinum
2116 2359 2355 2425 spiritum,

197 2434 383 2484 dictum
423 2454 526 2486 esse
561 2439 879 2489 demonstrat.
912 2462 935 2488 «
968 2444 1016 2491 Si
1051 2453 1231 2492 autem.
1264 2465 1286 2489 »
1314 2449 1381 2492 Ac
1411 2446 1449 2492 si
1488 2445 1696 2503 diceret,
1732 2446 1771 2491 si
1808 2443 2031 2509 spiritum
2063 2440 2237 2488 Christi
2271 2440 2358 2486 Dei

196 2515 432 2565 habemus
460 2538 469 2566 :
494 2519 629 2585 quod
658 2531 729 2569 est
764 2522 955 2586 dicere,
980 2525 1019 2572 si
1043 2525 1260 2574 Christus
1290 2543 1377 2592 per
1400 2527 1623 2592 spiritum
1658 2542 1818 2583 suum,
1858 2524 1909 2571 id
1943 2533 2013 2571 est
2045 2539 2133 2589 per
2158 2521 2359 2586 gratiam

197 2596 442 2646 donorum
467 2618 684 2664 suorum,
713 2614 883 2669 utpote
905 2607 1241 2654 remissionem
1265 2617 1580 2672 peccatorum
1602 2616 1650 2654 et
1678 2606 1989 2653 collationem
2020 2605 2269 2661 virtutum,
2306 2601 2358 2647 in

199 2677 340 2726 nobis
372 2690 460 2728 est.
497 2685 734 2748 «Corpus
766 2684 965 2749 quidem
1005 2697 1226 2734 nostrum
1267 2698 1517 2735 mortuum
1546 2697 1646 2747 est,
1684 2707 1708 2731 2>
1744 2686 1793 2733 id
1832 2695 1903 2733 est
1941 2682 2182 2749 corporali
2214 2681 2360 2728 morti

199 2756 484 2808 obnoxium.
510 2781 533 2806 «
553 2765 755 2827 Propter
778 2775 1032 2829 peccatum
1053 2788 1075 2811 »
1105 2767 1283 2815 scilicet
1301 2769 1571 2832 primorum
1592 2776 1867 2832 parentum,
1891 2765 1989 2812 sive
2015 2763 2218 2811 carnalis
2245 2778 2360 2809 con-

197 2838 504 2903 cupiscentiae
527 2840 792 2900 maculam,
821 2843 870 2889 in
899 2860 995 2907 qua
1018 2854 1090 2892 est
1113 2854 1425 2910 conceptum.
1458 2864 1481 2889 «
1501 2843 1597 2891 Sed
1618 2844 1813 2909 spiritus
1835 2852 2000 2890 noster
2023 2842 2138 2889 vivit
2158 2848 2358 2906 propter

194 2918 611 2982 justificationem,
637 2940 660 2966 »
686 2921 737 2968 id
760 2932 830 2969 est
849 2939 905 2970 ex
930 2924 1189 2972 virtutibus
1213 2941 1318 2989 quae
1342 2940 1455 2972 eum
1476 2923 1766 2989 justificant,
1796 2933 2006 2971 mortem
2031 2921 2359 2971 damnationis

199 2998 362 3048 evitat.
390 3004 453 3048 Ac
476 3001 514 3048 si
539 3012 705 3066 aperte
728 3001 883 3063 dicat,
914 3004 1026 3051 licet
1059 3005 1110 3052 in
1135 3005 1326 3053 Christo
1350 3005 1683 3053 remissionem
1718 3004 1864 3052 etiam
1890 3004 2096 3052 carnalis
2117 3001 2361 3067 originalis

199 3082 382 3144 peccati
405 3098 781 3148 consequamur,
808 3086 944 3150 cujus
975 3085 1175 3151 quidem
1208 3087 1393 3153 peccati
1429 3103 1561 3134 mors
1592 3087 1737 3134 etiam
1774 3086 1931 3134 carnis
1953 3095 2023 3134 est
2052 3101 2221 3152 poena,
2257 3098 2358 3130 non

200 3169 359 3209 tamen
384 3161 512 3212 hanc
534 3164 729 3212 abstulit
752 3182 948 3231 poenam
971 3168 1055 3232 qui
1078 3168 1286 3216 removit
1307 3184 1520 3217 causam.

244 3350 250 3367 ¹
269 3349 463 3384 Amboesius
479 3353 586 3391 Quasi
606 3357 717 3388 certus
734 3359 818 3389 enee
834 3356 951 3397 nimis,
972 3357 1176 3400 confidenter
1193 3362 1226 3391 ee
1243 3359 1288 3392 ad
1306 3359 1515 3402 superbiam.

363 3424 394 3448 u
2146 3415 2196 3451 35
