2638 3866
255 239 353 287 536
1062 240 1234 288 PETRI
1274 240 1589 288 ABAELARDI

255 357 344 388 nec
367 341 462 388 sint
484 340 679 387 diversae
702 340 946 404 sapientiae
959 339 1034 386 vel
1059 357 1266 388 amores.
1288 341 1337 387 Si
1360 342 1467 405 quis
1491 351 1651 389 tamen
1673 341 1769 390 hoc
1793 344 1994 390 omnino
2011 343 2170 394 dicere
2191 359 2396 409 recuset,

254 430 452 485 propter
471 418 752 466 scandalum
776 419 1015 467 sermonis
1039 420 1090 466 in
1116 419 1260 468 aliam
1283 420 1682 485 significationem
1704 423 1945 488 pronioris
1970 441 2025 472 ac
2047 427 2197 491 magis
2220 428 2397 491 usitati,

254 500 474 562 quamvis
509 500 794 547 sententiam
823 516 922 547 non
948 500 1264 560 contradicat,
1300 502 1424 548 sicut
1459 511 1506 549 et
1538 503 1739 550 omnino
1769 503 1863 551 dici
1901 515 2131 570 respuat:
2163 510 2302 555 Pater
2324 510 2401 557 vel

254 579 396 624 Filius
423 587 494 624 est
527 579 731 643 Spiritus
762 589 979 639 sanctus,
1021 596 1121 626 non
1159 597 1272 628 eum
1307 581 1581 645 cogendum
1613 599 1714 630 esse
1753 583 1976 632 arbitror.
2008 588 2118 632 Haec
2155 586 2217 634 de
2253 604 2404 651 gene-

255 658 444 704 ratione
467 658 617 705 Verbi
642 660 770 708 dicta
799 660 1112 707 terminemus
1122 678 1135 718 ;
1164 678 1297 708 nunc
1329 661 1390 709 de
1422 663 1730 727 processione
1754 665 1957 730 Spiritus
1983 666 2152 729 sancti,
2190 667 2295 732 ipso
2326 669 2404 716 in-

251 738 483 802 spirante,
511 738 748 787 dicamus.
1472 742 1475 744 ’

318 819 521 883 Spiritus
553 821 687 884 quasi
720 837 748 868 a
771 821 999 886 spirando
1024 822 1180 869 dictus
1211 825 1320 883 est¹,
1357 822 1486 871 unde
1509 824 1711 885 Veritas,
1741 824 1960 889 Spiritus,
1987 825 2160 890 inquit,
2195 827 2280 875 ubi
2302 828 2404 876 vult

252 899 419 963 spirat,
457 899 666 964 ideoque
688 901 794 966 ipso
825 903 1025 949 nomine
1049 920 1137 950 suo
1161 903 1426 970 procedere
1450 921 1505 951 ex
1529 906 1666 952 Patre
1695 914 1742 951 et
1763 904 1882 951 Filio
1913 905 2073 970 potius
2103 923 2250 972 quam
2277 908 2407 972 gigni

252 978 552 1043 perhibetur.
594 982 865 1046 Benignitas
899 984 1081 1049 quippe
1116 984 1237 1049 ipsa,
1276 1002 1382 1049 quae
1417 985 1515 1032 hoc
1551 985 1752 1032 nomine
1784 984 2161 1046 demonstratur,
2197 1004 2300 1035 non
2337 999 2407 1036 est

253 1059 413 1124 aliqua
447 1062 660 1126 potentia
697 1063 797 1110 sive
834 1064 1095 1129 sapientia,
1137 1082 1251 1112 cum
1286 1065 1509 1112 videlicet
1539 1064 1802 1129 benignum
1833 1081 1936 1113 esse
1973 1083 2074 1113 non
2106 1067 2168 1114 sit
2195 1084 2297 1115 esse
2326 1084 2407 1116 sa·-

252 1140 466 1204 pientem
498 1151 582 1189 aut
612 1152 880 1207 potentem.
909 1144 1075 1191 Nullus
1108 1146 1289 1211 quippe
1312 1146 1362 1192 in
1395 1161 1454 1192 eo
1484 1144 1620 1209 quod
1650 1144 1886 1209 benignus
1909 1155 1981 1193 est
2014 1156 2096 1193 aut
2125 1147 2315 1213 sapiens
2340 1157 2409 1196 est

254 1232 336 1268 aut
364 1232 562 1287 potens,
598 1224 750 1271 immo
786 1225 939 1290 ipsam
971 1227 1121 1289 magis
1152 1227 1358 1274 caritatis
1392 1226 1619 1273 affectum
1650 1227 1748 1274 sive
1772 1226 1995 1274 effectum
2031 1227 2126 1275 dici
2160 1228 2405 1276 convenit.

258 1303 439 1349 Caritas
455 1313 635 1364 autem,
659 1314 777 1352 teste
794 1307 1047 1370 Gregorio,
1074 1307 1234 1353 miuus
1251 1323 1397 1370 quam
1416 1307 1543 1354 inter
1565 1307 1688 1354 duos
1711 1306 1881 1354 haberi
1898 1325 1998 1355 non
2019 1318 2194 1373 potest.
2222 1312 2409 1357 «Nemo

259 1383 407 1443 enim,
446 1384 629 1449 inquit,
668 1385 731 1432 ad
775 1387 1090 1451 ‘semetipsum
1128 1386 1310 1434 habere
1346 1388 1592 1435 caritatem
1631 1387 1824 1448 dicitur,
1865 1388 1951 1436 sed
1985 1388 2243 1437 dilectione
2274 1407 2326 1437 se
2361 1391 2409 1437 in

261 1462 463 1511 alterum
487 1465 660 1524 tendit,
691 1475 742 1513 ut
766 1483 869 1514 esse
891 1468 1063 1515 caritas
1092 1468 1260 1532 possit.
1280 1489 1303 1512 >2
1329 1468 1594 1516 Procedere
1617 1469 1778 1533 itaque
1801 1469 1890 1516 Dei
1909 1478 1978 1516 est
1996 1485 2098 1517 sese
2117 1469 2179 1516 ad
2201 1469 2411 1533 aliquam

260 1560 364 1590 rem
397 1561 483 1609 per
519 1545 745 1593 affectum
778 1548 986 1595 caritatis
1016 1548 1384 1612 quodammodo
1415 1549 1696 1608 extendere,
1729 1558 1782 1596 ut
1817 1565 1926 1596 eam
1957 1548 2180 1597 videlicet
2216 1549 2409 1615 diligat,

261 1640 317 1670 ac
339 1641 389 1671 se
408 1626 452 1671 ei
476 1642 563 1689 per
587 1641 806 1674 amorem
831 1627 1092 1690 conjungat
1111 1632 1145 1676 ⁸.
1168 1631 1291 1676 Cum
1319 1630 1480 1694 itaque
1502 1640 1602 1677 tam
1635 1630 1780 1678 Filius
1809 1646 1953 1694 quam
1980 1630 2182 1695 Spiritus
2213 1632 2414 1679 Sanctus

262 1721 319 1751 ex
354 1708 491 1752 Patre
526 1707 602 1767 sit,
635 1707 716 1754 hic
746 1708 939 1771 quidem
963 1710 1171 1772 genitus,
1198 1710 1276 1757 ille
1307 1711 1596 1774 procedens,
1631 1710 1794 1758 differt
1816 1711 1865 1758 in
1890 1728 1950 1758 eo
1979 1711 2222 1775 generatio
2254 1711 2358 1776 ipsa
2387 1727 2415 1760 a

262 1786 590 1849 processione,
630 1787 763 1851 quod
798 1788 838 1834 is
868 1789 952 1852 qui
984 1800 1238 1853 generatur
1267 1806 1325 1837 ex
1346 1791 1450 1856 ipsa
1483 1791 1636 1838 Patris
1665 1791 1930 1839 substantia
1954 1801 2048 1848 est,
2076 1809 2188 1839 cum
2215 1792 2336 1856 ipsa,
2360 1801 2416 1840 ut

263 1864 446 1912 dictum
470 1876 558 1924 est,
585 1868 827 1932 Sapientia
850 1867 945 1916 hoc
978 1870 1138 1934 ipsum
1166 1886 1269 1917 esse
1291 1870 1469 1917 habeat
1492 1881 1544 1918 ut
1574 1872 1634 1918 sit
1661 1870 1879 1935 quaedam
1902 1871 2136 1936 potentia.
2174 1874 2278 1936 lpse
2298 1888 2415 1927 vero

262 1946 470 1993 caritatis
508 1946 707 1995 affectus
743 1950 893 2012 magis
935 1949 999 1996 ad
1040 1949 1384 2014 benignitatem
1418 1952 1590 2012 animi,
1634 1967 1781 2016 quam
1826 1950 1890 1999 ad
1927 1951 2193 2016 potentiam
2226 1951 2412 1999 attinet.

263 2025 403 2073 Unde
434 2025 558 2074 bene
589 2027 733 2075 Filius
763 2045 819 2075 ex
846 2031 983 2076 Patre
1016 2030 1145 2093 gigni
1177 2030 1368 2092 dicitur,
1394 2031 1491 2078 hoc
1523 2040 1594 2078 est
1614 2047 1672 2078 ex
1695 2031 1802 2096 ipsa
1823 2032 1971 2078 Patris
1996 2031 2262 2079 substantia
2285 2048 2412 2091 esse;

259 2107 462 2171 Spiritus
498 2125 614 2155 vero
646 2109 846 2156 minime
878 2110 1024 2173 gigni,
1059 2110 1146 2158 sed
1170 2112 1321 2175 magis
1349 2111 1632 2177 procedere,
1670 2111 1767 2159 hoc
1790 2122 1861 2159 est
1889 2129 1939 2159 se
1967 2128 2056 2177 per
2084 2112 2330 2159 caritatem
2353 2111 2418 2160 ad

260 2187 463 2234 alterum
499 2189 771 2250 extendere,
810 2190 924 2254 quia
959 2191 1329 2255 quodammodo
1360 2209 1447 2258 per
1481 2209 1700 2240 amorem
1735 2193 2067 2258 unusquisque
2102 2209 2130 2240 a
2164 2193 2322 2258 seipso
2354 2192 2417 2240 ad

261 2267 466 2316 alterum
503 2271 761 2334 procedit:
798 2287 910 2318 cum
945 2273 1168 2338 proprie,
1208 2284 1263 2320 ut
1297 2273 1480 2321 dictum
1516 2284 1605 2335 est,
1645 2290 1791 2321 nemo
1827 2273 1889 2321 ad
1923 2274 2135 2339 seipsum
2170 2274 2418 2321 caritatem

261 2347 440 2396 habere
469 2350 673 2412 dicatur,
712 2362 795 2398 aut
829 2351 920 2398 sibi
948 2352 1039 2416 ipsi
1071 2353 1310 2418 benignus
1340 2371 1459 2412 esse,
1491 2355 1576 2402 sed
1602 2354 1697 2401 alii.
1733 2346 1936 2401 Maxime
1969 2363 2130 2401 autem
2159 2357 2306 2416 Deus,
2333 2352 2417 2418 qui

323 2493 337 2510 ·
368 2486 620 2530 Ambrosius
644 2487 698 2531 de
726 2488 832 2531 Fide
856 2489 911 2532 ad
934 2490 1189 2532 Gratianum
1216 2490 1328 2533 libro
1348 2492 1368 2532 Ι
1393 2506 1402 2534 :
1436 2512 1452 2528 «
1483 2491 1622 2535 Crede
1647 2492 1746 2550 quia
1772 2509 1796 2535 a
1818 2494 1911 2535 Deo
1935 2493 2066 2535 exivit
2082 2492 2229 2543 Filius,
2255 2502 2304 2533 ut
2324 2492 2415 2551 ipse

262 2562 456 2603 testatur,
479 2552 649 2596 dicens²
678 2570 688 2596 ι
723 2575 739 2591 «
757 2555 822 2596 Ex
838 2556 931 2597 Deo
954 2557 1140 2615 processi
1163 2567 1206 2599 et
1227 2557 1342 2599 veni.
1361 2577 1378 2594 2>
1405 2557 1461 2599 Et
1479 2556 1605 2599 alibi⁸
1638 2572 1647 2599 :
1674 2559 1742 2600 «A
1759 2559 1851 2600 Deo
1865 2558 1992 2601 exivi.
2016 2578 2032 2595 »
2053 2558 2139 2612 Qui
2156 2572 2181 2599 a
2202 2558 2296 2599 Deo
2313 2573 2417 2617 pro-

264 2618 388 2660 cessit
409 2629 452 2660 et
475 2635 499 2660 a
521 2620 614 2661 Deo
637 2620 783 2669 exivit,
811 2621 919 2662 nihil
935 2621 1052 2663 aliud
1077 2633 1216 2680 potest
1235 2622 1413 2674 habere,
1441 2624 1520 2665 nisi
1543 2622 1662 2682 quod
1684 2624 1765 2667 Dei
1787 2634 1866 2666 est.
1883 2644 1900 2662 u

323 2685 434 2726 Item
455 2699 465 2726 :
492 2706 508 2722 «
530 2685 595 2727 Ex
621 2686 748 2728 Patre
770 2687 989 2729 nascendo
1011 2687 1221 2746 prodivit,
1247 2699 1296 2730 ut
1329 2688 1437 2730 dixit
1457 2689 1547 2748 ipse
1571 2690 1645 2748 qui
1675 2700 1800 2732 natus
1819 2687 1910 2732 est'⁸
1940 2704 1950 2731 ε
1981 2689 2076 2731 «Ex
2104 2704 2180 2731 ore
2209 2687 2415 2731 Altissimi

270 2768 286 2784 «
304 2749 490 2807 prodivi.
514 2771 532 2788 ν»
560 2750 684 2793 Idem
705 2750 818 2794 libro
841 2752 901 2794 IV
921 2753 1057 2795 :Dicit
1077 2753 1293 2812 Sapientia
1315 2754 1410 2805 Dei,
1443 2776 1459 2792 «
1481 2756 1548 2797 Ex
1570 2771 1645 2798 ore
1667 2755 1872 2797 Altissimi
1893 2753 2077 2814 prodivi,
2100 2775 2118 2792 ι»
2138 2755 2224 2796 hoc
2240 2764 2303 2796 est
2325 2769 2416 2796 non

265 2825 436 2868 coacta,
473 2816 549 2859 sed
584 2816 721 2859 libera
736 2853 746 2868 ‚
779 2833 870 2859 non
900 2819 1100 2877 potestati
1138 2819 1344 2870 obnoxia,
1382 2820 1459 2863 sed
1490 2832 1592 2863 nata
1629 2821 1917 2881 generationis
1953 2835 2127 2863 arcano.
2150 2840 2166 2858 »
2207 2820 2273 2862 Ex
2303 2819 2415 2861 libro

266 2878 562 2931 Quaestionum
585 2882 725 2925 Orosii
749 2882 806 2925 ad
826 2884 1126 2944 Augustinum.
1152 2886 1390 2945 Responsio
1421 2886 1675 2947 Augustini:
1709 2907 1725 2923 «
1741 2885 1893 2929 Nullus
1925 2897 2069 2928 autem
2098 2885 2208 2927 filius
2239 2895 2303 2928 est
2335 2884 2416 2926 nisi

268 2942 467 2995 duorum,
493 2948 625 3005 patris
653 2959 696 2990 et
724 2950 887 3003 matriS,
911 2950 1030 3008 quod
1053 2951 1162 2993 absit
1184 2962 1233 2993 ut
1253 2953 1365 2994 inter
1387 2953 1527 2995 Deum
1550 2953 1724 2995 Patrem
1743 2962 1786 2994 et
1806 2951 1963 2994 Filium
1985 2951 2069 2994 tale
2098 2950 2259 3010 aliquid
2274 2949 2413 3007 suspi-

267 3023 412 3050 cemur
429 3026 441 3063 ;
461 3012 559 3068 quia
581 3028 661 3054 nec
675 3013 805 3055 Filius
826 3015 1013 3057 hominis
1036 3016 1161 3058 simul
1184 3032 1237 3059 ex
1250 3017 1377 3060 Patre
1394 3017 1591 3077 procedit
1611 3028 1654 3061 et
1673 3033 1725 3060 ex
1742 3028 1895 3068 matre,
1917 3017 2016 3076 quia
2035 3032 2133 3060 cum
2149 3014 2342 3076 procedit
2360 3029 2414 3057 ex

269 3072 410 3127 Patre,
434 3090 523 3117 non
545 3087 647 3119 tunc
668 3078 867 3136 procedit
886 3095 940 3122 ex
959 3091 1112 3124 matre.
1138 3102 1154 3118 »

313 3281 320 3286 ·
344 3266 437 3299 Hunc
462 3268 567 3300 locum
605 3271 766 3309 integrum
794 3273 893 3304 refert
915 3278 948 3305 et
970 3275 1089 3306 refutat
1113 3275 1304 3309 Guilletmus
1377 3278 1600 3316 Abaelardum.
1629 3288 1701 3319 cap.
1727 3288 1767 3310 iv.
1797 3296 1838 3302 —-
1862 3279 1873 3296 ²
1891 3277 2005 3316 Joan.‚
2035 3286 2109 3317 cap.
2140 3285 2215 3315 vui,
2244 3286 2274 3309 v.
2307 3278 2340 3310 4.
2373 3292 2416 3300 —

267 3321 371 3352 abbas
392 3319 424 3353 S.
449 3320 642 3355 Theudorici
673 3325 704 3355 in
737 3324 960 3366 Disputatione
993 3329 1149 3360 adversus
1174 3330 1302 3362 Petrum
1375 3332 1387 3351 ³
1403 3330 1518 3371 Joan.,
1537 3341 1608 3372 cap.
1625 3341 1694 3370 xvr,
1715 3341 1746 3363 v.
1761 3335 1815 3364 28.
1834 3349 1872 3356 -
1894 3332 1905 3351 ⁴
1920 3331 2044 3372 Eccli.‚
2071 3340 2142 3372 cap.
2167 3340 2254 3369 xxiv,
2273 3340 2302 3364 v.
2321 3334 2352 3365 5.
2371 3349 2415 3356 -
