2638 3866
908 278 966 325 lN
999 276 1322 326 EplsTOLAM
1356 281 1435 328 AD
1470 279 1773 328 ROMANOS.
2312 284 2406 331 285

276 379 487 426 Domino
511 377 774 444 appellatus
802 387 898 438 est,
930 377 980 426 id
1006 388 1076 426 est
1098 378 1170 426 vir
1194 379 1361 427 videns
1385 380 1666 428 Dominum.
1694 379 1832 428 Unde
1863 391 1910 429 et
1941 381 2179 448 praecipue
2210 385 2409 431 nomine

276 460 377 524 ejus
411 468 512 507 tota
546 459 796 525 posteritas
820 458 1044 523 insignita
1072 458 1381 524 gloriabatur,
1408 461 1544 525 quasi
1572 461 1686 508 solis
1719 460 1833 526 ipsis
1855 465 2010 510 Deum
2037 461 2225 525 videre,
2264 462 2315 512 id
2342 475 2409 511 est

277 554 566 603 cognoscere
610 555 892 587 concessum
936 548 1087 602 esset,
1136 540 1272 604 quasi
1313 539 1414 604 jam
1449 540 1648 588 ulterius
1691 557 1782 588 nec
1827 540 2031 604 Christi,
2079 559 2170 591 nec
2212 543 2410 609 alicujus

277 620 497 668 doctrina
524 618 807 683 indigerent,
843 628 896 666 ut
919 618 1034 668 hinc
1061 635 1256 685 quoque
1289 621 1391 686 ipse
1422 621 1596 669 Paulus
1630 619 1804 669 Christi
1835 621 2138 689 disciplinam
2171 625 2407 673 nonnulla

278 699 339 748 de
365 715 511 747 causa
540 716 591 748 se
611 699 890 766 praemisisse
915 700 1142 761 insinuet,
1175 717 1369 748 necnon
1399 718 1454 748 ex
1489 702 1545 749 iis
1566 717 1672 766 quae
1695 713 1979 767 sequuntur,
2013 703 2074 752 de
2109 704 2404 754 condemna·

277 780 407 827 tione
436 778 615 828 scilicet
647 778 772 828 illius
810 780 926 828 olim
959 779 1213 846 peculiaris
1242 779 1415 847 populi
1440 782 1545 842 Dei,
1582 798 1693 829 cum
1715 782 1806 829 ait:
1837 784 2101 840 «Quorum
2121 783 2316 850 adoptio
2341 797 2405 834 est

275 858 503 921 filiorum,
528 879 551 904 n
583 860 678 908 hoc
701 870 771 909 est
807 860 866 909 de
902 861 1060 927 primo
1094 877 1181 927 per
1217 861 1414 925 gratiam
1453 861 1669 927 adoptati
1706 872 1818 909 sunt
1853 878 1882 910 a
1919 865 2022 910 Deo
2053 864 2101 910 in
2139 863 2285 926 filios,
2326 870 2405 931 qui

275 940 539 1005 specialiter
565 940 627 989 ab
651 957 710 988 eo
733 940 894 989 dilecti
916 940 1342 989 innumerabilium
1363 941 1712 990 beneficiorum
1734 942 2028 991 exhibitione
2059 954 2403 993 monstrantur.

279 1037 304 1064 «ι
326 1020 574 1085 Etgloria,
595 1016 619 1066 ἰ»
634 1019 695 1069 *id
723 1031 794 1069 est
817 1020 1099 1085 glorificatio
1122 1023 1171 1069 in
1201 1023 1423 1088 praesenti
1455 1040 1510 1071 ex
1534 1023 1796 1089 adoptione
1818 1023 1906 1072 ista
1929 1023 2211 1089 procedens,
2239 1042 2334 1091 qua
2359 1045 2407 1074 se

275 1109 322 1147 et
345 1116 476 1149 nunc
495 1101 544 1149 in
565 1101 771 1150 Ecclesia
792 1101 1011 1166 gentibus
1033 1103 1277 1151 conversis
1296 1119 1575 1169 praeponere
1593 1103 1835 1152 volebant.
1867 1104 2006 1152 Unde
2032 1114 2192 1153 autem
2212 1107 2408 1173 adoptio

274 1179 348 1228 vel
373 1180 654 1245 glorificatio
673 1198 843 1230 eorum
874 1183 1077 1231 maxime
1098 1184 1399 1249 processerit,
1431 1183 1682 1249 diligenter
1709 1187 2029 1250 prosequitur,
2054 1186 2218 1234 dicens
2241 1204 2407 1235 eornm

279 1280 300 1303 α
318 1276 419 1308 esse
442 1270 799 1323 testamentum,
816 1273 906 1325 »et
924 1258 984 1311 ad
1010 1279 1093 1310 eos
1117 1264 1354 1328 primitus,
1377 1281 1476 1312 non
1498 1265 1559 1312 ad
1580 1275 1743 1329 gentes
1761 1266 1911 1314 latum
1938 1266 2095 1327 fuisse,
2118 1267 2239 1315 sicut
2263 1270 2405 1334 scrip-

274 1350 376 1388 tum
400 1345 521 1388 est¹:
555 1362 579 1387 α
597 1345 703 1390 Non
739 1343 849 1391 fecit
871 1343 1027 1391 taliter
1051 1345 1186 1391 omni
1207 1346 1410 1406 nationi,
1435 1355 1481 1393 et
1498 1345 1679 1409 judicia
1702 1363 1784 1393 sua
1808 1363 1905 1394 non
1930 1347 2252 1395 manifestavit
2270 1350 2353 1396 eis.
2379 1370 2399 1393 υ

274 1420 345 1468 Ad
371 1420 465 1469 hoc
489 1422 687 1487 quidem
712 1423 847 1473 illiud
873 1425 1078 1489 pertinet
1103 1425 1236 1489 quod
1261 1426 1477 1490 superius
1499 1426 1706 1474 dixerat¹
1727 1445 1737 1473 ε
1762 1446 1785 1471 «
1806 1427 1935 1485 Quid
1959 1444 2072 1492 ergo
2095 1428 2299 1494 amplius
2323 1433 2404 1476 Ju-

273 1501 395 1562 daeo‚
425 1512 515 1550 etc.
551 1505 756 1552 Multum
788 1521 875 1570 per
908 1505 1087 1553 omnia.
1117 1506 1328 1553 Primum
1367 1507 1564 1570 quidem
1600 1508 1712 1572 quia
1748 1508 1929 1556 credita
1958 1518 2069 1555 sunt
2092 1508 2181 1556 illis
2216 1510 2405 1574 eloquia

273 1582 376 1628 Dei.
400 1603 422 1626 >›
453 1602 475 1628 «
497 1582 882 1649 Et'obsequium,
902 1606 923 1629 »
957 1585 1007 1633 id
1035 1595 1105 1633 est
1128 1575 1375 1651 publicum
1398 1587 1547 1634 divini
1571 1588 1725 1635 cultus
1749 1587 1979 1649 officium,
2016 1589 2064 1635 in
2099 1588 2404 1637 tabernaculo

274 1662 347 1709 vel
382 1664 428 1709 in
463 1664 664 1730 templo,
701 1675 747 1712 et
775 1666 1056 1730 «promissa
1083 1685 1107 1710 »
1135 1682 1335 1714 munera
1365 1677 1461 1714 tam
1499 1667 1560 1715 de
1598 1678 1721 1715 terra
1757 1668 2000 1718 Chanaam
2034 1669 2327 1734 possidenda
2364 1683 2406 1718 et

274 1739 471 1790 terrenis
493 1744 781 1804 commodis,
806 1761 952 1809 quam
972 1745 1033 1792 de
1053 1746 1379 1810 spiritualibus
1398 1748 1542 1794 etiam
1560 1747 1701 1795 bonis
1719 1765 1806 1813 per
1829 1748 2071 1796 Christum
2091 1750 2234 1815 exeis
2257 1753 2406 1798 nasci0

274 1826 451 1879 turum,
479 1818 600 1865 sicut
634 1835 747 1866 mox
772 1820 986 1867 annectit
1020 1819 1184 1868 dicens
1212 1839 1221 1866 :
1256 1824 1515 1879 «Quorum
1547 1832 1660 1870 sunt
1686 1833 1844 1888 patres
1878 1824 2146 1872 secundum
2175 1821 2402 1872 carnem»

270 1898 430 1963 potius
463 1915 608 1963 quam
644 1900 910 1947 secundum
947 1899 1060 1948 fidei
1092 1901 1441 1964 imitationem,
1477 1902 1544 1950 illi
1584 1921 1642 1951 ex
1673 1903 1849 1969 quibus
1883 1914 1929 1952 et
1960 1906 2060 1970 ipse
2094 1905 2307 1954 Christus
2338 1918 2407 1954 est

271 1978 537 2027 secundum
564 1996 778 2040 carnem,
812 1991 998 2047 utpote
1020 1983 1111 2048 ipsi
1131 1983 1412 2048 patriarchae
1435 1983 1693 2047 Abraham,
1717 1988 1863 2047 Isaac,
1890 1996 1936 2033 et
1956 1986 2121 2045 Jacob,
2150 1987 2324 2051 quibus
2346 1988 2403 2034 de

270 2058 459 2107 Christo
489 2056 832 2124 promissiones
861 2061 993 2109 factae
1016 2073 1151 2124 sunt,
1176 2063 1309 2127 quod
1335 2065 1383 2110 in
1414 2066 1594 2112 semine
1620 2082 1788 2112 eorum
1813 2067 1990 2114 scilicet
2010 2066 2406 2114 benedicerentur

271 2156 440 2188 omnes
466 2150 644 2204 gentes.
664 2141 810 2199 Quod
829 2157 944 2189 vero
965 2142 1146 2190 dixerat
1167 2165 1189 2187 <c
1208 2147 1365 2191 Patres
1379 2145 1571 2203 Christi,
1594 2165 1616 2189 »
1637 2163 1698 2193 ne
1715 2163 1800 2210 per
1819 2146 1914 2194 hoc
1934 2147 2178 2195 videretur
2190 2148 2405 2195 Christus

272 2236 299 2266 a
323 2219 536 2284 patribus
557 2220 649 2267 illis
671 2221 942 2285 incoepisse,
969 2222 1132 2269 addit:
1165 2243 1188 2268 «
1206 2226 1299 2282 Qui
1325 2235 1395 2272 est
1418 2242 1562 2290 super
1586 2227 1749 2273 omnia
1774 2226 2073 2290 benedictus,
2097 2247 2120 2272 »
2141 2238 2188 2275 et
2210 2228 2408 2276 laudan-

272 2299 363 2346 dus
385 2310 431 2347 et
464 2299 803 2364 glorificandus
830 2321 852 2346 ι(
873 2302 920 2348 in
947 2302 1120 2364 secula,
1147 2323 1169 2348 »
1195 2304 1245 2351 id
1279 2315 1348 2351 est
1377 2322 1463 2370 per
1487 2322 1656 2354 omnes
1682 2316 1957 2372 temporum
1992 2309 2315 2356 successiones
2343 2309 2403 2355 ab

271 2380 375 2442 ipso
401 2390 630 2444 tanquam
663 2398 692 2428 a
714 2381 876 2429 divina
899 2383 1130 2448 sapientia
1161 2385 1342 2449 optime
1371 2384 1631 2434 ordinatas.
1666 2390 1872 2448 «Amen,
1894 2407 1918 2433 »
1943 2388 1994 2435 id
2025 2399 2094 2436 est
2118 2405 2284 2436 verum
2316 2399 2399 2435 est.

271 2459 542 2507 Geminatio
568 2461 841 2509 assertionis
872 2471 968 2510 tam
993 2464 1089 2510 oris
1119 2480 1265 2529 quam
1289 2465 1449 2513 cordis
1477 2466 1824 2531 professionem
1848 2467 2054 2526 indicat,
2085 2469 2207 2516 sicut
2235 2480 2280 2516 et
2314 2468 2395 2523 ibi,

275 2557 295 2583 «
316 2540 464 2587 Amen
490 2557 630 2588 amen
655 2541 765 2589 dico
791 2542 946 2591 vobis.
969 2562 992 2589 n
1023 2547 1095 2606 Et,
1123 2546 1222 2592 «sit
1244 2562 1401 2593 sermo
1425 2556 1580 2594 vester
1601 2566 1611 2592 :
1636 2550 1734 2610 Est,
1761 2559 1830 2595 est
1853 2567 1862 2595 :
1891 2551 2016 2611 Non,
2044 2550 2182 2596 non³.
2209 2568 2230 2591 »

317 2729 322 2746 ¹
339 2728 470 2763 Psalm.
490 2737 609 2769 cnvn,
629 2733 726 2772 v.,20.
743 2750 779 2757 —
797 2734 930 2775 ²Rom.‚
949 2743 1020 2776 cap.
1042 2744 1090 2776 ιη,
1108 2745 1137 2769 ν.
1160 2739 1187 2768 1.
1207 2753 1245 2761 —
1263 2738 1274 2757 ³
1288 2736 1416 2777 Matth.‚
1435 2745 1507 2777 cap.
1526 2746 1557 2776 v,
1576 2746 1606 2771 v.
1623 2739 1674 2771 37.
