2638 3866
309 189 403 236 180
1107 184 1276 231 PETRI
1311 179 1626 231 ABAELARDI

306 287 436 335 laudi
458 286 525 333 ibi
548 294 690 334 erunt
711 303 720 332 ε
749 286 811 332 de
832 284 1052 350 qualibus
1076 284 1188 332 alibi
1206 284 1271 331 ait
1294 286 1305 309 ¹
1328 301 1339 329 ε
1372 302 1395 328 «
1418 285 1522 347 Ipse
1544 291 1705 329 autem
1726 280 1882 328 salvus
1901 281 2006 343 erit,
2029 282 2097 330 sic
2118 292 2278 331 tamen
2299 287 2445 350 quasi,

306 384 392 432 per
413 368 587 432 ignem,
614 385 636 410 »
673 366 767 424 Qui
788 381 903 413 vero
929 366 1146 431 perfectae
1184 364 1288 410 vitae
1322 362 1504 409 inventi
1535 361 1745 423 fuerunt,
1773 361 1848 408 vel
1879 369 1989 408 ante
2020 351 2178 427 ipsum
2198 363 2435 428 judicium

306 448 510 511 purgati,
536 463 635 493 non
662 456 801 493 erunt
821 446 887 494 ibi
904 444 1170 511 judicandi,
1196 444 1246 490 id
1271 452 1338 490 est
1353 442 1628 502 revelandi3
1657 441 1741 490 sed
1769 442 1931 508 potius
1959 459 2070 490 cum
2102 443 2208 509 ipso
2244 444 2433 493 Christo

307 528 481 591 pariter
508 526 812 591 judicabunt.
842 527 988 591 Cujus
1019 525 1213 591 quidem
1246 523 1501 587 majestatis
1528 533 1577 570 et
1601 523 1761 586 gloriae
1788 523 2046 588 participes
2077 524 2142 572 ita
2167 524 2431 590 fulgebunt,

306 617 357 653 ut
374 601 532 655 statim
556 624 613 654 ex
638 608 751 673 ipsis
769 617 996 674 appareat
1015 608 1135 654 sicut
1158 622 1215 652 ex
1237 605 1342 669 ipso
1365 603 1574 666 Christo,
1601 620 1748 668 quam
1765 603 1893 651 bene
1917 605 2114 668 egerint,
2142 606 2226 669 qui
2249 607 2317 653 eis
2345 605 2435 654 ad-

304 687 555 744 haeserunt,
582 704 727 751 quam
750 687 873 735 male
892 687 975 751 qui
992 702 1074 733 eos
1097 694 1505 749 contempserunt.
1524 687 1582 731 Et
1602 685 1667 732 ita
1679 685 1770 750 ipsi
1786 701 1985 749 quoque
2004 695 2234 749 tanquam
2250 685 2435 750 judices

304 783 413 813 cum
436 767 623 814 Christo
646 767 941 828 residebunt,
967 765 1118 813 securi
1141 764 1331 829 penitus
1348 764 1408 812 de
1425 781 1492 823 se,
1519 774 1567 812 et
1587 764 1705 812 alios
1722 764 2028 828 judicantes3
2054 765 2151 812 hoc
2173 775 2260 825 est,
2284 774 2338 812 ut
2359 765 2435 813 di-

303 856 431 893 ctum
450 858 537 907 est,
566 848 828 895 revelantes
847 864 907 894 an
928 846 1050 893 bene
1074 861 1186 891 cum
1206 844 1273 891 eis
1295 860 1356 891 an
1387 845 1436 891 in
1461 861 1544 892 eos
1562 845 1686 892 male
1720 844 1920 908 egerint,
1953 854 2006 898 ut
2034 846 2232 910 praemio
2259 862 2316 893 ex
2337 846 2433 894 hoc

303 926 375 973 vel
401 944 544 991 poena
566 928 696 992 digni
714 928 823 974 sint,
847 924 1052 990 Reprobi
1073 940 1206 984 vem,
1231 924 1315 988 qui
1339 925 1388 972 in
1409 923 1688 972 infidelitate
1712 940 1797 971 sua
1819 924 2113 987 moriuntur,
2137 925 2235 988 jam
2258 926 2307 972 in
2328 926 2433 991 ipso

303 1007 429 1053 exitu
448 1024 535 1054 suo
551 1007 750 1071 judicati
785 1016 911 1063 sunt,
951 1004 998 1051 id
1030 1015 1100 1052 est
1133 1003 1345 1065 revelati,
1382 1021 1473 1052 nec
1504 1005 1703 1052 ulterius
1728 1003 2008 1069 generaliter
2031 1004 2277 1053 revelandi
2301 992 2429 1063 sunt,

298 1086 429 1148 juxta
451 1087 569 1134 illud
596 1088 810 1134 Veritatis
828 1089 841 1110 ²
862 1105 872 1132 ε
905 1106 927 1131 «
949 1086 1043 1144 Qui
1078 1101 1177 1132 non
1216 1084 1384 1147 credit,
1418 1085 1519 1149 jam
1535 1084 1776 1150 judicatus
1813 1093 1899 1132 est.
1922 1103 1946 1130 »
1972 1085 2010 1131 Ii
2035 1100 2152 1132 vero
2175 1075 2270 1149 qui=
2288 1083 2434 1133 fidem

303 1165 526 1214 habentes
550 1167 747 1214 dubiam
762 1202 773 1224 ‚
798 1167 846 1213 in
871 1166 1061 1213 occulto
1095 1174 1341 1230 gesserunt
1371 1166 1535 1229 vitam,
1562 1175 1759 1231 propter
1785 1163 1919 1231 quod
1941 1181 2109 1212 eorum
2134 1165 2343 1213 incertus
2363 1176 2433 1213 est

302 1247 467 1306 exitus,
491 1246 556 1294 ibi
574 1247 823 1312 judicandi
845 1257 972 1308 sunt,
997 1245 1048 1293 id
1071 1255 1142 1293 est
1164 1245 1425 1293 revelandi.

370 1344 393 1369 «
408 1327 489 1372 His
511 1327 707 1391 quidem
726 1328 808 1390 qui
832 1325 1116 1374 secundum.
1135 1326 1438 1384 »Quomodo
1458 1327 1726 1375 secundum
1743 1328 2020 1392 qualitatem
2036 1328 2213 1394 operis,
2239 1327 2299 1375 sit
2321 1343 2435 1392 qua-

301 1405 403 1452 litas
426 1406 749 1454 retributionis
771 1407 998 1469 ostendit,
1032 1416 1087 1454 ut
1119 1406 1341 1454 videlicet
1380 1423 1470 1472 pro
1502 1406 1638 1455 bono
1667 1407 1855 1456 bonum
1894 1409 2141 1468 reddatur,
2179 1417 2225 1455 et
2259 1425 2286 1456 e
2315 1423 2432 1455 con-

305 1487 462 1534 trario.
489 1491 545 1534 Et
568 1488 663 1536 hoc
683 1498 753 1536 est
775 1488 848 1536 his
873 1489 1050 1551 dicere,
1081 1488 1203 1554 «qui
1230 1487 1496 1535 secundum
1517 1489 1796 1553 patientiam
1816 1489 1935 1537 boni
1962 1490 2138 1555 operis,
2165 1507 2188 1534 »
2230 1487 2435 1542 subaudi

302 1577 425 1627 sunt,
445 1578 494 1615 ut
513 1569 731 1617 videlicet
749 1571 968 1618 ostendat
984 1570 1107 1618 bene
1131 1569 1380 1633 agentibus
1402 1569 1735 1618 tribulationes
1753 1587 1853 1617 non
1872 1570 2055 1630 deesse,
2075 1586 2161 1635 per
2182 1585 2302 1634 quas
2318 1582 2434 1633 pur-

301 1658 469 1710 gantur
490 1659 570 1696 aut
590 1650 865 1715 proficiunt.
900 1671 922 1695 c<
938 1651 1152 1699 Gloriam
1177 1661 1225 1698 et
1246 1651 1505 1711 honorem,
1529 1669 1551 1695 ι)
1575 1650 1624 1697 id
1645 1660 1716 1698 est
1741 1639 2006 1715 gloriosum
2037 1650 2296 1709 honorem,
2321 1663 2446 1702 cum*

300 1739 460 1777 nostra
476 1731 694 1779 videlicet
714 1732 991 1780 humanitas
1017 1731 1078 1779 ad
1094 1731 1428 1780 celsitudinem
1450 1731 1731 1795 angelorum
1755 1732 2045 1796 pervenerit,
2073 1740 2120 1778 et
2145 1745 2234 1777 nos
2257 1728 2441 1794 pariter.

297 1807 507 1858 haeredes
528 1813 615 1858 Dei
640 1822 685 1860 et
703 1812 976 1860 cohaeredes
995 1812 1169 1860 Christi
1191 1829 1305 1860 cum
1326 1812 1433 1878 ipso
1450 1811 1771 1876 regnabimus.
1802 1815 1859 1858 Et
1884 1828 1945 1858 ne
1974 1811 2063 1858 ista
2085 1810 2235 1874 gloria
2253 1807 2314 1856 ad
2336 1808 2434 1858 anie

300 1905 425 1936 mam
449 1901 634 1939 tantum
651 1893 899 1955 referatur,
922 1893 1057 1941 addit
1079 1894 1221 1940 etiam
1248 1892 1310 1941 de
1333 1892 1606 1958 glorificatis
1629 1891 1914 1957 corporibus
1932 1907 2040 1956 quae
2053 1887 2436 1954 incorruptibilia

298 1981 452 2033 erunt,
476 1972 667 2020 dicens:
684 1994 706 2019 «
725 1977 783 2021 Et
803 1974 1238 2040 incorruptionem,
1256 1973 1514 2021 »videlicet
1537 1989 1817 2038 corporum,
1836 1971 1914 2019 his
1936 1972 2154 2036 inquam,
2173 1990 2196 2013 (ι
2219 1984 2435 2033 quaeren-

297 2050 420 2098 tibus
443 2053 604 2111 vitam‚
627 2074 650 2098 »
678 2072 777 2102 non
803 2055 1148 2113 transitoriam,
1176 2055 1298 2101 sicut
1319 2054 1544 2111 vidimus,
1572 2053 1656 2100 sed
1679 2062 1905 2100 aeternam
1930 2052 2051 2100 sicut
2071 2050 2356 2110 Christiani;
2383 2057 2436 2095 ut

296 2132 511 2180 ostendat
534 2135 706 2182 merito
739 2135 789 2182 id
823 2152 905 2183 eos
937 2135 1156 2183 obtinere
1190 2134 1253 2182 ad
1284 2134 1418 2199 quod
1456 2143 1558 2182 toto
1582 2134 1821 2182 desiderio
1847 2132 2212 2189 anhelaverunt,
2238 2146 2325 2178 nec
2349 2144 2435 2176 sua

295 2228 375 2275 spe
400 2230 500 2261 esse
522 2214 784 2277 fraudatos,
813 2217 935 2264 sicut
958 2216 1019 2264 de
1041 2215 1260 2280 quolibet
1282 2216 1514 2281 scriptum
1538 2224 1608 2262 est
1625 2215 1755 2279 justo
1777 2216 1792 2239 ³
1812 2232 1822 2259 t
1854 2234 1876 2256 «
1898 2214 2056 2260 Vitam
2076 2212 2214 2278 petiit
2235 2227 2263 2258 a
2294 2219 2359 2269 te,
2386 2219 2442 2257 et.

296 2291 496 2340 tribuisti
519 2295 579 2342 ei.
599 2316 621 2338 »
651 2298 707 2342 Et
729 2297 842 2343 item
860 2298 875 2321 ⁴
896 2314 906 2343 :
933 2317 955 2339 «
981 2296 1285 2344 Desiderium
1304 2297 1476 2343 animae
1499 2295 1599 2359 ejus
1625 2294 1829 2342 tribuisti
1853 2294 1915 2341 ei.
1937 2313 1960 2336 2>
1991 2313 2013 2338 «
2038 2293 2121 2340 His
2144 2300 2308 2343 autem
2330 2305 2435 2354 quae

296 2387 350 2416 ex
375 2376 696 2435 contentione,
717 2395 740 2420 υ
767 2386 878 2423 sunt
900 2376 1146 2438 subaudis,
1173 2376 1225 2423 id
1243 2361 1330 2436 est,
1348 2376 1433 2440 qui
1457 2376 1662 2423 scienter
1681 2374 1855 2421 divinae
1877 2381 2149 2439 repugnant
2167 2370 2430 2430 voluntati;

296 2451 436 2507 Quod
465 2456 620 2502 statim
645 2457 843 2521 exponit
866 2456 1050 2517 dicens,
1093 2476 1116 2499 «
1147 2457 1231 2520 qui
1268 2472 1368 2502 non
1407 2455 1719 2520 acquiescunt
1737 2453 1922 2501 veritati
1952 2469 2101 2516 quam
2122 2459 2321 2511 norunt,
2338 2468 2360 2493 »
2384 2458 2434 2495 ut

295 2530 510 2581 videlicet
531 2533 791 2600 operentur
814 2536 1085 2584 secundum
1115 2535 1249 2600 quod
1284 2534 1587 2601 operandum
1619 2550 1721 2581 esse
1753 2534 1987 2581 veraciter
2022 2531 2254 2587 credunt;
2292 2549 2315 2573 ur
2350 2528 2435 2579 sed

295 2613 439 2675 magis
458 2614 676 2678 credunt,
691 2634 714 2661 ιι
735 2616 785 2663 id
804 2626 874 2663 est
895 2614 1208 2681 acquiescunt
1224 2615 1302 2662 vel
1315 2615 1639 2663 assentiuntur
1655 2634 1676 2657 «
1700 2613 1958 2677 iniquitati,
1978 2632 2000 2656 »
2021 2621 2076 2659 ‘ut
2099 2611 2279 2659 malum
2302 2608 2435 2673 quod

296 2692 454 2739 animo
488 2697 768 2761 concipiunt
791 2713 937 2762 opere
960 2696 1236 2762 compleant
1261 2695 1312 2743 id
1332 2705 1403 2743 est
1421 2694 1685 2760 adimplere
1714 2693 1967 2751 studeant,
1999 2692 2229 2740 reddetur
2251 2688 2435 2737 subau-

298 2769 385 2826 dis,
409 2792 430 2815 α,
459 2774 527 2820 ira
549 2786 594 2822 et
618 2776 911 2840 indignatio,
934 2798 956 2821 >³
991 2794 1140 2842 quam
1175 2776 1397 2824 videlicet
1427 2783 1726 2836 meruerunt,
1768 2774 1819 2821 id
1857 2783 1928 2822 est
1962 2772 2174 2821 vindicta
2211 2770 2300 2818 Dei
2334 2769 2436 2816 sine

297 2864 464 2897 eorum
482 2854 723 2916 patientia.
754 2857 901 2904 Electi
922 2874 1055 2919 vero,
1081 2857 1120 2905 si
1144 2873 1239 2921 qua
1274 2857 1323 2903 in
1353 2856 1468 2921 ipsis
1503 2854 1798 2920 quandoque
1830 2854 2116 2919 puniuntur,
2142 2861 2196 2898 ut
2218 2848 2437 2898 videlicet

299 2941 572 2993 purgentur,
610 2936 843 2999 patienter
867 2939 1121 2998 sustinent,
1151 2954 1241 2985 nec
1273 2936 1386 2983 inde
1419 2937 1707 2997 irascuntur,
1734 2934 1820 2982 sed
1848 2934 2011 2999 potius
2033 2932 2259 2997 gaudent,
2292 2938 2435 3002 atque

299 3019 448 3069 grates
469 3012 707 3061 referunt:
735 3017 1032 3065 attendentes
1052 3018 1186 3082 quod
1211 3018 1443 3083 scriptum
1464 3019 1593 3064 est⁶z
1625 3035 1648 3061 α
1674 3016 1922 3081 Castigans
1951 3012 2195 3076 castigavit
2227 3026 2308 3056 me
2334 3010 2435 3059 Βοὴ

344 3218 375 3302 'll
396 3218 565 3262 Corinth„
589 3231 660 3263 cap.
689 3233 735 3265 111,
754 3235 782 3259 v.
812 3228 862 3260 15.
876 3244 913 3251 —
931 3230 941 3247 ²
956 3228 1063 3270 Joan.,
1079 3239 1150 3271 cap.
1170 3238 1223 3271 ιιι,
1242 3237 1272 3262 ν.
1289 3231 1339 3263 18.
1358 3244 1399 3253 -
1413 3230 1424 3249 ²
1440 3227 1570 3261 Psalm.
1586 3235 1647 3268 xx,
1670 3236 1699 3259 v.
1733 3227 1765 3259 5.
1786 3241 1824 3250 —
1843 3226 1851 3244 ⁴
1867 3223 1965 3263 lbid„
1990 3231 2019 3254 v.
2045 3223 2076 3253 3.
2095 3237 2132 3243 —-
2148 3220 2158 3239 ⁵
2172 3217 2303 3251 Psalm.
2324 3225 2429 3256 cxvn,

300 3279 327 3301 v.
377 3274 406 3304 8.
