2638 3866
272 239 367 289 664
1080 238 1254 285 PETRI
1289 234 1606 286 ABAELARDI

268 342 422 405 tisque
439 339 788 387 solemnitatem
804 338 921 402 ejuS‚
939 347 1120 402 septem
1141 337 1310 386 diebus
1323 355 1412 405 per
1426 355 1635 399 annum3
1651 357 1674 386 »
1695 339 1855 387 statim
1871 338 2089 403 adjunxit
2108 338 2412 403 «legitimum

268 421 613 485 sempiternum
643 419 732 466 erit
763 419 813 465 in
843 418 1233 482 generationibus
1255 419 1461 467 vestris¹.
1484 438 1509 465 »
1536 420 1632 477 Qui
1656 420 1801 468 etiam
1828 419 2201 468 celebrationem
2229 419 2413 469 sabbati

267 501 470 565 septimo
505 499 583 546 die
616 498 832 563 quodam
854 498 963 546 loco
986 499 1241 546 instituens
1271 500 1359 547 ait'
1384 518 1407 545 «
1437 503 1634 547 Pactum
1656 510 1726 548 est
1749 501 2095 566 sempiternum
2116 500 2242 547 inter
2266 517 2343 549 me
2364 512 2412 549 et

265 579 388 626 filios
411 580 552 627 lsrael
573 579 859 643 signumque
878 589 1184 645 perpetuum.
1220 600 1243 624 n
1276 580 1370 628 Sed
1395 589 1443 628 et
1469 597 1582 628 cum
1604 582 1670 629 ait
1697 582 1936 629 Dominus
1964 580 2025 628 de
2051 579 2246 628 hebraeo
2270 597 2410 628 servo

262 660 344 723 qui
372 676 472 706 non
499 659 602 707 vult
632 659 796 723 egredi
832 659 975 720 liber,
1010 660 1146 724 quod
1184 661 1272 708 erit
1304 678 1468 709 servus
1502 662 1551 709 in
1585 661 1841 722 seculum³‚
1881 671 2072 727 tempus
2092 670 2279 709 tantum
2302 662 2409 708 vitae

261 740 361 802 ejus
395 739 786 805 comprehendit.
825 744 932 788 Non
976 741 1107 788 enim
1149 741 1329 789 hebraei
1364 742 1487 790 servi
1522 741 1791 790 secundum
1823 741 1977 806 legem
2013 742 2405 790 transmittuntur

259 820 321 867 ad
344 806 565 885 posteros
581 859 593 882 ‚
621 822 743 868 sicut
767 821 835 868 illi
858 821 942 886 qui
973 821 1032 869 de
1057 822 1337 870 nationibus
1361 823 1593 888 assumpti
1612 832 1742 870 sunt.
1774 821 1939 870 Unde‘
1968 840 1978 869 :
2012 844 2034 867 «
2056 824 2230 870 Servus
2253 832 2300 870 et
2323 838 2409 870 an-

258 900 365 948 cilla
388 901 482 949 sint
505 901 644 949 vobis
667 902 728 949 de
751 902 1027 950 nationibus
1050 920 1156 967 quae
1186 903 1234 950 in
1260 904 1461 951 circuitu
1488 913 1647 951 vestro
1670 912 1798 963 sunt,
1821 913 1870 950 et
1897 902 1959 950 de
1986 902 2186 950 advenis
2213 903 2297 966 qui
2323 918 2408 967 pe-

257 983 564 1045 regrinantur
585 982 716 1048 apud
747 1000 851 1045 vos,
879 984 955 1031 vel
981 984 1063 1048 qui
1084 1000 1142 1031 ex
1165 983 1240 1031 his
1267 984 1368 1032 nati
1392 984 1569 1031 fuerint
1602 983 1653 1030 in
1687 993 1815 1031 terra
1846 992 2024 1044 vestra,
2049 982 2142 1030 hos
2167 980 2407 1029 habebitis

256 1062 462 1110 famulos
479 1073 526 1110 et
547 1063 977 1127 haereditariojure
998 1065 1327 1112 transmittetis
1348 1064 1411 1111 ad
1430 1074 1649 1130 posteros
1663 1080 1719 1112 ac
1731 1063 2039 1129 possidebitis
2065 1063 2112 1110 in
2138 1072 2402 1122 aeternum3

256 1142 420 1190 fratres
453 1153 613 1191 autem
653 1153 839 1191 vestros
870 1143 994 1192 filios
1034 1145 1175 1192 lsrael
1220 1162 1283 1192 ne
1314 1145 1598 1211 opprimatis
1632 1161 1719 1209 per
1755 1145 2086 1210 potentiam.»
2126 1142 2409 1190 Sufficiebat

252 1223 431 1288 quippe
461 1224 673 1271 Domino
704 1225 755 1271 in
779 1226 1170 1272 remuneratione
1200 1225 1402 1273 carnalis
1424 1225 1610 1291 populi,
1636 1225 1722 1288 qui
1746 1241 1846 1272 non
1870 1224 1963 1272 nisi
1984 1234 2174 1272 terrena
2197 1223 2401 1282 sciebat,

251 1317 358 1347 eam
394 1301 455 1369 ad
484 1312 674 1368 tempus
703 1303 809 1350 vitae
833 1312 1022 1350 tantum
1052 1304 1295 1369 praesentis
1330 1303 1721 1351 accommodare.
1748 1303 1894 1362 Quod
1918 1319 2032 1350 vero
2055 1301 2405 1367 perfectionem

248 1382 363 1445 legis
395 1383 746 1431 commendans
778 1384 1045 1443 asseruisti,
1079 1401 1137 1432 ea
1174 1394 1362 1432 tantum
1391 1401 1496 1449 quae
1521 1386 1708 1448 Moyses
1730 1384 1984 1450 praecepit,
2011 1399 2113 1431 esse
2147 1381 2371 1430 facienda
2389 1419 2402 1441 ,

252 1464 399 1510 miror
434 1464 567 1528 quod
593 1465 771 1512 oblitus
794 1465 881 1526 sis,
908 1475 955 1513 te
979 1465 1177 1530 quidem
1201 1466 1420 1531 superius
1451 1465 1731 1525 astruxisse,
1758 1463 2063 1513 laudabiliter
2093 1463 2247 1511 multa
2276 1478 2406 1527 prae-

252 1546 400 1610 ceptis
434 1563 490 1593 ex
523 1548 672 1611 gratia
705 1546 980 1612 superaddi.
1009 1547 1155 1605 Quod
1184 1546 1412 1594 omnibus
1437 1563 1538 1595 esse
1559 1547 1864 1594 verissimum
1886 1555 2033 1612 patet.
2061 1544 2201 1592 Unde
2233 1553 2282 1591 et
2312 1559 2402 1592 vos

250 1627 506 1674 nonnullas
539 1629 716 1692 primas
741 1628 1023 1675 traditiones
1054 1638 1166 1692 post
1200 1628 1355 1692 legem
1390 1628 1663 1693 accepistis,
1697 1644 1817 1693 quas
1853 1626 2126 1675 utilissimas
2156 1623 2399 1688 judicatis,

248 1707 395 1753 veluti
429 1724 541 1754 cum
563 1708 785 1773 exemplo
810 1707 1020 1755 Danielis
1044 1708 1180 1756 cibos
1204 1710 1360 1772 regios
1385 1719 1432 1756 et
1458 1710 1627 1756 vinum
1648 1708 1947 1774 respuentis,
1974 1706 2109 1754 ne'in
2133 1706 2200 1754 eis
2223 1704 2403 1752 scilicet

249 1788 677 1850 contaminaretur,
700 1805 788 1836 vos
803 1805 998 1852 quoque
1013 1804 1042 1835 a
1065 1798 1230 1835 nostro
1247 1789 1494 1836 abstinetis
1511 1790 1644 1836 vino.
1667 1790 1762 1837 Sed
1783 1799 1829 1836 et
1849 1788 2138 1848 Rechabitae,
2161 1794 2402 1852 praecepto

248 1867 470 1915 Jonadab
500 1870 647 1934 patris
681 1870 782 1930 sui,
808 1870 923 1916 vino
955 1869 1003 1915 in
1031 1879 1319 1934 perpetuum
1347 1869 1639 1916 abstinentes
1663 1878 1764 1915 tam
1785 1877 2020 1934 praecepta
2043 1867 2224 1931 Moysis
2253 1881 2400 1929 quam

248 1964 417 1995 omnes
448 1959 641 2014 patrum
663 1959 932 1997 vestrorum
956 1949 1239 1997 traditiones
1275 1950 1567 2015 supergressi
1589 1958 1718 1996 sunt.
1750 1948 1824 1996 Ad
1846 1964 1970 2013 quos
1995 1947 2141 1995 etiam
2174 1945 2404 1993 Jeremias

246 2045 271 2075 a
295 2030 508 2077 Domino
533 2031 724 2091 missus,
750 2040 804 2077 ut
825 2030 993 2076 vinum
1016 2029 1257 2089 biberent,
1292 2047 1394 2077 non
1418 2040 1491 2078 est
1512 2029 1573 2077 ab
1597 2030 1664 2077 eis
1697 2028 1967 2078 exauditus.
1984 2026 2135 2101 [Unde
2159 2027 2402 2073 intantum

245 2125 363 2157 voce
387 2111 584 2157 Domini
607 2127 779 2158 eorum
799 2109 1077 2157 obedientia
1099 2110 1489 2170 commendatur,
1515 2121 1568 2158 ut
1591 2111 1660 2157 eis
1682 2109 1986 2176 promitteret
2009 2107 2200 2154 dicens⁸
2227 2124 2239 2152 :
2269 2125 2292 2149 α
2309 2108 2403 2152 Pro

245 2206 322 2251 eo,
351 2191 484 2255 quo'd
512 2191 740 2244 obedistis
762 2200 1003 2257 praecepto
1027 2190 1247 2238 Jonadab
1269 2192 1420 2256 patris
1444 2192 1590 2238 vestri
1617 2200 1665 2238 et
1686 2189 1960 2237 custodistis
1983 2188 2157 2236 omnia
2172 2185 2403 2234 mandata

245 2271 369 2331 ejus,
400 2288 500 2318 non
534 2271 723 2319 deficiet
747 2272 821 2318 vir
849 2272 910 2319 de
939 2272 1084 2336 stirpe
1116 2271 1355 2332 Jonadab,
1383 2271 1468 2318 filii
1499 2270 1720 2332 Rechab,
1756 2280 1886 2318 stans
1918 2271 1968 2316 in
1998 2276 2265 2333 conspectu
2287 2281 2400 2315 meo

246 2351 428 2398 cunctis
464 2343 650 2399 diebus.
672 2373 695 2396 »
723 2351 967 2416 Numquid
1001 2362 1050 2399 et
1080 2368 1162 2399 rex
1199 2352 1427 2399 Ezechias
1447 2354 1461 2377 ⁶
1488 2351 1840 2415 confringendo
1870 2358 2142 2415 serpentem
2177 2362 2394 2405 aeneum,

245 2428 358 2494 legis
390 2441 711 2497 transgressor
744 2432 946 2492 exstitit,
973 2432 1197 2479 videlicet
1222 2431 1529 2479 laudabiliter
1559 2432 1804 2479 destructo
1839 2431 1942 2477 sine
1970 2437 2228 2495 praecepto,
2263 2426 2398 2490 quod

245 2510 421 2558 utiliter
446 2512 622 2560 factum
644 2513 798 2560 fuerat
821 2529 879 2560 ex
900 2512 1172 2578 praecepto?
1205 2513 1360 2559 David
1391 2513 1537 2559 etiam
1568 2528 1682 2559 cum
1703 2510 1913 2576 psalmos
1944 2508 2007 2557 ad
2034 2508 2275 2555 honorem
2306 2505 2395 2552 Dei

246 2593 548 2656 composuit,
569 2594 646 2640 vel
678 2609 839 2641 arcam
866 2593 1063 2639 Domini
1094 2592 1372 2640 solem-niter
1406 2593 1457 2640 in
1490 2592 1752 2640 Jerusalem
1787 2589 2012 2648 adduxit,
2052 2587 2129 2636 vel
2164 2586 2393 2637 Salomon

249 2672 484 2736 templum
516 2674 715 2720 Domini
749 2675 1016 2721 construxit
1057 2683 1201 2738 atque
1232 2673 1490 2734 dedicavit,
1528 2673 1579 2720 id
1608 2671 1828 2738 profecto
1861 2678 2084 2735 egerunt,
2123 2667 2261 2733 quod
2309 2681 2396 2713 ne-

246 2769 487 2817 quaquam
540 2757 728 2819 Moyses
774 2765 1081 2820 praeceperat.
1129 2757 1311 2802 Omnes
1358 2770 1555 2819 quoque
1601 2752 1867 2818 prophetiae
1919 2750 2104 2814 absque
2150 2756 2395 2814 praecepto

247 2835 421 2897 Moysis
453 2836 734 2901 conscriptae
757 2846 870 2884 sunt
893 2846 940 2884 et
963 2836 1080 2899 legis
1106 2835 1196 2883 sibi
1220 2835 1426 2896 traditae,
1455 2845 1502 2883 et
1526 2835 1783 2882 innumera
1809 2838 1920 2898 post
1944 2833 2143 2896 Moysen
2166 2845 2196 2877 a
2217 2827 2396 2877 sanctis

247 2914 462 2975 patribus
497 2916 574 2962 vel
608 2933 666 2963 ex
700 2927 940 2982 praecepto
981 2917 1180 2964 Domini
1209 2918 1286 2964 vel
1319 2933 1410 2982 pro
1445 2915 1697 2963 manifesta
1729 2914 1941 2961 utilitate
1970 2917 2086 2960 sunt
2119 2919 2251 2971 acta,
2286 2924 2392 2973 quae

249 3008 497 3056 nunquam
525 2996 573 3041 in
604 2997 852 3061 praeceptis
884 2998 1060 3062 Moysis
1091 2998 1417 3044 continentur.
1454 3000 1563 3044 Non
1599 2997 1730 3043 enim
1763 2995 1814 3042 in
1844 2994 1919 3042 his
1953 3009 2059 3058 quae
2092 2989 2392 3039 manifestam

248 3071 428 3120 habent
460 3076 709 3123 utilitatem
740 3088 978 3143 praecepta
1001 3079 1198 3126 Domini
1227 3087 1339 3125 sunt
1369 3076 1707 3143 exspectanda,
1737 3080 1829 3140 nec
1853 3080 2104 3140 peccatum
2139 3080 2210 3118 est
2239 3069 2394 3116 facere

291 3282 297 3298 ¹
315 3281 431 3322 Levia,
450 3290 519 3322 cap.
538 3291 636 3323 xxiii,
662 3293 693 3315 v.
713 3286 752 3317 39
769 3290 801 3316 et
817 3294 888 3325 sqq.
907 3303 943 3308 —
960 3287 971 3305 ³
987 3286 1108 3326 Exod„
1139 3296 1210 3327 cap.
1230 3296 1328 3328 xxxi,
1349 3296 1379 3319 v.
1395 3288 1445 3321 17.
1478 3303 1518 3311 --
1545 3286 1557 3306 ³
1574 3285 1682 3325 Ibid·‚
1703 3292 1774 3324 ⁰³1³-
1792 3291 1862 3324 1³1¹>
1881 3291 1912 3314 V·
1928 3283 1959 3314 6·
1988 3297 2026 3304 ·““
2050 3282 2061 3300 ⁴
2077 3277 2196 3319 Lem—²2
2217 3286 2289 3317 cap·
2304 3285 2387 3318 ΠΨ)

249 3343 277 3365 v.
297 3335 352 3367 44.
368 3336 428 3356 -⁵
448 3333 581 3376 Jerem.,
603 3344 673 3376 cap.
689 3345 795 3369 xxxv.
817 3355 853 3361 —-
868 3339 879 3358 ⁶
894 3339 976 3379 Req.
990 3338 1034 3380 11,
1055 3348 1127 3380 cap.
1145 3349 1241 3381 xvm,
1262 3349 1292 3372 v.
1309 3342 1339 3373 5.
