2638 3866
804 234 1185 282 lNTRODUCTIO
1219 235 1300 281 AD
1335 234 1728 282 THEOLOGIAM.
2244 234 2327 281 431

198 347 314 384 turae
335 335 585 384 necessitas
603 334 665 383 ab
687 336 789 400 ejus
804 334 1051 383 voluntate
1076 334 1314 399 disjuncta
1336 345 1426 397 est,
1455 351 1568 383 cum
1598 344 1646 382 et
1674 334 1769 383 hoc
1797 336 1898 401 ipse
1922 334 2038 383 velit
2058 350 2178 395 esse,
2205 337 2338 400 quod

198 433 390 465 necesse
412 426 484 465 est
503 418 662 484 ipsum
681 433 799 477 esse,
820 416 871 464 id
889 426 961 464 est
977 415 1112 481 quod
1131 432 1232 463 non
1257 426 1415 482 potest
1436 433 1537 465 non
1565 434 1683 465 esse.
1714 418 1762 464 Si
1785 427 1946 466 autem
1966 418 2030 465 ita
2048 416 2229 482 aliquid
2257 435 2341 465 ne-

197 498 403 546 cessario
422 507 599 563 ageret,
624 507 694 559 ut,
711 496 852 545 vellet
872 497 1039 559 nollet,
1066 497 1117 545 id
1142 497 1295 545 facere
1318 507 1597 562 cogeretur;
1622 507 1736 544 tunc
1761 498 1804 544 ei
1824 498 2043 563 profecto
2069 497 2212 546 nullae
2228 498 2342 546 hinc

197 578 355 641 gratiae
377 578 687 627 deberentur.
713 579 837 626 Cum
851 594 968 626 vero
988 577 1091 642 ejus
1114 587 1248 625 tanta
1270 579 1330 626 sit
1360 577 1552 626 bonitas
1568 587 1711 642 atque
1738 579 1920 643 optima
1942 578 2182 638 voluntaS‚
2211 589 2260 626 ut
2280 580 2343 626 ad

198 658 247 706 id
259 658 531 707 faciendum
548 644 647 706 non
666 658 870 706 invitum
887 674 1018 719 eum,
1044 657 1130 706 sed
1152 668 1474 723 spontaneum
1497 657 1746 718 inclinent,
1775 668 1910 705 tanto
1927 659 2130 724 amplius
2150 676 2207 707 ex
2229 676 2343 725 pro-

198 740 303 804 pria
341 749 512 787 natura
547 738 817 803 diligendus
840 747 940 799 est,
967 748 1111 803 atque
1141 738 1257 787 hinc
1282 738 1650 804 glorificandus,
1687 747 1869 803 quanto
1908 738 2010 786 haec
2033 738 2223 787 bonitas
2245 740 2345 803 ejus

198 835 298 867 non
323 819 368 867 ei
408 836 495 885 per
523 819 767 880 accidens,
811 819 895 867 sed
928 818 1302 867 substantialiter
1336 830 1480 884 atque
1518 818 1976 867 incommutabiliter
2013 819 2153 866 inest.
2195 822 2368 884 Tanto

197 900 377 966 quippe
402 899 515 948 hinc
544 900 715 948 melior
736 900 932 959 exsistit,
955 909 1140 965 quanto
1166 900 1215 947 in
1244 917 1301 948 ea
1326 900 1511 948 firmius
1540 900 1763 966 persistit.
1788 899 2035 965 Numquid
2054 900 2184 947 enim
2206 899 2345 947 alicui

197 979 503 1028 subvenienti
531 980 674 1029 nobis
697 990 850 1046 grates
880 997 979 1028 non
1004 979 1320 1043 haberemus,
1347 982 1387 1028 si
1410 990 1553 1028 tantae
1576 981 1615 1029 is
1637 981 1826 1047 pietatis
1856 990 2005 1037 esset,
2039 990 2094 1027 ut
2124 997 2236 1027 cum
2258 997 2348 1026 nos

198 1060 343 1125 affligi
375 1061 613 1109 violenter
633 1061 841 1121 videret,
869 1078 897 1109 a
919 1060 1255 1110 subveniendo
1288 1060 1529 1110 abstinere
1556 1078 1656 1108 non
1680 1071 1842 1127 posset
1859 1098 1872 1122 ,
1898 1061 2001 1127 ipsa
2035 1077 2146 1108 eum
2170 1060 2349 1108 scilicet

197 1141 373 1205 pietate
396 1141 458 1190 ad
477 1141 571 1189 hoc
593 1141 943 1208 compellente?
966 1141 1096 1201 Quid
1120 1150 1191 1190 est
1205 1142 1337 1189 enim
1361 1158 1451 1189 nos
1471 1141 1614 1190 alicui
1631 1141 1808 1189 debere
1832 1152 1988 1205 grates
2007 1158 2097 1207 pro
2120 1142 2351 1207 susceptis

197 1220 465 1283 beneficiis,
488 1223 579 1271 nisi
601 1239 691 1271 nos
713 1238 1057 1287 recognoscere
1075 1239 1188 1270 eum
1205 1238 1232 1270 a
1250 1222 1393 1270 nobis
1414 1222 1540 1270 bene
1561 1223 1812 1279 meruisse,
1834 1222 1909 1269 vel
1934 1221 2231 1269 laudandum
2252 1238 2352 1269 esse

199 1319 288 1368 pro
311 1302 387 1350 his
413 1321 520 1368 quae
546 1303 688 1352 nobis
721 1305 823 1370 ejus
859 1304 1130 1369 benignitas
1158 1305 1300 1368 gratis
1328 1303 1571 1352 exhibuit?
1605 1303 1846 1350 Praedictis
1870 1304 2032 1367 itaque
2058 1302 2348 1360 rationibus,

197 1384 271 1431 vel
299 1383 603 1449 objectorum
625 1384 948 1434 solutionibus
966 1422 978 1447 ,
1000 1385 1184 1450 liquere
1203 1384 1429 1432 omnibus
1454 1401 1564 1432 reor
1581 1422 1594 1446 ,
1615 1400 1672 1431 ea
1694 1383 2006 1431 solummodo
2031 1387 2189 1431 Deum
2212 1400 2352 1449 posse

199 1463 353 1512 facere
377 1466 451 1513 vel
475 1466 715 1515 dimittere
732 1503 745 1527 ,
771 1484 877 1531 quae
900 1466 1195 1532 quandoque
1233 1465 1345 1513 facit
1377 1464 1453 1512 vel
1483 1464 1708 1524 dimittit,
1732 1474 1779 1512 et
1810 1482 1869 1513 eo
1894 1465 2043 1513 modo
2067 1475 2251 1513 tantum
2280 1464 2355 1512 vel

199 1561 258 1592 eo
294 1555 512 1611 tempore
551 1564 650 1611 quo
682 1547 820 1607 facit,
855 1565 956 1596 non
992 1547 1105 1596 alio.
1132 1546 1435 1606 Quibusdam
1476 1555 1638 1594 tamen
1668 1545 1884 1606 videtur,
1929 1545 2167 1593 nonnulla
2198 1546 2355 1610 ipsum

200 1625 352 1672 facere
374 1642 515 1691 posse
542 1627 635 1675 alio
658 1627 808 1676 modo
834 1645 981 1693 quam
1005 1629 1170 1690 faciat,
1196 1628 1281 1676 sed
1302 1644 1415 1675 eum
1433 1636 1594 1674 tamen
1618 1642 1807 1692 semper
1825 1625 1998 1690 eligere
2012 1642 2126 1674 cum
2152 1625 2356 1673 modum

200 1704 429 1766 faciendi,
455 1706 538 1770 qui
567 1708 933 1756 convenientior
952 1709 1026 1756 sit.
1052 1708 1198 1767 Quod
1218 1709 1363 1756 etiam
1389 1709 1580 1774 penitus
1601 1724 1628 1755 a
1661 1708 1848 1755 ratione
1886 1706 2113 1765 dissidet,
2149 1716 2199 1753 ut
2228 1706 2358 1754 vide·

199 1784 308 1832 licet
338 1786 774 1835 inconvenientiori
802 1789 953 1836 modo
999 1789 1148 1854 possit
1186 1788 1343 1836 facere
1379 1805 1527 1853 quam
1555 1788 1718 1849 faciat,
1752 1787 1827 1835 vel
1856 1787 2358 1835 inconvenientiorem

201 1865 404 1914 modum
429 1865 698 1930 eligere‚„et
727 1870 1176 1918 convenientiorem
1202 1870 1462 1917 dimittere.
1492 1872 1599 1916 Non
1625 1869 1756 1916 enim
1779 1868 1987 1933 perfecte
2018 1868 2180 1915 bonus
2210 1878 2355 1928 esset,

201 1946 293 1993 nisi
315 1946 364 1993 in
390 1946 621 1995 omnibus
651 1948 957 2014 perficiendis
988 1949 1050 1999 ab
1081 1967 1140 1998 eo
1162 1950 1467 1999 voluntatem
1495 1950 1732 2015 optimam
1754 1948 1983 1996 haberet:
2015 1958 2068 1996 ut
2093 1948 2280 2012 singula
2300 1963 2359 1995 eo

200 2026 350 2074 modo
384 2026 486 2076 fieri
515 2028 680 2090 vellet,
715 2047 814 2095 quo
850 2032 1218 2079 convenientius
1251 2031 1439 2079 fierent.
1468 2035 1525 2078 At
1558 2030 1770 2078 fortassis
1802 2030 2022 2094 inquies,
2055 2029 2192 2094 quod
2229 2029 2269 2076 si
2301 2045 2360 2076 eo

201 2116 420 2173 tempore
442 2125 540 2173 quo
563 2109 770 2174 aliquid¹
794 2111 932 2172 facit,
959 2112 1079 2160 illud
1098 2112 1252 2160 facere
1278 2113 1454 2178 possit,
1478 2121 1526 2159 et
1549 2128 1650 2158 non
1678 2109 1902 2158 videlicet
1922 2111 1972 2157 in
1998 2109 2092 2157 alio
2112 2118 2354 2174 tempore,

202 2197 390 2236 constat
409 2206 520 2236 eum
544 2207 646 2238 uno
665 2200 885 2257 tempore
906 2209 1050 2258 posse
1073 2192 1208 2257 quod
1231 2192 1326 2240 alio
1346 2209 1447 2239 non
1463 2201 1622 2257 potest
1634 2228 1645 2248 ,
1674 2207 1764 2238 nec
1782 2207 1974 2255 semper
1989 2206 2101 2237 eum
2116 2190 2360 2254 aequaliter

202 2284 344 2332 posse
377 2270 564 2331 omnia,
590 2287 681 2318 nec
716 2288 905 2338 semper
927 2273 1172 2336 aequaliter
1200 2273 1583 2338 omnipotentem
1609 2270 1917 2337 permanere,
1945 2270 2030 2318 sed
2063 2269 2213 2317 modo
2250 2286 2360 2317 eum

203 2348 463 2411 quamdam
491 2349 672 2399 habere
702 2353 993 2417 potentiam,
1021 2352 1171 2400 modo
1199 2353 1353 2419 ipsam
1375 2369 1475 2400 non
1501 2352 1699 2400 habere.
1733 2351 1828 2399 Sed
1859 2352 1899 2399 si
1928 2351 2183 2415 diligenter
2207 2360 2360 2398 atten-

203 2428 375 2477 damus
395 2466 407 2490 ‚
431 2447 622 2496 semper
639 2448 776 2496 aeque
790 2433 1101 2499 omnipotens
1126 2443 1218 2494 est,
1237 2443 1284 2481 et
1305 2432 1439 2480 nullo
1456 2442 1674 2498 tempore
1695 2431 1846 2480 habet
1862 2432 2073 2497 aliquam
2098 2432 2362 2496 potentiam

201 2525 348 2573 quam
376 2526 570 2576 semper
596 2529 699 2560 non
729 2512 924 2563 habeat.
952 2513 1047 2561 Sed
1078 2514 1229 2561 dicis:
1270 2514 1428 2561 Potuit
1458 2514 1699 2560 incarnari
1728 2513 1875 2570 olim,
1907 2511 2041 2576 quod
2077 2510 2228 2558 modo
2260 2527 2359 2557 non

203 2599 392 2654 potest,
419 2607 531 2638 cum
558 2593 835 2642 nullatenus
858 2594 911 2643 id
931 2594 1035 2642 fieri
1069 2593 1219 2641 modo
1246 2594 1530 2654 conveniat,
1555 2604 1603 2640 et
1636 2594 1703 2640 sic
1737 2592 2010 2658 potentiam
2042 2590 2211 2638 habuit
2247 2590 2362 2637 olim

205 2686 352 2733 quam
371 2671 521 2719 modo
550 2689 651 2720 non
670 2673 834 2722 habet.
863 2675 932 2722 Ad
958 2675 1094 2740 quod
1116 2674 1391 2739 respondeo
1411 2676 1560 2720 :Cum
1585 2673 1816 2720 dicimus:
1844 2681 2004 2736 potest
2025 2670 2180 2718 facere
2203 2669 2364 2734 aliquo

204 2759 424 2815 tempore
446 2752 581 2815 quod
609 2753 705 2801 alio
726 2754 882 2803 facere
904 2771 1006 2802 non
1026 2765 1202 2820 potest,
1222 2753 1414 2801 duobus
1433 2752 1592 2800 modis
1615 2752 1815 2815 intelligi
1834 2751 1961 2798 valet
1983 2770 1993 2798 :
2020 2767 2121 2798 uno
2145 2749 2363 2815 quidem,

206 2839 260 2877 ut
300 2829 380 2878 illa
414 2830 753 2880 determinatio
789 2835 1021 2900 temporis
1049 2834 1112 2882 ad
1133 2835 1286 2881 facere
1315 2833 1605 2899 applicetur,
1634 2831 1728 2879 alio
1758 2831 1877 2879 falso
1896 2868 1909 2891 ,
1948 2832 1987 2878 si
2014 2830 2077 2879 ad
2101 2847 2244 2897 posse
2266 2831 2366 2896 ipsa

207 2910 544 2976 conjungatur.
576 2912 717 2961 Aliud
758 2915 938 2980 quippe
970 2924 1040 2962 est
1076 2915 1235 2962 dicere
1263 2932 1273 2961 ε
1310 2930 1510 2979 possum
1544 2912 1696 2960 modo
1718 2912 1770 2959 -id
1801 2912 1982 2972 facere,
2015 2911 2066 2959 id
2105 2922 2176 2960 est
2210 2911 2368 2959 habeo

208 2989 359 3038 modo
382 2992 652 3056 potentiam
674 2993 726 3040 id
749 2994 955 3042 faciendi
989 2994 1408 3060 quandocunque3
1434 2993 1565 3042 aliud
1592 3011 1602 3040 ε
1633 3009 1830 3058 possum
1854 2992 1904 3040 id
1942 2992 2098 3041 facere
2119 2992 2294 3052 modo,
2320 2992 2370 3039 id

209 3080 280 3118 est
301 3071 457 3120 facere
475 3072 526 3120 in
548 3072 650 3122 hoc
667 3076 906 3139 praesenti.
926 3078 1048 3130 Nam
1073 3086 1120 3123 et
1141 3075 1475 3123 determinatio
1499 3073 1663 3121 localis
1689 3073 1837 3121 relata
1855 3073 1917 3121 ad
1943 3073 2132 3121 diversa
2159 3073 2371 3120 diversos

210 3149 355 3199 efficit
374 3157 581 3201 sensus’.
613 3157 737 3202 Cum
764 3156 894 3203 enim
919 3155 1093 3217 homo,
1121 3156 1399 3221 ubicunque
1423 3156 1510 3216 sit,
1537 3154 1601 3202 ibi
1625 3154 1880 3218 gressibilis
1901 3155 1985 3214 sit,
2012 3154 2060 3201 id
2081 3164 2175 3214 est,
2201 3162 2371 3217 poten-

255 3335 262 3353 ¹
279 3332 344 3367 Sic.
363 3335 445 3370 Cod.
461 3336 546 3370 Viet.
569 3338 679 3372 Aliud
697 3338 792 3373 Amb.
805 3358 842 3363 —
860 3341 870 3359 ²
886 3340 1062 3374 Successus
1077 3340 1173 3375 Amb.
