2638 3866
246 225 342 273 396
1057 223 1228 270 PETRI
1268 222 1583 270 ABAELARDI

247 326 426 390 gnovit.
455 323 580 382 Quia
613 339 726 371 vero
761 323 809 370 in
839 339 925 371 sua
956 324 1153 388 propria
1184 323 1334 383 venit,
1368 333 1416 371 et
1445 324 1519 371 sui
1543 339 1655 372 eum
1684 339 1784 371 non
1815 333 2119 390 receperunt,
2145 335 2386 392 quotquot

246 416 407 453 autem
448 421 557 451 eum
598 413 912 469 receperunt,
955 403 1087 451 dedit
1135 404 1203 451 eis
1245 414 1533 470 potestatem
1567 403 1690 452 filios
1728 404 1816 451 Dei
1853 403 1958 452 fieri
1990 404 2299 455 credentibus
2335 409 2384 456 in

245 486 440 533 nomine
463 484 580 548 ejuS,
608 500 706 530 non
732 483 798 531 ibi
823 484 931 547 legi.
967 487 1086 531 Item
1110 484 1200 549 legi
1230 484 1314 547 ibi,
1343 485 1456 549 quia
1483 484 1694 533 Verbum
1719 487 1847 533 Deus
1871 501 1972 533 non
2004 502 2059 533 ex
2093 502 2255 547 carne,
2284 504 2384 535 non

246 582 298 611 ex
336 565 582 628 sanguine,
621 581 721 610 non
758 581 816 611 ex
851 564 1098 612 voluntate
1132 565 1239 624 viri,
1282 581 1438 630 neque
1474 583 1530 614 ex
1568 565 1814 614 voluntate
1851 566 2035 628 carnis,
2074 566 2159 614 sed
2192 583 2248 615 ex
2283 570 2386 616 Deo

245 656 410 693 natum
445 655 532 692 est.
571 646 665 693 Sed
700 646 811 710 quia
834 646 1050 694 Verbum
1084 663 1196 694 caro
1232 647 1407 694 sactum
1438 657 1525 710 est,
1558 657 1605 695 et
1635 646 1867 695 habitavit
1900 648 1949 695 in
1985 647 2144 709 nobis,
2182 665 2282 696 non
2319 647 2386 696 ibi

243 726 351 789 legi.
397 726 619 790 indagavi
664 727 711 773 in
752 727 917 774 litteris
951 727 1041 774 illis
1076 728 1236 775 multis
1268 728 1427 775 modis
1463 727 1675 790 dictum,
1712 728 1845 792 quod
1876 729 1935 776 sit
1968 728 2113 776 Filius
2146 729 2196 776 in
2231 728 2387 777 forma

242 803 403 861 Patris,
442 819 542 850 non
567 804 785 868 rapinam
807 804 1064 852 arbitratus
1091 822 1192 852 esse
1224 805 1417 870 aequalis
1440 808 1561 866 Deo,
1591 806 1704 871 quia
1736 806 2012 854 naturaliter
2035 805 2085 853 id
2111 806 2271 872 ipsum
2295 816 2381 854 est.

243 883 334 930 Sed
374 884 511 948 qnia¹
553 886 905 951 «semetipsum
939 887 1216 946 exinanivit,
1259 886 1461 934 formam
1497 888 1619 934 servi
1655 887 1894 952 accipiens
1934 887 1983 934 in
2023 886 2385 935 similitudinem

246 983 267 1007 «
293 963 546 1012 bominum
570 965 719 1013 factus
738 975 784 1012 et
804 966 971 1014 habitu
999 967 1220 1014 inventus
1244 977 1298 1015 ut
1318 967 1468 1015 homo
1491 977 1589 1029 est;
1619 966 1884 1015 humiliavit
1905 967 2213 1032 semetipsum
2240 967 2387 1016 factus

245 1065 267 1088 «
293 1045 527 1093 obediens
549 1063 701 1110 usque
722 1047 784 1094 ad
809 1058 1031 1110 mortem,
1049 1059 1255 1097 mortem
1275 1059 1435 1096 autem
1456 1049 1628 1110 crucis,
1646 1058 1844 1114 propter
1856 1048 1990 1114 quod
2013 1058 2059 1095 et
2078 1050 2207 1096 Deus
2230 1048 2387 1114 ipsum

246 1145 268 1170 «
297 1126 520 1174 exaltavit
544 1144 572 1175 a
596 1128 800 1175 mortuis
822 1138 869 1175 et
890 1128 1090 1176 donavit
1127 1130 1170 1176 ei
1209 1147 1389 1178 nomen
1420 1128 1553 1195 quod
1589 1139 1659 1176 est
1690 1146 1833 1194 super
1855 1146 2000 1177 omne
2029 1146 2229 1184 nomen,
2261 1139 2314 1176 ut
2338 1130 2386 1176 in

246 1225 267 1250 «
292 1207 490 1254 nomine
514 1208 615 1271 ejus
638 1225 784 1255 omne
807 1226 934 1272 genu
958 1209 1195 1272 flectatur,
1222 1210 1504 1271 coelestium,
1544 1210 1856 1268 terrestrium,
1899 1220 1947 1258 et
1982 1210 2300 1270 infernorum,
2335 1220 2389 1258 ⁴et

246 1306 268 1331 α
294 1303 463 1334 omnes
487 1287 810 1335 confiteantur
834 1289 945 1354 quia
969 1291 1208 1338 Dominus
1230 1293 1365 1338 Jesus
1388 1291 1436 1337 in
1464 1289 1615 1354 gloria
1637 1299 1708 1337 est
1724 1291 1810 1338 Dei
1839 1290 2004 1349 Patris,
2027 1310 2048 1335 υ
2076 1307 2176 1337 non
2205 1290 2388 1338 habent

242 1366 306 1413 illi
326 1367 452 1414 libri.
481 1368 625 1427 Quod
651 1369 779 1415 enim
802 1379 911 1416 ante
940 1370 1105 1417 omnia
1131 1381 1367 1436 tempora,
1390 1379 1439 1418 et
1467 1387 1611 1436 super
1639 1371 1802 1418 omnia
1823 1381 2043 1436 tempora
2067 1371 2385 1418 incommuta-

241 1448 346 1509 liter
372 1460 532 1497 manet
560 1451 702 1498 Filius
724 1460 834 1497 tuus
854 1468 1041 1499 coaevus
1057 1450 1145 1498 tibi
1160 1490 1172 1512 ‚
1193 1462 1240 1499 et
1259 1453 1372 1518 quia
1397 1452 1457 1500 de
1479 1452 1780 1518 plenitudine
1802 1452 1904 1517 ejus
1924 1452 2162 1517 accipiunt
2186 1451 2356 1499 animae
2370 1490 2382 1513 ‚

242 1540 292 1576 ut
325 1530 474 1578 beatae
505 1532 625 1593 sint,
660 1542 707 1579 et
737 1533 850 1596 quia
882 1533 1249 1598 participatione
1285 1534 1524 1581 manentis
1551 1533 1600 1581 in
1635 1549 1685 1580 se
1720 1533 1963 1599 sapientiae
1996 1542 2306 1592 renovantur,
2336 1543 2387 1580 ut

239 1606 473 1670 sapientes
502 1607 624 1667 sint,
656 1616 726 1653 est
748 1606 834 1653 ibi.
863 1607 1008 1665 Quod
1035 1618 1196 1655 autem
1221 1625 1310 1673 pro
1336 1609 1494 1674 impiis
1521 1617 1739 1656 mortuus
1762 1617 1860 1670 est,
1891 1625 1990 1655 non
2017 1606 2195 1655 estibi.
2222 1626 2245 1651 »

308 1689 362 1732 At
399 1702 513 1732 vero
552 1703 612 1733 ne
652 1687 821 1751 aliquis
863 1705 1002 1736 sexus
1046 1689 1171 1735 inter
1204 1689 1427 1736 homines
1467 1689 1708 1755 sapientiae
1749 1688 1875 1737 fama
1908 1689 2077 1736 ceteris
2113 1697 2387 1754 praestantes

239 1765 352 1812 fidei
386 1776 558 1813 nostrae
591 1769 874 1815 testimoniis
907 1769 1045 1828 desit,
1083 1769 1163 1816 illa
1192 1770 1335 1817 etiam
1368 1770 1551 1818 famosa
1580 1769 1758 1834 Sybilla
1781 1769 2052 1826 inducatur,
2083 1786 2190 1834 quae
2216 1768 2388 1816 divini-

238 1856 385 1901 tatem
415 1846 575 1909 Verbi,
615 1865 702 1895 nec
726 1848 1096 1910 humanitatem,
1127 1866 1217 1896 nec
1255 1860 1510 1914 utrumque
1539 1850 1821 1909 adventum,
1859 1867 1948 1897 nec
1973 1860 2230 1913 utrumque
2254 1849 2387 1913 Judi—

238 1927 366 1974 cium
399 1928 543 1975 Verbi
576 1927 894 1977 describendo
929 1930 1251 1995 praetermisit3
1286 1931 1498 1996 primum
1536 1930 1734 1995 quidem
1762 1930 1999 1994 judicium
2038 1946 2136 1994 quo
2172 1929 2389 1976 Christus

238 2008 410 2071 injuste
423 2008 665 2072 judicatus
685 2019 754 2056 est
778 2011 827 2057 in
847 2011 1089 2075 passione,
1111 2021 1158 2058 et
1183 2011 1453 2058 secundum
1471 2028 1569 2076 quo
1587 2011 1713 2075 juste
1732 2010 2035 2075 judicaturus
2054 2019 2125 2057 est
2144 2009 2386 2057 mundum

237 2088 285 2150 in
305 2089 563 2153 majestate.
583 2092 654 2137 De
668 2107 766 2154 quo
786 2092 1076 2155 Augustinus
1102 2093 1280 2139 Contra
1292 2095 1497 2158 quinque
1513 2092 1731 2139 lzaereses²
1752 2110 1761 2139 ε
1789 2091 2086 2139 «Audiamus
2108 2090 2226 2156 quid
2244 2090 2388 2138 etiam

238 2167 414 2231 sybilla
450 2179 580 2217 vates
605 2187 774 2217 eorum
799 2171 858 2217 de
884 2172 1057 2219 eodem
1088 2172 1232 2220 dicat.
1275 2173 1458 2234 Alium,
1486 2173 1666 2237 inquit,
1693 2172 1827 2220 dedit
1850 2172 2088 2219 Dominus
2109 2170 2389 2218 hominibus

237 2248 514 2297 colendum.
554 2253 672 2297 Item
707 2269 716 2297 z
757 2255 861 2317 Ipse
895 2262 1031 2300 tuum
1065 2269 1304 2317 cognosce
1339 2253 1606 2300 Dominum
1642 2253 1730 2301 Dei
1767 2252 1938 2301 Filium
1974 2268 2090 2300 esse.
2135 2251 2236 2299 Alio
2277 2251 2386 2299 loco

236 2329 407 2378 Filium
440 2332 527 2378 Dei
560 2320 844 2399 Symbolum
867 2334 1092 2399 appellat,
1127 2334 1177 2381 id
1203 2343 1273 2381 est
1302 2334 1631 2382 consiliarium
1660 2333 1734 2382 vel
1764 2333 2038 2382 consilium.
2066 2336 2125 2381 Et
2147 2332 2387 2398 propheta

237 2409 376 2457 dicit³
404 2429 414 2457 :
437 2432 458 2454 c<
479 2412 741 2459 Vocabitur
764 2430 942 2461 nomen
968 2415 1086 2478 ejus,
1114 2413 1435 2477 Admirabilis,
1463 2414 1788 2463 Consiliarius.
1806 2433 1829 2459 »ι
1849 2417 1920 2461 De
1946 2430 2044 2478 quo
2068 2430 2232 2460 rursus
2256 2412 2386 2460 idem

236 2500 371 2554 pater
393 2492 682 2555 Augustinus
709 2494 755 2540 in
783 2504 954 2554 octavo
979 2495 1171 2541 decimo
1195 2493 1252 2540 de
1274 2495 1473 2541 Ciuitate
1498 2496 1591 2541 Dei
1599 2496 1638 2542 ¹⁰:
1660 2498 1790 2554 «Eo,
1819 2495 1995 2559 inquit,⁴
2020 2503 2238 2558 tempore
2263 2508 2385 2539 non—

238 2570 354 2617 nulli
390 2572 620 2636 Sybillam
654 2577 901 2639 Erytream
931 2575 1238 2623 vaticinatam
1265 2574 1439 2636 ferunt,
1474 2591 1621 2639 quam
1651 2574 1849 2640 quidam
1872 2574 2024 2639 magis
2055 2572 2260 2621 credunt
2284 2588 2386 2620 esse

237 2653 519 2714 Cumanam,
548 2663 593 2700 et
616 2664 728 2701 sunt
750 2656 851 2719 ejus
866 2673 925 2702 xx
952 2666 997 2703 et
1013 2674 1092 2716 ,vn
1114 2673 1280 2703 versus
1305 2655 1405 2720 qui,
1434 2656 1554 2704 sicut
1578 2654 1881 2721 eos-quidam
1901 2655 2059 2703 latinis
2082 2653 2296 2702 versibus
2311 2662 2387 2700 est

239 2731 591 2797 interpretatus7
617 2733 717 2781 haec
740 2737 991 2784 continent
1019 2755 1029 2782 ε

598 2852 618 2892 J
623 2850 751 2893 udicii
773 2852 957 2911 signum,
983 2853 1107 2896 tellus
1132 2854 1288 2897 sudore
1311 2854 1529 2897 madescet
1547 2886 1558 2907 ‚

594 2917 629 2958 E
653 2917 761 2959 eoelo
784 2918 875 2960 Rex
900 2918 1098 2962 adveniet
1121 2935 1197 2978 per
1220 2920 1345 2962 saecla
1367 2919 1574 2973 futuruss

596 2981 762 3025 Scilicet
782 2982 827 3024 in
850 2999 976 3026 carne
999 3001 1185 3043 praesens
1208 2996 1257 3027 ut
1274 2985 1437 3042 judicet
1459 2986 1636 3037 orbem,
1660 2995 1743 3027 etc.

306 3089 524 3144 Quorum
554 3091 749 3154 quidem
772 3110 997 3140 versuum
1026 3095 1190 3159 primae
1214 3096 1378 3142 litterae
1402 3097 1450 3142 in
1477 3112 1630 3160 graeco
1659 3095 1929 3158 conjunctae
1957 3092 2007 3139 id
2030 3100 2204 3139 sonant
2228 3093 2382 3136 Jnsns-

283 3264 288 3281 ¹
308 3261 453 3304 Philip„
480 3272 550 3304 cap.
572 3273 606 3302 ιι,
636 3274 664 3296 v.
685 3268 714 3298 7.
735 3283 774 3288 -—
791 3267 801 3285 ²
819 3267 888 3298 Lib.
910 3268 1033 3300 Contra
1057 3269 1204 3310 quinque
1226 3270 1379 3312 ha’reses,
1397 3280 1466 3310 cap.
1489 3279 1534 3303 ιιι.
1554 3287 1594 3293 -
1623 3269 1734 3309 ³1sai.,
1752 3277 1825 3309 cap,
1843 3277 1888 3306 ix,
1906 3276 1934 3301 v,
1958 3269 1988 3300 6.
2017 3284 2057 3290 —
2087 3267 2161 3298 *De
2183 3266 2282 3299 Cfv'l'l·
2311 3266 2384 3305 Des,

241 3316 295 3347 lib.
325 3315 438 3355 xvul,
466 3326 537 3357 cap.
572 3326 666 3349 xxm.
