2638 3866
1144 166 1464 216 APPEme.
2281 166 2378 215 797

222 275 287 309 est
302 279 328 307 a
350 264 506 308 nostris
526 264 688 308 Graecis
705 280 716 308 ε
741 280 830 308 una
851 266 1049 320 essentia,
1075 276 1160 310 tres
1181 266 1445 322 substantiae,
1471 281 1497 308 a
1518 265 1678 309 Latinis
1698 280 1709 308 :
1729 280 1815 308 una
1836 264 2071 308 substantia
2094 263 2162 308 vel
2181 267 2378 321 essentia,

221 355 308 389 tres
329 359 543 404 personae.
556 366 576 384 »
592 345 702 389 Item
721 361 731 390 z
753 345 920 389 «Licuit
940 345 1148 405 loquendi
1170 357 1215 391 et
1235 345 1483 407 disputandi
1496 346 1745 390 necessitate
1767 355 1851 389 tres
1872 360 2078 406 personas
2101 345 2266 401 dicere,
2291 363 2380 392 non

219 425 321 486 quia
342 425 562 486 Scriptura
583 425 710 481 dicit,
736 424 816 469 sed
835 426 938 485 quia
957 442 1048 469 non
1070 426 1344 472 contradicit.
1366 448 1385 466 κ
1406 428 1518 471 Item
1544 441 1554 470 z
1586 447 1604 464 a
1632 426 1742 469 Cum
1763 435 1993 470 conaretur
2014 426 2204 469 humana
2232 426 2381 486 inopia

222 505 445 566 loquendo
467 505 663 566 proferre
693 504 814 566 quod
843 515 964 550 tenet
986 506 1040 550 de
1064 506 1243 551 domino
1265 507 1376 560 Deo,
1400 507 1544 551 timuit
1565 505 1708 551 dicere
1731 517 1816 550 tres
1836 507 2037 550 essentias
2050 538 2062 561 ,
2088 521 2143 550 ne
2166 506 2380 568 intellige-

223 588 343 630 retur
354 586 401 629 in
420 585 494 630 illa
515 600 684 630 summa
698 583 939 644 aequalitate
962 585 1050 629 ulla
1071 586 1308 630 diversitas.
1325 608 1340 625 ιι
1360 587 1495 630 Item:
1512 608 1530 625 ι
1542 588 1629 630 Cur
1649 587 1743 630 haec
1764 587 1845 630 tria
1855 587 1981 630 simul
2002 602 2133 630 unam
2153 602 2381 647 personam

223 682 316 711 non
336 666 520 710 dicimus
540 666 651 710 sicut
670 680 804 708 unam
826 667 1056 715 essentiam
1078 678 1122 710 et
1143 683 1277 710 unum
1295 668 1452 722 Deum,
1474 666 1552 712 sed
1574 667 1756 711 dicimus
1778 677 1863 710 tres
1879 682 2104 727 personas,
2129 678 2215 711 tres
2236 678 2382 711 autem

225 748 430 792 essentias
459 757 503 790 et
532 731 620 791 tres
646 746 762 790 Deos
792 761 883 790 non
906 745 1103 803 dicimus,
1141 747 1223 790 nisi
1252 747 1429 807 quando
1450 747 1647 791 volumus
1674 746 1742 791 vel
1773 762 1911 790 unum
1938 747 2195 791 vocabulum
2225 748 2382 792 servire

225 828 327 871 huic
348 826 651 888 significationi
666 842 752 887 qua
773 826 1024 888 intelligitur
1037 827 1287 882 trinitas,ne
1310 828 1490 871 omnino
1514 838 1752 871 taceremus
1763 826 2013 886 interrogati
2027 825 2041 850 ²
2065 826 2210 882 :Quid
2232 827 2344 871 tres?
2359 849 2378 868 ι

224 906 338 950 Item
362 921 373 950 ι
390 906 546 949 «Dicat
566 922 700 950 unam
721 907 965 962 essentiam,
992 917 1040 949 ut
1062 921 1153 949 non
1175 905 1389 949 existimet
1410 904 1528 949 aliud
1552 905 1636 949 alio
1658 907 1796 963 majus
1816 905 1885 950 vel
1905 905 2058 949 melius
2077 905 2144 949 vel
2165 905 2308 965 aliqua
2329 921 2384 950 ex

225 997 348 1047 parte
370 986 586 1031 diversum
599 1019 612 1043 ‚
637 1003 729 1031 non
755 999 902 1033 tamen
923 997 973 1030 ut
992 997 1115 1047 pater
1136 987 1226 1047 ipse
1248 986 1302 1030 sit
1323 985 1432 1031 filius
1454 996 1498 1029 et
1519 986 1689 1047 spiritus
1709 997 1896 1030 sanctus.
1918 986 2057 1030 »Item
2083 1002 2093 1029 :
2124 1006 2143 1024 οι
2170 986 2300 1029 Nulla
2321 997 2385 1030 est

228 1066 431 1111 distantia
466 1067 846 1123 dissimilitudinis,
883 1079 934 1112 ut
967 1066 1229 1127 intelligatur
1264 1066 1382 1110 aliud
1420 1066 1504 1109 alio
1538 1068 1675 1124 majus
1708 1065 1775 1109 vel
1805 1066 1936 1126 paulo
1972 1066 2136 1121 minus,
2174 1081 2254 1110 nec
2291 1067 2385 1111 talis

229 1147 446 1193 distinctio
458 1148 545 1204 ,³‘in
566 1164 652 1208 qua
673 1149 728 1193 sit
751 1148 913 1209 aliquid
929 1150 1085 1209 impar.
1108 1169 1127 1187 »ι
1143 1148 1280 1191 Item:
1296 1167 1315 1185 α
1329 1147 1437 1191 Ideo
1460 1146 1639 1190 dicimus
1657 1157 1742 1191 tres
1761 1162 1965 1207 personas
1986 1147 2055 1190 vel
2078 1157 2164 1190 tres
2183 1147 2384 1190 substan-

228 1228 332 1281 tias,
359 1244 450 1272 non
481 1239 530 1272 ut
555 1229 820 1291 intelligatur
855 1229 998 1290 aliqua
1019 1228 1240 1285 diversitas
1261 1228 1454 1272 essentiae
1468 1259 1481 1282 ,
1513 1226 1590 1271 sed
1612 1238 1660 1270 ut
1680 1227 1750 1271 vel
1771 1243 1861 1271 uno
1889 1226 2103 1271 vocabulo
2134 1226 2385 1287 responderi

228 1309 386 1369 possit,
411 1325 513 1354 cum
533 1311 740 1370 quaeritur
767 1326 778 1355 ι
803 1310 922 1367 Quid
951 1321 1054 1365 tres,
1073 1309 1143 1354 vel
1164 1308 1270 1369 quid
1297 1309 1409 1352 tria?
1431 1319 1681 1369 tantamque
1704 1324 1794 1353 esse
1816 1308 2010 1352 essentiae
2033 1307 2317 1367 aequalitatem
2338 1309 2385 1351 in

229 1406 284 1434 ea
316 1391 525 1446 trinitate,
559 1402 608 1436 ut
634 1407 726 1435 non
748 1392 889 1436 solum
910 1402 1034 1452 pater
1056 1406 1148 1435 non
1176 1390 1230 1434 sit
1250 1391 1389 1448 major
1410 1406 1541 1450 quam
1562 1389 1690 1444 filius,
1715 1389 1793 1434 sed
1814 1404 1894 1433 nec
1915 1399 2037 1449 pater
2065 1399 2110 1432 et
2129 1388 2239 1432 filius
2260 1389 2385 1432 simul

169 1510 172 1516 .
228 1471 369 1528 major
379 1487 511 1531 quam
532 1472 722 1532 singulus
737 1483 876 1532 pater.
893 1493 912 1511 »
927 1472 1060 1515 Item:
1077 1491 1094 1509 «
1108 1470 1231 1514 Unus
1250 1471 1381 1525 Deus,
1393 1486 1482 1514 una
1502 1470 1625 1524 fides,
1649 1485 1784 1513 unum
1804 1468 2033 1529 baptisma.
2045 1467 2172 1513 Fides
2192 1470 2386 1529 quamvis

229 1550 285 1594 sit
310 1567 422 1607 una,
454 1552 501 1594 in
524 1550 616 1595 aliis
637 1567 730 1595 non
752 1562 899 1595 tamen
925 1552 1034 1612 ipsa,
1058 1550 1136 1594 sed
1157 1549 1332 1603 similis;
1365 1566 1456 1594 non
1484 1561 1548 1594 est
1570 1565 1659 1593 una
1679 1550 1883 1604 omnino,
1908 1549 1985 1594 sed
2006 1564 2189 1609 genere3
2212 1560 2386 1610 propter

229 1634 558 1678 similitudinem
591 1646 739 1679 tamen
773 1646 817 1680 et
849 1634 1015 1678 nullam
1049 1633 1340 1678 diversitatem
1373 1634 1509 1695 magis
1540 1633 1697 1677 dicitur
1730 1649 1818 1676 una
1849 1648 1980 1693 quam
2005 1632 2173 1692 plures,
2212 1648 2315 1676 nam
2343 1644 2387 1677 et

232 1714 343 1759 duos
358 1716 557 1763 homines
578 1715 817 1760 simillimos
839 1731 975 1759 unam
994 1715 1149 1759 faciem
1169 1714 1331 1758 habere
1351 1714 1549 1758 dicimus.
1564 1734 1582 1753 ιο
1603 1715 1716 1758 Item
1741 1729 1752 1757 z
1777 1734 1794 1752 α
1808 1714 2004 1757 Verbum
2025 1713 2127 1756 ideo
2146 1711 2256 1756 filius
2276 1714 2388 1773 patri

230 1812 310 1857 per
331 1798 480 1841 omnia
501 1796 649 1841 similis
670 1808 735 1842 est
755 1808 799 1841 et
822 1796 1012 1857 aequalis.
1038 1816 1056 1835 »
1073 1797 1187 1840 Item
1212 1811 1223 1839 ι
1255 1816 1273 1835 α
1288 1796 1402 1851 Quia
1423 1796 1594 1856 spiritus
1618 1805 1788 1838 sanctus
1810 1794 2051 1838 communis
2072 1804 2136 1838 est
2158 1793 2385 1848 ambobus,

230 1877 305 1921 hic
331 1877 488 1922 dicitur
518 1881 611 1939 ‘yse
639 1879 815 1939 proprie
853 1877 974 1938 quod
1004 1876 1136 1921 ambo
1165 1877 1470 1932 communiter,
1499 1876 1547 1920 id
1577 1886 1642 1919 cst
1670 1876 1840 1936 spiritus
1865 1886 2050 1920 sanctus.
2082 1896 2098 1914 υ
2129 1876 2388 1935 Augustinus

233 1957 291 2002 ad
322 1958 596 2002 Pascentium
618 1959 823 2003 comitem
850 1958 1083 2002 Arrianum
1109 1973 1120 2001 z
1152 1978 1171 1996 α
1188 1959 1300 2001 Cum
1329 1973 1411 2017 pro
1441 1956 1616 2000 diversis
1638 1956 1720 1999 sibi
1746 1955 2060 2000 cohaerentibus
2092 1954 2257 1999 dicatur
2277 1970 2388 1999 unus

232 2041 404 2100 spiritus
438 2052 483 2084 et
515 2054 655 2083 unum
675 2054 856 2099 corpus,
897 2054 999 2082 cum
1035 2054 1116 2098 pro
1150 2038 1295 2080 anima
1326 2047 1370 2080 et
1405 2052 1585 2096 corpore
1618 2036 1700 2078 sibi
1730 2035 2045 2079 cohaerentibus
2078 2034 2245 2078 dicatur
2279 2051 2388 2078 unus

232 2121 384 2175 homo,
416 2135 493 2163 cur
525 2135 618 2163 non
650 2120 840 2163 maxime
871 2119 926 2162 de
958 2129 1081 2179 patre
1112 2128 1158 2161 et
1180 2116 1269 2161 filio
1301 2117 1468 2160 dicatur
1496 2131 1605 2159 unus
1634 2116 1771 2170 Deus,
1807 2131 1907 2159 cum
1939 2115 2021 2158 sibi
2051 2114 2390 2174 inseparabiliter

233 2200 508 2245 cohaereant?
530 2222 548 2240 n
575 2201 687 2244 Item
707 2215 720 2244 ι
752 2219 772 2238 c<
796 2199 875 2243 His
904 2197 1265 2260 appellationibus
1290 2195 1567 2258 significatur,
1601 2195 1720 2256 quod
1741 2195 1798 2239 ad
1815 2210 1860 2240 se
1881 2196 2065 2239 invicem
2087 2194 2343 2238 referantur.
2365 2215 2384 2234 ιο

233 2283 344 2326 Item
359 2282 624 2343 Augustinus
643 2282 691 2325 in
711 2280 905 2324 homelia
926 2295 938 2324 ε
978 2299 999 2319 «ι
1020 2279 1123 2323 Non
1135 2278 1332 2322 turbetur
1352 2293 1428 2321 cor
1446 2277 1730 2332 vestrum,his
1751 2276 1825 2336 qui
1846 2281 2056 2320 noverant
2078 2274 2213 2318 filium
2227 2275 2389 2321 dictum

235 2374 302 2407 est
335 2363 391 2407 de
426 2374 571 2424 patre,
601 2383 622 2401 κ
648 2363 707 2406 Et
726 2360 890 2407 vidistis
910 2376 1026 2406 eum.
1053 2381 1072 2400 »
1093 2361 1269 2404 Dictum
1295 2369 1360 2402 est
1387 2359 1504 2402 enim
1523 2368 1700 2418 propter
1721 2356 2019 2401 omnimodam
2038 2356 2360 2401 similitudinem
2376 2389 2387 2410 ,

234 2460 332 2504 quae
366 2443 428 2487 illi
455 2459 555 2503 cum
582 2454 704 2504 patre
732 2454 821 2498 est,
846 2453 896 2486 ut
923 2442 1170 2486 dicerentur
1202 2455 1326 2484 nosse
1351 2451 1542 2500 patrem,
1567 2439 1669 2498 quia
1698 2425 1909 2481 noverant
1937 2436 2071 2480 filium
2097 2437 2295 2481 similem.
2318 2436 2391 2480 Ad

234 2525 321 2568 hoc
341 2524 455 2568 valet
475 2523 595 2584 quod
614 2523 815 2584 Philippo
838 2522 1004 2566 dictum
1025 2533 1117 2565 est:
1141 2540 1160 2559 σι
1178 2521 1265 2576 Qui
1285 2519 1403 2564 videt
1422 2535 1510 2574 me,
1533 2518 1653 2562 videt
1666 2529 1710 2561 et
1731 2529 1914 2578 patrem,
1934 2538 1954 2556 ιο
1978 2533 2067 2561 non
2088 2517 2207 2577 quod
2227 2518 2317 2576 ipse
2337 2518 2392 2561 sit

234 2615 359 2665 pater
380 2615 423 2648 et
445 2604 555 2648 filius
567 2637 581 2659 ,ι
604 2603 681 2647 sed
714 2603 834 2663 quod
865 2614 955 2646 tam
985 2602 1144 2645 similes
1172 2602 1257 2645 sint
1282 2612 1406 2661 pater
1439 2611 1484 2644 et
1509 2599 1640 2653 filius,
1668 2609 1718 2641 ut
1737 2599 1820 2658 {qui
1851 2613 1987 2641 unum
2017 2598 2209 2653 noverit,
2240 2596 2391 2640 ambos

236 2685 425 2728 noverit.
451 2684 647 2728 Solemus
670 2684 788 2728 enim
811 2683 867 2727 de
898 2683 1070 2726 duobus
1096 2681 1319 2725 simillimis
1347 2681 1490 2724 dicere
1520 2679 1586 2722 his
1607 2678 1681 2738 qui
1711 2693 1848 2721 unum
1878 2693 2030 2721 eorum
2055 2677 2257 2721 viderunt
2279 2692 2291 2720 ι
2313 2677 2391 2720 Vi-

241 2765 361 2810 distis
381 2766 531 2821 istum‚
552 2781 656 2826 ergo
670 2763 715 2808 et
727 2765 850 2808 illum
864 2763 1045 2807 vidistis.
1064 2763 1134 2806 Sic
1147 2777 1252 2822 ergo
1270 2761 1434 2804 dictum
1449 2770 1513 2804 est
1531 2775 1542 2803 ι
1566 2778 1586 2796 α
1606 2758 1693 2814 Qui
1711 2758 1831 2803 videt
1846 2774 1939 2813 me,
1957 2757 2075 2802 videt
2096 2769 2139 2801 et
2152 2768 2343 2818 patrem,
2367 2778 2389 2797 a·

240 2863 330 2890 non
354 2846 475 2906 quod
496 2848 585 2906 ipse
609 2847 663 2889 sit
683 2856 806 2906 pater
829 2856 873 2889 et
893 2844 1004 2887 filius
1021 2876 1033 2899 ,
1058 2843 1135 2888 sed
1164 2842 1221 2886 ad
1243 2841 1569 2886 similitudinem
1589 2839 1635 2881 in
1656 2839 1777 2883 nullo
1799 2854 1973 2900 prorsus
1993 2838 2204 2898 discrepet
2225 2853 2251 2881 a
2271 2848 2394 2898 patre

239 2927 367 2971 filius.
397 2949 416 2966 »
435 2928 639 2970 Boethius
660 2928 706 2970 in
740 2926 852 2969 libro
883 2926 937 2968 de
964 2925 1006 2979 T
1005 2930 1185 2967 rinitate
1208 2940 1224 2967 .·
1251 2944 1270 2963 ι
1297 2924 1437 2981 Hujus
1458 2920 1634 2977 unitatis
1663 2935 1789 2964 causa
1823 2931 1887 2964 est
1915 2919 2222 2963 indifferentia.
2253 2938 2274 2957 ιι
2299 2919 2395 2961 Λιι-

242 3009 434 3069 gustinus
456 3008 509 3050 de
531 3008 573 3050 T
571 3013 750 3051 rinitate
767 3023 782 3049 .·
802 3028 818 3044 «ι
834 3006 902 3049 Sic
918 3004 1082 3049 dictum
1103 3015 1167 3048 est
1192 3019 1203 3048 z
1232 3024 1253 3042 α
1267 3005 1383 3048 Deus
1409 3013 1473 3047 est
1493 3001 1664 3055 caritas,
1688 3021 1708 3040 n
1731 3011 1781 3044 ut
1798 3002 2008 3045 incertum
2028 3000 2083 3043 sit
2101 3010 2146 3043 et
2159 2997 2261 3042 ideo
2272 3012 2395 3057 quae-

241 3088 451 3144 rendum,
487 3099 634 3132 utrum
666 3071 782 3132 Deus
812 3097 936 3147 pater
975 3087 1028 3129 sit
1060 3087 1213 3129 caritas
1227 3117 1240 3141 ,
1263 3085 1332 3130 vel
1364 3086 1479 3128 Deus
1507 3083 1640 3139 filius,
1665 3082 1734 3127 vel
1762 3083 1878 3126 Deus
1906 3080 2078 3142 spiritus
2106 3089 2276 3123 sanctus
2291 3109 2304 3132 ,
2328 3076 2395 3119 vel

289 3262 297 3282 ¹
313 3259 494 3293 Schmener
512 3259 753 3300 interroganti.
773 3257 823 3291 An
839 3266 906 3291 non
925 3254 1153 3297 interrogati?
