2638 3866
755 203 1152 255 1NTRODUC'1'10
1188 203 1269 253 AD
1304 203 1716 253 THEOLOGIAM.
2251 205 2313 253 89

158 309 480 366 tractantium,
503 323 622 373 quas
640 323 769 355 nunc
781 306 993 354 latinitas
1008 304 1173 364 habet,
1193 304 1445 372 Porphyrii
1465 304 1660 362 scilicet,
1684 303 1944 352 Aristotelis
1957 312 2004 350 et
2023 301 2225 350 Boethii.
2242 304 2314 351 Ait

157 391 338 456 quippe
363 388 665 455 Porphyrius
700 388 749 435 in
787 388 1022 453 Isagogzlr,
1054 402 1175 451 quas
1201 386 1263 434 ad
1293 385 1568 450 Categorias
1590 384 1850 432 Aristotelis
1880 383 2157 450 perscripsit
2175 420 2186 442 ‚
2225 384 2308 444 ait,

157 472 387 535 inquam,
422 491 444 514 α
474 485 868 534 unamquamque
912 466 1234 516 substantiam
1273 483 1371 515 una
1400 466 1560 532 specie
1599 465 1904 531 participare,
1939 463 2160 531 pluribus
2194 480 2312 512 vero

157 550 488 599 accidentibus
519 560 565 598 et
590 548 939 616 separabilibus
965 558 1014 596 et
1042 547 1489 613 inseparabilibus¹.
1514 565 1537 591 ι)
1564 545 1838 594 Aristoteles
1867 562 2064 611 quoque
2098 546 2150 592 in
2176 548 2313 594 Cate-

153 634 302 697 goricls
324 632 574 698 proprium
600 630 874 680 substantiae
893 629 1138 693 assignans
1161 629 1248 676 ait²
1274 647 1284 676 ε
1311 647 1334 674 «
1353 628 1559 676 Maxime
1577 637 1739 675 autem
1764 627 2018 692 proprium
2033 626 2312 676 substantiae

160 713 347 762 videtur
372 729 491 776 esse,
524 713 658 779 quod
684 729 796 760 cum
826 713 886 760 sit
918 728 1072 759 unum
1101 719 1148 759 et
1171 710 1299 758 idem
1327 727 1552 771 numero,
1587 709 1942 757 contrariorum
1973 717 2043 756 est
2070 711 2312 775 suscepti-

156 792 270 840 bile.
292 813 315 839 »
344 797 462 842 Item
479 831 491 853 ‚
519 793 651 842 idem
674 793 737 841 de
770 792 968 841 eodem⁸
999 811 1010 839 z
1041 794 1246 850 «Quare
1275 791 1530 858 proprium
1549 790 1638 838 erit
1661 789 1936 837 substantiae
1960 789 2093 853 quod
2116 806 2229 837 cum
2253 791 2312 838 sit

157 892 311 924 unum
335 886 381 925 et
404 877 533 925 idem
566 894 795 938 numero,
832 874 1138 941 susceptibile
1176 885 1246 923 est
1286 875 1663 923 contrariorum.
1692 892 1715 916 »
1744 875 1866 920 Cum
1899 873 2060 937 itaque
2092 875 2195 921 Deo
2225 875 2313 921 ista

158 957 322 1005 omnia
356 958 570 1024 coaptari
605 974 706 1005 non
745 966 967 1023 possunt,
995 956 1132 1021 cujus
1163 955 1430 1003 substantia
1464 970 1554 1002 nec
1581 952 1911 1002 accidentibus
1934 952 2127 1010 variari,
2169 952 2311 1001 nullis

153 1036 357 1083 omnino
389 1036 556 1084 formis
588 1035 836 1100 subjacere
861 1045 1049 1101 potest,
1075 1034 1230 1099 liquet
1255 1050 1346 1081 nec
1374 1033 1500 1081 inter
1522 1031 1813 1080 substantias
1841 1048 1951 1079 eum
1988 1030 2309 1096 Philosophos

159 1117 410 1181 recepisse.
450 1119 516 1165 Ea
542 1116 761 1183 profecto
792 1116 979 1164 ratione
1008 1132 1105 1181 qua
1129 1115 1289 1174 Plato,
1326 1116 1451 1163 inter
1473 1113 1658 1161 nullam
1689 1122 1736 1160 et
1759 1111 1970 1177 aliquam
1993 1110 2309 1160 substantiam

157 1201 258 1248 ὕλην
281 1197 551 1260 collocavit,
572 1214 720 1262 quam
738 1198 941 1245 omnino
961 1196 1121 1245 adhuc
1140 1196 1401 1244 informem
1420 1195 1716 1261 conceperit.
1742 1197 1906 1259 Neque
1938 1193 2069 1244 enim
2093 1192 2311 1242 substan-

158 1279 222 1326 tia
246 1295 346 1327 non
380 1290 451 1344 est
473 1284 621 1340 Deus,
656 1281 695 1328 si
727 1296 839 1328 vere
862 1279 1119 1328 subsistere
1146 1289 1372 1327 naturam
1404 1288 1451 1326 et
1474 1275 1923 1326 incommutabilem
1960 1291 2088 1332 esse,
2124 1276 2172 1322 in
2204 1276 2310 1341 ipso

156 1360 480 1410 attendamus·
509 1364 606 1411 Nec
639 1378 802 1410 rursus
825 1361 1097 1410 substantia
1120 1371 1218 1417 est,
1247 1361 1286 1407 si
1310 1360 1532 1408 usitatam
1557 1358 1770 1406 nominis
1799 1356 2077 1405 substantiae
2098 1356 2311 1422 appella-

158 1442 339 1491 tionem
363 1460 641 1509 sequamur,
668 1460 781 1492 cum
802 1444 1024 1492 videlicet
1049 1441 1379 1492 accidentibus
1395 1441 1638 1506 subjectus
1661 1456 1762 1488 esse
1785 1456 1885 1487 non
1912 1439 2078 1505 possit.
2101 1438 2242 1485 Unde
2265 1448 2312 1486 et

158 1523 206 1571 in
218 1524 301 1572 illo
315 1535 602 1589 argumento
612 1528 743 1574 Deus
759 1542 860 1574 non
878 1542 979 1574 esse
993 1524 1257 1574 substantia
1271 1523 1543 1572 ostenditur
1557 1530 1738 1589 aperte,
1753 1538 1852 1586 quo
1870 1519 2114 1581 Boethius,
2137 1536 2310 1584 quam-

159 1601 229 1649 vis
254 1602 571 1664 Christianus,
599 1604 881 1670 opinionem
909 1603 1321 1669 Philosophorum
1343 1611 1555 1664 secutus,
1582 1617 1697 1649 cum
1718 1600 1780 1648 de
1802 1597 2112 1665 philosophia
2133 1605 2309 1645 tracta-

158 1695 252 1748 ret,
278 1685 591 1735 'l'liemistium
626 1687 805 1735 scilicet
835 1697 883 1735 et
903 1687 1113 1735 Tullium
1145 1687 1196 1734 in
1227 1688 1414 1752 Topicis
1434 1686 1532 1734 suis
1555 1685 1823 1749 vestigans,
1849 1682 2026 1749 probat
2058 1683 2108 1730 in
2141 1682 2312 1747 quinto

164 1767 444 1829 Topicoram
472 1768 708 1833 ipsorum,
730 1767 1006 1816 albedinem
1029 1785 1129 1816 non
1157 1785 1258 1816 esse
1282 1766 1627 1826 substantiam,
1645 1766 1721 1814 his
1744 1764 1904 1813 verbis
1918 1766 1961 1811 ¹⁶:
1990 1784 2012 1808 «
2036 1763 2311 1810 Substantia

158 1856 246 1908 est,
274 1864 379 1912 quae
404 1848 634 1896 omnibus
657 1849 990 1898 accidentibus
1012 1851 1169 1915 possit·
1185 1867 1288 1898 esse
1311 1849 1603 1914 subjectum,
1630 1848 1807 1896 albedo
1832 1856 1994 1895 autem
2016 1845 2162 1893 nullis
2186 1846 2310 1893 acci·

157 1927 384 1977 dentibus
408 1929 621 1993 subjecta
645 1941 732 1992 est,
756 1931 934 1980 albedo
954 1932 1098 1996 igitur
1121 1931 1385 1980 substantia
1403 1948 1504 1979 non
1522 1941 1610 1979 est.
1630 1950 1652 1975 >³
1676 1933 1781 1996 Ipse
1804 1945 2002 1994 quoque
2025 1927 2312 1992 Augustinus

158 2005 284 2054 hanc
307 2008 530 2056 usitatam
555 2019 603 2057 et
624 2010 873 2076 propriam
896 2010 1300 2075 significationem
1320 2010 1596 2058 substantiae
1613 2018 1778 2075 aperte
1802 2005 2057 2074 profitetur
2079 2007 2127 2053 in
2151 2009 2235 2052 Vll
2253 2005 2309 2052 (le

164 2089 398 2136 Trz'm‘tate
411 2088 536 2136 libro
552 2106 658 2155 cap.
678 2107 726 2137 1v
744 2100 791 2138 et
807 2108 834 2137 v
850 2092 881 2153 ⁵,
897 2091 973 2138 his
986 2090 1184 2155 quidem
1206 2090 1364 2139 verbis
1385 2090 1446 2138 de
1463 2093 1568 2139 Deo
1587 2089 1839 2156 disputans
1860 2107 1870 2135 :
1900 2107 1921 2133 «
1938 2088 2071 2135 Sicut
2092 2087 2223 2134 enim
2246 2086 2307 2134 ab

157 2184 217 2215 eo
249 2169 333 2234 qui
364 2180 434 2217 est
462 2170 732 2236 appellatur
755 2188 858 2219 esse
887 2173 1223 2232 essentia,·ita
1249 2171 1312 2219 ab
1337 2188 1397 2219 eo
1423 2171 1557 2237 quod
1582 2181 1654 2219 est
1678 2170 1959 2230 subsistere,
1994 2167 2310 2217 substantiam

158 2252 380 2301 dicimus.
408 2254 682 2303 Absurdum
707 2265 776 2303 est
800 2265 962 2304 autem
989 2266 1040 2303 ut
1061 2255 1332 2304 substantia
1353 2255 1549 2304 relative
1571 2255 1774 2303 dicatur.
1804 2255 1975 2302 Omnis
1998 2253 2128 2301 enim
2150 2268 2225 2299 res
2252 2250 2312 2298 ad

158 2350 208 2381 se
243 2334 398 2400 ipsam
434 2334 677 2398 subsistit;
709 2346 895 2402 quanto
932 2337 1083 2402 magis
1114 2340 1270 2399 Deus,
1302 2338 1342 2384 si
1372 2347 1535 2385 tamen
1568 2337 1768 2402 dignum
1788 2346 1871 2384 *est
1899 2345 1954 2382 ut
1981 2334 2170 2382 dicatur
2200 2330 2312 2380 sub·

158 2415 322 2463 sistere
337 2414 361 2463 Ρ
383 2419 453 2464 De
481 2417 558 2464 his
575 2418 707 2466 enim
728 2417 873 2467 rebus
888 2418 1166 2484 intelligitur
1189 2419 1443 2466 rationein
1467 2417 1647 2484 quibus
1673 2417 1897 2482 subjectis
1911 2425 2039 2474 sunt,
2064 2431 2121 2463 ea
2144 2413 2310 2479 quaein

156 2499 320 2564 aliquo
335 2500 552 2565 subjecto
569 2518 671 2574 esse
689 2501 936 2561 dicuntur,
954 2503 1078 2551 sicut
1097 2503 1234 2551 color
1252 2505 1302 2551 in
1315 2519 1539 2569 corpore.
1560 2521 1582 2547 >³
1604 2504 1768 2550 ltem⁶:
1789 2521 1811 2547 «
1829 2504 1917 2549 Res
1926 2517 2041 2564 ergo
2059 2497 2314 2547 mutabiles

156 2597 316 2645 neque
347 2582 586 2648 simplices
609 2584 805 2649 proprie
831 2583 1062 2632 dicuntur
1084 2584 1368 2632 substantia.
1397 2603 1419 2628 »
1447 2585 1586 2631 Item⁷
1609 2601 1619 2630 ε
1646 2604 1668 2627 (ι
1689 2582 1828 2630 Nefas
1856 2592 1927 2630 est
1949 2590 2110 2629 autem
2133 2579 2310 2633 dicere,

158 2669 210 2706 ut
236 2659 459 2708 subsistat
480 2670 528 2708 et
550 2660 704 2709 subsit
725 2661 928 2710 bonitati
950 2679 1062 2722 suae,
1083 2663 1216 2727 atqui
1242 2662 1322 2710 illa
1345 2661 1540 2710 bonitas
1563 2677 1663 2708 non
1686 2660 1951 2708 substantia
1974 2659 2031 2705 sit
2054 2657 2128 2705 vel
2147 2656 2308 2723 potius

159 2741 390 2801 essentia,
430 2758 589 2806 neque
626 2742 729 2808 ipse
761 2745 892 2790 Deus
927 2743 987 2790 sit
1021 2742 1216 2790 bonitas
1252 2759 1362 2804 sua,
1403 2742 1485 2790 sed
1517 2743 1573 2789 in
1607 2741 1690 2788 illo
1727 2742 1785 2788 sit
1821 2750 2072 2804 tamquam
2108 2738 2158 2785 in
2196 2736 2311 2785 sub-

153 2823 300 2887 jecto.
334 2824 473 2872 Unde
497 2825 806 2873 manifestum
831 2836 903 2874 est
928 2829 1085 2873 Deum
1116 2825 1314 2873 abusive
1339 2825 1502 2872 vocari
1526 2823 1843 2872 substantiam
1859 2861 1871 2885 ,
1902 2833 1956 2871 ut
1984 2823 2183 2871 nomine
2221 2816 2316 2868 usi·

158 2901 320 2948 tatiori
352 2901 644 2966 intelligatur
671 2904 892 2963 essentia,
918 2903 1054 2967 quod
1075 2918 1188 2950 vere
1213 2918 1269 2950 ac
1293 2902 1490 2968 proprie
1523 2901 1715 2962 dicitur,
1748 2902 1814 2949 ita
1842 2911 1895 2949 ut
1928 2900 2127 2949 fortasse
2158 2902 2316 2948 Deum

160 2981 317 3030 solum
359 2982 453 3030 dici
480 2993 703 3049 oporteat
739 2984 1010 3031 essentiam.
1043 2986 1123 3030 Est
1158 2983 1290 3031 enim
1323 2999 1437 3030 vere
1471 2982 1603 3031 solus
1638 2983 1751 3048 quia
1781 2981 2313 3037 incommutabilis'est‚

160 3062 306 3128 idque
319 3081 459 3111 suum
478 3081 659 3112 nomen
679 3065 831 3129 Moysi
852 3064 1148 3126 enunciavit,
1163 3080 1276 3112 cum
1296 3064 1386 3112 ait⁸
1406 3082 1416 3111 :
1443 3084 1466 3108 <c
1484 3066 1585 3129 Ego
1602 3080 1708 3112 sum
1725 3062 1951 3129 qui‘sum,
1971 3084 1994 3108 >2
2017 3066 2112 3112 et⁹2
2135 3085 2158 3109 «
2174 3063 2315 3110 Dices

205 3277 211 3294 ¹
229 3274 309 3316 Cap.
329 3284 398 3314 xvi,
414 3285 446 3309 v.
462 3278 493 3310 3.
509 3275 661 3319 -2Cap.
676 3287 707 3311 v.
725 3294 766 3302 —
783 3279 795 3299 ³
810 3277 949 3312 Ibid.—-
967 3280 977 3300 ⁴
992 3277 1038 3311 De
1058 3277 1142 3321 Diff.
1164 3279 1259 3322 Top.,
1283 3279 1338 3312 nb,
1365 3278 1392 3320 1,
1408 3287 1442 3320 p.
1461 3279 1534 3313 861.
1553 3296 1589 3303 -
1608 3277 1717 3321 ‘Opp.
1744 3283 1767 3311 t.
1796 3277 1938 3312 V111.—
1957 3276 2089 3317 ⁶1bid.,
2108 3276 2167 3309 col.
2188 3276 2260 3309 860.
2279 3291 2316 3297 -

164 3327 288 3368 ⁷1bid.,
306 3328 373 3361 col.
396 3331 469 3364 861.
484 3349 516 3354 —
537 3332 548 3351 ³
564 3331 674 3365 Eoeod.
692 3340 765 3374 cap.
783 3340 850 3373 un,
869 3342 899 3366 v.
923 3334 971 3366 14.
1000 3350 1038 3356 —
1051 3334 1064 3354 ⁹
1080 3332 1168 3365 Ibid.

327 3411 359 3435 11
2108 3400 2158 3435 12
