2638 3866
830 198 1225 250 lNTRODUC'I'lO
1261 199 1344 248 AD
1378 197 1787 247 THEOLOGIAM.
1827 214 1833 219 ⁴
2294 197 2386 243 425

232 310 359 354 Deus
383 303 530 351 *faciat
552 318 608 351 ac
638 301 866 363 dimittat,
890 302 1068 365 justam
1103 317 1160 350 ac
1194 298 1531 349 rationabilem
1558 315 1752 346 causam
1787 296 2007 358 subesse,
2036 305 2089 344 ut
2114 295 2215 344 sola
2251 295 2389 344 faciat

230 396 314 435 aut
336 384 571 447 dimittat,
591 400 698 449 quae
720 381 824 430 fieri
841 381 917 430 vel
939 381 1117 429 dimitti
1140 390 1364 447 oporteat
1382 390 1526 446 atque
1542 380 1701 447 ipsum
1725 378 1908 427 deceat.
1930 376 2075 437 Quod
2092 377 2130 425 si
2152 375 2388 442 quidquid

230 467 365 527 facit,
402 482 513 513 eum
550 465 705 513 facere
740 472 956 530 oportet,
986 465 1171 528 justum
1202 473 1274 511 est
1299 462 1481 528 ubique
1506 471 1557 509 ut
1596 461 1737 508 faciat
1772 459 2009 525 quidquid
2046 458 2178 519 facit,
2206 474 2261 506 ac
2290 459 2391 506 sine

231 548 384 597 dubio
409 546 651 613 quidquid
675 546 787 594 facit
810 545 962 593 facere
986 544 1149 593 debet.
1171 546 1332 600 Omne
1355 545 1539 611 quippe
1564 542 1699 609 quod
1718 542 1903 606 justum
1924 551 1994 589 est
2014 540 2136 602 fieri,
2159 539 2389 606 injustum

231 638 302 677 est
336 628 535 689 dimitti,
563 636 611 676 et
635 626 851 692 quisquis
873 642 974 673 non
1013 625 1126 674 facit
1159 624 1210 673 id
1246 624 1378 690 quod
1413 625 1536 673 ratio
1560 623 1726 688 exigit,
1754 638 1889 687 aeque
1924 621 2162 687 delinquit
2200 637 2255 669 ac
2280 621 2318 668 si
2342 620 2389 668 id

232 710 371 758 faciat
386 747 399 772 ,
426 708 558 774 quod
584 708 761 757 rationi
797 707 992 755 minime
1015 705 1299 755 concordat.
1322 705 1416 754 Sed
1438 705 1648 754 fortassis
1673 703 1886 769 inquieS,
1911 702 2045 768 quod
2069 703 2190 750 sicut
2209 703 2391 767 justum

232 801 303 839 est
334 802 382 839 et
408 791 598 839 bonum
620 807 708 839 seu
730 788 1013 839 rationabile
1036 788 1108 836 id¹
1124 788 1259 853 quod
1281 788 1431 836 modo
1456 788 1568 837 facit
1583 826 1595 848 ,
1624 788 1690 835 ita
1714 786 1903 834 bonum
1936 793 2059 833 esset
2090 794 2235 850 atque
2257 801 2391 850 aeque

231 871 419 920 bonum
441 872 481 920 si
518 871 637 920 illud
671 871 874 937 faceret,
899 870 996 918 hoc
1021 869 1299 918 dimitteret.
1331 870 1475 935 Atqui
1506 870 1545 917 si
1580 867 1700 916 illud
1723 883 1859 932 aeque
1890 865 2080 914 bonum
2116 875 2237 914 esset
2260 866 2392 931 quod

234 953 415 1011 dimisit,
431 953 588 1001 facere
621 952 821 1018 quando
848 951 976 1000 istud
1000 950 1166 1016 elegit,
1192 950 1327 999 nulla
1348 951 1472 999 ratio
1504 949 1721 1017 profecto
1745 948 1833 995 fuit
1856 964 1943 995 cur
1968 946 2391 1003 illuddimitteret,

234 1043 377 1099 atque
395 1033 524 1082 istud
546 1034 759 1099 eligeret.
786 1033 893 1080 Fuit
917 1041 1105 1093 autem,
1128 1031 1343 1097 inquieS,
1372 1032 1487 1097 quia
1510 1048 1623 1080 cum
1651 1046 1750 1078 non
1778 1039 2038 1094 utrumque
2073 1026 2177 1075 fieri
2201 1037 2396 1093 oporte-

236 1123 321 1176 ret,
351 1124 399 1163 et
420 1131 556 1180 aeque
589 1114 686 1162 hoc
714 1114 791 1162 vel
825 1113 945 1161 illud
980 1111 1083 1160 fieri
1111 1111 1302 1161 bonum
1328 1122 1476 1175 esset,
1504 1111 1835 1177 quodcunque
1858 1126 2030 1158 eorum
2064 1108 2224 1168 fieret,
2252 1110 2397 1156 ratio-

233 1194 456 1243 nabiliter
487 1195 664 1244 factum
704 1204 843 1243 esset.
888 1193 981 1242 Sed
1010 1193 1146 1258 juxta
1186 1193 1315 1242 hanc
1345 1193 1595 1260 profecto’
1626 1193 1890 1250 rationem,
1926 1207 2059 1257 aeque
2099 1190 2203 1238 fieri
2245 1207 2395 1256 opor-

234 1275 364 1324 tebat
401 1276 535 1342 quod
578 1277 756 1325 factum
792 1293 892 1324 non
937 1285 1031 1338 est,
1068 1276 1191 1323 sicut
1232 1275 1368 1341 quod
1410 1276 1588 1324 factum
1632 1284 1735 1334 est,
1773 1283 1820 1321 et
1858 1289 1993 1337 aeque
2029 1271 2217 1319 bonum
2255 1271 2397 1318 etiam

233 1356 353 1404 illud
391 1358 494 1406 fieri
532 1359 654 1407 sicut
682 1358 798 1406 hoc.
826 1360 948 1406 Cum
980 1374 1098 1405 vero
1132 1357 1267 1423 quod
1303 1357 1406 1405 fieri
1437 1356 1627 1404 bonum
1658 1365 1757 1416 est,
1784 1365 1831 1402 et
1862 1353 2199 1402 rationabilem
2225 1353 2399 1402 habet⁸

234 1454 428 1486 causam
464 1456 560 1504 qua
594 1439 871 1487 faciendum
906 1439 989 1500 sit,
1024 1438 1415 1486 irrationabiliter
1444 1438 1664 1504 profecto
1701 1436 1822 1502 agit,
1852 1435 1936 1499 qui
1975 1433 2110 1499 quod
2150 1451 2176 1482 a
2214 1451 2264 1482 se
2297 1433 2397 1482 fieri

234 1518 411 1567 debere
449 1537 550 1567 non
600 1522 814 1585 ignorat,
854 1520 1171 1586 praetermittit
1190 1559 1202 1583 ,
1244 1529 1387 1585 atque
1425 1520 1487 1567 ita
1526 1519 1627 1583 jam
1666 1518 1714 1564 in
1766 1517 2125 1582 suprapositum
2168 1515 2398 1563 inconve-

236 1599 373 1647 niens
397 1601 688 1649 relabemur.
718 1602 801 1648 Sin
825 1610 989 1648 autem
1009 1601 1139 1648 dicas
1164 1600 1225 1648 de
1250 1600 1401 1649 altero
1425 1599 1561 1666 quod
1585 1598 1766 1647 factum
1790 1614 1891 1645 non
1914 1607 2006 1655 est,
2036 1597 2148 1662 quia
2169 1613 2269 1644 non
2296 1609 2396 1646 erat

234 1678 424 1728 bonum
446 1691 500 1728 ut
535 1681 691 1744 fieret,
719 1681 811 1729 nisi
845 1682 910 1729 ita
934 1691 985 1730 ut
1018 1680 1223 1729 alterum
1260 1690 1488 1743 cessaret3
1518 1679 1735 1746 profecto
1758 1678 1928 1726 eadem
1954 1677 2140 1726 ratione
2163 1676 2225 1724 de
2249 1677 2398 1726 altero

236 1761 371 1824 quod
396 1761 573 1810 factum
598 1772 669 1810 est
683 1797 696 1820 ,
719 1779 822 1810 non
846 1762 938 1810 erit
958 1762 1237 1828 simpliciter
1258 1761 1657 1823 concedendum,
1684 1770 1737 1807 ut
1759 1759 1949 1807 bonum
1981 1769 2103 1808 esset
2124 1758 2243 1806 illud
2270 1759 2393 1822 fieri,

236 1857 502 1908 cumsaeque
524 1860 811 1892 concessum
831 1844 1014 1892 sit‘tam
1036 1843 1132 1892 hoc
1152 1861 1300 1910 quam
1319 1843 1439 1891 illud
1462 1842 1565 1890 fieri
1583 1842 1772 1890 bonum
1796 1858 1916 1889 esse.
1943 1841 2074 1888 Fecit
2090 1841 2253 1906 itaque
2271 1843 2399 1889 Deus

238 1923 369 1987 quod
411 1942 511 1973 non
552 1927 674 1974 erat*
695 1925 883 1973 bonum
908 1924 1048 1973 fieri?
1073 1924 1217 1974 Absit.
1248 1924 1435 1984 Quodsi
1468 1923 1587 1972 illud
1611 1924 1768 1971 solum
1805 1922 1938 1988 quod
1965 1921 2076 1970 facit
2112 1921 2216 1970 fieri
2250 1921 2312 1970 ab
2342 1940 2399 1970 eo

237 2003 425 2053 bonum
449 2016 545 2067 est,
579 2006 798 2073 profecto
818 2006 939 2055 illud
971 2007 1128 2055 solum
1162 2006 1295 2072 quod
1320 2006 1454 2066 facit,
1492 2006 1647 2053 facere
1670 2014 1852 2071 potest,
1878 2004 1959 2069 qui
1985 2003 2107 2050 nihil
2138 2003 2292 2051 facere
2316 2022 2401 2070 po-

238 2094 328 2134 test
350 2087 485 2152 quod
508 2105 610 2136 non
635 2088 696 2136 ab
717 2105 778 2136 eo
802 2087 905 2135 fieri
943 2087 1133 2136 bonum
1166 2097 1253 2135 est.
1281 2089 1382 2135 Hac
1416 2087 1579 2152 itaque
1613 2087 1800 2134 ratione
1824 2084 1873 2132 id
1897 2085 2057 2132 solum
2083 2101 2224 2151 posse
2247 2085 2402 2134 facere

238 2167 428 2215 videtur
448 2171 577 2217 Deus
598 2169 734 2233 quod
759 2168 873 2216 facit
890 2207 902 2230 ,
927 2170 1003 2216 vel
1027 2169 1146 2216 illud
1170 2168 1328 2216 solum
1362 2168 1603 2216 dimittere
1624 2184 1765 2234 posse
1787 2165 1918 2231 quod
1939 2165 2159 2226 dimittit,
2185 2183 2297 2228 cum
2334 2169 2400 2214 vi-

240 2247 415 2296 delicet
431 2250 481 2296 in
506 2250 701 2314 singulis
725 2249 956 2297 faciendis
981 2249 1056 2297 vel
1080 2248 1377 2298 dimittendis
1392 2248 1742 2298 rationabilem
1775 2247 1952 2296 habeat
1984 2262 2177 2296 causam
2191 2284 2203 2309 ,
2231 2265 2318 2295 cur
2341 2249 2401 2296 ab

240 2329 347 2394 ipso
366 2329 500 2377 zfiant
522 2330 597 2378 vel
621 2330 948 2393 dimittantur,
976 2347 1067 2378 nec
1090 2331 1191 2397 ipse
1215 2330 1511 2396 quidquam,
1538 2331 1623 2395 qui
1658 2345 1848 2378 summa
1883 2329 2006 2377 ratio
2037 2339 2130 2387 est,
2158 2338 2326 2378 contra
2352 2330 2402 2377 id

240 2409 375 2474 quod
397 2411 574 2459 rationi
596 2413 843 2475 congruit,
870 2421 952 2459 aut
972 2409 1094 2460 velle
1123 2422 1205 2460 aut
1241 2428 1382 2478 agere
1414 2421 1575 2477 queat.
1605 2415 1757 2460 Nemo
1789 2411 1973 2477 quippe
2005 2409 2139 2476 quod
2165 2426 2194 2458 a
2217 2411 2402 2458 ratione

243 2490 464 2552 dissidet,
493 2492 613 2540 velle
633 2493 709 2540 vel
732 2509 872 2557 agere
895 2493 1247 2542 rationabiliter
1268 2502 1444 2559 potest.
1466 2493 1613 2552 Quod
1626 2493 1880 2558 diligenter
1895 2491 2066 2540 beatus
2080 2491 2403 2555 Hieronymus

241 2571 488 2621 attendere
513 2573 641 2622 visus
665 2584 762 2634 est,
790 2591 902 2622 cum
927 2574 1243 2622 Eustochium
1274 2574 1511 2639 virginem
1535 2574 1596 2623 ad
1618 2572 1977 2622 observandum
2010 2562 2184 2619 sanctae
2205 2572 2401 2635 virgini-

244 2654 351 2700 tatis
385 2655 691 2720 propositum
731 2654 996 2703 adhortans
1031 2656 1117 2703 ait⁵
1144 2673 1154 2701 ε
1183 2657 1374 2719 «Virgo
1409 2654 1552 2703 Israel
1585 2654 1788 2715 cecidit,
1816 2664 1864 2701 et
1886 2670 1987 2701 non
2008 2662 2078 2700 est
2104 2652 2184 2717 qui
2210 2653 2401 2702 suscitet

242 2748 366 2780 eam.
386 2734 847 2799 Audacterssloquar,
873 2753 986 2783 cum
1013 2736 1178 2783 omnia
1202 2735 1357 2800 possit
1378 2738 1532 2795 Deus,
1559 2735 1794 2798 virginem
1817 2744 1928 2800 post
1958 2733 2150 2782 ruinam
2173 2735 2402 2783 suscitare

243 2823 573 2879 nonpotest.»
597 2818 714 2873 Quae
731 2815 930 2880 quidem
949 2815 1097 2863 verba
1121 2815 1402 2879 Hieronymi
1427 2825 1597 2863 contra
1624 2815 1999 2863 calumniatores
2022 2813 2219 2880 quidam
2243 2814 2405 2863 defen—

244 2895 380 2956 dens,
406 2895 533 2942 inter
554 2905 726 2943 caetera
750 2913 856 2961 quae
885 2896 946 2944 de
970 2897 1066 2943 vita
1091 2897 1193 2960 ejus
1217 2894 1473 2958 scribebat,
1496 2896 1589 2944 ait:
1612 2916 1634 2942 «
1661 2898 1865 2944 Sanctus
1889 2895 2213 2961 Hieronymus
2236 2898 2406 2944 Eusto-

244 2974 355 3023 chio
386 2975 448 3023 ad
466 2975 676 3024 ‘meliora
701 2976 885 3023 studuit
916 2975 1163 3024 hortando
1187 2976 1447 3025 mandare:
1476 2980 1599 3025 Cum
1630 2977 1792 3026 omnia
1824 2977 1977 3043 possit
1996 2979 2151 3039 Deus,
2175 2977 2407 3041 virginem

243 3066 354 3121 post
384 3057 574 3104 ruinam
613 3057 842 3104 suscitare
875 3073 977 3105 non
1014 3058 1375 3124 potest.·Quod
1414 3075 1513 3106 non
1551 3074 1693 3124 posse
1718 3057 1820 3106 Dei
1850 3074 1950 3105 non
1980 3057 2102 3106 velle
2130 3058 2225 3106 alio
2258 3057 2407 3105 modo

288 3216 295 3234 ¹
312 3212 378 3247 Sic.
399 3213 511 3247 Theol.
534 3214 659 3248 Christ.
686 3214 785 3248 Amb.
807 3214 903 3254 Quod
921 3214 1058 3256 Justum
1069 3214 1206 3257 justum
1224 3219 1288 3257 est,
1364 3214 1536 3248 Cod.Vict.
1550 3216 1615 3248 Sed
1629 3214 1688 3248 vix
1705 3214 1828 3248 habeat
1842 3214 1980 3257 profero
1992 3215 2176 3255 rationem,
2188 3214 2345 3247 Δηὼ-3
2355 3213 2407 3245 Sic

245 3265 347 3300 aliud
369 3267 494 3301 bonum
517 3277 576 3301 seu
599 3268 804 3302 rationabile
819 3269 857 3302 id
872 3269 1079 3311 quodmodo
1103 3269 1201 3312 facit,
1219 3279 1291 3311 quae
1364 3268 1541 3304 Cod.Vict.
1554 3270 1651 3303 Hanc
1668 3269 1833 3302 Amb.——⁴
1846 3270 1897 3302 Sic
1912 3268 1992 3301 Cod.
2008 3268 2091 3301 Vict.
2102 3268 2248 3301 Noverat
2263 3275 2324 3307 pro
2341 3275 2406 3301 non

248 3320 344 3353 verba
362 3322 487 3354 nullum
503 3331 634 3355 sensum
652 3325 807 3356 efficiunt.
826 3342 863 3347 -
880 3325 892 3343 ²
909 3324 961 3356 Sic
981 3322 1092 3356 Theol.
1116 3324 1239 3358 Christ.
1259 3328 1291 3356 et
1344 3340 1346 3343 ·
1365 3327 1461 3365 erat,
1477 3323 1575 3356 Amb.
1589 3341 1627 3348 -
1644 3323 1779 3366 ⁵Epist.
1795 3332 1894 3365 xvm,
1914 3323 2016 3365 Opp.,
2033 3327 2056 3354 t.
2076 3320 2130 3363 lv,
2149 3331 2182 3362 p.
2204 3322 2253 3361 11,
2270 3319 2332 3352 col.
2352 3320 2405 3351 29.
