2638 3866
957 209 1303 260 THEOLOGlA
1347 213 1716 262 CHRISTlANA.
2319 218 2407 268 42⁴

266 310 632 360 veneratoribus
678 309 813 360 nulla
863 310 1115 359 retributio
1154 313 1203 359 in
1248 313 1350 378 lege
1392 314 1454 362 de
1492 314 1829 363 observatione
1870 316 1984 381 legis
2026 317 2163 381 juxta
2208 318 2413 368 litteram

266 392 500 456 promissa
527 400 611 441 aut
639 391 936 457 expectanda
972 401 1071 453 est,
1113 393 1207 440 nisi
1244 395 1536 460 prosperitas
1571 405 1784 456 terrena,
1819 396 1883 444 ad
1912 413 2058 462 quam
2095 408 2201 445 toto
2227 399 2413 449 inhiant

267 472 532 534 desiderio;
573 489 680 538 quae
714 471 912 537 quidem
933 473 1189 538 promissio
1230 475 1279 522 iu
1324 478 1692 542 Deuteronomio
1744 487 1908 542 aperte
1947 479 2224 527 continetur
2272 484 2410 547 capi-

269 554 369 602 tulo
394 571 505 602 xx1v
528 563 575 603 et
599 570 761 603 xxvm.
787 556 844 601 At
865 569 981 601 vero
1005 554 1088 619 qui
1112 554 1192 603 hic
1215 557 1487 606 transitoria
1511 557 1799 625 despiciunt,
1827 575 2020 606 necesse
2049 570 2123 607 est
2145 571 2198 608 ut
2220 563 2412 627 potiora

267 635 342 682 his
377 635 537 700 aliqua
571 644 763 701 sperent
798 651 905 699 quae
938 645 1052 682 sunt
1090 645 1285 698 aeterna,
1327 638 1450 686 sicut
1482 638 1761 704 philosophi
1799 648 1847 686 et
1885 639 2161 689 Christiani.
2204 643 2328 690 Hinc
2367 656 2413 692 et

267 731 413 780 supra
443 717 765 782 Hieronymus
800 716 1187 765 consolationem
1222 719 1430 766 Socratis
1467 719 1656 767 induxit
1689 736 1834 785 super
1870 721 2277 772 condemnatione
2311 725 2414 789 ejus

265 796 327 844 ad
350 807 559 845 mortem
577 797 882 854 immeritam,
910 797 972 845 de
991 797 1316 863 promerenda
1332 799 1619 847 immortalis
1636 802 1808 848 animae
1832 800 2145 862 beatitudine,
2171 814 2222 851 ut
2245 815 2339 853 tam
2363 809 2411 854 in

266 874 361 924 fide
391 879 576 926 Sanctae
599 877 857 940 Trinitatis,
890 894 1037 943 quam
1067 878 1116 925 in
1143 895 1230 944 spe
1255 878 1425 927 futurae
1449 879 1759 928 beatitudinis
1791 881 2077 946 conjunctos
2099 883 2244 932 nobis
2270 886 2413 934 fuisse

265 947 960 1028 philosophosintelligamus,
997 972 1043 1009 et
1075 962 1302 1010 eumdem
1334 964 1550 1028 utrisque
1579 963 1727 1011 tinem
1758 981 1860 1012 esse
1882 966 2187 1031 propositum
2222 985 2278 1015 ac
2306 969 2414 1018 bra-

265 1043 399 1090 vium
432 1044 607 1109 ipsum,
642 1043 863 1092 videlicet
893 1059 1136 1091 summum
1161 1043 1297 1108 quod
1321 1047 1452 1092 Deus
1473 1055 1545 1092 est
1568 1049 1800 1093 Bonum‘.
1828 1046 1968 1094 Unde
1991 1057 2038 1094 et
2060 1064 2172 1095 cum
2197 1051 2413 1115 superius

266 1122 328 1170 de
356 1124 463 1189 ipso
486 1126 683 1173 Socrate
704 1124 873 1172 beatus
899 1133 1060 1189 ageret
1083 1125 1387 1188 Augustinus,
1416 1126 1601 1174 dictum
1632 1136 1700 1174 est
1722 1126 1783 1174 de
1806 1143 1865 1173 eo
1885 1128 2010 1175 inter
2036 1138 2190 1176 cetera
2206 1133 2217 1155 ¹
2241 1149 2253 1177 z
2285 1151 2307 1173 ιι
2331 1133 2414 1179 Hic

265 1205 484 1253 animum
525 1205 732 1254 intendit
762 1205 824 1253 ad
853 1205 950 1253 hoc
985 1205 1122 1270 quod
1161 1216 1282 1254 esset
1319 1206 1470 1255 beatae
1506 1208 1615 1255 vitae
1654 1209 1992 1270 necessarium,
2034 1221 2233 1276 propter
2268 1231 2411 1278 quam

266 1302 413 1334 unam
440 1287 660 1335 omnium
687 1286 1093 1354 philosophorum
1127 1287 1395 1353 invigilasse
1426 1305 1483 1337 ac
1508 1288 1753 1337 laborasse
1777 1289 1967 1337 videtur
1992 1291 2243 1340 industria.
2268 1313 2289 1338 υ
2319 1297 2412 1352 Qui

265 1366 410 1415 etiam
443 1367 506 1415 de
534 1368 781 1434 discipulis
814 1369 1021 1416 Socratis
1052 1368 1225 1433 adjecit
1260 1369 1481 1417 dicens’:
1515 1372 1776 1429 «Quorum
1813 1373 2028 1419 certatim
2059 1373 2272 1421 studium
2305 1375 2408 1433 suit,

265 1447 313 1495 in
351 1450 671 1513 quaestionum
707 1450 964 1498 moralium
997 1449 1343 1516 disceptatione
1373 1452 1580 1513 versari,
1618 1452 1702 1498 ubi
1730 1453 1887 1516 agitur
1922 1452 1983 1500 de
2019 1455 2221 1501 Summo
2257 1459 2407 1511 Bono,

264 1530 366 1577 sine
388 1547 488 1594 quo
522 1530 626 1579 fieri
649 1531 817 1580 beatus
845 1532 1006 1580 nullus
1028 1541 1202 1598 potest.
1231 1551 1254 1577 >›
1295 1532 1364 1580 Ad
1394 1532 1488 1580 hoc
1521 1543 1567 1580 et
1598 1533 1678 1581 illa
1710 1533 1917 1598 pertinet
1949 1534 2238 1594 exhortatio,
2265 1554 2410 1601 quam

266 1611 532 1659 rectoribus
560 1613 835 1678 reipublicae
865 1612 1045 1661 Tullius
1069 1612 1252 1674 scribit,
1283 1613 1521 1662 inducens
1548 1613 1727 1661 scilicet
1756 1631 1899 1661 avum
1928 1614 2181 1680 Scipionis,
2215 1633 2325 1663 cum
2353 1634 2412 1665 eo

264 1709 350 1757 per
373 1709 602 1740 somnum
621 1694 687 1741 ita
709 1693 991 1758 loquentem
1019 1712 1029 1741 z
1059 1694 1195 1741 «Sed
1218 1711 1317 1759 quo
1346 1695 1425 1756 sis,
1451 1695 1683 1753 Africane,
1705 1695 1909 1742 alacrior
1934 1695 1996 1742 ad
2018 1697 2271 1745 tutandam
2291 1715 2411 1745 rem-

262 1772 525 1837 publicam,
568 1774 637 1822 sic
672 1774 852 1822 habeto
891 1774 1170 1822 :Omnibus
1201 1775 1285 1840 qui
1318 1776 1523 1840 patriam
1563 1776 1956 1823 conservaverint
1992 1786 2177 1824 certum
2216 1794 2318 1826 esse
2362 1780 2410 1826 in

261 1852 385 1900 coelo
409 1853 664 1901 definitum
686 1854 870 1914 locum,
900 1853 986 1902 ubi
1006 1853 1138 1902 beati
1162 1872 1264 1903 aevo
1288 1856 1582 1921 sempiterno
1607 1855 1841 1903 fruantur.
1870 1855 1994 1902 Nihil
2019 1866 2089 1903 est
2120 1857 2185 1904 illi
2208 1859 2412 1924 principi

260 1935 364 1981 Deo
392 1934 475 1999 qui
505 1951 703 1983 omnem
739 1934 980 1983 mundum
1014 1936 1161 2000 regit,
1198 1935 1333 2000 quod
1363 1937 1562 2001 quidem
1598 1938 1647 1984 in
1687 1937 1825 1984 terris
1862 1935 1962 1997 fiat,
2003 1939 2243 2003 acceptius
2266 1957 2409 2004 quam

259 2013 464 2062 concilia
489 2025 730 2080 oaetusque
749 2016 1130 2081 hominum'jure
1148 2017 1335 2074 sociati,
1365 2034 1471 2081 quae
1493 2019 1708 2066 civitates
1732 2018 2051 2084 appellantur.
2082 2039 2104 2062 »

326 2097 453 2143 Bene
488 2105 649 2145 autem
674 2096 907 2156 subdidit,
946 2113 1005 2144 ex
1043 2097 1118 2144 his
1149 2114 1255 2162 quae
1285 2098 1333 2144 in
1368 2099 1506 2144 terris
1545 2097 1678 2158 fiant,
1713 2097 1810 2145 hoe
1843 2107 1913 2145 est
1949 2099 1996 2145 in
2031 2101 2279 2146 communi
2314 2100 2413 2147 ho-

261 2175 450 2222 minum
481 2175 799 2228 habitatione.
836 2177 972 2242 quod
1002 2177 1064 2224 ad
1089 2178 1295 2226 activam
1325 2178 1632 2226 referendum
1663 2188 1734 2226 est
1752 2178 1920 2239 vitam,
1951 2195 2057 2242 quae
2083 2180 2131 2225 in
2158 2181 2410 2227 necessita-

259 2254 389 2303 tibus
414 2257 649 2320 proximi,
679 2275 793 2306 cum
815 2275 916 2322 quo
944 2257 1208 2319 inhabitat,
1235 2274 1401 2306 amore
1425 2275 1620 2324 quoque
1644 2259 1793 2324 ipsius
1816 2258 2006 2306 laborat
2034 2259 2082 2305 in
2115 2260 2334 2319 terrenis,
2363 2271 2413 2307 ut

258 2335 435 2384 habeat
457 2337 590 2385 unde
613 2337 792 2387 tribuat
816 2339 1152 2387 necessitatem
1170 2339 1387 2404 patienti,
1413 2349 1459 2387 et
1476 2340 1519 2387 ei
1545 2340 1751 2387 fructum
1777 2340 1851 2387 sui
1876 2341 2187 2388 commisceat
2212 2340 2406 2387 laboris.

258 2416 450 2480 Majoris
477 2419 660 2485 quippe
684 2420 841 2467 meriti
871 2419 1081 2468 solitaria
1115 2419 1211 2467 vita
1245 2429 1317 2467 est
1344 2420 1784 2486 contemplationis,
1812 2436 1909 2485 qua
1937 2437 2029 2468 nos
2059 2422 2238 2468 nimius
2263 2421 2409 2468 divini

316 2548 330 2565 ²
354 2537 645 2598 Hieronymus
666 2539 723 2583 ad
745 2539 975 2582 Paulinum
1002 2541 1301 2600 presbyterum
1331 2539 1386 2583 de
1418 2541 1619 2583 omnibus
1650 2539 1808 2583 divinae
1838 2540 2027 2583 historiae
2055 2541 2173 2583 libris
2202 2556 2212 2583 t
2253 2561 2268 2577 «
2292 2541 2414 2599 Legi-

256 2618 352 2645 mus
383 2603 428 2645 in
456 2606 674 2649 veteribus
700 2607 903 2656 historiis,
936 2605 1148 2665 quosdam
1179 2607 1377 2649 lustrasse
1400 2607 1665 2666 provincias,
1692 2621 1828 2649 novos
1858 2605 2010 2649 adiisse
2034 2606 2241 2666 populos,
2280 2608 2412 2648 maria

256 2669 469 2724 transisse,
495 2681 544 2713 ut
571 2687 645 2715 eos
670 2688 778 2731 quos
808 2688 862 2716 ex
884 2671 1005 2715 libris
1033 2683 1266 2724 noverant,
1298 2687 1447 2715 coram
1470 2688 1642 2731 quoque
1673 2671 1887 2715 viderent.
1914 2672 1981 2714 Sic
2003 2672 2235 2731 Pytagoras
2267 2671 2411 2714 Mem-

255 2733 441 2792 phiticos
469 2747 604 2792 vates,
643 2739 702 2780 sic
734 2738 858 2780 Plato
892 2738 1131 2798 AEgyptum
1159 2749 1204 2780 et
1224 2737 1448 2780 Architam
1470 2738 1752 2780 Tarentinum
1782 2751 1963 2795 eamque
1996 2752 2116 2779 oram
2147 2736 2282 2779 Italiae
2318 2754 2413 2796 quae

257 2798 479 2858 quondam
497 2817 655 2862 magna
664 2803 832 2846 Groecia
847 2802 1086 2855 dicebatur,
1110 2802 1442 2845 laboriosissime
1458 2804 1729 2862 peragravit3
1753 2813 1802 2844 ut
1815 2803 1888 2860 qui
1902 2802 2081 2845 Athenis
2103 2803 2304 2862 magister
2324 2815 2414 2847 erat

257 2879 301 2912 et
318 2876 487 2926 potem,
514 2870 716 2928 cujusque
740 2869 983 2912 doctrinam
1014 2868 1261 2912 Academiae
1280 2869 1514 2927 Gymnasia
1535 2869 1845 2928 personabant,
1873 2868 1995 2911 fieret
2013 2870 2264 2928 peregrinus
2287 2881 2413 2928 atque

257 2931 511 2991 discipulus,
543 2935 707 2978 malens
738 2934 877 2977 aliena
902 2933 1147 2977 verecunde
1171 2934 1351 2988 discere,
1386 2949 1517 2993 quam
1550 2950 1625 2977 sua
1655 2934 1951 2994 imprudenter
1972 2935 2184 2995 ingerere.
2216 2935 2412 2993 Denique

256 3013 357 3043 cum
383 2996 546 3042 litteras
574 3002 695 3059 quasi
721 3011 815 3043 toto
844 3000 1054 3060 fugientes
1078 2999 1184 3043 orbe
1202 3000 1489 3060 persequitur,
1514 3010 1663 3059 captus
1685 3015 1709 3043 a
1732 3000 1879 3060 piratis
1902 3012 1945 3043 et
1966 3000 2257 3052 venundatus,
2283 3000 2410 3042 etiam

255 3078 441 3125 tyranno
467 3066 760 3109 crudelissimo
790 3066 955 3126 paruit,
986 3066 1153 3109 vinctus
1179 3077 1223 3110 et
1244 3081 1404 3110 servus.
1430 3067 1596 3109 Tamen
1627 3066 1726 3125 quia
1753 3066 2058 3126 philosophus,
2082 3065 2222 3121 major
2242 3076 2411 3108 emente

258 3147 302 3175 se
325 3130 421 3174 fuit.
446 3150 462 3166 υ

304 3323 310 3340 ¹
330 3321 429 3360 Aug„
446 3322 485 3353 de
504 3322 605 3355 Citii..
625 3323 699 3360 Det,
718 3323 774 3354 lib.
795 3321 879 3361 Vlll,
898 3331 968 3363 cap.
989 3330 1036 3354 ni.
1057 3339 1097 3345 ——
1121 3324 1131 3342 ²
1149 3324 1303 3362 August,
1330 3322 1414 3354 ibid.
