<?xml version="1.0" encoding="UTF-8"?>
<!DOCTYPE html PUBLIC "-//W3C//DTD XHTML 1.0 Transitional//EN"
    "http://www.w3.org/TR/xhtml1/DTD/xhtml1-transitional.dtd">
<html xmlns="http://www.w3.org/1999/xhtml" xml:lang="en" lang="en">
 <head>
  <title>
</title>
<meta http-equiv="Content-Type" content="text/html;charset=utf-8" />
  <meta name='ocr-system' content='tesseract 3.04.00' />
  <meta name='ocr-capabilities' content='ocr_page ocr_carea ocr_par ocr_line ocrx_word'/>
</head>
<body>
  <div class='ocr_page' id='page_1' title='image "./operahactenusseo00abeluoft_0433.png"; bbox 0 0 2638 3866; ppageno 0'>
   <div class='ocr_carea' id='block_1_1' title="bbox 912 250 2380 303">
    <p class='ocr_par' dir='ltr' id='par_1_1' title="bbox 912 250 2380 303">
     <span class='ocr_line' id='line_1_1' title="bbox 912 250 2380 303; baseline 0.004 -6"><span class='ocrx_word' id='word_1_1' title='bbox 912 250 1264 299; x_wconf 85' lang='lat' dir='ltr'><strong>THEOLOGIA</strong></span> <span class='ocrx_word' id='word_1_2' title='bbox 1309 252 1663 302; x_wconf 84' lang='lat' dir='ltr'><strong>CHRISTlANA</strong></span> <span class='ocrx_word' id='word_1_3' title='bbox 1674 288 1685 298; x_wconf 90' lang='lat'><strong>.</strong></span> <span class='ocrx_word' id='word_1_4' title='bbox 2285 256 2380 303; x_wconf 76' lang='lat'><strong>423</strong></span> 
     </span>
    </p>
   </div>
   <div class='ocr_carea' id='block_1_2' title="bbox 219 351 2384 1147">
    <p class='ocr_par' dir='ltr' id='par_1_2' title="bbox 219 351 2384 1147">
     <span class='ocr_line' id='line_1_2' title="bbox 219 351 2380 420; baseline 0.001 -18"><span class='ocrx_word' id='word_1_5' title='bbox 219 355 543 419; x_wconf 77' lang='lat' dir='ltr'>Hieronymus</span> <span class='ocrx_word' id='word_1_6' title='bbox 575 351 813 419; x_wconf 88' lang='lat' dir='ltr'><strong>perhibet,</strong></span> <span class='ocrx_word' id='word_1_7' title='bbox 850 361 955 400; x_wconf 90' lang='lat' dir='ltr'><strong>tum</strong></span> <span class='ocrx_word' id='word_1_8' title='bbox 985 353 1100 417; x_wconf 92' lang='lat' dir='ltr'><strong>quia</strong></span> <span class='ocrx_word' id='word_1_9' title='bbox 1132 353 1182 400; x_wconf 92' lang='lat' dir='ltr'><strong>in</strong></span> <span class='ocrx_word' id='word_1_10' title='bbox 1207 354 1274 401; x_wconf 89' lang='lat' dir='ltr'><strong>eis</strong></span> <span class='ocrx_word' id='word_1_11' title='bbox 1308 354 1491 403; x_wconf 90' lang='lat' dir='ltr'><strong>nullam</strong></span> <span class='ocrx_word' id='word_1_12' title='bbox 1515 354 1791 419; x_wconf 89' lang='lat' dir='ltr'><strong>judicarent</strong></span> <span class='ocrx_word' id='word_1_13' title='bbox 1820 354 2040 419; x_wconf 77' lang='lat' dir='ltr'>gloriam,</span> <span class='ocrx_word' id='word_1_14' title='bbox 2077 371 2182 420; x_wconf 86' lang='lat' dir='ltr'><strong>quae</strong></span> <span class='ocrx_word' id='word_1_15' title='bbox 2224 366 2322 404; x_wconf 87' lang='lat' dir='ltr'><strong>tam</strong></span> <span class='ocrx_word' id='word_1_16' title='bbox 2354 375 2380 404; x_wconf 89' lang='lat' dir='ltr'><strong>a</strong></span> 
     </span>
     <span class='ocr_line' id='line_1_3' title="bbox 220 432 2377 501; baseline 0 -18"><span class='ocrx_word' id='word_1_17' title='bbox 220 435 436 501; x_wconf 79' lang='lat' dir='ltr'><strong>pessimis</strong></span> <span class='ocrx_word' id='word_1_18' title='bbox 462 450 610 499; x_wconf 89' lang='lat' dir='ltr'><strong>quam</strong></span> <span class='ocrx_word' id='word_1_19' title='bbox 645 433 708 482; x_wconf 87' lang='lat' dir='ltr'><strong>ab</strong></span> <span class='ocrx_word' id='word_1_20' title='bbox 736 432 932 499; x_wconf 89' lang='lat' dir='ltr'><strong>optimis</strong></span> <span class='ocrx_word' id='word_1_21' title='bbox 960 433 1074 480; x_wconf 87' lang='lat' dir='ltr'><strong>viris</strong></span> <span class='ocrx_word' id='word_1_22' title='bbox 1105 434 1340 499; x_wconf 89' lang='lat' dir='ltr'><strong>possideri</strong></span> <span class='ocrx_word' id='word_1_23' title='bbox 1370 435 1573 501; x_wconf 88' lang='lat' dir='ltr'><strong>possint,</strong></span> <span class='ocrx_word' id='word_1_24' title='bbox 1612 445 1660 483; x_wconf 93' lang='lat' dir='ltr'><strong>et</strong></span> <span class='ocrx_word' id='word_1_25' title='bbox 1692 435 2047 500; x_wconf 88' lang='lat' dir='ltr'><strong>iniquissimum</strong></span> <span class='ocrx_word' id='word_1_26' title='bbox 2082 453 2184 485; x_wconf 91' lang='lat' dir='ltr'><strong>esse</strong></span> <span class='ocrx_word' id='word_1_27' title='bbox 2222 447 2377 484; x_wconf 81' lang='lat' dir='ltr'><strong>atten-</strong></span> 
     </span>
     <span class='ocr_line' id='line_1_4' title="bbox 221 513 2378 580; baseline 0 -16"><span class='ocrx_word' id='word_1_28' title='bbox 221 516 389 565; x_wconf 91' lang='lat' dir='ltr'><strong>derent</strong></span> <span class='ocrx_word' id='word_1_29' title='bbox 416 515 547 564; x_wconf 90' lang='lat' dir='ltr'><strong>illam</strong></span> <span class='ocrx_word' id='word_1_30' title='bbox 569 515 772 563; x_wconf 89' lang='lat' dir='ltr'><strong>humani</strong></span> <span class='ocrx_word' id='word_1_31' title='bbox 795 514 944 563; x_wconf 90' lang='lat' dir='ltr'><strong>animi</strong></span> <span class='ocrx_word' id='word_1_32' title='bbox 967 513 1317 576; x_wconf 88' lang='lat' dir='ltr'><strong>excellentiam,</strong></span> <span class='ocrx_word' id='word_1_33' title='bbox 1343 526 1392 564; x_wconf 89' lang='lat' dir='ltr'><strong>et</strong></span> <span class='ocrx_word' id='word_1_34' title='bbox 1414 516 1588 564; x_wconf 81' lang='lat' dir='ltr'><strong>divinae</strong></span> <span class='ocrx_word' id='word_1_35' title='bbox 1614 516 1763 564; x_wconf 90' lang='lat' dir='ltr'><strong>decus</strong></span> <span class='ocrx_word' id='word_1_36' title='bbox 1782 517 2002 580; x_wconf 87' lang='lat' dir='ltr'><strong>imaginis</strong></span> <span class='ocrx_word' id='word_1_37' title='bbox 2026 516 2172 565; x_wconf 90' lang='lat' dir='ltr'><strong>rebus</strong></span> <span class='ocrx_word' id='word_1_38' title='bbox 2197 518 2378 566; x_wconf 84' lang='lat' dir='ltr'><strong>infimis</strong></span> 
     </span>
     <span class='ocr_line' id='line_1_5' title="bbox 222 594 2376 662; baseline 0 -17"><span class='ocrx_word' id='word_1_39' title='bbox 222 607 267 645; x_wconf 93' lang='lat' dir='ltr'><strong>et</strong></span> <span class='ocrx_word' id='word_1_40' title='bbox 302 596 496 645; x_wconf 85' lang='lat' dir='ltr'><strong>caducis</strong></span> <span class='ocrx_word' id='word_1_41' title='bbox 537 595 707 656; x_wconf 90' lang='lat' dir='ltr'><strong>subdi;</strong></span> <span class='ocrx_word' id='word_1_42' title='bbox 744 603 845 642; x_wconf 89' lang='lat' dir='ltr'><strong>tum</strong></span> <span class='ocrx_word' id='word_1_43' title='bbox 884 594 999 659; x_wconf 90' lang='lat' dir='ltr'><strong>quia</strong></span> <span class='ocrx_word' id='word_1_44' title='bbox 1032 594 1121 643; x_wconf 90' lang='lat' dir='ltr'><strong>has</strong></span> <span class='ocrx_word' id='word_1_45' title='bbox 1156 596 1508 662; x_wconf 90' lang='lat' dir='ltr'><strong>impedimento</strong></span> <span class='ocrx_word' id='word_1_46' title='bbox 1543 613 1646 645; x_wconf 87' lang='lat' dir='ltr'><strong>esse</strong></span> <span class='ocrx_word' id='word_1_47' title='bbox 1679 597 2013 662; x_wconf 67' lang='lat' dir='ltr'><strong>praesentirent</strong></span> <span class='ocrx_word' id='word_1_48' title='bbox 2050 598 2111 645; x_wconf 89' lang='lat' dir='ltr'><strong>ad</strong></span> <span class='ocrx_word' id='word_1_49' title='bbox 2145 599 2376 659; x_wconf 85' lang='lat' dir='ltr'><strong>studium,</strong></span> 
     </span>
     <span class='ocr_line' id='line_1_6' title="bbox 222 675 2379 745; baseline 0 -19"><span class='ocrx_word' id='word_1_50' title='bbox 222 679 320 726; x_wconf 90' lang='lat' dir='ltr'><strong>sive</strong></span> <span class='ocrx_word' id='word_1_51' title='bbox 352 677 415 726; x_wconf 91' lang='lat' dir='ltr'><strong>ad</strong></span> <span class='ocrx_word' id='word_1_52' title='bbox 442 694 567 725; x_wconf 79' lang='lat' dir='ltr'><strong>verae</strong></span> <span class='ocrx_word' id='word_1_53' title='bbox 586 675 897 724; x_wconf 87' lang='lat' dir='ltr'><strong>beatitudinis</strong></span> <span class='ocrx_word' id='word_1_54' title='bbox 918 677 1301 741; x_wconf 86' lang='lat' dir='ltr'><strong>perceptionem,</strong></span> <span class='ocrx_word' id='word_1_55' title='bbox 1337 679 1474 743; x_wconf 87' lang='lat' dir='ltr'><strong>quasi</strong></span> <span class='ocrx_word' id='word_1_56' title='bbox 1489 679 1591 742; x_wconf 88' lang='lat' dir='ltr'><strong>jam</strong></span> <span class='ocrx_word' id='word_1_57' title='bbox 1619 687 1734 725; x_wconf 89' lang='lat' dir='ltr'><strong>tunc</strong></span> <span class='ocrx_word' id='word_1_58' title='bbox 1758 677 1806 724; x_wconf 90' lang='lat' dir='ltr'><strong>in</strong></span> <span class='ocrx_word' id='word_1_59' title='bbox 1836 678 1948 743; x_wconf 91' lang='lat' dir='ltr'><strong>ipsis</strong></span> <span class='ocrx_word' id='word_1_60' title='bbox 1972 678 2276 745; x_wconf 88' lang='lat' dir='ltr'><strong>philosophis</strong></span> <span class='ocrx_word' id='word_1_61' title='bbox 2301 680 2379 727; x_wconf 87' lang='lat' dir='ltr'><strong>illa</strong></span> 
     </span>
     <span class='ocr_line' id='line_1_7' title="bbox 222 756 2377 825; baseline 0 -18"><span class='ocrx_word' id='word_1_62' title='bbox 222 760 444 807; x_wconf 81' lang='lat' dir='ltr'><strong>Veritatis</strong></span> <span class='ocrx_word' id='word_1_63' title='bbox 473 757 748 825; x_wconf 81' lang='lat' dir='ltr'><strong>praedicatio</strong></span> <span class='ocrx_word' id='word_1_64' title='bbox 780 756 979 805; x_wconf 83' lang='lat' dir='ltr'><strong>diceret¹</strong></span> <span class='ocrx_word' id='word_1_65' title='bbox 1014 775 1025 804; x_wconf 71' lang='grc' dir='ltr'><strong>ι</strong></span> <span class='ocrx_word' id='word_1_66' title='bbox 1059 775 1083 801; x_wconf 89' lang='lat'>«</span> <span class='ocrx_word' id='word_1_67' title='bbox 1107 757 1204 805; x_wconf 88' lang='lat' dir='ltr'><strong>Nisi</strong></span> <span class='ocrx_word' id='word_1_68' title='bbox 1233 759 1341 823; x_wconf 91' lang='lat' dir='ltr'><strong>quis</strong></span> <span class='ocrx_word' id='word_1_69' title='bbox 1363 759 1720 807; x_wconf 82' lang='lat' dir='ltr'><strong>renunciaverit</strong></span> <span class='ocrx_word' id='word_1_70' title='bbox 1747 758 1976 807; x_wconf 88' lang='lat' dir='ltr'><strong>omnibus</strong></span> <span class='ocrx_word' id='word_1_71' title='bbox 1999 776 2104 824; x_wconf 87' lang='lat' dir='ltr'><strong>quae</strong></span> <span class='ocrx_word' id='word_1_72' title='bbox 2133 760 2377 825; x_wconf 88' lang='lat' dir='ltr'><strong>possidet,</strong></span> 
     </span>
     <span class='ocr_line' id='line_1_8' title="bbox 223 836 2382 905; baseline 0 -18"><span class='ocrx_word' id='word_1_73' title='bbox 223 856 323 888; x_wconf 90' lang='lat' dir='ltr'><strong>non</strong></span> <span class='ocrx_word' id='word_1_74' title='bbox 359 848 518 905; x_wconf 88' lang='lat' dir='ltr'><strong>potest</strong></span> <span class='ocrx_word' id='word_1_75' title='bbox 547 855 683 887; x_wconf 90' lang='lat' dir='ltr'><strong>meus</strong></span> <span class='ocrx_word' id='word_1_76' title='bbox 715 853 816 885; x_wconf 91' lang='lat' dir='ltr'><strong>esse</strong></span> <span class='ocrx_word' id='word_1_77' title='bbox 849 836 1127 903; x_wconf 89' lang='lat' dir='ltr'><strong>discipulus.</strong></span> <span class='ocrx_word' id='word_1_78' title='bbox 1156 858 1178 879; x_wconf 68' lang='lat' dir='ltr'><strong>u</strong></span> <span class='ocrx_word' id='word_1_79' title='bbox 1222 842 1280 886; x_wconf 92' lang='lat' dir='ltr'><strong>Et</strong></span> <span class='ocrx_word' id='word_1_80' title='bbox 1307 839 1543 887; x_wconf 79' lang='lat' dir='ltr'><strong>iterum²:</strong></span> <span class='ocrx_word' id='word_1_81' title='bbox 1576 860 1599 885; x_wconf 90' lang='lat'>«</span> <span class='ocrx_word' id='word_1_82' title='bbox 1620 841 1727 887; x_wconf 88' lang='lat' dir='ltr'><strong>Non</strong></span> <span class='ocrx_word' id='word_1_83' title='bbox 1759 841 1958 905; x_wconf 89' lang='lat' dir='ltr'><strong>potestis</strong></span> <span class='ocrx_word' id='word_1_84' title='bbox 1983 840 2161 888; x_wconf 90' lang='lat' dir='ltr'><strong>servire</strong></span> <span class='ocrx_word' id='word_1_85' title='bbox 2194 844 2297 888; x_wconf 93' lang='lat' dir='ltr'><strong>Deo</strong></span> <span class='ocrx_word' id='word_1_86' title='bbox 2335 853 2382 888; x_wconf 84' lang='lat' dir='ltr'><strong>et</strong></span> 
     </span>
     <span class='ocr_line' id='line_1_9' title="bbox 222 918 2384 985; baseline -0 -17"><span class='ocrx_word' id='word_1_87' title='bbox 222 922 526 968; x_wconf 86' lang='lat' dir='ltr'><strong>Mammonae.</strong></span> <span class='ocrx_word' id='word_1_88' title='bbox 558 938 581 964; x_wconf 88' lang='lat'>»</span> <span class='ocrx_word' id='word_1_89' title='bbox 623 921 845 978; x_wconf 91' lang='lat' dir='ltr'><strong>Quorum</strong></span> <span class='ocrx_word' id='word_1_90' title='bbox 886 918 1086 983; x_wconf 90' lang='lat' dir='ltr'><strong>quidem</strong></span> <span class='ocrx_word' id='word_1_91' title='bbox 1126 935 1253 967; x_wconf 90' lang='lat' dir='ltr'><strong>unus</strong></span> <span class='ocrx_word' id='word_1_92' title='bbox 1294 919 1546 985; x_wconf 84' lang='lat' dir='ltr'><strong>diligenter</strong></span> <span class='ocrx_word' id='word_1_93' title='bbox 1583 919 1865 981; x_wconf 84' lang='lat' dir='ltr'><strong>attendens,</strong></span> <span class='ocrx_word' id='word_1_94' title='bbox 1908 920 2028 984; x_wconf 92' lang='lat' dir='ltr'><strong>quid</strong></span> <span class='ocrx_word' id='word_1_95' title='bbox 2071 920 2216 968; x_wconf 86' lang='lat' dir='ltr'><strong>distet</strong></span> <span class='ocrx_word' id='word_1_96' title='bbox 2260 922 2384 968; x_wconf 90' lang='lat' dir='ltr'><strong>inter</strong></span> 
     </span>
     <span class='ocr_line' id='line_1_10' title="bbox 223 1000 2383 1067; baseline 0 -19"><span class='ocrx_word' id='word_1_97' title='bbox 223 1000 405 1050; x_wconf 88' lang='lat' dir='ltr'><strong>habere</strong></span> <span class='ocrx_word' id='word_1_98' title='bbox 427 1000 704 1067; x_wconf 87' lang='lat' dir='ltr'><strong>pecuniam,</strong></span> <span class='ocrx_word' id='word_1_99' title='bbox 742 1009 788 1047; x_wconf 90' lang='lat' dir='ltr'><strong>et</strong></span> <span class='ocrx_word' id='word_1_100' title='bbox 820 1000 998 1047; x_wconf 88' lang='lat' dir='ltr'><strong>servire</strong></span> <span class='ocrx_word' id='word_1_101' title='bbox 1033 1001 1266 1066; x_wconf 81' lang='lat' dir='ltr'><strong>pecuniae,</strong></span> <span class='ocrx_word' id='word_1_102' title='bbox 1300 1001 1437 1065; x_wconf 87' lang='lat' dir='ltr'><strong>juxta</strong></span> <span class='ocrx_word' id='word_1_103' title='bbox 1471 1001 1607 1066; x_wconf 90' lang='lat' dir='ltr'><strong>quod</strong></span> <span class='ocrx_word' id='word_1_104' title='bbox 1643 1011 1690 1048; x_wconf 87' lang='lat' dir='ltr'><strong>et</strong></span> <span class='ocrx_word' id='word_1_105' title='bbox 1716 1000 1963 1048; x_wconf 86' lang='lat' dir='ltr'><strong>Psalmista</strong></span> <span class='ocrx_word' id='word_1_106' title='bbox 1995 1002 2082 1049; x_wconf 82' lang='lat' dir='ltr'><strong>ait⁸</strong></span> <span class='ocrx_word' id='word_1_107' title='bbox 2109 1019 2118 1048; x_wconf 91' lang='lat'>:</span> <span class='ocrx_word' id='word_1_108' title='bbox 2154 1023 2176 1045; x_wconf 75' lang='grc' dir='ltr'><strong>ιι</strong></span> <span class='ocrx_word' id='word_1_109' title='bbox 2198 1002 2383 1049; x_wconf 81' lang='lat' dir='ltr'><strong>Divitiae</strong></span> 
     </span>
     <span class='ocr_line' id='line_1_11' title="bbox 224 1081 1942 1147; baseline 0.001 -18"><span class='ocrx_word' id='word_1_110' title='bbox 224 1081 262 1128; x_wconf 90' lang='lat' dir='ltr'><strong>si</strong></span> <span class='ocrx_word' id='word_1_111' title='bbox 287 1081 504 1142; x_wconf 86' lang='lat' dir='ltr'><strong>affluant,</strong></span> <span class='ocrx_word' id='word_1_112' title='bbox 533 1081 681 1129; x_wconf 88' lang='lat' dir='ltr'><strong>nolite</strong></span> <span class='ocrx_word' id='word_1_113' title='bbox 702 1097 789 1128; x_wconf 89' lang='lat' dir='ltr'><strong>cor</strong></span> <span class='ocrx_word' id='word_1_114' title='bbox 811 1097 1078 1147; x_wconf 89' lang='lat' dir='ltr'><strong>apponere,</strong></span> <span class='ocrx_word' id='word_1_115' title='bbox 1104 1103 1125 1125; x_wconf 85' lang='lat'>»</span> <span class='ocrx_word' id='word_1_116' title='bbox 1153 1082 1280 1130; x_wconf 91' lang='lat' dir='ltr'><strong>inter</strong></span> <span class='ocrx_word' id='word_1_117' title='bbox 1302 1092 1472 1131; x_wconf 85' lang='lat' dir='ltr'><strong>caetera</strong></span> <span class='ocrx_word' id='word_1_118' title='bbox 1495 1082 1717 1131; x_wconf 88' lang='lat' dir='ltr'><strong>meminit</strong></span> <span class='ocrx_word' id='word_1_119' title='bbox 1739 1081 1905 1131; x_wconf 91' lang='lat' dir='ltr'><strong>dicens</strong></span> <span class='ocrx_word' id='word_1_120' title='bbox 1932 1101 1942 1130; x_wconf 91' lang='lat'>:</span> 
     </span>
    </p>
   </div>
   <div class='ocr_carea' id='block_1_3' title="bbox 585 1240 1672 1301">
    <p class='ocr_par' dir='ltr' id='par_1_3' title="bbox 585 1240 1672 1301">
     <span class='ocr_line' id='line_1_12' title="bbox 585 1240 1672 1301; baseline -0.002 -16"><span class='ocrx_word' id='word_1_121' title='bbox 585 1242 639 1284; x_wconf 89' lang='lat' dir='ltr'><strong>Et</strong></span> <span class='ocrx_word' id='word_1_122' title='bbox 659 1240 764 1285; x_wconf 90' lang='lat' dir='ltr'><strong>mihi</strong></span> <span class='ocrx_word' id='word_1_123' title='bbox 786 1256 871 1295; x_wconf 88' lang='lat' dir='ltr'><strong>res,</strong></span> <span class='ocrx_word' id='word_1_124' title='bbox 899 1256 987 1283; x_wconf 90' lang='lat' dir='ltr'><strong>non</strong></span> <span class='ocrx_word' id='word_1_125' title='bbox 1011 1256 1082 1284; x_wconf 90' lang='lat' dir='ltr'><strong>me</strong></span> <span class='ocrx_word' id='word_1_126' title='bbox 1104 1240 1232 1283; x_wconf 90' lang='lat' dir='ltr'><strong>rebus</strong></span> <span class='ocrx_word' id='word_1_127' title='bbox 1254 1255 1499 1301; x_wconf 87' lang='lat' dir='ltr'><strong>supponere</strong></span> <span class='ocrx_word' id='word_1_128' title='bbox 1522 1256 1672 1296; x_wconf 86' lang='lat' dir='ltr'><strong>conor,</strong></span> 
     </span>
    </p>
   </div>
   <div class='ocr_carea' id='block_1_4' title="bbox 226 1409 2394 3256">
    <p class='ocr_par' dir='ltr' id='par_1_4' title="bbox 226 1409 2394 3256">
     <span class='ocr_line' id='line_1_13' title="bbox 226 1409 2386 1477; baseline 0.001 -22"><span class='ocrx_word' id='word_1_129' title='bbox 226 1419 278 1456; x_wconf 93' lang='lat' dir='ltr'><strong>ut</strong></span> <span class='ocrx_word' id='word_1_130' title='bbox 303 1409 523 1459; x_wconf 85' lang='lat' dir='ltr'><strong>videlicet</strong></span> <span class='ocrx_word' id='word_1_131' title='bbox 544 1427 635 1475; x_wconf 88' lang='lat' dir='ltr'><strong>ego</strong></span> <span class='ocrx_word' id='word_1_132' title='bbox 652 1411 765 1477; x_wconf 87' lang='lat' dir='ltr'><strong>ipsis</strong></span> <span class='ocrx_word' id='word_1_133' title='bbox 786 1410 1029 1470; x_wconf 81' lang='lat' dir='ltr'><strong>dominer,</strong></span> <span class='ocrx_word' id='word_1_134' title='bbox 1053 1427 1153 1458; x_wconf 90' lang='lat' dir='ltr'><strong>non</strong></span> <span class='ocrx_word' id='word_1_135' title='bbox 1172 1411 1283 1476; x_wconf 87' lang='lat' dir='ltr'><strong>ipsae</strong></span> <span class='ocrx_word' id='word_1_136' title='bbox 1299 1411 1435 1473; x_wconf 90' lang='lat' dir='ltr'><strong>mihi,</strong></span> <span class='ocrx_word' id='word_1_137' title='bbox 1462 1410 1622 1476; x_wconf 90' lang='lat' dir='ltr'><strong>aliqua</strong></span> <span class='ocrx_word' id='word_1_138' title='bbox 1640 1411 1713 1459; x_wconf 87' lang='lat' dir='ltr'><strong>sui</strong></span> <span class='ocrx_word' id='word_1_139' title='bbox 1734 1412 2000 1460; x_wconf 85' lang='lat' dir='ltr'><strong>ambitione</strong></span> <span class='ocrx_word' id='word_1_140' title='bbox 2019 1421 2162 1477; x_wconf 89' lang='lat' dir='ltr'><strong>capto</strong></span> <span class='ocrx_word' id='word_1_141' title='bbox 2176 1421 2224 1459; x_wconf 92' lang='lat' dir='ltr'><strong>et</strong></span> <span class='ocrx_word' id='word_1_142' title='bbox 2238 1428 2386 1476; x_wconf 91' lang='lat' dir='ltr'><strong>usque</strong></span> 
     </span>
     <span class='ocr_line' id='line_1_14' title="bbox 227 1491 2385 1558; baseline 0 -20"><span class='ocrx_word' id='word_1_143' title='bbox 227 1491 290 1538; x_wconf 91' lang='lat' dir='ltr'><strong>ad</strong></span> <span class='ocrx_word' id='word_1_144' title='bbox 322 1491 485 1540; x_wconf 79' lang='lat' dir='ltr'><strong>illicita</strong></span> <span class='ocrx_word' id='word_1_145' title='bbox 519 1502 781 1558; x_wconf 87' lang='lat' dir='ltr'><strong>pertracto.</strong></span> <span class='ocrx_word' id='word_1_146' title='bbox 811 1493 934 1540; x_wconf 91' lang='lat' dir='ltr'><strong>Hinc</strong></span> <span class='ocrx_word' id='word_1_147' title='bbox 967 1502 1038 1540; x_wconf 90' lang='lat' dir='ltr'><strong>est</strong></span> <span class='ocrx_word' id='word_1_148' title='bbox 1068 1492 1146 1540; x_wconf 83' lang='lat' dir='ltr'><strong>illa</strong></span> <span class='ocrx_word' id='word_1_149' title='bbox 1169 1492 1451 1557; x_wconf 87' lang='lat' dir='ltr'><strong>Hieronymi</strong></span> <span class='ocrx_word' id='word_1_150' title='bbox 1476 1492 1538 1540; x_wconf 87' lang='lat' dir='ltr'><strong>ad</strong></span> <span class='ocrx_word' id='word_1_151' title='bbox 1577 1493 1824 1541; x_wconf 87' lang='lat' dir='ltr'><strong>Julianum</strong></span> <span class='ocrx_word' id='word_1_152' title='bbox 1857 1493 2129 1541; x_wconf 79' lang='lat' dir='ltr'><strong>exhortatio</strong></span> <span class='ocrx_word' id='word_1_153' title='bbox 2159 1511 2169 1540; x_wconf 91' lang='lat'>:</span> <span class='ocrx_word' id='word_1_154' title='bbox 2202 1514 2224 1537; x_wconf 88' lang='lat'>«</span> <span class='ocrx_word' id='word_1_155' title='bbox 2258 1494 2385 1540; x_wconf 89' lang='lat' dir='ltr'><strong>Con—</strong></span> 
     </span>
     <span class='ocr_line' id='line_1_15' title="bbox 227 1572 2387 1639; baseline -0 -19"><span class='ocrx_word' id='word_1_156' title='bbox 227 1573 401 1620; x_wconf 88' lang='lat' dir='ltr'><strong>temnis</strong></span> <span class='ocrx_word' id='word_1_157' title='bbox 438 1572 640 1621; x_wconf 78' lang='lat' dir='ltr'><strong>aurum!</strong></span> <span class='ocrx_word' id='word_1_158' title='bbox 673 1583 1037 1621; x_wconf 88' lang='lat' dir='ltr'><strong>contemserunt</strong></span> <span class='ocrx_word' id='word_1_159' title='bbox 1070 1583 1117 1621; x_wconf 92' lang='lat' dir='ltr'><strong>et</strong></span> <span class='ocrx_word' id='word_1_160' title='bbox 1149 1572 1318 1620; x_wconf 89' lang='lat' dir='ltr'><strong>mundi</strong></span> <span class='ocrx_word' id='word_1_161' title='bbox 1353 1573 1651 1639; x_wconf 87' lang='lat' dir='ltr'><strong>philosophi,</strong></span> <span class='ocrx_word' id='word_1_162' title='bbox 1687 1591 1714 1621; x_wconf 91' lang='lat' dir='ltr'><strong>e</strong></span> <span class='ocrx_word' id='word_1_163' title='bbox 1743 1574 1919 1639; x_wconf 87' lang='lat' dir='ltr'><strong>quibus</strong></span> <span class='ocrx_word' id='word_1_164' title='bbox 1949 1591 2092 1633; x_wconf 87' lang='lat' dir='ltr'><strong>unus,</strong></span> <span class='ocrx_word' id='word_1_165' title='bbox 2128 1584 2181 1621; x_wconf 93' lang='lat' dir='ltr'><strong>ut</strong></span> <span class='ocrx_word' id='word_1_166' title='bbox 2205 1584 2387 1621; x_wconf 89' lang='lat' dir='ltr'><strong>ceteros</strong></span> 
     </span>
     <span class='ocr_line' id='line_1_16' title="bbox 227 1653 2382 1721; baseline 0 -21"><span class='ocrx_word' id='word_1_167' title='bbox 227 1653 410 1715; x_wconf 87' lang='lat' dir='ltr'><strong>sileam,</strong></span> <span class='ocrx_word' id='word_1_168' title='bbox 454 1655 716 1702; x_wconf 86' lang='lat' dir='ltr'><strong>multarum</strong></span> <span class='ocrx_word' id='word_1_169' title='bbox 753 1655 1116 1720; x_wconf 90' lang='lat' dir='ltr'><strong>possessionum</strong></span> <span class='ocrx_word' id='word_1_170' title='bbox 1155 1654 1363 1719; x_wconf 91' lang='lat' dir='ltr'><strong>pretium</strong></span> <span class='ocrx_word' id='word_1_171' title='bbox 1393 1655 1598 1721; x_wconf 82' lang='lat' dir='ltr'><strong>projecit·</strong></span> <span class='ocrx_word' id='word_1_172' title='bbox 1620 1655 1669 1701; x_wconf 91' lang='lat' dir='ltr'><strong>in</strong></span> <span class='ocrx_word' id='word_1_173' title='bbox 1691 1655 1888 1721; x_wconf 84' lang='lat' dir='ltr'><strong>pelagus</strong></span> <span class='ocrx_word' id='word_1_174' title='bbox 1913 1674 1923 1702; x_wconf 91' lang='lat'>:</span> <span class='ocrx_word' id='word_1_175' title='bbox 1949 1654 2153 1714; x_wconf 83' lang='lat' dir='ltr'><strong>«Abite,</strong></span> <span class='ocrx_word' id='word_1_176' title='bbox 2194 1653 2382 1712; x_wconf 90' lang='lat' dir='ltr'><strong>dicens,</strong></span> 
     </span>
     <span class='ocr_line' id='line_1_17' title="bbox 232 1734 2384 1802; baseline 0.001 -22"><span class='ocrx_word' id='word_1_177' title='bbox 232 1755 254 1780; x_wconf 88' lang='lat'>«</span> <span class='ocrx_word' id='word_1_178' title='bbox 286 1736 337 1782; x_wconf 91' lang='lat' dir='ltr'><strong>in</strong></span> <span class='ocrx_word' id='word_1_179' title='bbox 373 1735 673 1801; x_wconf 87' lang='lat' dir='ltr'><strong>profundum</strong></span> <span class='ocrx_word' id='word_1_180' title='bbox 707 1735 1178 1802; x_wconf 24' lang='lat' dir='ltr'><strong>malaesscupiditateS,</strong></span> <span class='ocrx_word' id='word_1_181' title='bbox 1203 1752 1292 1800; x_wconf 85' lang='lat' dir='ltr'><strong>ego</strong></span> <span class='ocrx_word' id='word_1_182' title='bbox 1315 1752 1402 1783; x_wconf 91' lang='lat' dir='ltr'><strong>vos</strong></span> <span class='ocrx_word' id='word_1_183' title='bbox 1426 1752 1664 1800; x_wconf 83' lang='lat' dir='ltr'><strong>mergam,</strong></span> <span class='ocrx_word' id='word_1_184' title='bbox 1692 1753 1755 1783; x_wconf 92' lang='lat' dir='ltr'><strong>ne</strong></span> <span class='ocrx_word' id='word_1_185' title='bbox 1781 1737 1884 1802; x_wconf 90' lang='lat' dir='ltr'><strong>ipse</strong></span> <span class='ocrx_word' id='word_1_186' title='bbox 1909 1753 2098 1800; x_wconf 87' lang='lat' dir='ltr'><strong>mergar</strong></span> <span class='ocrx_word' id='word_1_187' title='bbox 2129 1753 2156 1784; x_wconf 89' lang='lat' dir='ltr'><strong>a</strong></span> <span class='ocrx_word' id='word_1_188' title='bbox 2179 1734 2334 1783; x_wconf 87' lang='lat' dir='ltr'><strong>vobis.</strong></span> <span class='ocrx_word' id='word_1_189' title='bbox 2364 1756 2384 1777; x_wconf 62' lang='grc' dir='ltr'>ν</span> 
     </span>
     <span class='ocr_line' id='line_1_18' title="bbox 228 1816 2386 1882; baseline -0 -18"><span class='ocrx_word' id='word_1_190' title='bbox 228 1819 387 1874; x_wconf 89' lang='lat' dir='ltr'><strong>Quem</strong></span> <span class='ocrx_word' id='word_1_191' title='bbox 418 1816 618 1882; x_wconf 89' lang='lat' dir='ltr'><strong>quidem</strong></span> <span class='ocrx_word' id='word_1_192' title='bbox 654 1818 704 1864; x_wconf 90' lang='lat' dir='ltr'><strong>in</strong></span> <span class='ocrx_word' id='word_1_193' title='bbox 742 1816 959 1864; x_wconf 90' lang='lat' dir='ltr'><strong>secundo</strong></span> <span class='ocrx_word' id='word_1_194' title='bbox 995 1818 1178 1864; x_wconf 85' lang='lat' dir='ltr'><strong>Contra</strong></span> <span class='ocrx_word' id='word_1_195' title='bbox 1200 1817 1507 1864; x_wconf 73' lang='lat' dir='ltr'><strong>Iovinianam</strong></span> <span class='ocrx_word' id='word_1_196' title='bbox 1544 1834 1601 1863; x_wconf 82' lang='lat' dir='ltr'><strong>ex</strong></span> <span class='ocrx_word' id='word_1_197' title='bbox 1635 1818 1836 1864; x_wconf 88' lang='lat' dir='ltr'><strong>nomine</strong></span> <span class='ocrx_word' id='word_1_198' title='bbox 1874 1816 2066 1864; x_wconf 86' lang='lat' dir='ltr'><strong>videtur</strong></span> <span class='ocrx_word' id='word_1_199' title='bbox 2087 1817 2386 1882; x_wconf 83' lang='lat' dir='ltr'><strong>exprimere,</strong></span> 
     </span>
     <span class='ocr_line' id='line_1_19' title="bbox 228 1895 2390 1964; baseline -0 -21"><span class='ocrx_word' id='word_1_200' title='bbox 228 1895 312 1944; x_wconf 89' lang='lat' dir='ltr'><strong>ubi</strong></span> <span class='ocrx_word' id='word_1_201' title='bbox 337 1896 399 1945; x_wconf 92' lang='lat' dir='ltr'><strong>de</strong></span> <span class='ocrx_word' id='word_1_202' title='bbox 423 1914 590 1945; x_wconf 88' lang='lat' dir='ltr'><strong>amore</strong></span> <span class='ocrx_word' id='word_1_203' title='bbox 622 1897 769 1945; x_wconf 86' lang='lat' dir='ltr'><strong>studii</strong></span> <span class='ocrx_word' id='word_1_204' title='bbox 802 1896 1212 1964; x_wconf 90' lang='lat' dir='ltr'><strong>philosophorum</strong></span> <span class='ocrx_word' id='word_1_205' title='bbox 1240 1896 1457 1962; x_wconf 90' lang='lat' dir='ltr'><strong>loquitur</strong></span> <span class='ocrx_word' id='word_1_206' title='bbox 1481 1897 1647 1946; x_wconf 91' lang='lat' dir='ltr'><strong>dicens</strong></span> <span class='ocrx_word' id='word_1_207' title='bbox 1674 1915 1684 1944; x_wconf 94' lang='lat'>:</span> <span class='ocrx_word' id='word_1_208' title='bbox 1721 1917 1743 1941; x_wconf 78' lang='grc' dir='ltr'>α</span> <span class='ocrx_word' id='word_1_209' title='bbox 1771 1896 2024 1956; x_wconf 86' lang='lat' dir='ltr'><strong>Quosdam</strong></span> <span class='ocrx_word' id='word_1_210' title='bbox 2058 1897 2262 1960; x_wconf 87' lang='lat' dir='ltr'><strong>legimus</strong></span> <span class='ocrx_word' id='word_1_211' title='bbox 2302 1896 2390 1943; x_wconf 88' lang='lat' dir='ltr'><strong>sibi</strong></span> 
     </span>
     <span class='ocr_line' id='line_1_20' title="bbox 229 1977 2391 2045; baseline 0 -21"><span class='ocrx_word' id='word_1_212' title='bbox 229 1977 452 2026; x_wconf 76' lang='lat' dir='ltr'><strong>effodisse</strong></span> <span class='ocrx_word' id='word_1_213' title='bbox 491 1978 679 2038; x_wconf 81' lang='lat' dir='ltr'><strong>oculos,</strong></span> <span class='ocrx_word' id='word_1_214' title='bbox 721 1995 783 2026; x_wconf 91' lang='lat' dir='ltr'><strong>ne</strong></span> <span class='ocrx_word' id='word_1_215' title='bbox 818 1995 906 2045; x_wconf 90' lang='lat' dir='ltr'><strong>per</strong></span> <span class='ocrx_word' id='word_1_216' title='bbox 940 1995 1112 2026; x_wconf 91' lang='lat' dir='ltr'><strong>eorum</strong></span> <span class='ocrx_word' id='word_1_217' title='bbox 1137 1979 1307 2027; x_wconf 71' lang='lat' dir='ltr'><strong>,visum</strong></span> <span class='ocrx_word' id='word_1_218' title='bbox 1345 1995 1373 2026; x_wconf 89' lang='lat' dir='ltr'><strong>a</strong></span> <span class='ocrx_word' id='word_1_219' title='bbox 1410 1979 1821 2044; x_wconf 84' lang='lat' dir='ltr'><strong>contemplatione</strong></span> <span class='ocrx_word' id='word_1_220' title='bbox 1857 1978 2179 2044; x_wconf 78' lang='lat' dir='ltr'><strong>philosophiae</strong></span> <span class='ocrx_word' id='word_1_221' title='bbox 2217 1994 2391 2024; x_wconf 90' lang='lat' dir='ltr'><strong>avoca-</strong></span> 
     </span>
     <span class='ocr_line' id='line_1_21' title="bbox 229 2057 2384 2125; baseline -0.001 -20"><span class='ocrx_word' id='word_1_222' title='bbox 229 2068 411 2107; x_wconf 86' lang='lat' dir='ltr'><strong>rentur.</strong></span> <span class='ocrx_word' id='word_1_223' title='bbox 430 2060 570 2108; x_wconf 90' lang='lat' dir='ltr'><strong>Unde</strong></span> <span class='ocrx_word' id='word_1_224' title='bbox 593 2070 639 2107; x_wconf 88' lang='lat' dir='ltr'><strong>et</strong></span> <span class='ocrx_word' id='word_1_225' title='bbox 660 2062 823 2108; x_wconf 89' lang='lat' dir='ltr'><strong>Crates</strong></span> <span class='ocrx_word' id='word_1_226' title='bbox 843 2059 922 2107; x_wconf 90' lang='lat' dir='ltr'><strong>ille</strong></span> <span class='ocrx_word' id='word_1_227' title='bbox 943 2060 1217 2120; x_wconf 88' lang='lat' dir='ltr'><strong>Thebanus,</strong></span> <span class='ocrx_word' id='word_1_228' title='bbox 1243 2059 1460 2125; x_wconf 88' lang='lat' dir='ltr'><strong>projecto</strong></span> <span class='ocrx_word' id='word_1_229' title='bbox 1484 2061 1535 2107; x_wconf 90' lang='lat' dir='ltr'><strong>in</strong></span> <span class='ocrx_word' id='word_1_230' title='bbox 1560 2075 1691 2107; x_wconf 88' lang='lat' dir='ltr'><strong>mare</strong></span> <span class='ocrx_word' id='word_1_231' title='bbox 1714 2076 1816 2106; x_wconf 89' lang='lat' dir='ltr'><strong>non</strong></span> <span class='ocrx_word' id='word_1_232' title='bbox 1840 2075 1991 2125; x_wconf 86' lang='lat' dir='ltr'><strong>parvo</strong></span> <span class='ocrx_word' id='word_1_233' title='bbox 2016 2058 2120 2105; x_wconf 87' lang='lat' dir='ltr'><strong>auri</strong></span> <span class='ocrx_word' id='word_1_234' title='bbox 2138 2057 2356 2123; x_wconf 90' lang='lat' dir='ltr'><strong>pondere</strong></span> <span class='ocrx_word' id='word_1_235' title='bbox 2376 2076 2384 2102; x_wconf 91' lang='lat'>:</span> 
     </span>
     <span class='ocr_line' id='line_1_22' title="bbox 231 2140 2389 2207; baseline 0 -23"><span class='ocrx_word' id='word_1_236' title='bbox 231 2158 254 2184; x_wconf 89' lang='lat'>«</span> <span class='ocrx_word' id='word_1_237' title='bbox 275 2140 434 2203; x_wconf 90' lang='lat' dir='ltr'><strong>Abite,</strong></span> <span class='ocrx_word' id='word_1_238' title='bbox 461 2141 636 2205; x_wconf 90' lang='lat' dir='ltr'><strong>inquit,</strong></span> <span class='ocrx_word' id='word_1_239' title='bbox 666 2158 860 2207; x_wconf 91' lang='lat' dir='ltr'><strong>pessum</strong></span> <span class='ocrx_word' id='word_1_240' title='bbox 884 2140 1020 2188; x_wconf 89' lang='lat' dir='ltr'><strong>malae</strong></span> <span class='ocrx_word' id='word_1_241' title='bbox 1044 2140 1349 2207; x_wconf 89' lang='lat' dir='ltr'><strong>cupiditates,</strong></span> <span class='ocrx_word' id='word_1_242' title='bbox 1384 2157 1474 2204; x_wconf 88' lang='lat' dir='ltr'><strong>ego</strong></span> <span class='ocrx_word' id='word_1_243' title='bbox 1514 2157 1601 2188; x_wconf 89' lang='lat' dir='ltr'><strong>vos</strong></span> <span class='ocrx_word' id='word_1_244' title='bbox 1635 2156 1869 2203; x_wconf 86' lang='lat' dir='ltr'><strong>mergam,</strong></span> <span class='ocrx_word' id='word_1_245' title='bbox 1908 2156 1970 2186; x_wconf 89' lang='lat' dir='ltr'><strong>ne</strong></span> <span class='ocrx_word' id='word_1_246' title='bbox 2009 2140 2109 2205; x_wconf 90' lang='lat' dir='ltr'><strong>ipse</strong></span> <span class='ocrx_word' id='word_1_247' title='bbox 2141 2153 2327 2202; x_wconf 85' lang='lat' dir='ltr'><strong>mergar</strong></span> <span class='ocrx_word' id='word_1_248' title='bbox 2362 2154 2389 2185; x_wconf 86' lang='lat' dir='ltr'><strong>a</strong></span> 
     </span>
     <span class='ocr_line' id='line_1_23' title="bbox 228 2220 2389 2286; baseline -0.001 -19"><span class='ocrx_word' id='word_1_249' title='bbox 228 2220 383 2268; x_wconf 90' lang='lat' dir='ltr'><strong>vobis.</strong></span> <span class='ocrx_word' id='word_1_250' title='bbox 414 2243 436 2265; x_wconf 64' lang='grc' dir='ltr'><strong>ι)</strong></span> <span class='ocrx_word' id='word_1_251' title='bbox 478 2222 612 2270; x_wconf 86' lang='lat' dir='ltr'><strong>Idem</strong></span> <span class='ocrx_word' id='word_1_252' title='bbox 649 2222 699 2269; x_wconf 90' lang='lat' dir='ltr'><strong>in</strong></span> <span class='ocrx_word' id='word_1_253' title='bbox 733 2221 909 2269; x_wconf 90' lang='lat' dir='ltr'><strong>eodem</strong></span> <span class='ocrx_word' id='word_1_254' title='bbox 945 2240 954 2269; x_wconf 92' lang='lat'>:</span> <span class='ocrx_word' id='word_1_255' title='bbox 994 2221 1341 2286; x_wconf 78' lang='lat' dir='ltr'><strong>«Pythagorae,</strong></span> <span class='ocrx_word' id='word_1_256' title='bbox 1376 2221 1602 2279; x_wconf 84' lang='lat' dir='ltr'><strong>Socratis,</strong></span> <span class='ocrx_word' id='word_1_257' title='bbox 1643 2220 1962 2281; x_wconf 81' lang='lat' dir='ltr'><strong>Antisthenis,</strong></span> <span class='ocrx_word' id='word_1_258' title='bbox 2007 2230 2054 2267; x_wconf 88' lang='lat' dir='ltr'><strong>et</strong></span> <span class='ocrx_word' id='word_1_259' title='bbox 2092 2220 2389 2284; x_wconf 90' lang='lat' dir='ltr'><strong>reliquorum</strong></span> 
     </span>
     <span class='ocr_line' id='line_1_24' title="bbox 230 2299 2392 2366; baseline -0.001 -18"><span class='ocrx_word' id='word_1_260' title='bbox 230 2301 548 2366; x_wconf 88' lang='lat' dir='ltr'><strong>frugalitatem</strong></span> <span class='ocrx_word' id='word_1_261' title='bbox 584 2302 811 2350; x_wconf 86' lang='lat' dir='ltr'><strong>referrem</strong></span> <span class='ocrx_word' id='word_1_262' title='bbox 833 2303 895 2350; x_wconf 83' lang='lat' dir='ltr'><strong>in</strong></span> <span class='ocrx_word' id='word_1_263' title='bbox 924 2302 1263 2350; x_wconf 91' lang='lat' dir='ltr'><strong>confusionem</strong></span> <span class='ocrx_word' id='word_1_264' title='bbox 1292 2311 1535 2361; x_wconf 86' lang='lat' dir='ltr'><strong>nostram,</strong></span> <span class='ocrx_word' id='word_1_265' title='bbox 1572 2302 1662 2349; x_wconf 89' lang='lat' dir='ltr'><strong>nisi</strong></span> <span class='ocrx_word' id='word_1_266' title='bbox 1686 2310 1733 2349; x_wconf 93' lang='lat' dir='ltr'><strong>et</strong></span> <span class='ocrx_word' id='word_1_267' title='bbox 1762 2300 1963 2364; x_wconf 88' lang='lat' dir='ltr'><strong>longum</strong></span> <span class='ocrx_word' id='word_1_268' title='bbox 1993 2310 2116 2348; x_wconf 86' lang='lat' dir='ltr'><strong>esset</strong></span> <span class='ocrx_word' id='word_1_269' title='bbox 2137 2310 2186 2347; x_wconf 90' lang='lat' dir='ltr'><strong>et</strong></span> <span class='ocrx_word' id='word_1_270' title='bbox 2208 2299 2392 2365; x_wconf 88' lang='lat' dir='ltr'><strong>proprii</strong></span> 
     </span>
     <span class='ocr_line' id='line_1_25' title="bbox 231 2380 2392 2448; baseline -0.002 -19"><span class='ocrx_word' id='word_1_271' title='bbox 231 2384 391 2448; x_wconf 88' lang='lat' dir='ltr'><strong>operis</strong></span> <span class='ocrx_word' id='word_1_272' title='bbox 424 2383 680 2448; x_wconf 87' lang='lat' dir='ltr'><strong>indigeret.</strong></span> <span class='ocrx_word' id='word_1_273' title='bbox 715 2384 805 2431; x_wconf 90' lang='lat' dir='ltr'><strong>Hic</strong></span> <span class='ocrx_word' id='word_1_274' title='bbox 840 2393 971 2431; x_wconf 85' lang='lat' dir='ltr'><strong>certe</strong></span> <span class='ocrx_word' id='word_1_275' title='bbox 1006 2393 1077 2431; x_wconf 90' lang='lat' dir='ltr'><strong>est</strong></span> <span class='ocrx_word' id='word_1_276' title='bbox 1109 2382 1416 2430; x_wconf 88' lang='lat' dir='ltr'><strong>Antisthenes</strong></span> <span class='ocrx_word' id='word_1_277' title='bbox 1446 2384 1531 2447; x_wconf 89' lang='lat' dir='ltr'><strong>qui</strong></span> <span class='ocrx_word' id='word_1_278' title='bbox 1563 2399 1674 2430; x_wconf 90' lang='lat' dir='ltr'><strong>cum</strong></span> <span class='ocrx_word' id='word_1_279' title='bbox 1708 2381 1916 2447; x_wconf 87' lang='lat' dir='ltr'><strong>gloriose</strong></span> <span class='ocrx_word' id='word_1_280' title='bbox 1947 2381 2187 2438; x_wconf 81' lang='lat' dir='ltr'><strong>docuisset</strong></span> <span class='ocrx_word' id='word_1_281' title='bbox 2220 2380 2392 2428; x_wconf 83' lang='lat' dir='ltr'><strong>Rheto-</strong></span> 
     </span>
     <span class='ocr_line' id='line_1_26' title="bbox 232 2462 2391 2530; baseline -0.002 -20"><span class='ocrx_word' id='word_1_282' title='bbox 232 2464 382 2512; x_wconf 88' lang='lat' dir='ltr'><strong>ricam</strong></span> <span class='ocrx_word' id='word_1_283' title='bbox 398 2501 411 2524; x_wconf 95' lang='lat'><strong>,</strong></span> <span class='ocrx_word' id='word_1_284' title='bbox 442 2465 750 2530; x_wconf 89' lang='lat' dir='ltr'><strong>audissetque</strong></span> <span class='ocrx_word' id='word_1_285' title='bbox 775 2466 1043 2526; x_wconf 90' lang='lat' dir='ltr'><strong>Socratem,</strong></span> <span class='ocrx_word' id='word_1_286' title='bbox 1072 2464 1248 2512; x_wconf 79' lang='lat' dir='ltr'><strong>dixisse</strong></span> <span class='ocrx_word' id='word_1_287' title='bbox 1271 2464 1422 2512; x_wconf 91' lang='lat' dir='ltr'><strong>fertur</strong></span> <span class='ocrx_word' id='word_1_288' title='bbox 1440 2463 1503 2512; x_wconf 88' lang='lat' dir='ltr'><strong>ad</strong></span> <span class='ocrx_word' id='word_1_289' title='bbox 1526 2463 1788 2529; x_wconf 89' lang='lat' dir='ltr'><strong>discipulos</strong></span> <span class='ocrx_word' id='word_1_290' title='bbox 1811 2479 1955 2511; x_wconf 89' lang='lat' dir='ltr'><strong>suos:</strong></span> <span class='ocrx_word' id='word_1_291' title='bbox 1987 2483 2010 2508; x_wconf 88' lang='lat'>«</span> <span class='ocrx_word' id='word_1_292' title='bbox 2031 2462 2190 2522; x_wconf 81' lang='lat' dir='ltr'><strong>Abite,</strong></span> <span class='ocrx_word' id='word_1_293' title='bbox 2218 2471 2263 2508; x_wconf 90' lang='lat' dir='ltr'><strong>et</strong></span> <span class='ocrx_word' id='word_1_294' title='bbox 2289 2476 2391 2507; x_wconf 82' lang='lat' dir='ltr'><strong>ma-</strong></span> 
     </span>
     <span class='ocr_line' id='line_1_27' title="bbox 235 2541 2391 2611; baseline -0.001 -18"><span class='ocrx_word' id='word_1_295' title='bbox 235 2564 257 2588; x_wconf 86' lang='lat'>«</span> <span class='ocrx_word' id='word_1_296' title='bbox 274 2546 475 2609; x_wconf 84' lang='lat' dir='ltr'><strong>gistrum</strong></span> <span class='ocrx_word' id='word_1_297' title='bbox 497 2546 712 2611; x_wconf 83' lang='lat' dir='ltr'><strong>quaerite,</strong></span> <span class='ocrx_word' id='word_1_298' title='bbox 730 2563 820 2611; x_wconf 87' lang='lat' dir='ltr'><strong>ego</strong></span> <span class='ocrx_word' id='word_1_299' title='bbox 840 2546 972 2593; x_wconf 91' lang='lat' dir='ltr'><strong>enim</strong></span> <span class='ocrx_word' id='word_1_300' title='bbox 994 2546 1168 2611; x_wconf 87' lang='lat' dir='ltr'><strong>reperi.</strong></span> <span class='ocrx_word' id='word_1_301' title='bbox 1196 2565 1217 2589; x_wconf 76' lang='grc' dir='ltr'><strong>υ</strong></span> <span class='ocrx_word' id='word_1_302' title='bbox 1241 2546 1509 2611; x_wconf 86' lang='lat' dir='ltr'><strong>Statimque</strong></span> <span class='ocrx_word' id='word_1_303' title='bbox 1530 2544 1737 2593; x_wconf 89' lang='lat' dir='ltr'><strong>venditis</strong></span> <span class='ocrx_word' id='word_1_304' title='bbox 1753 2562 1859 2610; x_wconf 86' lang='lat' dir='ltr'><strong>quae</strong></span> <span class='ocrx_word' id='word_1_305' title='bbox 1875 2544 2104 2603; x_wconf 82' lang='lat' dir='ltr'><strong>habebat,</strong></span> <span class='ocrx_word' id='word_1_306' title='bbox 2130 2554 2176 2591; x_wconf 90' lang='lat' dir='ltr'><strong>et</strong></span> <span class='ocrx_word' id='word_1_307' title='bbox 2201 2541 2391 2608; x_wconf 85' lang='lat' dir='ltr'><strong>publice</strong></span> 
     </span>
     <span class='ocr_line' id='line_1_28' title="bbox 232 2622 2392 2693; baseline -0.003 -21"><span class='ocrx_word' id='word_1_308' title='bbox 232 2625 522 2686; x_wconf 84' lang='lat' dir='ltr'><strong>distributis,</strong></span> <span class='ocrx_word' id='word_1_309' title='bbox 565 2625 687 2674; x_wconf 87' lang='lat' dir='ltr'><strong>nihil</strong></span> <span class='ocrx_word' id='word_1_310' title='bbox 730 2626 822 2674; x_wconf 88' lang='lat' dir='ltr'><strong>sibi</strong></span> <span class='ocrx_word' id='word_1_311' title='bbox 867 2627 1125 2693; x_wconf 90' lang='lat' dir='ltr'><strong>plusquam</strong></span> <span class='ocrx_word' id='word_1_312' title='bbox 1168 2626 1417 2692; x_wconf 85' lang='lat' dir='ltr'><strong>palliolum</strong></span> <span class='ocrx_word' id='word_1_313' title='bbox 1463 2626 1738 2673; x_wconf 85' lang='lat' dir='ltr'><strong>reservavit.</strong></span> <span class='ocrx_word' id='word_1_314' title='bbox 1787 2625 2180 2691; x_wconf 87' lang='lat' dir='ltr'><strong>Paupertatisque</strong></span> <span class='ocrx_word' id='word_1_315' title='bbox 2214 2622 2315 2685; x_wconf 89' lang='lat' dir='ltr'><strong>ejus</strong></span> <span class='ocrx_word' id='word_1_316' title='bbox 2345 2631 2392 2667; x_wconf 90' lang='lat' dir='ltr'><strong>et</strong></span> 
     </span>
     <span class='ocr_line' id='line_1_29' title="bbox 231 2704 2392 2773; baseline -0.003 -20"><span class='ocrx_word' id='word_1_317' title='bbox 231 2706 409 2754; x_wconf 92' lang='lat' dir='ltr'><strong>laboris</strong></span> <span class='ocrx_word' id='word_1_318' title='bbox 426 2718 473 2755; x_wconf 93' lang='lat' dir='ltr'><strong>et</strong></span> <span class='ocrx_word' id='word_1_319' title='bbox 494 2707 773 2773; x_wconf 89' lang='lat' dir='ltr'><strong>Xenophon</strong></span> <span class='ocrx_word' id='word_1_320' title='bbox 794 2709 925 2756; x_wconf 85' lang='lat' dir='ltr'><strong>testis</strong></span> <span class='ocrx_word' id='word_1_321' title='bbox 950 2718 1019 2755; x_wconf 86' lang='lat' dir='ltr'><strong>est</strong></span> <span class='ocrx_word' id='word_1_322' title='bbox 1042 2708 1091 2754; x_wconf 91' lang='lat' dir='ltr'><strong>in</strong></span> <span class='ocrx_word' id='word_1_323' title='bbox 1129 2709 1407 2772; x_wconf 77' lang='lat' dir='ltr'><strong>Symposio,</strong></span> <span class='ocrx_word' id='word_1_324' title='bbox 1438 2716 1484 2754; x_wconf 86' lang='lat' dir='ltr'><strong>et</strong></span> <span class='ocrx_word' id='word_1_325' title='bbox 1506 2704 2012 2753; x_wconf 76' lang='lat' dir='ltr'><strong>innumerabiles&#39;libri</strong></span> <span class='ocrx_word' id='word_1_326' title='bbox 2032 2704 2154 2768; x_wconf 91' lang='lat' dir='ltr'><strong>ejus;</strong></span> <span class='ocrx_word' id='word_1_327' title='bbox 2181 2718 2392 2766; x_wconf 89' lang='lat' dir='ltr'><strong>quorum</strong></span> 
     </span>
     <span class='ocr_line' id='line_1_30' title="bbox 233 2782 2394 2853; baseline -0.003 -19"><span class='ocrx_word' id='word_1_328' title='bbox 233 2787 351 2835; x_wconf 91' lang='lat' dir='ltr'><strong>alios</strong></span> <span class='ocrx_word' id='word_1_329' title='bbox 378 2786 691 2853; x_wconf 80' lang='lat' dir='ltr'><strong>philosophe,</strong></span> <span class='ocrx_word' id='word_1_330' title='bbox 727 2787 846 2835; x_wconf 87' lang='lat' dir='ltr'><strong>alios</strong></span> <span class='ocrx_word' id='word_1_331' title='bbox 878 2787 1122 2835; x_wconf 88' lang='lat' dir='ltr'><strong>rhetorico</strong></span> <span class='ocrx_word' id='word_1_332' title='bbox 1147 2804 1324 2851; x_wconf 86' lang='lat' dir='ltr'><strong>genere</strong></span> <span class='ocrx_word' id='word_1_333' title='bbox 1358 2786 1660 2852; x_wconf 86' lang='lat' dir='ltr'><strong>conscripsit.</strong></span> <span class='ocrx_word' id='word_1_334' title='bbox 1691 2786 1844 2850; x_wconf 91' lang='lat' dir='ltr'><strong>Hujus</strong></span> <span class='ocrx_word' id='word_1_335' title='bbox 1867 2785 2108 2849; x_wconf 85' lang='lat' dir='ltr'><strong>Diogenes</strong></span> <span class='ocrx_word' id='word_1_336' title='bbox 2137 2783 2215 2830; x_wconf 90' lang='lat' dir='ltr'><strong>ille</strong></span> <span class='ocrx_word' id='word_1_337' title='bbox 2241 2782 2394 2833; x_wconf 83' lang='lat' dir='ltr'><strong>famo-</strong></span> 
     </span>
     <span class='ocr_line' id='line_1_31' title="bbox 233 2853 2394 2933; baseline -0.002 -19"><span class='ocrx_word' id='word_1_338' title='bbox 233 2867 446 2915; x_wconf 87' lang='lat' dir='ltr'><strong>sissimus</strong></span> <span class='ocrx_word' id='word_1_339' title='bbox 471 2877 679 2915; x_wconf 87' lang='lat' dir='ltr'><strong>sectator</strong></span> <span class='ocrx_word' id='word_1_340' title='bbox 701 2868 806 2927; x_wconf 89' lang='lat' dir='ltr'><strong>fuit,</strong></span> <span class='ocrx_word' id='word_1_341' title='bbox 835 2869 1081 2933; x_wconf 90' lang='lat' dir='ltr'><strong>potentior</strong></span> <span class='ocrx_word' id='word_1_342' title='bbox 1103 2866 1520 2932; x_wconf 86' lang='lat' dir='ltr'><strong>regeAlexandro,</strong></span> <span class='ocrx_word' id='word_1_343' title='bbox 1547 2853 1595 2913; x_wconf 85' lang='lat' dir='ltr'><strong>et</strong></span> <span class='ocrx_word' id='word_1_344' title='bbox 1617 2876 1799 2912; x_wconf 85' lang='lat' dir='ltr'><strong>naturae</strong></span> <span class='ocrx_word' id='word_1_345' title='bbox 1825 2865 2048 2913; x_wconf 87' lang='lat' dir='ltr'><strong>humanae</strong></span> <span class='ocrx_word' id='word_1_346' title='bbox 2074 2865 2245 2912; x_wconf 89' lang='lat' dir='ltr'><strong>victor.</strong></span> <span class='ocrx_word' id='word_1_347' title='bbox 2276 2866 2394 2913; x_wconf 84' lang='lat' dir='ltr'><strong>Nam</strong></span> 
     </span>
     <span class='ocr_line' id='line_1_32' title="bbox 231 2945 2392 3013; baseline -0.003 -20"><span class='ocrx_word' id='word_1_348' title='bbox 231 2964 345 2995; x_wconf 90' lang='lat' dir='ltr'><strong>cum</strong></span> <span class='ocrx_word' id='word_1_349' title='bbox 377 2947 729 3013; x_wconf 90' lang='lat' dir='ltr'><strong>discipulorum</strong></span> <span class='ocrx_word' id='word_1_350' title='bbox 765 2948 1072 2996; x_wconf 90' lang='lat' dir='ltr'><strong>Antisthenes</strong></span> <span class='ocrx_word' id='word_1_351' title='bbox 1112 2947 1299 2995; x_wconf 88' lang='lat' dir='ltr'><strong>nullum</strong></span> <span class='ocrx_word' id='word_1_352' title='bbox 1338 2947 1589 3013; x_wconf 91' lang='lat' dir='ltr'><strong>reciperet,</strong></span> <span class='ocrx_word' id='word_1_353' title='bbox 1625 2956 1672 2993; x_wconf 91' lang='lat' dir='ltr'><strong>et</strong></span> <span class='ocrx_word' id='word_1_354' title='bbox 1705 2956 2095 3011; x_wconf 85' lang='lat' dir='ltr'><strong>perseverantem</strong></span> <span class='ocrx_word' id='word_1_355' title='bbox 2126 2945 2392 3005; x_wconf 83' lang='lat' dir='ltr'><strong>Diogenem</strong></span> 
     </span>
     <span class='ocr_line' id='line_1_33' title="bbox 234 3012 2394 3094; baseline -0.002 -20"><span class='ocrx_word' id='word_1_356' title='bbox 234 3043 483 3076; x_wconf 90' lang='lat' dir='ltr'><strong>removere</strong></span> <span class='ocrx_word' id='word_1_357' title='bbox 502 3045 602 3076; x_wconf 91' lang='lat' dir='ltr'><strong>non</strong></span> <span class='ocrx_word' id='word_1_358' title='bbox 634 3037 813 3094; x_wconf 89' lang='lat' dir='ltr'><strong>posset,</strong></span> <span class='ocrx_word' id='word_1_359' title='bbox 841 3012 1103 3076; x_wconf 86' lang='lat' dir='ltr'><strong>novissime</strong></span> <span class='ocrx_word' id='word_1_360' title='bbox 1126 3028 1496 3087; x_wconf 22' lang='lat' dir='ltr'><strong>clava-minatus</strong></span> <span class='ocrx_word' id='word_1_361' title='bbox 1519 3036 1590 3075; x_wconf 88' lang='lat' dir='ltr'><strong>est</strong></span> <span class='ocrx_word' id='word_1_362' title='bbox 1612 3027 1705 3075; x_wconf 87' lang='lat' dir='ltr'><strong>nisi</strong></span> <span class='ocrx_word' id='word_1_363' title='bbox 1727 3026 1898 3075; x_wconf 90' lang='lat' dir='ltr'><strong>abiret.</strong></span> <span class='ocrx_word' id='word_1_364' title='bbox 1926 3027 2015 3074; x_wconf 84' lang='lat' dir='ltr'><strong>Cui</strong></span> <span class='ocrx_word' id='word_1_365' title='bbox 2037 3026 2115 3074; x_wconf 87' lang='lat' dir='ltr'><strong>ille</strong></span> <span class='ocrx_word' id='word_1_366' title='bbox 2137 3022 2394 3087; x_wconf 88' lang='lat' dir='ltr'><strong>subjecisse</strong></span> 
     </span>
     <span class='ocr_line' id='line_1_34' title="bbox 235 3104 2393 3175; baseline -0.002 -20"><span class='ocrx_word' id='word_1_367' title='bbox 235 3108 410 3156; x_wconf 89' lang='lat' dir='ltr'><strong>dicitur</strong></span> <span class='ocrx_word' id='word_1_368' title='bbox 432 3119 595 3175; x_wconf 88' lang='lat' dir='ltr'><strong>caput,</strong></span> <span class='ocrx_word' id='word_1_369' title='bbox 622 3119 767 3174; x_wconf 89' lang='lat' dir='ltr'><strong>atque</strong></span> <span class='ocrx_word' id='word_1_370' title='bbox 787 3109 991 3157; x_wconf 88' lang='lat' dir='ltr'><strong>dixisse:</strong></span> <span class='ocrx_word' id='word_1_371' title='bbox 1016 3107 1218 3156; x_wconf 77' lang='lat' dir='ltr'><strong>«Nullus</strong></span> <span class='ocrx_word' id='word_1_372' title='bbox 1234 3117 1332 3156; x_wconf 90' lang='lat' dir='ltr'><strong>tam</strong></span> <span class='ocrx_word' id='word_1_373' title='bbox 1350 3108 1503 3155; x_wconf 86' lang='lat' dir='ltr'><strong>durus</strong></span> <span class='ocrx_word' id='word_1_374' title='bbox 1522 3106 1725 3155; x_wconf 89' lang='lat' dir='ltr'><strong>baculus</strong></span> <span class='ocrx_word' id='word_1_375' title='bbox 1739 3107 1845 3168; x_wconf 89' lang='lat' dir='ltr'><strong>erit,</strong></span> <span class='ocrx_word' id='word_1_376' title='bbox 1874 3107 1957 3172; x_wconf 87' lang='lat' dir='ltr'><strong>qui</strong></span> <span class='ocrx_word' id='word_1_377' title='bbox 1982 3123 2059 3154; x_wconf 91' lang='lat' dir='ltr'><strong>me</strong></span> <span class='ocrx_word' id='word_1_378' title='bbox 2083 3123 2111 3154; x_wconf 87' lang='lat' dir='ltr'><strong>a</strong></span> <span class='ocrx_word' id='word_1_379' title='bbox 2135 3116 2219 3153; x_wconf 89' lang='lat' dir='ltr'><strong>tuo</strong></span> <span class='ocrx_word' id='word_1_380' title='bbox 2245 3104 2393 3170; x_wconf 87' lang='lat' dir='ltr'><strong>possit</strong></span> 
     </span>
     <span class='ocr_line' id='line_1_35' title="bbox 236 3184 2391 3256; baseline -0.002 -20"><span class='ocrx_word' id='word_1_381' title='bbox 236 3188 472 3255; x_wconf 89' lang='lat' dir='ltr'><strong>obsequio</strong></span> <span class='ocrx_word' id='word_1_382' title='bbox 496 3206 736 3256; x_wconf 87' lang='lat' dir='ltr'><strong>separare.</strong></span> <span class='ocrx_word' id='word_1_383' title='bbox 758 3210 781 3236; x_wconf 76' lang='lat'><strong>&gt;2</strong></span> <span class='ocrx_word' id='word_1_384' title='bbox 809 3189 966 3238; x_wconf 85' lang='lat' dir='ltr'><strong>Refert</strong></span> <span class='ocrx_word' id='word_1_385' title='bbox 980 3191 1176 3254; x_wconf 89' lang='lat' dir='ltr'><strong>Satyrus</strong></span> <span class='ocrx_word' id='word_1_386' title='bbox 1194 3189 1276 3254; x_wconf 92' lang='lat' dir='ltr'><strong>qui</strong></span> <span class='ocrx_word' id='word_1_387' title='bbox 1297 3189 1557 3237; x_wconf 90' lang='lat' dir='ltr'><strong>illustrium</strong></span> <span class='ocrx_word' id='word_1_388' title='bbox 1576 3189 1789 3236; x_wconf 88' lang='lat' dir='ltr'><strong>virorum</strong></span> <span class='ocrx_word' id='word_1_389' title='bbox 1811 3187 1978 3235; x_wconf 87' lang='lat' dir='ltr'><strong>scribit</strong></span> <span class='ocrx_word' id='word_1_390' title='bbox 2000 3187 2240 3248; x_wconf 87' lang='lat' dir='ltr'><strong>historias,</strong></span> <span class='ocrx_word' id='word_1_391' title='bbox 2261 3184 2391 3249; x_wconf 87' lang='lat' dir='ltr'><strong>quod</strong></span> 
     </span>
    </p>
   </div>
   <div class='ocr_carea' id='block_1_5' title="bbox 282 3373 1658 3420">
    <p class='ocr_par' dir='ltr' id='par_1_5' title="bbox 282 3373 1658 3420">
     <span class='ocr_line' id='line_1_36' title="bbox 282 3373 1658 3420; baseline 0.001 -14"><span class='ocrx_word' id='word_1_392' title='bbox 282 3375 289 3392; x_wconf 82' lang='lat'>¹</span> <span class='ocrx_word' id='word_1_393' title='bbox 307 3374 399 3414; x_wconf 73' lang='lat' dir='ltr'><strong>Luc,</strong></span> <span class='ocrx_word' id='word_1_394' title='bbox 418 3385 579 3419; x_wconf 79' lang='lat' dir='ltr'><strong>cup.x1v,</strong></span> <span class='ocrx_word' id='word_1_395' title='bbox 599 3387 628 3411; x_wconf 86' lang='lat' dir='ltr'><strong>v.</strong></span> <span class='ocrx_word' id='word_1_396' title='bbox 652 3380 705 3411; x_wconf 75' lang='lat'><strong>33.</strong></span> <span class='ocrx_word' id='word_1_397' title='bbox 725 3395 762 3402; x_wconf 83' lang='grc'><strong>-.</strong></span> <span class='ocrx_word' id='word_1_398' title='bbox 781 3377 903 3410; x_wconf 68' lang='lat' dir='ltr'><strong>aMatth</strong></span> <span class='ocrx_word' id='word_1_399' title='bbox 924 3386 1022 3420; x_wconf 66' lang='grc' dir='ltr'>,σεεμ</span> <span class='ocrx_word' id='word_1_400' title='bbox 1038 3385 1085 3418; x_wconf 77' lang='lat' dir='ltr'><strong>vi,</strong></span> <span class='ocrx_word' id='word_1_401' title='bbox 1103 3385 1132 3409; x_wconf 82' lang='lat' dir='ltr'><strong>v.</strong></span> <span class='ocrx_word' id='word_1_402' title='bbox 1154 3378 1210 3410; x_wconf 73' lang='lat'><strong>24.</strong></span> <span class='ocrx_word' id='word_1_403' title='bbox 1224 3376 1282 3401; x_wconf 73' lang='lat'><strong>—³</strong></span> <span class='ocrx_word' id='word_1_404' title='bbox 1296 3373 1426 3408; x_wconf 76' lang='lat' dir='ltr'><strong>Psalm.</strong></span> <span class='ocrx_word' id='word_1_405' title='bbox 1440 3399 1448 3414; x_wconf 88' lang='lat'><strong>,</strong></span> <span class='ocrx_word' id='word_1_406' title='bbox 1474 3383 1539 3414; x_wconf 65' lang='grc' dir='ltr'><strong>ιιι,</strong></span> <span class='ocrx_word' id='word_1_407' title='bbox 1559 3384 1588 3408; x_wconf 85' lang='lat' dir='ltr'><strong>v.</strong></span> <span class='ocrx_word' id='word_1_408' title='bbox 1611 3377 1658 3408; x_wconf 89' lang='lat'><strong>11.</strong></span> 
     </span>
    </p>
   </div>
  </div>
 </body>
</html>
