2638 3866
806 169 1197 217 INTRODUCTIO
1235 172 1314 219 AD
1349 170 1759 219 THEOLOGlAM.
2264 169 2356 216 407

213 281 259 318 et
281 271 346 319 ait
364 288 381 333 :-
406 270 654 336 «Accipite
680 270 908 336 Spiritum
931 279 1169 332 sanctum,
1195 290 1217 316 »
1245 281 1296 320 ut
1322 288 1436 320 eum
1455 271 1601 318 etiam
1622 270 1684 318 de
1705 287 1756 319 se
1783 269 2044 336 procedere
2065 269 2354 331 ostenderet,

214 361 260 398 et
286 352 390 417 ipsa
413 360 481 398 est
511 370 532 395 α
559 350 708 398 virtus
731 366 837 415 quae
858 348 917 397 de
941 348 1024 397 illo
1047 350 1207 399 exibat
1235 361 1281 399 et
1303 350 1502 400 sanabat
1528 367 1715 409 omnes,
1736 369 1758 395 υ
1782 353 1903 399 sicut
1922 351 2094 416 legitur
2119 350 2167 398 in
2202 352 2360 397 Evan-

215 431 373 495 gelio'.
404 431 596 497 Quippe
621 447 736 478 cum
758 429 959 496 Spiritus
986 431 1122 494 quasi
1153 432 1394 497 spiramen
1420 448 1449 479 a
1479 430 1709 498 spirando
1738 430 1893 479 dictus
1917 431 1994 491 sit,
2019 441 2067 478 et
2091 447 2225 495 aeque
2260 431 2360 495 ipse

216 521 313 558 tam
340 512 487 559 Patris
515 529 664 577 quam
687 511 789 559 Filii
817 511 1016 576 Spiritus
1038 511 1326 577 appelletur,
1352 512 1458 577 quis
1481 521 1611 560 recte
1642 511 1848 575 abneget
1884 511 1945 559 ab
1982 511 2221 560 ambobus
2249 527 2359 558 eum

217 592 496 656 procedere,
524 609 550 640 a
574 591 750 656 quibus
774 602 1003 657 tanquam
1030 591 1289 640 amborum
1321 592 1515 658 spiritus
1540 608 1643 639 esse
1666 590 1810 639 habet
1837 601 1980 656 atque
2006 591 2216 658 spirare?
2243 594 2358 639 Pro-

216 673 317 736 prie
341 683 503 720 tamen
532 690 617 720 seu
637 671 963 738 principaliter
984 690 1097 721 eum
1117 689 1147 720 a
1170 675 1310 721 Patre
1332 672 1599 739 procedere
1622 689 1723 719 non
1755 688 2002 736 negamus.
2032 673 2171 720 Unde
2194 672 2360 719 Hiero·

216 769 388 816 nymus
401 752 732 802 definitionem
742 752 996 819 Catholicae
1020 752 1133 802 fidei
1150 753 1423 818 Nicaenique
1433 753 1641 818 symboli
1665 768 1912 818 exponens
1928 753 2045 799 ait²:
2072 752 2361 800 «Credimus

214 842 258 880 et
290 833 337 879 in
363 834 593 899 Spiritum
621 842 839 881 sanctum
864 834 949 898 qui
974 834 1036 883 de
1063 837 1201 883 Patre
1229 833 1448 900 procedit
1468 834 1680 899 proprie.
1709 853 1731 876 >³
1758 835 1875 880 Item
1903 849 1915 878 ι
1944 853 1965 876 α
1988 833 2218 898 Spiritum
2251 848 2360 879 san·

214 923 345 961 ctum
384 931 551 961 verum
574 917 734 962 Deum
756 914 1028 963 invenimus
1065 915 1114 963 in
1151 915 1422 980 Scriptura,
1449 923 1496 962 et
1517 913 1578 961 de
1603 917 1742 961 Patre
1765 913 1961 978 proprie
1985 929 2104 961 esse.
2138 932 2160 957 υ
2198 915 2254 959 Et
2278 913 2361 959 ite-

215 1011 322 1041 rum
353 1013 364 1040 :
398 1014 421 1040 «
447 997 520 1042 De
544 997 682 1043 Patre
711 1004 759 1043 et
777 995 895 1044 Filio
918 1006 964 1044 et
989 996 1194 1061 Spiritus
1219 996 1417 1061 proprie
1441 1004 1488 1043 et
1509 1011 1623 1043 vere
1649 993 1887 1060 procedit.
1920 1012 1942 1037 »
1983 994 2196 1040 Primum
2219 993 2363 1056 igitur

215 1075 379 1141 accipe
413 1075 546 1141 quod
570 1075 632 1124 de
663 1079 802 1125 Patre
827 1086 899 1125 est
920 1077 1115 1143 proprie
1141 1076 1346 1142 Spiritus
1373 1085 1592 1138 sanctus,
1621 1075 1811 1122 dicente
1833 1074 2124 1140 Scriptura³z
2151 1094 2173 1117 «
2202 1073 2362 1121 Verbo

219 1175 239 1199 (ε
261 1157 459 1203 Domini
476 1155 582 1204 coeli
603 1156 778 1205 firmati
795 1168 922 1214 sunt,
948 1167 994 1205 et
1006 1157 1175 1223 spiritu
1195 1157 1299 1221 ejus
1321 1157 1480 1204 omnis
1500 1157 1649 1204 virtus
1672 1172 1859 1202 eorum.
1881 1174 1903 1200 υ
1925 1158 1984 1202 Et
2001 1153 2220 1203 Salvator
2243 1154 2331 1201 ait‘
2349 1171 2358 1199 ε

219 1257 240 1279 α
261 1237 464 1302 Spiritus
494 1238 704 1286 veritatis
727 1238 810 1303 qui
835 1256 864 1287 a
886 1242 1022 1287 Patre
1044 1238 1280 1305 procedit.
1309 1258 1331 1281 »
1363 1241 1422 1285 Et
1451 1241 1504 1286 B.
1534 1239 1823 1302 Augustinus
1846 1237 1895 1283 in
1917 1239 2001 1284 XV
2023 1236 2081 1283 cle
2109 1238 2358 1295 Trinium,

215 1333 321 1383 cap.
343 1321 503 1366 xvni⁵z
525 1337 547 1363 «
575 1321 682 1366 Non
708 1318 884 1369 frustra
905 1320 954 1368 in
971 1319 1063 1368 hac
1079 1320 1306 1368 Trinitate
1326 1336 1427 1368 non
1447 1318 1622 1366 dicitur
1643 1316 1855 1365 Verbum
1876 1317 1960 1365 Dei
1985 1317 2073 1364 nisi
2094 1317 2254 1376 Filius,
2275 1333 2362 1363 nec

214 1397 400 1447 donum
424 1400 512 1448 Dei
551 1400 643 1448 nisi
677 1401 880 1466 Spiritus
905 1411 1114 1451 sanctus.
1154 1404 1250 1449 Nec
1278 1400 1339 1448 de
1365 1416 1463 1464 quo
1487 1398 1703 1463 genitum
1724 1408 1794 1445 est
1830 1398 2061 1457 Verbum,
2101 1407 2147 1445 et
2180 1396 2241 1444 de
2264 1414 2362 1461 quo

216 1480 435 1544 procedit
452 1481 780 1547 principaliter
798 1482 1004 1548 Spiritus
1026 1491 1237 1543 sanctus,
1260 1481 1350 1528 nisi
1369 1483 1498 1528 Deus
1516 1482 1671 1528 Pater.
1691 1498 1715 1524 »
1738 1478 1868 1526 Idem
1884 1477 1941 1525 de
1961 1477 2128 1525 Verbis
2147 1479 2359 1538 Domini,

214 1577 439 1609 sermone
462 1564 528 1609 1x⁶
547 1580 557 1608 :
583 1581 606 1607 α
624 1565 683 1608 Et
698 1562 903 1629 Spiritus
923 1572 1116 1610 sanctus
1132 1561 1460 1627 principaliter
1495 1560 1556 1608 de
1578 1560 1661 1608 illo
1683 1558 1900 1624 procedit
1929 1558 1990 1605 de
2011 1576 2109 1623 quo
2134 1567 2273 1606 natus
2297 1568 2366 1605 est

216 1641 376 1690 Filius.
400 1641 515 1689 Ideo
537 1652 699 1690 autem
718 1642 886 1690 addidi
907 1642 1251 1708 principaliter,
1266 1642 1381 1705 quia
1394 1651 1440 1689 et
1452 1640 1513 1688 de
1534 1639 1653 1687 Filio
1670 1639 1873 1705 Spiritus
1889 1648 2081 1687 sanctus
2103 1637 2365 1703 procedere

215 1724 463 1789 reperitur.
492 1723 710 1787 Sedhoc
747 1740 944 1789 quoque
975 1723 1042 1770 illi
1071 1722 1204 1770 dedit
1224 1738 1325 1769 non
1343 1721 1445 1785 jam
1474 1720 1716 1789 existenti,
1745 1720 1853 1767 licet
1890 1720 2111 1767 nondum
2147 1718 2361 1766 habenti.

213 1803 307 1851 Sed
332 1803 573 1869 quidquid
607 1805 854 1868 unigenito
886 1803 1033 1853 verbo
1067 1802 1220 1862 dedit,
1246 1801 1488 1867 gignendo
1512 1801 1664 1849 dedit.
1708 1801 1785 1848 Sic
1823 1817 1938 1865 ergo
1969 1818 2080 1848 eum
2104 1801 2283 1864 genuit,
2317 1809 2367 1846 ut

214 1885 358 1932 etiam
369 1884 430 1932 de
443 1884 526 1932 illo
540 1884 728 1932 bonum
744 1886 1029 1932 commune⁷
1040 1882 1378 1950 procederet.»
1398 1884 1460 1930 Ac
1476 1882 1516 1929 si
1537 1891 1700 1947 aperto
1714 1881 2004 1946 Augustinus
2020 1881 2096 1928 his
2110 1880 2267 1928 verbis
2280 1879 2365 1927 de-

215 1966 437 2013 terminet
453 1983 540 2031 per
555 1965 651 2013 hoc
668 1966 900 2031 Spiritum
925 1973 1147 2014 sanctum
1170 1962 1499 2029 principaliter
1518 1979 1574 2010 ex
1589 1966 1743 2019 Patre,
1767 1971 1815 2009 et
1830 1978 1932 2009 non
1951 1962 2278 2027 principaliter
2310 1977 2367 2007 ex

213 2045 351 2107 Filio,
373 2047 486 2111 quia
506 2047 573 2094 sic
587 2063 641 2094 ex
660 2049 799 2094 Patre
813 2045 1052 2112 procedit,
1076 2045 1214 2110 quasi
1232 2045 1389 2110 primo
1408 2043 1538 2105 loco,
1555 2061 1668 2091 cum
1687 2060 1798 2090 eum
1820 2046 1960 2091 Pater
1979 2042 2041 2090 ab
2061 2043 2154 2090 alio
2169 2059 2269 2089 non
2288 2041 2367 2088 ha-

211 2126 339 2189 beat,
365 2127 450 2175 sed
470 2144 499 2175 a
514 2144 564 2175 se
583 2128 709 2194 iPSO,
729 2128 852 2175 sicut
864 2137 911 2174 et
927 2144 953 2174 a
973 2143 1023 2174 se
1048 2127 1154 2192 ipso
1173 2135 1260 2187 est,
1280 2125 1378 2172 hoc
1395 2135 1466 2173 est
1488 2142 1589 2172 non
1612 2123 1673 2172 ab
1692 2123 1803 2171 alio.
1825 2124 1971 2171 Filius
1992 2141 2108 2172 vero
2131 2140 2243 2171 cum
2262 2139 2290 2169 a
2313 2139 2363 2169 sc

212 2225 314 2255 non
327 2209 404 2269 sit,
427 2208 510 2256 sed
527 2225 556 2256 a
571 2210 726 2266 Patre,
747 2208 892 2256 etiam
912 2208 1070 2273 ipsum
1085 2206 1318 2272 Spiritum
1342 2222 1370 2254 a
1391 2209 1530 2253 Patre
1550 2204 1715 2264 habet,
1731 2221 1757 2253 a
1777 2222 1877 2270 quo
1894 2222 1980 2270 per
2002 2204 2363 2269 generationem

213 2305 315 2337 esse
341 2289 506 2337 habet.
530 2289 625 2336 Sed
642 2288 762 2353 quid
783 2298 855 2336 est
876 2287 1012 2353 quod
1034 2286 1222 2341 dictum
1245 2295 1332 2348 est,
1356 2287 1553 2352 proprie
1576 2285 1808 2352 Spiritum
1828 2302 1885 2333 ex
1907 2289 2044 2333 Patre
2067 2283 2365 2350 procedere?

214 2370 458 2435 Numquid
475 2370 669 2436 proprie
685 2368 752 2417 ibi
769 2368 971 2425 dictum,
995 2368 1118 2416 sicut
1132 2367 1228 2415 hoc
1243 2367 1353 2415 loco
1369 2363 1727 2432 principaliter?
1740 2369 1798 2414 Et
1815 2366 2012 2414 fortasse
2028 2365 2203 2413 eodem
2216 2364 2364 2412 modo

211 2450 306 2498 dici
325 2451 477 2498 videri
499 2460 678 2516 posset,
700 2449 790 2497 nisi
813 2448 947 2513 quod
973 2447 1040 2495 ibi
1059 2447 1376 2509 interseritur,
1391 2446 1527 2512 quod
1549 2456 1597 2494 et
1611 2446 1758 2494 Filius
1781 2463 1837 2495 ex
1862 2450 2001 2495 Patre
2021 2456 2161 2494 natus
2183 2446 2242 2492 sit
2258 2461 2367 2509 pro-

211 2534 337 2597 prie,
361 2533 485 2579 sicut
512 2541 560 2579 et
584 2531 788 2596 Spiritus
811 2547 870 2578 ex
896 2532 1034 2577 Patre
1063 2530 1258 2594 proprie
1280 2528 1457 2576 dicitur
1485 2544 1606 2575 esse.
1631 2528 1827 2575 Dictum
1852 2528 2032 2593 quippe
2055 2526 2236 2574 ibidem
2259 2534 2329 2571 est
2351 2542 2359 2569 :

211 2612 354 2660 Filius
379 2631 479 2660 non
504 2630 562 2660 ex
585 2612 845 2677 semetipso
870 2620 1013 2658 natus
1034 2620 1123 2672 est,
1148 2610 1234 2658 sed
1263 2626 1321 2658 ex
1344 2612 1484 2657 Patre
1508 2618 1650 2655 natus
1673 2618 1743 2656 est
1773 2608 1969 2674 proprie
1996 2626 2006 2654 ε
2036 2624 2137 2655 non
2163 2607 2212 2653 in
2244 2615 2362 2651 tem-

212 2710 349 2757 pore,
381 2693 464 2740 sed
494 2709 714 2758 semper:
737 2708 837 2739 non
874 2690 1089 2751 aliunde,
1118 2689 1203 2737 sed
1235 2689 1296 2737 de
1329 2705 1427 2736 una
1451 2687 1737 2749 substantia,
1766 2705 1873 2745 nonv
1898 2688 1959 2735 de
1982 2688 2156 2743 aliena,
2189 2683 2273 2731 sed
2304 2683 2364 2731 de

212 2791 296 2821 sua
322 2775 533 2839 propria.
559 2776 613 2820 At
636 2789 751 2820 vero
777 2773 817 2819 si
840 2772 1015 2819 eodem
1034 2770 1186 2818 modo
1209 2780 1309 2817 tam
1332 2770 1383 2816 in
1410 2769 1526 2816 Filio
1549 2785 1694 2832 quam
1717 2770 1766 2815 in
1793 2768 1970 2833 Spiritu
1994 2775 2162 2813 sancto
2190 2765 2364 2831 accipi-

213 2866 291 2902 tur
332 2855 545 2920 proprie,
584 2870 697 2900 cum
735 2852 817 2900 hic
851 2852 1033 2899 scilicet
1071 2850 1268 2917 proprie
1297 2849 1430 2897 nasci
1451 2865 1511 2896 ex
1532 2850 1689 2908 Patre,
1718 2857 1767 2896 et
1788 2847 1868 2895 ille
1891 2846 2154 2913 procedere
2189 2845 2366 2894 dicitur

214 2936 408 3002 proprie
431 2953 486 2983 ex
511 2938 668 2993 Patre,
690 2942 739 2981 et
759 2934 853 2981 tale
870 2933 930 2980 sit
951 2932 1111 2979 dicere
1138 2931 1335 2997 proprie
1361 2947 1417 2979 ac
1440 2931 1480 2977 si
1496 2929 1735 2978 diceretur
1750 2928 2092 2995 principaliter,
2113 2928 2365 2993 quomodo

214 3017 386 3070 Filium
412 3033 466 3064 ex
489 3019 625 3062 Patre
653 3013 983 3081 principaliter
1007 3011 1135 3059 nasci
1157 3010 1391 3071 dicemus,
1414 3027 1527 3058 cum
1550 3027 1607 3058 ex
1631 3026 1690 3057 eo
1714 3009 1821 3058 solo
1845 3020 1986 3057 natus
2008 3008 2099 3057 sit?
2126 3009 2221 3056 Nisi
2245 3009 2366 3056 sorte

258 3177 264 3196 ¹
282 3175 375 3213 Luc..
391 3183 459 3215 cap.
478 3183 507 3205 vi
521 3199 529 3212 ,
550 3183 580 3206 v.
604 3174 654 3207 19.
674 3190 714 3198 —
739 3174 750 3192 ¹
776 3171 897 3214 Expos.
934 3171 1026 3205 Fidei
1058 3171 1099 3204 ad
1131 3169 1254 3212 Cyrni„
1332 3189 1369 3194 —
1389 3171 1402 3191 ⁶
1415 3169 1520 3206 Serm.
1537 3178 1623 3203 Lxxi.
1640 3168 1827 3211 Opp..t.lV
1840 3194 1847 3210 ‚
1861 3170 1922 3202 col.
1942 3171 2016 3203 397.
2029 3186 2068 3193 -
2083 3171 2092 3190 ⁷
2107 3168 2204 3211 Apud
2220 3169 2368 3210 Augusti-

217 3229 319 3268 Opp.,
336 3232 357 3259 t.
379 3227 417 3265 V,
435 3228 497 3259 col.
516 3228 585 3260 124.
601 3243 642 3251 -
656 3225 796 3258 ³Psalm.
817 3233 924 3265 xxxii,
942 3233 972 3257 v.
995 3226 1025 3257 6.
1054 3241 1092 3248 -
1116 3225 1126 3243 ⁴
1143 3222 1251 3265 Joan„
1328 3232 1405 3256 num
1422 3223 1549 3257 donum
1574 3231 1752 3255 commune
1770 3223 1898 3262 tegitur.

215 3289 286 3320 cap.
307 3289 362 3320 xv,
380 3290 410 3313 v.
434 3282 488 3314 26.
508 3297 546 3304 -
560 3280 662 3320 ⁶Cap.
697 3288 783 3320 xvn,
805 3278 909 3321 Opp„
935 3282 959 3310 t.
977 3275 1068 3317 vm,
1091 3277 1154 3310 col.
1174 3278 1246 3310 988.
