2638 3866
1144 199 1449 251 APPENDIX.
2267 203 2364 253 8⁰3

220 312 346 358 posse
367 298 656 358 conspiceres,
682 299 809 343 aliam
826 298 883 344 ad
901 315 1079 345 omnem
1103 301 1368 347 voluntatem
1391 314 1511 347 tuam
1531 302 1736 346 idoneam
1757 301 1935 363 eligens,
1959 318 1984 346 a
2006 301 2186 346 domino
2208 303 2365 350 abbate

222 393 277 423 ex
308 378 496 439 generali
528 378 708 422 fratrum
740 384 951 424 consensu
984 382 1204 441 accepisti,
1235 382 1334 437 ubi,
1371 393 1419 426 ut
1446 394 1585 427 cetera
1619 394 1861 438 taceamus,
1896 382 2087 443 undique
2107 395 2364 445 congregata

220 458 508 502 barbarorum
538 459 814 504 multitudine
827 493 839 515 ,
871 461 1096 504 veritatem
1131 463 1230 506 artis
1262 463 1418 523 partim
1450 478 1504 506 ex
1532 464 1794 525 ignorantia,
1819 465 1975 525 partim
2001 480 2054 508 ex
2088 465 2286 525 superbia
2320 467 2364 508 in

221 554 357 599 nugas
384 550 674 593 commutans,
699 556 790 584 non
822 539 1020 583 docenda
1052 540 1206 586 docere
1238 559 1325 586 non
1344 538 1539 599 desinis,
1565 559 1663 587 cum
1686 555 1729 587 et
1751 543 1949 588 docenda
1977 544 2133 588 docere
2162 561 2250 587 non
2282 544 2364 588 de—

220 623 392 679 bueras,
424 635 552 683 atque
572 622 754 667 collecto
777 623 970 668 falsitatis
991 640 1122 684 quam
1151 625 1281 669 doces
1300 628 1453 686 pretio,
1478 637 1618 670 scorto
1641 638 1717 670 tuo
1741 627 1784 669 in
1810 628 1942 687 stupri
1963 628 2173 687 premium
2198 644 2364 689 nequa-

221 719 354 763 quam
373 704 639 759 transmittis,
651 703 728 747 sed
748 705 838 765 ipse
860 704 1076 765 deportas,
1098 716 1142 749 et
1164 706 1299 765 quod,
1315 706 1419 750 dum
1439 718 1626 767 poteras,
1643 707 1689 750 in
1708 708 1895 768 pretium
1916 719 2150 768 expectatae
2169 709 2366 769 volupta-

220 783 275 826 tis
301 782 451 836 dabas,
474 782 608 827 modo
631 782 708 828 das
728 785 773 827 in
795 785 1024 845 premium,
1047 784 1143 846 plus
1163 787 1310 847 utique
1329 787 1645 831 remunerando
1667 797 1859 848 stuprum
1880 787 2142 847 praeteritum
2164 804 2361 849 peccans,

221 878 351 923 quam
383 863 570 907 emendo
606 863 820 922 futurum,
857 875 901 908 et
934 881 1019 925 qua
1054 866 1171 926 prius
1204 883 1303 910 cum
1336 867 1553 927 voluptate
1589 866 1849 921 abutebaris,
1886 866 2027 910 adhuc
2061 882 2112 910 ex
2146 868 2365 914 voluntate

221 943 432 999 abuteris3
458 944 535 987 sed
555 945 636 987 Dei
657 946 793 1004 gratia
821 960 875 988 ex
896 947 1146 990 necessitate
1168 963 1257 990 non
1281 948 1500 1008 praevales.
1527 947 1641 1001 Audi
1668 963 1771 1008 ergo
1796 947 1910 990 beati
1935 947 2158 1006 Augustini
2195 961 2366 993 senten-

220 1024 327 1067 tiam
347 1039 357 1068 :
379 1044 397 1061 «
414 1024 601 1068 Voluisti
624 1024 802 1084 aliquid,
824 1025 900 1070 sed
921 1042 1011 1070 non
1033 1028 1226 1087 potuisti,
1252 1028 1311 1071 sic
1333 1039 1512 1071 annotat
1531 1029 1662 1082 Deus,
1685 1028 1805 1087 quasi
1826 1027 1975 1071 feceris
1997 1027 2114 1087 quod
2137 1028 2322 1073 voluisti.
2342 1050 2361 1068 ι

220 1104 348 1148 Teste
379 1105 474 1148 Deo
501 1116 547 1149 et
577 1105 721 1148 electis
756 1106 915 1167 angelis
942 1107 1114 1166 loquor,
1141 1108 1242 1167 quia
1275 1108 1595 1151 conmonachos
1627 1118 1724 1150 tuos
1745 1107 2016 1167 perhibentes
2046 1107 2215 1161 audivi,
2246 1111 2363 1168 quia,

221 1199 323 1228 cum
343 1201 439 1228 sero
463 1185 520 1229 ad
546 1186 855 1229 monasterium
876 1186 1015 1243 redis,
1041 1186 1327 1248 undecunque
1355 1183 1657 1249 congregatam
1679 1188 1903 1248 pecuniam
1929 1187 1985 1231 de
2015 1188 2153 1248 pretio
2178 1188 2367 1232 falsitatis

221 1280 353 1325 quam
375 1265 527 1321 doces,
548 1265 713 1308 calcato
738 1266 908 1326 pudore
940 1267 996 1310 ad
1030 1268 1299 1312 meretricem
1326 1268 1591 1312 transvolans
1624 1268 1839 1329 deportas,
1878 1277 2155 1327 stuprumque
2181 1279 2365 1327 praeter-

216 1346 327 1389 itum
355 1346 629 1406 impudenter
657 1362 922 1391 remuneras.
955 1348 1068 1403 Quia
1104 1349 1249 1409 igitur,
1282 1359 1476 1409 suscepto
1504 1349 1681 1404 habitu,
1714 1348 1903 1392 doctoris
1930 1347 2119 1391 officium
2139 1348 2364 1392 mendacia

222 1426 424 1470 docendo
469 1428 703 1488 usurpasti,
746 1428 893 1488 utique
927 1429 1164 1471 monachus
1196 1443 1286 1472 esse
1327 1430 1496 1473 cessasti
1513 1462 1524 1484 ,
1565 1430 1664 1489 quia
1700 1430 1852 1473 beatus
1887 1429 2176 1488 Hieronymus
2208 1445 2365 1472 mona-

221 1507 369 1564 chum,
394 1508 633 1551 monachus
655 1509 761 1568 ipse,
788 1507 1002 1552 diffiniens
1028 1524 1038 1552 z
1068 1529 1087 1547 κ
1114 1509 1367 1566 Monachus,
1386 1509 1539 1569 inquit,
1558 1525 1647 1553 non
1676 1509 1863 1553 doctoris
1884 1509 1960 1553 sed
1975 1508 2215 1570 plangentis
2235 1509 2367 1553 habet

221 1587 430 1645 officium,
445 1588 519 1647 qui
541 1588 700 1632 scilicet
718 1589 932 1633 mundum
954 1589 1098 1650 lugeat
1117 1600 1160 1633 et
1180 1590 1356 1633 Domini
1376 1590 1555 1650 pavidus
1570 1575 1788 1651 praestolet
1808 1589 2054 1633 adventum.
2076 1611 2095 1629 ιι
2121 1589 2206 1632 Sed
2228 1605 2367 1649 neque

221 1666 423 1712 clericum
441 1680 484 1713 te
501 1684 591 1713 esse
605 1669 779 1713 habitus
801 1670 942 1713 clerici
960 1670 1178 1714 convincit
1197 1670 1398 1728 abjectio,
1418 1670 1495 1714 sed
1516 1670 1652 1714 multo
1664 1673 1805 1714 minus
1821 1671 1953 1714 laicus
1969 1685 2030 1727 es,
2056 1669 2174 1730 quod
2194 1684 2367 1713 coronae

220 1760 307 1793 tuae
331 1751 430 1794 satis
454 1751 612 1811 probat
636 1752 838 1795 ostensio.
860 1751 903 1794 Si
927 1751 1057 1812 igitur
1080 1766 1220 1810 neque
1242 1751 1433 1807 clericus,
1453 1767 1594 1811 neque
1614 1751 1762 1807 laicus,
1782 1765 1921 1811 neque
1941 1751 2179 1793 monachus
2194 1765 2255 1806 es,
2279 1765 2366 1809 quo

220 1831 398 1882 nomine
433 1842 477 1874 te
513 1846 713 1874 censeam
726 1865 738 1888 ,
783 1832 970 1891 reperire
1012 1847 1104 1875 non
1141 1831 1282 1874 valeo.
1316 1831 1402 1874 Sed
1446 1831 1557 1875 forte
1599 1832 1775 1875 Petrum
1818 1842 1860 1875 te
1898 1829 2100 1891 appellari
2147 1845 2271 1890 posse
2314 1846 2368 1874 ex

221 1909 532 1954 consuetudine
575 1903 809 1954 mentieris.
845 1912 996 1954 Certus
1034 1927 1129 1954 sum
1161 1921 1305 1954 autem
1346 1911 1464 1970 quod
1499 1912 1722 1955 masculini
1755 1912 1920 1972 generis
1953 1927 2136 1967 nomen,
2170 1911 2204 1953 si
2235 1926 2259 1952 a
2289 1926 2366 1954 suo

221 2005 379 2050 genere
414 1990 637 2048 deciderit,
666 2007 758 2035 rem
785 1991 954 2035 solitam
987 1991 1224 2052 significare
1249 1991 1478 2034 recusabit,
1514 1991 1662 2034 Solent
1691 1991 1807 2034 enim
1831 1991 2007 2033 nomina
2031 1991 2203 2050 propria
2230 1991 2365 2050 signi-

221 2070 469 2114 ficationem
492 2072 710 2124 amittere,
737 2086 836 2114 cum
865 2086 1016 2114 eorum
1043 2071 1278 2131 significata
1302 2071 1528 2130 contigerit
1550 2086 1573 2113 a
1596 2086 1671 2113 sua
1693 2070 1954 2130 perfectione
1975 2068 2193 2112 recedere.
2217 2069 2367 2128 Neque

221 2151 338 2195 enim
368 2150 513 2194 ablato
541 2161 655 2194 tecto
688 2150 758 2193 vel
787 2150 950 2211 pariete
985 2150 1154 2207 domus,
1190 2150 1267 2193 sed
1289 2150 1538 2211 imperfecta
1575 2149 1730 2193 domus
1761 2149 1999 2193 vocabitur.
2034 2148 2209 2191 Sublata
2240 2149 2369 2208 igitur

221 2242 345 2291 parte
380 2246 476 2290 quae
506 2231 732 2273 hominem
753 2230 877 2280 facit,
899 2246 989 2273 non
1011 2229 1183 2284 Petrus,
1207 2229 1283 2273 sed
1303 2229 1577 2290 imperfectus
1598 2228 1749 2272 Petrus
1770 2227 2048 2289 appellandus
2069 2243 2130 2271 es.
2153 2226 2222 2270 Ad
2241 2229 2367 2284 hujus

221 2311 462 2371 imperfecti
491 2311 680 2353 hominis
707 2310 1198 2371 ignominiaecumulum
1219 2307 1558 2370 vero‘pertinet,
1586 2308 1704 2369 quod
1734 2310 1778 2351 in
1808 2308 1945 2367 sigillo
1972 2324 2059 2367 quo
2086 2305 2254 2351 fietidas
2274 2308 2366 2352 illas

221 2392 383 2436 litteras
405 2391 618 2454 sigillasti,
642 2393 875 2453 imaginem
897 2391 986 2435 duo
1007 2393 1149 2452 capita
1169 2391 1423 2445 habentem,
1446 2406 1583 2434 unum
1599 2390 1695 2447 viri,
1722 2389 1904 2433 alterum
1923 2389 2130 2444 mulieris,
2153 2389 2243 2450 ipse
2270 2389 2364 2432 for-

221 2473 363 2516 masti.
400 2472 530 2516 Unde
566 2473 659 2532 quis
691 2471 876 2527 dubitet,
914 2482 1076 2532 quanto
1109 2471 1252 2515 adhuc
1279 2472 1327 2513 in
1358 2486 1455 2514 eam
1485 2470 1635 2515 ardeat
1669 2484 1815 2513 amore
1846 2469 1919 2529 qui
1946 2468 2021 2512 tali
2051 2483 2149 2512 eam
2177 2469 2366 2529 capitum

174 2566 185 2570 ‘
223 2554 529 2611 conjunctione
556 2569 647 2596 non
674 2553 848 2596 erubuit
870 2551 1114 2597 honorare?
1138 2552 1270 2595 Plura
1292 2550 1467 2611 quidem
1489 2552 1535 2594 in
1558 2562 1676 2594 tuam
1696 2548 2003 2594 contumeliam
2021 2563 2122 2592 vera
2145 2563 2195 2591 ac
2221 2548 2365 2591 mani-

221 2634 330 2678 festa
352 2634 514 2678 dictare
536 2633 834 2688 decreveram;
863 2631 941 2677 sed
960 2632 1060 2693 quia
1082 2642 1233 2676 contra
1253 2632 1476 2676 hominem
1497 2630 1794 2691 imperfectum
1815 2645 1919 2691 ago,
1946 2644 2053 2689 opus
2074 2628 2192 2689 quod
2219 2643 2364 2689 coepe-

220 2729 316 2758 ram
336 2714 637 2774 imperfectum
656 2713 872 2774 relinquo.
