2638 3866
209 208 304 255 484
1016 205 1186 252 PETRl
1224 206 1542 254 ABAELARDl

212 309 484 374 diligentius
519 306 617 366 fiat,
654 304 1041 371 praemittendum
1080 316 1167 366 est,
1209 316 1261 354 ut
1293 305 1518 366 diximus,
1557 317 1676 373 quot
1707 308 1866 357 modis
1903 309 2090 357 dicatur
2113 310 2259 372 idem,
2297 324 2345 361 et

211 399 330 454 quot
352 388 507 436 modis
530 387 788 434 diversum.

277 470 502 532 Quinque
527 476 688 514 autem
713 466 870 513 modis
901 483 957 514 ac
982 466 1200 532 pluribus
1226 467 1425 516 fortasse
1448 460 1708 535 utrumquev
1732 487 1818 536 per
1846 487 1895 518 se
1920 472 2064 518 etiam
2092 484 2344 538 acceptum

211 549 305 596 dici
330 548 534 595 videtur.
566 547 699 594 Idem
736 563 946 612 namque
981 548 1079 595 sive
1102 565 1254 596 unum
1285 549 1465 613 aliquid
1503 567 1614 598 cum
1650 551 1811 616 aliquo
1844 551 2042 613 dicitur,
2077 552 2345 600 secundum

209 628 480 687 essentiam,
509 628 607 675 sive
632 627 899 675 secundum
922 645 1204 689 numerum,
1237 629 1365 677 idem
1389 631 1706 696 proprietate,
1735 631 1865 679 idem
1889 631 2188 692 definitione,
2215 632 2344 680 idem

207 708 542 768 similitudine,
583 708 712 755 idem
751 726 838 774 pro
875 709 1303 759 incommunicato.
1337 711 1555 759 Totidem
1591 713 1748 760 modis
1792 729 1818 760 e
1859 714 2101 760 contrario
2141 713 2345 761 dicimus

206 790 446 837 diversum
471 806 526 837 ac
552 788 763 837 fortassis
785 789 1020 856 pluribus.

271 871 403 918 Idem
434 870 618 936 aliquid
650 887 761 918 cum
795 871 955 936 aliquo
990 871 1297 920 essentialiter
1331 871 1551 934 dicimus,
1590 890 1798 938 quorum
1833 874 2003 922 eadem
2037 891 2243 922 numero
2267 874 2346 939 [est

206 952 408 999 essentia
440 970 449 998 ε
478 952 543 999 ita
574 951 753 999 scilicet
786 960 838 998 ut
860 951 955 999 hoc
983 962 1029 999 et
1062 952 1180 999 illud
1211 953 1307 1000 sint
1334 953 1503 1001 eadem
1530 970 1735 1002 numero
1760 955 1980 1016 essentia,
2018 955 2140 1002 sicut
2177 954 2347 1002 eadem

204 1049 407 1080 numero
448 1034 651 1080 essentia
689 1043 760 1080 est
799 1033 924 1080 ensis
957 1043 1004 1080 et
1043 1050 1230 1093 mucro,
1277 1033 1352 1080 vel
1398 1033 1661 1081 substantia
1702 1045 1747 1082 et
1784 1052 1984 1100 corpus,
2031 1035 2132 1083 sive
2169 1035 2345 1082 animal

203 1114 301 1161 sive
335 1113 504 1175 homo,
543 1115 642 1160 sive
671 1114 815 1161 etiam
838 1115 1071 1174 Socrates,
1105 1124 1153 1161 et
1182 1113 1345 1162 album
1379 1114 1509 1161 idem
1543 1131 1745 1162 numero
1776 1115 1909 1180 quod
1942 1115 2139 1163 durum.
2168 1118 2343 1163 Verum

203 1204 273 1241 est
296 1194 425 1241 enim
455 1193 770 1241 substantiam
806 1211 908 1242 esse
938 1194 1034 1242 hoc
1064 1211 1240 1260 corpus
1274 1194 1375 1242 sive
1411 1194 1503 1242 hoc
1540 1194 1736 1257 animal,
1774 1196 1883 1243 licet
1914 1213 2015 1243 non
2049 1212 2263 1243 omnem.
2288 1198 2346 1243 Et

199 1274 300 1322 haec
341 1274 536 1339 quidem
575 1275 758 1335 omnia,
797 1292 901 1339 quae
938 1274 1159 1322 videlicet
1199 1273 1368 1323 eadem
1402 1285 1515 1322 sunt
1549 1275 1890 1339 essentialiter,
1931 1277 2101 1325 eadem
2139 1293 2344 1324 numero

202 1356 444 1417 dicuntur,
484 1356 597 1420 quia
638 1371 749 1403 cum
780 1355 947 1402 eadem
979 1355 1039 1402 sit
1065 1355 1312 1420 utriusque
1339 1356 1561 1417 essentia,
1597 1373 1697 1403 non
1727 1367 1886 1422 potest
1925 1358 1974 1404 in
2013 1357 2080 1405 eis
2115 1373 2345 1404 numerus

202 1454 363 1484 rerum
382 1436 706 1502 multiplicari,
732 1453 824 1483 nec
846 1437 1143 1502 computatio
1168 1453 1221 1484 ex
1243 1437 1345 1502 ipsa
1368 1454 1531 1484 rerum
1555 1437 1844 1485 discretione
1864 1438 2112 1504 protendi,
2137 1447 2186 1484 ut
2208 1437 2346 1484 vide-

201 1518 309 1565 licet
333 1517 518 1565 dicatur
537 1517 596 1564 de
618 1517 683 1564 eis
708 1534 882 1575 unum,
912 1517 1030 1576 duo,
1058 1527 1172 1578 etc.,
1206 1534 1316 1564 cum
1340 1517 1564 1565 videlicet
1589 1534 1819 1565 numerus
1841 1518 2034 1565 nonnisi
2056 1518 2105 1564 in
2130 1517 2347 1565 discretis

204 1608 391 1646 constat
412 1598 643 1659 essentiis,
670 1597 766 1644 hoc
794 1607 880 1658 est,
905 1598 953 1644 in
973 1597 1048 1644 his
1072 1614 1176 1662 quae
1199 1599 1263 1645 ita
1287 1599 1479 1663 penitus
1492 1607 1603 1645 sunt
1625 1597 1840 1660 diversae,
1866 1607 1920 1645 ut
1944 1614 2043 1645 non
2069 1597 2227 1645 solum
2251 1597 2346 1645 hoc

203 1695 302 1726 non
332 1680 391 1726 sit
426 1678 561 1740 illud,
596 1695 765 1725 verum
793 1695 881 1725 nec
917 1679 1116 1725 alterum
1151 1678 1212 1725 de
1235 1680 1387 1726 altero
1413 1679 1487 1740 sit,
1514 1696 1604 1726 nec
1636 1678 1815 1743 aliquid
1842 1678 1903 1726 de
1930 1679 2022 1726 isto
2058 1679 2116 1725 sit
2147 1678 2206 1726 de
2242 1679 2343 1736 illo,

202 1761 298 1808 hoc
324 1769 413 1820 est,
440 1770 493 1807 ut
519 1777 609 1807 nec
631 1759 833 1807 alterum
856 1776 967 1824 pars
995 1760 1051 1806 sit
1074 1760 1121 1806 in
1159 1760 1424 1824 quantitate
1449 1760 1665 1820 alteriuS,
1703 1777 1794 1807 nec
1824 1759 2044 1808 eamdem
2073 1760 2346 1807 communi-

202 1851 311 1889 cent
330 1851 534 1907 partem.

269 1922 400 1970 Idem
425 1939 542 1970 vero
566 1923 858 1988 proprietate
885 1922 1066 1987 aliquid
1092 1939 1203 1970 cum
1229 1922 1391 1987 aliquo
1417 1922 1610 1982 dicitur,
1635 1921 1834 1987 quando
1857 1920 1952 1969 hoc
1982 1921 2106 1968 illius
2130 1921 2346 1986 proprie-

205 2013 351 2051 tatem
376 2003 643 2068 participat,
670 2013 724 2050 ut
747 2002 914 2050 album
937 2002 1064 2063 duri,
1092 2003 1167 2051 vel
1192 2003 1369 2051 durum
1394 2002 1508 2051 albi.
1536 2006 1658 2050 Nam
1690 2012 1737 2050 et
1759 2002 1923 2050 album
1949 2002 2174 2050 duritiam
2199 2002 2345 2066 parti-

203 2085 346 2149 cipat,
373 2100 478 2147 quae
497 2084 766 2149 proprietas
791 2083 917 2145 duri,
944 2083 1078 2148 quod
1100 2094 1170 2131 est
1195 2084 1353 2132 dicere
1381 2084 1596 2131 «durum
1622 2093 1693 2131 est
1714 2083 1931 2145 album‚>›
1957 2082 2035 2130 vel
2061 2099 2087 2129 e
2110 2098 2347 2129 converso

203 2165 378 2212 durum
403 2164 514 2212 albi.
539 2163 782 2212 Nonnulla
804 2174 962 2212 autem
985 2165 1296 2213 essentialiter
1319 2165 1491 2213 eadem
1511 2174 1641 2224 sunt,
1667 2181 1773 2229 quae
1794 2173 1954 2211 tamen
1976 2161 2349 2230 proprietatibus

204 2248 300 2295 suis
331 2247 708 2312 distinguuntur,
735 2265 847 2294 cum
870 2265 1038 2295 eorum
1069 2248 1248 2296 scilicet
1268 2248 1585 2314 proprietates
1609 2249 1675 2295 ita
1698 2248 1890 2312 penitus
1912 2246 2214 2312 impermixte
2237 2261 2349 2292 ma-

202 2338 365 2389 neant,
403 2338 455 2375 ut
485 2330 754 2395 proprietas
789 2329 980 2376 alterius
1008 2330 1070 2378 ab
1096 2330 1246 2377 altero
1277 2330 1478 2377 minime
1508 2329 1841 2394 participetur,
1867 2326 2052 2375 etiamsi
2088 2327 2147 2374 sit
2179 2325 2350 2373 eadem

204 2426 408 2457 numero
446 2410 638 2475 penitus
673 2409 920 2474 utriusque
949 2409 1229 2458 substantia.
1256 2409 1403 2458 Verbi
1434 2410 1609 2474 gratia,
1638 2410 1687 2455 in
1716 2408 1807 2456 hac
1829 2409 2036 2473 imagine
2061 2422 2198 2454 cerea
2220 2406 2348 2453 idem

206 2502 275 2537 est
298 2508 501 2539 numero
528 2491 630 2538 haec
650 2507 776 2551 cera,
798 2490 893 2538 hoc
913 2500 984 2538 est
1006 2491 1207 2538 materia
1226 2492 1324 2555 ipsa
1347 2500 1395 2537 et
1416 2489 1740 2550 materiatum,
1767 2505 1857 2536 nec
1881 2499 2042 2536 tamen
2068 2487 2134 2533 ibi
2153 2486 2349 2532 materia

205 2573 308 2636 ipsa
330 2581 376 2619 et
398 2572 701 2619 materiatum
724 2588 831 2619 suas
856 2572 1220 2619 communicant
1241 2571 1576 2636 proprietates,
1604 2586 1718 2617 cum
1744 2585 1834 2616 nec
1859 2569 1962 2634 ipsa
1985 2567 2184 2614 materia
2203 2581 2349 2613 cereae

207 2653 426 2717 imaginis
447 2653 508 2700 sit
533 2653 806 2711 materiata,
836 2652 933 2699 hoc
957 2662 1026 2699 est
1051 2652 1154 2717 ipsa
1187 2668 1297 2698 cera
1326 2651 1384 2698 sit
1410 2650 1533 2697 facta
1560 2666 1615 2697 ex
1642 2665 1774 2711 cera,
1810 2664 1900 2695 nec
1937 2648 2096 2713 ipsum
2128 2646 2351 2693 materia-

206 2744 308 2780 tum
336 2735 394 2782 sit
427 2735 625 2782 materia
653 2734 739 2795 ibi,
768 2734 864 2781 hoc
897 2744 969 2782 est
992 2749 1131 2781 cerea
1151 2733 1310 2796 imago
1331 2731 1390 2779 sit
1411 2732 1612 2780 materia
1639 2746 1785 2778 cereae
1814 2729 2052 2793 imaginis,
2081 2744 2192 2774 cum
2218 2726 2351 2774 vide·-

208 2815 317 2861 licet
348 2815 468 2862 nihil
497 2816 570 2862 sui
598 2816 746 2881 ipsius
779 2832 889 2881 pars
926 2815 1089 2880 aliquo
1125 2813 1274 2861 modo
1304 2814 1362 2861 sit
1392 2812 1729 2873 constitutiva,
1770 2820 1854 2859 aut
1886 2808 2166 2857 naturaliter
2198 2808 2346 2872 prius.

208 2897 375 2958 Itaque
403 2897 599 2944 materia
623 2913 769 2944 cereae
794 2897 1017 2960 imaginis
1043 2906 1089 2943 et
1115 2895 1421 2942 materiatum
1446 2910 1504 2941 ex
1530 2909 1639 2940 cera
1674 2909 1787 2939 cum
1818 2891 1913 2938 sint
1937 2889 2108 2937 eadem
2143 2903 2350 2935 numero

213 2975 440 3039 essentia,
479 2977 528 3022 in
561 2978 656 3024 suis
684 2977 1058 3042 proprietatibus
1089 2986 1251 3025 tamen
1290 2985 1403 3023 sunt
1437 2974 1757 3040 impermixta.
1801 2975 1908 3038 Ipsa
1942 2971 2121 3035 quippe
2154 2967 2351 3039 materia

212 3070 358 3101 cereae
386 3055 603 3118 imaginis
627 3066 672 3103 et
697 3058 856 3122 ipsum
884 3058 1186 3106 materiatum
1202 3092 1214 3116 ,
1240 3064 1409 3121 utpote
1434 3056 1537 3120 ipsa
1568 3071 1676 3101 cera
1696 3063 1742 3101 et
1766 3054 1869 3117 ipsa
1891 3053 2049 3115 imago
2073 3064 2210 3097 cerea
2239 3056 2349 3093 sunt

211 3134 378 3182 eadem
417 3150 541 3196 cera,
578 3136 677 3183 haec
709 3138 890 3184 scilicet
918 3154 1065 3185 cera:
1094 3136 1179 3185 sed
1214 3146 1374 3183 tamen
1409 3136 1569 3199 ipsum
1599 3134 1903 3181 materiatum
1939 3131 2006 3177 ibi
2045 3143 2349 3193 nequaquam

211 3224 281 3262 est
317 3216 534 3275 materia,
570 3232 659 3262 nec
694 3217 796 3281 ipsa
832 3219 1031 3265 materia
1065 3226 1135 3266 est
1168 3216 1442 3277 materiata,
1481 3214 1592 3261 licet
1628 3230 1684 3261 ea
1723 3229 1798 3259 res
1835 3220 1905 3258 est
1941 3227 2045 3274 quae
2085 3209 2345 3256 materiata.

210 3297 418 3344 Pertinet
457 3306 614 3344 autem
654 3297 713 3344 ad
749 3300 1089 3362 proprietatem
1134 3298 1343 3347 materiae
1375 3295 1645 3361 praecedere
1684 3294 1839 3358 ipsum
1881 3292 2185 3340 materiatum
2221 3288 2353 3353 quod
