2638 3866
936 236 1280 286 TflssomciA
1313 209 1681 289 cnms'mANA.
2281 246 2376 293 415

237 342 430 389 docere.
470 340 782 387 Instituerunt
814 347 994 398 autem,
1017 339 1151 403 juxta
1169 340 1493 404 evangelicam
1514 341 1921 407 praedicationem,
1962 353 2059 392 tam
2091 345 2379 409 conjugato-

237 438 364 482 rum,
402 437 549 485 quam
577 428 837 480 rectorum,
862 435 1010 484 quam
1031 421 1385 468 continentium
1411 423 1576 482 vitam,
1602 439 1714 470 cum
1736 432 1783 470 et
1802 423 2075 472 civitatibus
2098 426 2235 489 quasi
2262 442 2380 473 con-

233 503 508 568 jugatorum
545 499 861 549 conventibus
899 498 1103 546 modum
1140 501 1247 547 vitae
1279 502 1666 566 assignaverunt,
1703 512 1749 549 et
1783 504 1946 567 quales
1975 505 2066 570 ipsi
2104 504 2377 571 reipublicae

235 592 446 631 rectores
480 598 582 630 esse
610 589 857 647 oporteret
882 578 1197 640 diffinierunt,
1225 591 1273 628 et
1302 582 1351 628 in
1379 583 1545 648 seipsis
1569 583 1922 631 continentium
1960 595 2104 650 atque
2134 586 2373 635 abstinen-

235 663 356 710 tium
379 662 526 710 vitam
545 669 893 728 expresserunt,
920 676 1065 725 quam
1090 677 1222 708 nunc
1240 661 1399 709 clerici
1422 662 1521 710 sive
1539 662 1765 710 monachi
1785 663 2088 729 profitentur.
2115 666 2370 714 Civitatum

235 752 395 791 autem
433 750 700 790 conventus
734 750 866 789 tanta
897 740 1106 807 proximi
1143 742 1339 789 caritate
1369 742 1649 806 junxerunt,
1689 753 1742 790 ut
1772 743 1996 791 omnibus
2028 746 2076 792 in
2114 763 2373 795 commune

235 823 455 885 redactis,
483 821 602 870 nihil
635 823 800 870 civitas
828 822 918 869 nisi
951 820 1220 870 fraternitas
1243 822 1502 886 videretur,
1535 834 1584 872 et
1612 824 1735 873 nihil
1760 825 1890 873 aliud
1923 837 2131 874 rectores
2153 829 2367 888 civitatis,

235 920 380 968 quam
409 902 683 969 reipublicae
704 902 1056 969 dispensatores
1079 901 1368 963 dicerentur,
1398 913 1452 951 ut
1470 905 1570 967 jam
1600 914 1715 952 tunc
1737 904 1867 952 illam
1890 906 2141 970 primitivoe
2165 907 2372 954 ecclesia²

232 983 546 1049 apostolicam
593 984 932 1049 praesignarent
964 983 1144 1043 vitam,
1187 982 1248 1029 de
1294 999 1391 1047 qua
1424 982 1473 1030 in
1511 984 1706 1032 Actibus
1746 985 2071 1050 apostolorum
2117 987 2316 1034 dicitur¹
2358 1006 2367 1033 ε

235 1083 259 1108 «
281 1063 427 1122 Quod
459 1074 596 1112 erant
621 1064 687 1112 eis
718 1064 880 1111 omnia
903 1064 1197 1123 communia,
1233 1071 1280 1109 et
1316 1062 1438 1110 nihil
1460 1081 1600 1111 suum
1625 1064 1814 1112 dicebat
1847 1065 2040 1130 aliquis,
2073 1066 2158 1113 sed
2186 1067 2371 1114 unicui-

233 1161 326 1209 que
359 1144 736 1194 distribuebatur
770 1153 916 1210 prout
943 1143 1116 1208 cuique
1153 1160 1276 1208 opus
1310 1153 1427 1191 erat.
1466 1131 1489 1188 i>
1527 1145 1672 1209 Cujus
1701 1162 1833 1193 nunc
1864 1147 1968 1193 vitae
2000 1162 2049 1194 se
2080 1147 2371 1211 professores

232 1225 459 1283 monachi
493 1225 676 1283 dicunt,
715 1241 827 1272 cum
859 1224 960 1271 haec
993 1223 1219 1271 omnibus
1251 1233 1377 1271 recte
1408 1225 1778 1272 conviventibus
1808 1225 2086 1290 philosophi
2109 1227 2216 1289 jure
2256 1227 2371 1273 assi·

230 1306 497 1369 gnaverint,
519 1306 654 1370 juxta
683 1305 813 1353 illam
835 1305 896 1353 de
918 1305 1138 1370 aequitate
1161 1305 1367 1352 caritatis
1400 1304 1639 1368 regulam:
1677 1325 1699 1348 «
1723 1305 1900 1369 Diliges
1924 1306 2197 1371 proximum
2235 1315 2369 1353 tuum

229 1395 480 1451 tamquam
514 1396 561 1433 te
593 1387 770 1452 ipsum.
795 1406 818 1430 »
845 1385 974 1444 Quid
1004 1385 1148 1432 etiam
1180 1385 1385 1450 amplius
1414 1402 1611 1432 omnem
1646 1386 1889 1433 interdixit
1919 1387 2287 1451 proprietatem,
2324 1398 2367 1434 et

230 1467 395 1515 omnia
430 1468 479 1514 in
517 1480 778 1515 commune
812 1467 1021 1530 redegit,
1058 1483 1204 1531 quam
1246 1466 1365 1514 illud
1400 1467 1607 1513 Socratis
1641 1466 1824 1515 dictum
1860 1468 1906 1514 in
1947 1469 2119 1514 Timaeo
2158 1467 2368 1515 Platonis

229 1547 513 1610 inductum,
554 1564 652 1612 quo
691 1563 863 1595 uxores
899 1563 1095 1612 quoque
1130 1562 1412 1594 communes
1450 1547 1549 1594 fore
1587 1547 1813 1607 instituit,
1856 1556 1909 1594 ut
1947 1547 2106 1595 nullus
2148 1549 2368 1612 proprios

230 1637 540 1691 recognoscat
578 1627 793 1675 liberos?
832 1627 1075 1692 Numquid
1111 1626 1233 1689 hoc,
1275 1627 1467 1687 fratres,
1505 1627 1567 1674 ad
1601 1627 1811 1690 aliquam
1846 1627 2193 1691 turpitudinem
2234 1628 2369 1674 incli-

230 1708 448 1755 nandum
471 1717 557 1768 est,
582 1718 634 1755 ut
655 1717 839 1756 tantam
861 1724 917 1756 ac
940 1708 1239 1756 manifestam
1258 1717 1400 1772 atque
1422 1707 1798 1755 abominabilem
1822 1706 2184 1755 obscoenitatem
2205 1717 2364 1755 tantus

227 1788 494 1836 institueret
515 1788 852 1854 philosophus,
875 1804 903 1836 a
929 1805 1029 1853 quo
1060 1797 1216 1836 totum
1245 1787 1439 1835 moralis
1462 1787 1724 1851 disciplinae
1747 1787 1961 1835 studium
1997 1796 2043 1834 et
2068 1788 2365 1851 investigatio

227 1868 404 1916 summi
445 1869 565 1915 Boni
595 1870 763 1916 sumsit
795 1868 1075 1917 exordium:
1112 1878 1158 1915 et
1192 1885 1305 1916 cum
1340 1885 1442 1916 non
1480 1867 1638 1915 solum
1673 1884 1701 1915 a
1729 1867 2047 1932 philosophis,
2075 1885 2240 1915 verum
2265 1877 2312 1914 et
2341 1884 2367 1914 a

227 1949 399 2013 poetis,
434 1958 481 1996 et
508 1948 570 1996 ab
605 1949 832 1997 omnibus
870 1949 1099 1997 naturalis
1139 1948 1255 2013 legis
1293 1947 1573 1996 hominibus
1601 1947 1835 1996 adulteria
1871 1947 2178 2007 damnentur,
2218 1948 2366 1994 immo

227 2091 549 2175 Hieronymus
574 2111 753 2157 Contra
766 2112 1072 2158 Jovcmanam
1085 2109 1208 2157 libro
1228 2110 1409 2174 primo.
1442 2110 1657 2156 «Sextus¹
1678 2109 1727 2155 in
1754 2104 2031 2156 sententiis.
2050 2108 2248 2154 Adulter
2275 2118 2361 2165 est,

226 2190 400 2255 inquit,
426 2191 477 2237 in
503 2207 639 2238 suam
661 2183 864 2238 uxorem
886 2200 1072 2238 amator
1099 2189 1362 2237 ardentior.
1394 2192 1448 2236 ln
1473 2190 1629 2236 aliena
1660 2187 1839 2254 quippe
1872 2205 2020 2235 uxore
2046 2188 2204 2234 omnis
2227 2203 2364 2234 amor

229 2271 379 2336 turpis
419 2281 509 2331 est,
552 2272 601 2318 in
642 2288 728 2319 sua
762 2272 956 2319 nimius.
994 2270 1192 2335 Sapiens
1231 2270 1304 2316 vir
1335 2268 1519 2332 judicio
1565 2268 1709 2315 debet
1743 2284 1905 2315 amare
1943 2268 2225 2330 conjugem,
2265 2284 2363 2313 non

225 2350 418 2398 affectu.
446 2354 597 2415 Reget¹¹
612 2352 820 2417 impetus
846 2351 1121 2416 voluptatis,
1149 2366 1210 2397 ne
1231 2365 1442 2414 praeceps
1466 2349 1644 2396 feratur
1667 2348 1716 2395 iu
1740 2349 1907 2396 coitu³.
1935 2347 2062 2395 Nihil
2086 2356 2155 2394 est
2181 2346 2360 2404 saedius,

227 2447 371 2495 quam
410 2447 612 2479 uxorem
641 2447 803 2479 amare
837 2431 975 2496 quasi
1005 2429 1291 2478 adulteram.
1330 2431 1468 2476 Certe
1506 2429 1591 2492 qui
1625 2428 1794 2476 dicunt
1813 2444 1883 2488 se,
1918 2444 2060 2475 causa
2092 2426 2364 2491 reipublicae

225 2522 272 2559 et
295 2514 480 2576 generis
501 2513 719 2570 humani,
738 2511 1011 2560 uxoribus
994 2512 1148 2576 jungi,
1174 2520 1221 2558 et
1242 2509 1417 2557 liberos
1444 2509 1639 2568 tollere,
1667 2495 1915 2556 imitentur
1938 2508 2102 2555 saltem
2130 2506 2359 2571 pecudeS,

225 2602 272 2639 et
301 2603 558 2658 postquam
587 2594 750 2640 uxoris
773 2602 940 2641 venter
969 2592 1267 2652 intumuerit,
1295 2608 1394 2638 non
1425 2589 1628 2655 perdant
1661 2588 1807 2649 filios,
1847 2604 1936 2635 nec
1966 2597 2202 2660 amatores
2234 2602 2362 2631 uxo-

225 2672 356 2720 ribus
379 2690 430 2720 se
453 2673 730 2733 exhibeant,
749 2673 832 2720 sed
854 2673 1112 2719 maritos.»
1139 2674 1262 2718 Cum
1279 2671 1439 2734 itaque
1463 2672 1680 2716 Socrates
1705 2683 1875 2714 uxores
1901 2683 2094 2731 quoque
2116 2665 2361 2730 publicau-

225 2752 311 2800 das
354 2769 454 2800 esse
499 2753 778 2812 instituerit,
821 2752 882 2800 de
916 2751 1259 2800 communitate
1305 2766 1512 2814 quarum
1550 2747 1668 2794 nihil
1708 2747 1910 2793 omnino
1950 2745 2215 2793 tenendum
2260 2761 2360 2791 esse

223 2831 493 2892 videbatur,
531 2832 746 2897 profecto
782 2832 904 2879 nihil
937 2832 1129 2896 penitus
1163 2829 1355 2894 reliquit
1393 2827 1668 2892 proprium,
1706 2826 1839 2890 quod
1878 2825 2096 2872 videlicet
2128 2824 2190 2872 ad
2225 2840 2360 2871 com-

224 2913 508 2961 munitatem
541 2930 643 2961 non
666 2911 935 2960 reduceret.
980 2914 1160 2958 Uxores
1182 2910 1344 2974 itaque
1365 2907 1468 2955 vult
1490 2923 1773 2954 communes
1797 2922 1916 2967 esse,
1948 2904 2214 2952 secundum
2239 2904 2362 2951 fruc-

225 2984 479 3050 tum,⁴non
510 2992 783 3040 secundum
806 3008 970 3051 usum;
995 2990 1092 3037 hoc
1115 2999 1185 3036 est
1219 2988 1280 3037 ad
1304 2987 1552 3035 utilitatem
1575 3003 1631 3033 ex
1660 2986 1728 3033 eis
1757 2984 2137 3050 percipiendam,
2165 3000 2265 3031 non
2297 2984 2358 3030 ad

222 3072 518 3139 voluptatem
550 3073 600 3120 in
639 3073 707 3120 eis
736 3070 1039 3137 explendam,
1071 3079 1123 3116 ut
1152 3068 1374 3117 videlicet
1402 3076 1531 3114 tanta
1560 3066 1620 3113 sit
1650 3066 1698 3112 in
1731 3063 1956 3112 omnibus
1991 3065 2160 3112 caritas
2188 3080 2361 3129 propa-

266 3285 274 3301 ¹
289 3281 359 3313 Act.
378 3283 492 3323 Apost.
505 3305 514 3322 ,
545 3290 621 3323 cap.
641 3289 682 3321 iv,
710 3289 741 3314 v.
771 3281 822 3314 32.
841 3295 879 3304 —-
897 3280 908 3298 ²
929 3280 992 3320 Ap.
1013 3277 1243 3318 Hieronymum
1261 3277 1404 3318 xystus‚·
1419 3276 1476 3308 sed
1493 3283 1571 3308 mss.
1590 3273 1844 3313 lemniscatas.
1863 3272 1925 3297 ·-³
1942 3271 2006 3312 Ap.
2035 3270 2276 3310 Hieronymum.
2297 3268 2356 3299 .ch

220 3343 370 3377 praeceps
384 3334 538 3378 feretum!
