2638 3866
893 270 951 319 ΙΝ
985 269 1315 317 EPISTOLAM
1352 270 1430 317 AD
1464 269 1769 319 ROMANOS.
2310 270 2407 319 329

257 372 354 421 rios
375 371 539 419 venire
576 370 861 419 adhortatur
898 379 950 418 ut
978 369 1094 418 inde
1123 370 1259 418 facile
1291 370 1669 419 fornicationum
1700 386 1896 418 suarum
1929 370 2235 418 occasionem
2274 387 2406 419 assu-

257 462 409 500 mant.
436 472 460 496 «
480 455 585 500 Non
600 453 649 499 in
673 450 1001 500 contentione.
1016 454 1050 494 'n
1071 451 1384 498 Tumultuosa
1408 462 1479 500 est
1501 451 1722 510 ebrietas,
1742 459 1791 499 et
1813 449 1948 498 sacile
1972 451 2020 498 in
2042 452 2408 500 contentionem

258 534 555 600 prorumpit,
574 543 627 580 ut
643 533 809 597 litiget.
830 531 1207 580 AEmulationem
1231 531 1347 579 dicit
1361 531 1732 590 zelum'malum,
1754 530 1805 578 id
1822 540 1889 578 est
1903 533 2283 581 commotionem
2307 533 2406 580 odii

257 615 305 661 in
331 615 553 675 alterum,
586 613 719 679 qnod
754 614 961 661 maxime
984 630 1043 660 ex
1066 612 1297 660 conviciis
1318 612 1393 660 vel
1414 613 1600 677 injuriis
1623 612 1958 661 contentiones
1987 623 2247 678 sequantur
2271 633 2284 675 3
2312 615 2408 663 fere

258 695 388 743 enim
411 712 580 743 omnes
608 705 655 743 et
682 694 887 742 maxime
916 693 1135 742 liberales
1156 693 1380 742 homines
1406 694 1555 759 magis
1578 711 1633 741 ex
1655 691 1955 758 turpitudine
1977 693 2236 742 verborum
2261 713 2408 761 quam

257 791 309 821 ex
342 776 614 841 jactatione
638 775 929 823 damnorum
961 776 1010 822 in
1034 773 1203 822 odium
1231 774 1579 823 accenduntur.
1610 778 1723 822 Post
1757 789 1906 840 opera
1933 773 2239 823 tenebrarum
2257 813 2269 836 ‚
2304 794 2408 841 quae

258 855 524 919 abjicienda
552 857 691 918 dicit,
722 877 745 902 «
773 873 907 905 arma
930 857 1073 915 lucis,
1099 877 1123 900 ³>
1150 855 1200 903 id
1223 866 1293 904 est
1318 856 1514 904 virtutes
1537 856 1711 904 Christi
1733 872 1853 921 quas
1876 855 2153 919 induamur,
2180 859 2410 922 supponit

260 935 460 985 dicens:
493 938 631 985 «Sed
655 938 929 986 induimini.
953 957 976 983 υ
1009 942 1198 1002 Agnum
1231 936 1309 985 vel
1343 937 1534 985 leonem
1570 937 1773 985 induere
1804 937 1980 985 dicitur
2014 938 2292 1003 quicunque
2322 938 2410 986 ha-

258 1015 417 1064 bitum
440 1019 677 1066 mansueti
695 1018 772 1066 vel
793 1017 1002 1066 crudelis
1028 1018 1226 1066 aSsumit
1249 1037 1259 1066 :
1289 1018 1374 1066 sed
1394 1027 1440 1066 et
1454 1018 1700 1066 Christum
1720 1018 1803 1083 qui
1824 1017 2077 1084 plenitudo
2096 1027 2168 1066 est
2190 1019 2410 1066 omnium

260 1098 491 1146 virtutum
526 1099 729 1147 induere
762 1098 955 1161 dicitur,
994 1099 1079 1164 qui
1116 1099 1218 1163 ejus
1242 1099 1491 1164 sequendo
1515 1099 1729 1163 vestigia,
1758 1099 1986 1147 omnibus
2023 1116 2112 1165 pro
2147 1116 2290 1166 posse
2321 1117 2410 1147 suo

263 1179 424 1227 studet
458 1197 508 1228 se
541 1180 781 1229 adornare
811 1179 1086 1228 virtutibus.
1125 1180 1253 1228 Dicit
1287 1180 1417 1228 idem
1450 1181 1702 1246 Apostolus
1737 1179 1849 1228 alibi
1888 1179 1949 1228 de
1986 1180 2194 1228 Christo¹
2231 1198 2242 1227 z
2272 1183 2410 1239 «Qui

261 1254 417 1307 factus
447 1258 529 1308 est
551 1262 783 1327 sapientia
812 1261 956 1310 nobis
977 1278 1005 1310 a
1039 1265 1161 1322 Deo,
1201 1271 1248 1309 et
1271 1261 1472 1326 justitia,
1499 1271 1547 1309 et
1569 1260 1890 1309 ‘sanctificatio
1917 1270 1967 1308 'et
1989 1260 2279 1327 redemptio.
2296 1283 2318 1305 »
2348 1265 2411 1310 Ac

260 1340 298 1386 si
331 1350 495 1405 aperte
527 1342 655 1390 dicat
684 1359 797 1390 eum
832 1343 975 1391 nobis
996 1359 1170 1391 omnes
1204 1343 1403 1390 virtutes
1433 1342 1564 1403 fieri,
1594 1352 1647 1390 ut
1677 1359 1789 1390 cum
1814 1341 2069 1390 virtutibus
2093 1343 2407 1403 adornamur,

261 1420 504 1470 Christum
540 1423 745 1472 induere
785 1435 911 1472 recte
943 1424 1181 1472 dicamur.
1212 1426 1271 1470 Et
1304 1433 1357 1470 ut
1389 1423 1656 1489 specialiter
1691 1422 1934 1470 Christum
1965 1422 2166 1472 induere
2198 1424 2405 1490 possitis,

258 1503 512 1550 carnaliter
547 1521 609 1552 ne
636 1506 824 1568 vivatis,
856 1504 1223 1552 cum-videlicet
1256 1520 1370 1552 caro
1399 1503 1629 1552 adversus
1654 1505 1877 1570 spiritum
1907 1506 2235 1570 concupiscat,
2270 1505 2321 1552 id
2344 1515 2415 1553 est

259 1582 521 1632 Christum.
553 1605 577 1629 α
597 1588 774 1633 Curam
807 1603 869 1634 ne
906 1585 1109 1634 feceritis
1133 1586 1184 1632 in
1208 1583 1475 1646 desideriis,
1498 1606 1520 1628 »
1549 1585 1599 1632 in
1623 1584 1889 1646 desideriis,
1919 1585 2102 1649 inquit,
2130 1584 2181 1632 id
2212 1595 2283 1633 est
2311 1602 2412 1633 non

259 1663 308 1709 in
348 1665 675 1730 superfluitate
710 1666 1034 1732 voluptatum,
1075 1666 1162 1714 sed
1190 1666 1239 1713 in
1270 1665 1550 1713 necessitate
1583 1665 1942 1713 alimentorum.
1971 1667 2177 1731 Oportet
2208 1666 2340 1713 enim
2368 1676 2415 1714 et

259 1747 453 1810 corpori
490 1763 685 1812 quoque
720 1757 889 1795 nostro
921 1747 1190 1795 necessaria
1225 1745 1462 1811 impendi,
1490 1746 1612 1793 sicut
1647 1745 1891 1811 superflua
1922 1745 2140 1793 subtrahi
2170 1764 2181 1792 ε
2208 1756 2262 1794 ut
2281 1747 2414 1795 vide-

258 1825 369 1873 licet
397 1837 579 1875 naturae
599 1828 866 1876 substantia
890 1838 1222 1889 conservetur,
1252 1836 1301 1874 et
1321 1827 1551 1874 vitiorum
1576 1827 1791 1874 fomenta
1816 1827 2131 1891 denegentur.
2160 1829 2269 1875 Non
2293 1840 2414 1893 vergo

260 1896 334 1954 ait'
360 1907 657 1974 simpliciter,
684 1918 723 1954 ἐι
743 1909 901 1957 carnis
936 1925 1105 1957 curam
1145 1925 1207 1955 ne
1239 1906 1530 1970 habueritis,
1550 1928 1573 1951 >2
1615 1907 1738 1965 sed‚·
1764 1927 1787 1954 α
1808 1908 1858 1955 ἰῐ]
1897 1907 2172 1970 desideriis,
2199 1929 2221 1952 >³
2260 1908 2309 1955 id
2346 1919 2415 1956 est

259 1987 308 2034 in
340 1988 672 2054 voluptatibus
694 1991 859 2056 potius
881 2007 1028 2056 quam
1060 1990 1109 2038 in
1133 1987 1511 2038 necessitatibus.
1549 1991 1657 2037 Non
1690 1988 1819 2037 enim
1852 1999 2051 2052 naturae,
2078 1988 2162 2038 sed
2192 1990 2413 2038 vitiorum

258 2064 422 2117 hostes
446 2087 547 2118 esse
571 2071 824 2121 debemus.
847 2107 852 2111 -
887 2091 890 2094 ’

328 2170 351 2195 «
372 2148 624 2200 Infirmum
675 2165 902 2202 autem.»
942 2158 1063 2203 Cum
1102 2155 1322 2220 superius
1360 2153 1581 2213 dixisset,
1628 2172 1651 2199 «
1673 2157 1780 2200 Non
1814 2154 1863 2200 in
1902 2153 2243 2216 contentione,
2269 2174 2291 2197 n
2334 2153 2413 2200 hic

260 2232 499 2296 praecipue
532 2233 728 2282 cuidam
757 2244 991 2300 perversae
1012 2235 1321 2284 'contentioni
1342 2235 1393 2281 in
1418 2234 1660 2300 primitiva
1686 2233 1896 2281 Ecclesia
1920 2234 2081 2282 statim
2115 2234 2414 2300 expositione

261 2310 409 2359 finem
442 2312 694 2379 impotiere
716 2316 892 2364 studet.
917 2317 1127 2375 Quidam
1156 2317 1288 2364 enim
1310 2316 1373 2364 ad
1399 2315 1547 2363 fidem
1570 2315 1761 2362 noviter
1793 2316 2014 2363 conversi
2037 2318 2061 2362 J
2067 2315 2188 2363 udaei
2211 2326 2257 2364 et
2279 2333 2415 2364 non-

261 2391 379 2439 dum
407 2393 469 2441 de
498 2394 717 2444 libertate
737 2395 1019 2446 ‘Christianae
1042 2397 1157 2445 fidei
1179 2397 1292 2446 satis
1314 2397 1561 2458 instructi,
1590 2395 1827 2462 putabant
1851 2395 2011 2444 adhuc
2033 2397 2177 2445 etiam
2200 2397 2415 2445 carnales

261 2473 587 2525 observantias
609 2477 726 2543 legis
751 2479 1028 2527 retinendas
1059 2496 1179 2539 esse,
1214 2488 1263 2526 et
1280 2478 1526 2545 'praecipue
1549 2494 1576 2525 a
1605 2493 1749 2526 carne
1778 2478 1997 2543 porcina,
2025 2487 2072 2526 et
2094 2479 2273 2526 caeteris
2295 2477 2413 2526 cibis

264 2559 390 2619 'quos
430 2556 506 2604 lex
546 2558 821 2618 interdixit,
862 2559 1034 2607 nobis'
1070 2563 1266 2626 quoque
1308 2558 1650 2608 abstinendum
1693 2575 1812 2621 esse,
1854 2575 1914 2606 eo
1952 2559 2158 2606 maxime
2207 2559 2413 2606 fortassis

263 2636 396 2699 quod
422 2638 663 2704 quidquid
694 2639 992 2689 abstinentiae
1017 2658 1118 2689 esse
1141 2641 1349 2699 videtur,
1382 2639 1549 2687 virtuti
1585 2638 1869 2704 deputatur.⁴
1895 2640 2027 2687 Sicut
2056 2655 2169 2702 ergo
2194 2640 2411 2705 superius

260 2717 526 2781 superfluas
565 2719 993 2770 commessationes
1032 2721 1295 2778 interdixit,
1337 2720 1418 2767 hic
1456 2719 1523 2766 ita
1556 2719 1812 2784 superfluis
1848 2718 2147 2767 abstinentiis
2188 2720 2410 2782 consulit,

262 2803 323 2843 ne
345 2813 433 2862 per
450 2797 596 2862 hujus
621 2802 946 2849 contentionis
965 2802 1314 2849 dissensionem
1337 2798 1529 2846 infirma
1552 2797 1731 2858 adhuc,
1752 2798 1803 2845 id
1825 2808 1896 2845 est
1919 2799 2199 2865 imperfecta
2222 2799 2413 2848 Judaeo-

260 2893 371 2924 rum
405 2894 753 2928 conversorum
787 2898 815 2929 a
849 2885 953 2928 Deo
984 2881 1344 2940 scandalizaret,
1383 2888 1438 2926 ut
1475 2877 1537 2925 ad
1571 2877 1873 2926 Judaismum
1908 2879 2139 2942 redirent,
2173 2880 2212 2928 si
2246 2879 2307 2928 ab
2340 2881 2415 2929 his

261 2951 437 3006 scilicet
478 2960 880 3009 interdicerentur
917 2961 1398 3026 abstinentiis',quas
1431 2960 1508 3007 lex
1540 2969 1681 3007 antea
1718 2970 1956 3023 sanxerat,
1989 2961 2141 3009 immo
2173 2962 2275 3028 ipse
2305 2965 2413 3009 'Do-

259 3029 421 3087 minus
451 3057 536 3106 per
567 3040 752 3107 legem,
780 3042 913 3090 unde
944 3043 1020 3090 his
1046 3043 1131 3108 qui
1160 3043 1284 3090 inter
1313 3041 1801 3106 Romanos'peri'ectae
1824 3040 1937 3089 fidei
1962 3041 2038 3090 vel
2067 3042 2299 3091 doctr-inae
2314 3043 2414 3108 jam

261 3129 415 3180 erant,
443 3122 651 3169 consulit
666 3123 940 3188 Apostolus,
969 3134 1022 3171 ut
1042 3145 1083 3171 ..ι
1105 3122 1300 3187 (Ῑηίςάθ
1320 3122 1512 3170 noviter
1534 3121 1975 3170 conversis-Iudaeis
1991 3122 2152 3171 adhuc
2172 3123 2407 3183 infirmus,

263 3194 314 3241 id
346 3205 417 3243 est
440 3197 748 3262 imperfectus
782 3199 832 3246 in
867 3198 963 3247 fide
996 3199 1071 3262 sit,
1098 3198 1323 3246 nondum
1358 3196 1432 3246 vel
1465 3197 1666 3245 credens
1686 3196 1928 3245 Christum
1963 3214 2047 3246 seu
2079 3199 2409 3264 Evangelicarn

310 3379 317 3396 ¹
338 3376 349 3409 1
370 3378 540 3420 Corinth„
565 3390 635 3423 cap.
656 3391 678 3423 ι,
707 3392 735 3417 v.
754 3385 805 3417 30.
827 3401 864 3408 —
878 3385 889 3403 ²
905 3384 1000 3418 Amb.
1019 3384 1191 3418 Nostrum.

424 3455 456 3479 11
2201 3442 2251 3481 112
