2638 3866
1088 223 1396 275 DIALOGUS.
2222 221 2315 270 687

185 323 399 388 perantia
429 332 587 370 suntet
614 323 829 383 frenum,
858 332 910 370 ut
937 340 1043 387 quae
1066 324 1243 373 scilicet
1268 341 1354 389 per
1376 324 1602 371 virtutem
1623 324 1815 388 justitioe
1834 323 1934 388 jam
1964 321 2208 383 volumus,
2237 341 2320 389 per

184 402 270 451 has
294 403 437 452 etiam
460 401 692 464 roborati,
720 402 919 468 implere
945 413 1165 468 potentes
1185 405 1349 465 simus,
1375 413 1610 469 quantum
1629 405 1680 452 in
1703 404 1843 452 nobis
1865 413 1953 452 est.
1979 403 2117 451 Unde
2137 414 2318 452 utram·

185 499 279 547 que
301 483 471 531 harum
503 483 745 548 quandam
769 483 915 530 animi
941 482 1213 531 firmitatem
1237 494 1283 532 et
1306 485 1626 533 constantiam
1649 484 1871 542 dicimus,
1902 483 2078 548 quibus
2100 494 2320 550 potentes

184 562 419 611 efficimur
450 563 511 611 ad
538 563 635 611 hoc
665 562 798 628 quod
828 579 914 628 per
935 563 1167 627 justitiam
1202 565 1452 622 volumus,
1478 564 1839 612 exsolvendum.
1873 567 2090 622 Quarum
2120 565 2316 629 quidem

184 644 423 691 contraria
446 643 663 707 quaedam
690 641 989 690 infirmitates
1012 643 1184 703 animi,
1211 653 1257 690 et
1281 644 1571 710 impotentiae
1592 645 1716 691 vitiis
1739 644 1987 691 resistendi
2012 654 2138 692 recte
2162 647 2319 693 nomi-

185 733 380 784 uantur,
404 733 456 771 ut
483 723 670 787 ignavia
698 723 797 770 sive
821 722 1207 788 pusillanimitas,
1233 741 1339 788 quae
1372 725 1625 772 remissum
1654 724 1902 772 hominem
1930 723 2156 783 reddunt,
2179 736 2225 772 et
2251 727 2319 773 in-

184 804 518 868 temperantia,
545 819 650 868 quae
672 819 763 850 nos
789 803 840 850 in
871 802 1104 851 obscenas
1125 803 1391 869 voluptates
1414 803 1489 852 vel
1512 804 1669 869 turpia
1692 802 1927 851 desideria
1949 804 2209 852 resolvunt.
2240 809 2319 853 Est

184 882 379 946 quidem
414 883 645 932 fortitudo
672 883 1003 943 considerata,
1036 883 1088 931 id
1110 893 1183 931 est.
1203 883 1499 931 rationabilis
1530 883 1751 931 laborum
1780 883 2022 948 perpessio
2054 893 2102 931 et
2132 887 2320 949 pericu-

183 962 340 1010 lorum
376 964 633 1028 susceptio.
671 966 776 1011 Haec
817 973 889 1011 est
926 979 980 1010 ea
1012 963 1160 1011 virtus
1203 980 1309 1027 quae
1337 972 1588 1029 promptos
1620 974 1709 1010 nos
1744 962 1888 1010 efficit
1918 962 1979 1010 ad
2018 965 2319 1029 suscipienda

183 1043 395 1107 pericula
428 1043 505 1091 vel
536 1043 818 1091 tolerandos
850 1042 1065 1096 labores,
1091 1053 1242 1109 prout
1268 1053 1596 1108 opportunum
1624 1053 1718 1103 est3
1745 1042 1879 1107 quod
1907 1044 2111 1090 maxime
2143 1046 2322 1109 pendet

184 1122 244 1170 de
265 1139 433 1171 amore
452 1124 669 1188 justitiae,
705 1141 851 1188 quem
881 1123 1078 1172 bonum.
1106 1122 1261 1171 zelum
1295 1123 1499 1171 dicimus
1532 1123 1581 1170 in
1617 1123 1954 1188 propulsandis
1986 1122 2206 1172 videlicet
2239 1138 2320 1174 aut

182 1203 484 1253 vindicandis
521 1203 674 1253 malis.
715 1205 1050 1270 Temperantia
1085 1213 1155 1252 est
1188 1204 1387 1252 rationis
1424 1204 1473 1251 in
1507 1203 1756 1251 libidinem
1791 1213 1935 1267 atque
1972 1204 2023 1251 in
2063 1204 2180 1252 alios
2220 1224 2319 1254 non

182 1294 336 1333 rectos
371 1286 576 1350 impetus
606 1285 754 1333 animi
786 1284 925 1333 firma
953 1294 1000 1332 et
1035 1284 1286 1333 moderata
1313 1283 1598 1332 dominatio.
1633 1286 1765 1349 Saepe
1797 1284 1926 1331 enim
1957 1284 2158 1333 modum
2181 1303 2319 1335 exce-

182 1364 366 1428 dentes,
397 1365 514 1413 dum
548 1365 689 1413 nobis
720 1374 1041 1431 temperantes
1071 1381 1173 1414 esse
1205 1364 1442 1426 videmur,
1477 1363 1802 1430 temperantiae
1834 1364 2064 1412 terminos
2087 1375 2320 1431 transgre-

181 1444 362 1505 dimur,
384 1455 438 1492 ut
464 1444 581 1493 dum
604 1444 848 1492 sobrietati
871 1444 1135 1505 studemus,
1162 1444 1491 1493 immoderatis
1511 1444 1704 1509 jejuniis
1726 1460 1816 1491 nos
1839 1443 2122 1508 affligamus,
2139 1457 2186 1494 et
2202 1448 2320 1495 dum

180 1525 349 1572 vitium
371 1525 570 1573 domare
592 1526 830 1590 cupimus,
853 1526 1006 1591 ipsam
1029 1526 1363 1589 extinguamus
1379 1535 1618 1585 naturam,
1640 1534 1688 1571 et
1704 1524 1770 1572 sic
1789 1524 1838 1572 in
1859 1523 2019 1572 multis
2042 1526 2320 1576 excedendo

179 1621 269 1669 pro
293 1604 548 1653 virtutibus
580 1605 784 1653 finitima
805 1606 920 1671 ipsis
952 1606 1068 1654 vitia
1102 1606 1370 1654 statuimus.
1401 1603 1540 1652 Unde
1563 1604 1736 1651 merito
1762 1613 2020 1669 postquam
2044 1604 2228 1654 dictum
2252 1618 2322 1655 est

182 1684 338 1744 firma,
374 1685 682 1750 subjunctum
715 1697 786 1734 est
816 1686 1081 1735 moderata.
1108 1687 1197 1734 Cui
1232 1686 1452 1751 profecto
1486 1683 1660 1731 rationi
1691 1685 1844 1749 ipsam
1876 1684 2140 1749 prudentiae
2176 1689 2323 1735 ratio-

182 1782 303 1814 nem.
317 1783 518 1831 praeesse
549 1783 742 1814 necesse
766 1776 863 1826 est,
892 1783 1039 1831 quam
1065 1767 1320 1826 virtutum,
1356 1775 1409 1812 ut
1438 1764 1671 1821 diximuS‚
1699 1772 1900 1811 matrem
1923 1766 2201 1826 nominant,
2227 1768 2322 1815 hoc

182 1855 251 1893 est
267 1847 503 1910 originem
526 1847 745 1912 ipsarum,
761 1857 904 1911 atque
929 1846 1186 1895 nutricem.
1210 1849 1299 1894 Per
1314 1844 1442 1893 hanc
1465 1845 1595 1892 enim
1622 1844 1713 1892 nisi
1730 1844 1929 1892 virtutes
1948 1862 2318 1911 praenoscamus,

182 1936 229 1973 et
259 1943 339 1975 eas
371 1926 624 1991 diligenter
646 1926 938 1975 nonsssolum
968 1942 997 1974 a
1025 1926 1277 1975 contrariis
1303 1934 1351 1973 et
1377 1924 1660 1984 manifestiS,
1686 1940 1854 1971 verum
1883 1925 2027 1972 etiam
2050 1942 2078 1973 a
2109 1926 2324 1976 finitimis

183 2006 313 2057 vitiis
333 2006 603 2058 discernere
625 2006 886 2067 valeamus,
921 2022 1227 2071 nequaquam
1257 2006 1325 2054 eis
1354 2021 1474 2069 quas
1496 2005 1798 2067 ignoramus,
1837 2002 2082 2052 habendis
2103 2007 2178 2054 vel
2203 2024 2322 2055 con-

182 2086 425 2134 servandis
450 2086 856 2152 operamdamus.
882 2085 1022 2134 Unde
1039 2087 1316 2150 quicunque
1341 2084 1416 2131 his
1435 2092 1742 2131 consumatus
1761 2092 1832 2130 est
1848 2083 2119 2142 virtutibus,
2144 2087 2187 2133 ei
2205 2104 2321 2152 pru-

183 2166 395 2215 dentiam
419 2167 572 2215 inesse
596 2183 789 2215 necesse
806 2176 874 2214 est
888 2175 1008 2231 ;-per
1030 2182 1177 2230 quam
1195 2164 1415 2213 videlicet
1432 2173 1476 2229 et
1489 2163 1720 2226 justitiam
1737 2178 1842 2225 quae
1867 2163 2035 2211 merita
2058 2164 2318 2231 dispensat,

184 2245 301 2310 quid
338 2247 511 2311 cuique
541 2246 790 2307 debeatur,
830 2246 963 2294 sciat.
1001 2244 1251 2293 Fortitudo
1286 2245 1336 2291 in
1374 2242 1688 2308 suscipiendis
1721 2242 1942 2307 periculis
1977 2244 2050 2292 vel
2079 2244 2324 2296 laboribus

184 2325 444 2373 tolerandis
476 2326 813 2373 discretionem
843 2325 1018 2384 habet,
1049 2324 1382 2390 temperantia,
1416 2332 1470 2370 ut
1499 2322 1679 2370 dictum
1716 2333 1808 2382 est,
1843 2323 1890 2369 in
1925 2327 2323 2390 concupiscentiis

184 2406 483 2454 reservandis
504 2406 905 2454 moderationem.
932 2408 1131 2453 Constat
1150 2404 1292 2469 igitur
1311 2403 1359 2451 in
1379 2403 1455 2450 his
1478 2402 1630 2450 tribus
1649 2418 1767 2467 quas
1797 2401 2021 2464 diximus,
2045 2405 2316 2464 virtutibus,

185 2486 361 2552 quibus
395 2486 651 2552 prudentia
685 2486 849 2534 deesse
880 2503 980 2534 non
1016 2475 1200 2551 potest,
1237 2484 1487 2534 hominem
1525 2483 1849 2531 consummari
1880 2493 1928 2530 et
1964 2482 2106 2532 bonis
2135 2488 2320 2552 perfici.

186 2570 323 2616 Nunc
343 2583 457 2614 vero
486 2567 699 2632 ipsarum
732 2566 911 2632 species
944 2582 1027 2614 seu
1052 2575 1208 2631 partes
1237 2573 1453 2629 superest
1480 2562 1791 2626 distinguere,
1825 2579 1923 2627 quo
1951 2563 2223 2629 diligentius
2245 2584 2323 2615 eas

186 2662 500 2709 agnoscamus
522 2656 569 2694 et
590 2663 760 2695 eorum
783 2645 1160 2709 doctrinamper
1182 2644 1366 2706 singula
1384 2642 1724 2709 prosequendo
1747 2642 1906 2700 verius
1922 2642 2209 2705 judicemus.

251 2729 521 2775 Cnmsttm.
549 2730 703 2774 Immo
726 2727 839 2789 quia
861 2726 928 2776 sic
955 2726 1110 2792 placet
1131 2734 1179 2772 et
1204 2724 1391 2791 placere
1413 2733 1619 2789 oportet,
1647 2722 1699 2771 id
1723 2722 2088 2787 fierioptamus.

254 2809 438 2855 Pmms.
466 2806 539 2853 Ad
557 2806 788 2870 justitiam
806 2805 987 2869 itaque,
1010 2803 1143 2870 quod
1166 2820 1307 2851 suum
1329 2813 1400 2851 est
1422 2803 1682 2867 unicuique
1701 2811 1988 2860 servantem,
2010 2814 2062 2851 ut
2082 2807 2325 2855 succincte

188 2887 362 2945 dicam,
391 2886 632 2951 pertinent
655 2900 957 2946 nnvnnssnrm,
985 2900 1327 2943 nssnarlcnnru,
1355 2899 1620 2943 velumus,
1647 2898 1936 2931 vmmcxrm.

1021 3000 1136 3055 Quid
1166 3000 1220 3043 sit
1249 2999 1502 3049 reverentia.

256 3124 586 3172 Reverentiam
610 3140 715 3172 eam
741 3132 926 3189 partem
946 3122 1135 3187 justitiae
1162 3120 1397 3180 dicimus,
1418 3136 1503 3186 per
1529 3135 1676 3185 quam
1699 3118 1925 3168 omnibus
1946 3119 2160 3170 debita-m
2183 3141 2322 3173 vene-

190 3204 424 3252 rationem
462 3203 688 3252 exhibere
720 3202 973 3269 spontanei
1011 3217 1217 3262 sumuS,
1241 3209 1338 3248 tam
1375 3200 1596 3249 videlicet
1623 3201 1754 3258 Deo,
1792 3204 1905 3264 quaei
1931 3199 2098 3265 religio
2129 3201 2319 3263 dieitur,

192 3300 335 3346 quam
360 3294 405 3331 et
426 3283 703 3332 hominibus
721 3292 953 3348 potestate
976 3281 1051 3330 vel
1075 3281 1235 3344 aliquo
1261 3281 1432 3330 merito
1451 3280 1626 3344 dignis,
1651 3297 1756 3344 quae
1781 3279 2084 3328 observantia
2102 3294 2317 3330 vocatur.
