2638 3866
891 511 1174 592 LIBER
1241 510 1696 605 QUINTUS.

299 748 514 796 «Nemini
553 747 822 813 quidquam
857 746 1133 808 debeatis,»
1164 747 1214 794 id
1239 757 1309 795 est
1346 747 1413 795 ita
1449 747 1510 795 ab
1546 748 1773 796 omnibus
1808 747 1982 797 debitis
2018 749 2268 809 absolvite,
2306 760 2360 798 ut

228 829 345 877 nihil
370 839 540 895 praeter
562 830 807 877 caritatem
837 827 1013 876 debere
1047 844 1134 875 vos
1164 830 1537 892 recognoscatis.
1565 832 1683 888 Quae
1718 830 1785 877 sic
1809 845 2000 895 semper
2031 840 2103 879 est
2130 830 2362 879 solvenda

228 920 279 958 ut
306 927 495 976 semper
516 910 767 971 debeatur,
799 920 845 957 et
868 910 936 957 sic
957 926 1147 975 semper
1170 918 1240 957 est
1262 910 1606 975 impendenda,
1634 921 1688 958 ut
1719 920 1835 960 tunc
1863 912 2070 959 maxime
2100 912 2364 959 retineatur

227 1007 339 1038 cum
370 991 681 1057 impenditur.
709 990 915 1038 Pecunia
942 1001 1102 1038 autem
1126 1007 1236 1037 cum
1272 991 1576 1056 persolvitur,
1610 992 1654 1038 ei
1677 992 1754 1038 cui
1782 991 1999 1039 redditur
2021 991 2223 1051 accedit,
2261 1000 2308 1039 et
2334 1007 2364 1038 a

228 1070 456 1119 reddente
472 1071 686 1119 discedit.
714 1071 918 1134 Diligere
938 1070 1142 1119 alterum
1159 1081 1229 1118 est
1250 1072 1294 1118 ei
1310 1082 1508 1137 propter
1527 1072 1685 1136 ipsum
1706 1071 1831 1120 bene
1854 1081 2037 1138 optare.
2063 1091 2086 1117 «
2099 1072 2359 1132 Invicem,»

227 1150 276 1197 id
301 1160 370 1199 est
392 1152 516 1199 inter
537 1168 622 1198 vos
645 1161 698 1198 ut
724 1151 783 1197 sit
804 1160 971 1198 mutua
993 1150 1201 1198 dilectio.
1229 1152 1507 1198 Proximum
1538 1151 1746 1216 intellige
1769 1168 1966 1200 omnem
2000 1152 2251 1199 hominem
2281 1152 2365 1216 qui

227 1229 540 1279 humanitatis
573 1242 744 1279 natura
766 1230 908 1278 nobis
933 1231 1222 1296 conjunctus
1247 1242 1334 1294 est,
1368 1242 1415 1279 et
1444 1249 1502 1279 ex
1525 1232 1697 1280 eodem
1719 1242 1853 1298 patre
1879 1233 2030 1281 Adam
2053 1248 2364 1280 communem

226 1310 480 1358 nobiscum
521 1312 637 1360 dicit
681 1312 916 1376 originem
955 1330 965 1358 ε
1006 1312 1046 1359 si
1083 1313 1212 1359 enim
1259 1312 1510 1378 Apostolus
1559 1313 1835 1378 proximum
1879 1313 2109 1378 intelligat
2148 1312 2364 1360 Judaeum

228 1400 430 1453 tantum,
463 1392 729 1440 secundum
757 1392 891 1456 quod
925 1392 974 1439 in
1010 1392 1112 1456 lege
1144 1392 1343 1440 dicitur¹
1374 1411 1385 1439 z
1419 1396 1573 1441 «Non
1610 1392 1866 1441 foenerabis
1897 1394 2119 1458 proximo
2149 1401 2252 1453 tuo,
2282 1391 2366 1440 sed

229 1470 383 1518 alieno
406 1491 417 1519 :
442 1493 463 1515 >2
488 1488 795 1538 nequaquam
815 1483 937 1520 stare
959 1482 1117 1538 potest
1138 1473 1271 1538 quod
1293 1474 1373 1535 ait,
1397 1490 1509 1521 eum
1537 1473 1621 1538 qui
1645 1472 1796 1538 diligit
1814 1474 2088 1539 proximum
2110 1489 2211 1520 non
2234 1471 2367 1519 adul-

228 1552 386 1610 terari,
412 1561 505 1599 etc.
543 1569 654 1600 cum
686 1552 907 1600 videlicet
932 1553 1034 1600 haec
1065 1554 1207 1601 etiam
1237 1554 1474 1601 committi
1499 1554 1548 1600 in
1571 1552 1847 1601 infidelibus
1873 1554 2073 1619 possint.
2105 1555 2321 1616 «Legem
2340 1571 2363 1596 »

228 1632 403 1697 Moysis
426 1631 540 1679 dicit
563 1633 647 1679 ubi
678 1649 784 1696 quae
806 1633 1048 1697 subjungit
1071 1643 1306 1698 praecepta
1330 1635 1659 1682 continentur.
1691 1653 1714 1679 «
1736 1637 1856 1682 Nam
1881 1651 1982 1682 non
2005 1632 2312 1681 adulterabis.
2341 1652 2364 1677 υ

233 1710 494 1760 Adulterari
517 1713 616 1760 sive
639 1713 871 1761 moechari
894 1730 980 1778 pro
1004 1714 1139 1760 omni
1162 1713 1326 1760 illicito
1349 1713 1611 1761 concubitu
1629 1713 1704 1762 lex
1719 1731 1902 1779 ponere
1921 1714 2135 1775 videtur;
2155 1712 2367 1778 alioquin

229 1808 468 1856 nusquam
498 1793 626 1840 illam
662 1793 1028 1840 fornicationem
1052 1793 1343 1855 excluderet,
1373 1810 1479 1858 quae
1508 1793 1570 1841 ab
1592 1795 1658 1841 eis
1682 1794 1996 1841 committitur
2017 1794 2101 1858 qui
2126 1793 2368 1857 conjugati

229 1889 329 1919 non
348 1882 476 1920 sunt.
505 1876 627 1920 Cum
655 1874 817 1938 itaque
841 1873 972 1935 dicit,
1001 1894 1022 1917 <c
1042 1890 1142 1921 non
1168 1873 1474 1935 adulterabis,
1494 1894 1517 1917 >2
1541 1874 1748 1939 speciem
1767 1890 1855 1939 pro
1878 1890 2051 1938 genere
2074 1874 2231 1939 ponit,
2248 1873 2369 1920 sicut

229 1970 255 2000 e
292 1970 526 2001 converso
561 1952 724 2001 subdit
759 1973 769 2000 ε
806 1956 954 2001 «Non
987 1953 1195 2015 occides,
1221 1975 1245 1998 2>
1285 1970 1435 2019 genus
1470 1971 1559 2020 pro
1599 1955 1772 2019 specie.
1813 1957 1919 2002 Non
1953 1954 2084 2001 enim
2116 1951 2274 2001 occidi
2306 1951 2369 1999 ab

229 2029 427 2078 homine
450 2030 670 2092 bestiam,
697 2031 781 2079 sed
804 2031 1054 2079 hominem
1080 2040 1225 2079 vetat.
1252 2034 1385 2079 Tunc
1409 2043 1569 2080 autem
1593 2033 1743 2080 homo
1768 2032 2018 2080 hominem
2045 2030 2238 2093 occidit,
2267 2047 2367 2077 non

228 2113 356 2158 Deus
387 2128 474 2176 per
497 2128 626 2172 eum,
663 2121 715 2158 ut
739 2128 884 2177 supra
905 2128 1101 2176 quoque
1124 2112 1396 2174 innuimus,
1436 2113 1632 2177 quando
1656 2113 1706 2160 id
1729 2114 1926 2179 propria
1951 2113 2071 2177 gerit
2100 2111 2365 2171 voluntate,

228 2207 328 2237 non
353 2191 524 2238 divinae
547 2191 662 2255 legis
679 2193 925 2240 sanctione
950 2193 1254 2254 constrictus,
1282 2193 1342 2240 de
1361 2210 1457 2258 qua
1470 2193 1668 2258 quidem
1681 2194 1858 2258 injusta
1874 2193 2116 2241 occisione
2134 2191 2372 2239 Dominus

231 2273 424 2317 Petrum
457 2272 696 2319 instruens
734 2273 818 2320 ait²
846 2291 855 2318 :
889 2274 1026 2331 «Qui
1064 2274 1301 2339 acceperit
1335 2273 1567 2337 gladium,
1606 2274 1765 2338 gladio
1795 2273 1987 2340 peribit.
2015 2293 2038 2317 n
2067 2272 2164 2331 Qui
2200 2288 2287 2337 per
2321 2289 2371 2319 se

230 2352 465 2417 acceperit
482 2352 561 2413 ait,
580 2369 680 2399 non
702 2353 776 2399 cui
803 2369 830 2400 a
844 2363 1080 2417 potestate
1095 2353 1315 2412 traditur,
1339 2354 1400 2400 ad
1415 2355 1647 2417 justitiam
1661 2355 1841 2403 scilicet
1856 2353 2190 2413 exercendam,
2212 2352 2370 2416 gladio

229 2433 385 2496 perire
408 2432 580 2494 dignus
604 2441 691 2478 est.
721 2434 853 2478 Tunc
876 2433 1018 2479 etiam
1042 2434 1144 2498 ipse
1168 2433 1507 2481 tantummodo
1530 2434 1711 2498 absque
1733 2437 1838 2481 Deo
1860 2433 1911 2481 id
1934 2434 2061 2494 facit,
2090 2431 2140 2479 id
2167 2440 2238 2478 est
2259 2448 2370 2478 cum

230 2512 291 2559 ad
312 2512 559 2576 propriam
579 2511 876 2559 voluntatem
895 2512 1211 2577 implendam,
1235 2529 1336 2560 non
1355 2513 1416 2560 ad
1431 2514 1662 2577 justitiam
1681 2512 2015 2573 exercendam,
2036 2511 2086 2558 id
2100 2527 2261 2574 agens,
2284 2510 2371 2556 ho-

232 2594 405 2640 micida
430 2593 505 2639 sit.
535 2592 673 2640 Unde
695 2593 999 2656 Augustinus,
1032 2595 1356 2654 Quaestionum
1382 2596 1433 2640 in
1451 2593 1673 2641 Exodam
1697 2610 1805 2659 cap.
1833 2611 1897 2640 xx
1924 2611 1934 2639 ε
1966 2612 1989 2637 ε(
2010 2594 2132 2640 Cum
2156 2590 2371 2637 minister

227 2674 396 2736 judicis
421 2672 596 2720 occidit
619 2689 731 2720 eum
755 2689 903 2737 quem
925 2673 1000 2720 lex
1015 2673 1154 2737 jussit
1177 2674 1350 2734 occidi,
1374 2674 1592 2739 profecto
1617 2674 1655 2720 si
1677 2674 1728 2721 id
1750 2682 1921 2739 sponte
1945 2672 2102 2734 faciat,
2128 2669 2372 2718 homicida

234 2762 319 2812 est,
357 2754 442 2799 etsi
473 2770 584 2800 eum
610 2752 800 2799 occidat
830 2768 974 2816 quem
1009 2754 1097 2800 scit
1128 2769 1157 2800 a
1186 2753 1348 2817 judice
1382 2753 1539 2807 occidi
1574 2753 1856 2801 debuisse.»
1887 2756 2038 2800 «Non
2069 2750 2319 2809 furaberis,
2346 2770 2368 2792 υ

235 2832 284 2878 id
321 2841 389 2878 est
411 2849 510 2878 non
545 2832 871 2879 fraudulenter
903 2833 1058 2880 aliena
1095 2833 1251 2880 tolles.
1281 2837 1386 2882 Non
1411 2834 1541 2881 enim
1570 2833 1756 2881 Hebraei
1779 2833 1958 2880 furtum
1991 2832 2222 2888 fecerunt,
2260 2846 2370 2877 cum

231 2913 364 2974 jussu
389 2911 552 2958 divino
572 2913 818 2976 AEgyptios
853 2915 1181 2978 spoliaverunt
1203 2913 1263 2960 ab
1290 2913 1365 2960 his
1398 2931 1503 2978 quae
1522 2915 1611 2962 Dei
1632 2915 1780 2978 magis
1801 2931 1948 2978 quam
1970 2914 2186 2978 ipsorum
2214 2920 2368 2958 erant.

240 2990 470 3038 «Falsum
498 2992 840 3053 testimonium,
866 3013 887 3035 »
923 3002 1092 3040 contra
1120 2994 1465 3041 conscientiam
1497 2995 1675 3043 scilicet
1707 2993 1971 3059 loquendo.
2010 3011 2033 3038 «
2054 2995 2160 3039 Non
2192 3005 2373 3037 concu-

236 3071 388 3135 pisces
407 3089 430 3114 »
460 3069 631 3126 aliena,
658 3070 835 3117 scilicet
853 3087 952 3117 non
978 3073 1321 3119 tantummodo
1342 3090 1441 3120 non
1466 3074 1619 3122 tolles.
1651 3093 1675 3119 «
1689 3077 1747 3120 Et
1765 3075 1841 3120 si»
1863 3072 2144 3120 mandatum
2167 3067 2373 3117 subaudi

237 3149 503 3198 dilectionis
529 3149 576 3195 in
598 3148 693 3195 hoc
722 3160 961 3214 praecepto
985 3151 1271 3216 completur,
1301 3171 1325 3198 «
1346 3152 1531 3217 diliges,
1558 3163 1650 3202 etc.
1667 3173 1689 3199 υ
1720 3152 1859 3201 Aliud
1878 3161 1948 3200 est
1970 3151 2128 3199 dicere
2152 3149 2273 3197 sicut
2297 3158 2367 3208 te,

279 3338 284 3356 ¹
303 3336 437 3368 Denter.
452 3359 459 3377 ,
477 3343 548 3376 cap.
566 3342 666 3375 xxm,
681 3343 710 3367 v.
733 3335 782 3368 19.
795 3350 836 3358 -
859 3336 871 3355 ²
884 3334 985 3369 natm
1004 3359 1012 3377 ,
1030 3344 1101 3377 cap.
1120 3346 1207 3378 xxvi,
1224 3346 1254 3371 v.
1277 3339 1327 3371 52.
