2638 3866
713 214 770 262 IN
805 210 1139 262 EPlSTOLAM
1174 212 1254 260 AD
1289 209 1575 261 ROMANOS
1609 212 1702 259 LlB
1737 213 1859 260 SEC.
2254 216 2348 263 205

208 314 388 364 modo?
407 313 650 379 Numquid
676 323 723 362 et
744 329 1006 379 pauperem
1026 313 1179 375 illum,
1207 314 1290 378 qui
1314 313 1362 360 in
1389 313 1497 360 sinu
1532 312 1731 361 Abrahae
1763 312 2105 378 requiescebat,
2134 314 2254 362 sicut
2279 315 2350 362 di-

206 397 352 447 vitem
376 395 658 443 damnatum
682 393 905 442 diabolus
927 393 1189 455 cruciabat,
1218 394 1329 441 licet
1351 396 1511 441 minus
1532 410 1643 441 eum
1669 403 1931 459 torqueret,
1959 405 2040 442 aut
2059 405 2106 443 et
2130 396 2178 442 in
2195 395 2349 461 ipsum

200 473 447 530 „Abraham
471 475 744 523 dominium
767 473 995 532 habebat,
1021 483 1315 538 caeterosque
1339 473 1545 522 electos?
1570 474 1780 532 Quando
1807 475 1854 522 in
1882 491 1993 522 eum
2017 475 2254 539 malignus
2274 477 2351 523 ille

206 547 361 604 tortor
384 555 657 603 dominium
678 554 897 617 haberet,
922 554 1004 619 qui
1028 564 1246 620 portatus
1276 554 1337 602 ab
1359 554 1539 619 angelis
1561 555 1609 602 in
1634 555 1793 602 sinum
1819 555 2017 603 Abrahae
2043 573 2351 603 commemo-

205 634 355 701 ratur,
382 636 444 684 de
464 651 561 701 quo
583 635 727 683 etiam
751 635 853 701 ipse
880 633 1118 682 Abraham
1152 644 1350 682 testatur
1373 635 1564 682 dicens¹
1590 654 1599 681 :
1637 654 1659 679 α
1688 638 1825 682 Nunc
1861 645 2022 683 autem
2058 636 2136 684 hic
2177 654 2351 684 conso-

205 718 347 776 latur,
371 727 422 764 tu
445 732 560 763 vero
584 715 847 763 cruciaris?
871 735 893 759 »
923 717 981 763 Et
1005 715 1202 780 insuper
1223 715 1371 763 chaos
1392 732 1620 779 magnum
1646 715 1890 763 firmatum
1914 733 2015 764 esse
2043 718 2207 764 asserit
2230 718 2354 765 inter

206 795 456 857 electoszet
472 793 740 862 reprobos,
765 805 817 843 ut
838 812 1145 861 nequaquam
1176 795 1228 843 hi
1254 795 1315 843 ad
1339 796 1446 843 illos
1467 796 1668 844 transire
1693 796 1896 862 possint,
1923 796 2103 843 nedum
2133 796 2354 845 diabolus

206 877 434 925 omnibus
461 877 668 942 nequior
691 875 757 924 ibi
783 876 1056 924 dominium
1087 875 1280 937 habeat,
1310 876 1392 923 ubi
1416 875 1576 924 nullus
1608 877 1802 941 iniquus
1825 876 1988 924 locum
2016 877 2090 924 vel
2112 887 2158 924 et
2186 880 2354 925 transi-

206 966 309 1004 tum
326 956 489 1005 habet.
515 957 661 1016 Quod
678 958 821 1005 etiam
837 957 916 1022 jus
933 957 982 1004 in
1006 955 1304 1022 possidendo
1323 956 1574 1004 hominem
1596 956 1819 1005 diabolus
1838 956 2016 1004 habere
2037 966 2240 1022 poterat,
2266 959 2353 1005 nisi

206 1037 328 1085 forte
353 1038 466 1103 quia
488 1055 627 1100 eum,
650 1038 863 1086 Domino
891 1037 1197 1103 permittente
1221 1047 1302 1085 aut
1324 1038 1468 1085 etiam
1498 1036 1733 1099 tradente,
1757 1037 1818 1086 ad
1846 1037 2171 1103 torquendum
2199 1038 2354 1103 ipsum

206 1118 512 1183 susceperat?
536 1119 781 1182 Numquid
802 1118 933 1166 enim
956 1119 995 1165 si
1017 1117 1187 1183 aliquis
1221 1135 1386 1165 servus
1409 1118 1675 1165 Dominum
1704 1135 1844 1166 suum
1880 1118 2100 1166 deserere
2123 1118 2281 1179 vellet,
2310 1131 2356 1167 et

205 1198 398 1246 alterius
417 1199 641 1265 potestati
665 1216 714 1248 se
743 1198 971 1259 subdere,
999 1209 1047 1246 et
1074 1199 1142 1247 sic
1166 1216 1305 1264 agere
1327 1199 1506 1258 liceret,
1536 1208 1587 1246 ut
1609 1215 1709 1246 non
1729 1199 1854 1263 jure,
1880 1200 1918 1247 si
1945 1199 2102 1261 veliet,
2130 1217 2240 1247 eum
2266 1203 2356 1248 Do-

206 1279 366 1326 minus
383 1280 663 1343 requireret‚
690 1289 834 1344 atque
856 1279 1146 1327 reduceret?
1180 1281 1299 1338 Quis
1321 1280 1466 1327 etiam
1492 1279 1682 1327 dubitet
1718 1279 1851 1343 quod
1887 1280 1926 1327 si
1960 1270 2355 1344 servus'alicujus

207 1359 394 1407 domini
422 1360 812 1425 persuasionibus
832 1361 929 1407 suis
951 1377 1239 1408 conservum
1265 1377 1408 1407 suum
1441 1359 1654 1422 seducat,
1699 1370 1746 1408 et
1778 1361 1840 1408 ab
1868 1360 2144 1408 obedientia
2170 1362 2349 1427 proprii

208 1438 396 1487 domini
414 1439 654 1488 declinare
680 1440 819 1488 faciat
838 1459 850 1500 3
881 1450 1062 1505 quanto
1089 1442 1295 1506 amplius
1324 1440 1454 1506 apud
1476 1440 1733 1487 dominum
1750 1457 1893 1489 suum
1914 1458 2021 1488 reus
2035 1442 2354 1488 constituatur

207 1520 432 1568 seductor
454 1538 601 1586 quam
624 1521 866 1583 seductus,
887 1532 934 1568 et.
957 1538 1103 1586 quarn
1128 1521 1359 1586 injustum
1383 1522 1459 1582 sit,
1488 1531 1541 1568 ut
1559 1522 1595 1568 is
1618 1522 1702 1586 qui
1716 1522 1862 1569 alium
1882 1521 2141 1581 seduxerit,
2159 1521 2354 1585 aliquod

209 1600 321 1648 inde
356 1602 658 1666 privilegium
690 1602 763 1649 vel
805 1611 1091 1667 potestatem
1120 1602 1170 1649 in
1203 1619 1315 1649 eum
1352 1618 1500 1666 quem
1534 1601 1722 1649 seduxit
1747 1601 1927 1649 habere
1966 1602 2212 1659 meruerit,
2250 1604 2350 1665 qui,

210 1681 396 1728 etiamsi
436 1682 568 1747 prius
607 1682 654 1729 in
695 1699 809 1730 eum
842 1682 921 1746 jus
956 1682 1182 1744 haberet,
1222 1699 1280 1730 ex
1315 1682 1408 1729 hac
1445 1682 1548 1747 ipsa
1582 1682 1876 1729 seductionis
1910 1699 2005 1730 suae
2038 1682 2251 1747 nequitia
2281 1684 2356 1746 jus

209 1760 327 1807 illud
352 1763 572 1810 amittere
596 1762 859 1811 meruerit?
876 1763 1118 1829 Scriptum
1148 1763 1327 1828 quippe
1354 1771 1424 1810 est
1446 1780 1456 1808 ε
1498 1781 1521 1808 «
1545 1762 1846 1826 Privilegium
1873 1773 2085 1811 meretur
2119 1763 2352 1822 amittere,

209 1842 291 1905 qui
316 1843 571 1890 commissa
595 1842 685 1890 sibi
709 1854 944 1909 potestate
969 1844 1197 1892 abutitur.
1229 1862 1251 1888 »
1290 1843 1437 1902 Quod
1461 1842 1580 1893 alter
1611 1843 1744 1891 alteri
1777 1860 1832 1891 ex
1869 1843 1943 1891 his
1968 1844 2210 1891 conservis
2244 1860 2356 1908 prae·

207 1922 464 1986 ponendus
486 1919 625 1985 esset,
648 1934 696 1971 et
718 1934 1004 1990 potestatem
1027 1926 1075 1972 in
1100 1942 1211 1972 eum
1226 1934 1525 1990 accepturUS,
1552 1941 1858 1990 nequaquam
1893 1933 2139 1990 oporteret
2158 1924 2355 1988 nequio-

210 2018 310 2049 rem
335 2019 536 2068 praeesse
560 2005 644 2069 qui
660 2005 842 2053 nullam
858 2005 1050 2071 penitus
1071 2005 1221 2053 habet
1243 2005 1476 2070 privilegii
1489 2006 1727 2053 rationem
1744 2023 1754 2052 ε
1773 2005 1858 2053 sed
1877 2005 2027 2069 magis
2047 2005 2219 2052 rationi
2243 2021 2356 2051 con·

208 2092 490 2131 sentaneum
514 2095 654 2147 esset,
682 2095 735 2133 ut
756 2086 795 2133 is
818 2087 902 2150 qui
922 2085 1150 2133 seductus
1175 2096 1264 2146 est,
1284 2086 1332 2133 in
1359 2103 1472 2133 eum
1507 2087 1590 2150 qui
1626 2085 1715 2132 sibi
1751 2085 2026 2132 seducendo
2062 2085 2245 2143 nocuit,
2286 2084 2356 2130 di-

209 2163 504 2212 strictionem
529 2177 771 2214 exerceret
790 2167 1029 2214 vindictae.
1058 2170 1289 2215 Praeterea
1313 2166 1537 2215 diabolus
1560 2167 1968 2213 immortalitatem
1998 2182 2144 2230 quam
2168 2165 2353 2212 homini

208 2259 264 2289 ex
299 2247 675 2309 transgressione
705 2247 944 2312 promisit,
982 2246 1096 2294 dare
1131 2265 1230 2294 non
1268 2248 1454 2313 potuit;
1480 2257 1531 2294 ut
1569 2264 1655 2312 per
1694 2247 1790 2294 hoc
1810 2247 1916 2310 jure
1950 2246 2112 2312 aliquo
2152 2246 2356 2292 retinere

210 2334 389 2387 posset.
416 2326 498 2373 His
522 2327 683 2391 itaque
706 2327 975 2375 rationibus
998 2328 1223 2376 convinci
1239 2327 1431 2376 videtur
1453 2327 1587 2392 quod
1614 2326 1837 2375 diabolus
1859 2328 1907 2374 in
1939 2327 2189 2374 hominem
2209 2342 2357 2390 quem

209 2403 398 2452 seduxit
417 2406 603 2454 nullum
620 2407 698 2471 jus
717 2408 995 2456 seducendo
1018 2409 1309 2474 acquisierit,
1336 2409 1427 2456 nisi
1451 2408 1592 2468 forte,
1610 2418 1661 2455 ut
1675 2407 1897 2469 diximus,
1919 2417 2156 2472 quantum
2176 2406 2236 2453 ad
2253 2423 2356 2471 per-

210 2485 486 2533 missionem
518 2487 716 2535 Domini
740 2489 1034 2553 pertinebat,
1062 2490 1147 2554 qui
1179 2481 1383 2537 eum‘illi
1406 2489 1543 2554 quasi
1566 2489 1832 2536 carcerario
1868 2488 1944 2535 vel
1979 2488 2146 2535 tortori
2175 2503 2263 2533 suo
2296 2486 2355 2532 ad

210 2566 510 2629 puniendum
537 2567 813 2624 tradiderat.
844 2572 941 2617 Nec
965 2571 1093 2617 enim
1121 2569 1200 2618 itte
1225 2571 1315 2617 nisi
1350 2571 1399 2617 in
1425 2570 1692 2617 Dominum
1727 2585 1868 2615 suum
1899 2576 2194 2633 peccaverat,
2221 2566 2357 2628 cujus

211 2645 538 2694 obedientiam
569 2648 862 2696 deseruerat.
907 2650 956 2696 Si
991 2666 1106 2714 ergo
1139 2650 1378 2697 Dominus
1413 2666 1528 2696 suus
1555 2650 1598 2696 ei
1639 2648 1877 2696 dimittere
1909 2657 2161 2712 peccatum
2199 2646 2354 2702 vellet,

211 2726 332 2772 sicut
355 2737 401 2772 et
416 2729 570 2775 Mariae
591 2728 775 2792 Virgini
800 2729 979 2777 factum
1002 2740 1088 2790 est,
1116 2739 1163 2777 et
1186 2729 1349 2776 multis
1369 2729 1513 2776 etiam
1536 2739 1646 2775 ante
1670 2727 1941 2792 passionem
1980 2743 2113 2774 suam
2145 2726 2358 2773 Christus

212 2805 337 2864 fecit,
365 2816 418 2852 ut
441 2802 624 2854 dictum
644 2818 713 2855 est
736 2809 797 2855 de
817 2810 966 2856 Maria
985 2809 1281 2872 Magdalene,
1310 2818 1357 2855 et
1382 2807 1797 2872 quemadmodum
1822 2807 2054 2872 scriptum
2086 2816 2155 2854 est
2184 2806 2244 2853 ad
2272 2822 2359 2871 pa-

214 2885 462 2948 ralyticum
486 2888 698 2934 Domino
723 2888 913 2936 dicente
934 2891 949 2914 ⁹
970 2907 979 2935 :
1000 2909 1024 2934 α
1042 2888 1262 2945 Confide‚
1279 2887 1683 2946 fili,remittuntur
1705 2887 2002 2952 tibipeccata
2025 2897 2105 2934 tua
2125 2905 2135 2933 :
2165 2906 2186 2930 η
2207 2886 2245 2934 si
2273 2887 2354 2944 ita,

212 2964 428 3029 inquam,
452 2967 553 3014 sine
574 2968 796 3032 passione
818 2967 1007 3015 homini
1033 2969 1368 3033 transgressori
1390 2968 1636 3031 ignoscere
1673 2969 1910 3015 Dominus
1938 2966 2097 3029 vellet,
2125 2977 2172 3014 et
2200 2966 2358 3014 dicere

214 3047 386 3093 tortori
409 3064 497 3094 suo
523 3065 532 3094 :
562 3047 684 3095 Nolo
706 3058 757 3095 ut
777 3049 982 3113 amplius
1004 3065 1116 3097 eum
1141 3050 1312 3114 punias
1332 3067 1341 3095 z
1370 3049 1485 3114 quid
1505 3049 1630 3113 juste
1654 3058 1879 3113 torquere
1902 3057 2065 3113 posset
2081 3057 2251 3105 tortor,
2276 3047 2357 3109 qui

214 3125 299 3186 nil,
327 3137 379 3174 ut
404 3137 651 3176 ostensum
674 3138 760 3190 est,
776 3128 896 3192 juris
918 3130 967 3176 in
992 3130 1266 3194 torquendo
1286 3121 1552 3195 acceperat,
1587 3129 1676 3177 nisi
1706 3146 1762 3177 ex
1794 3129 1894 3194 ipsa
1924 3128 2120 3176 Domini
2156 3126 2355 3192 permis-

257 3310 372 3352 mue„
392 3322 462 3356 cap.
482 3323 549 3354 xvi,
575 3325 603 3348 v.
630 3317 682 3349 25.
707 3332 745 3338 —
766 3314 915 3357 ’Matttn.,
940 3324 1011 3357 cap.
1035 3324 1080 3357 ix,
1103 3325 1133 3349 v.
1153 3318 1181 3349 2.
