2638 3866
623 269 906 320 EPlSTOLA
941 269 1022 318 AD
1057 269 1387 318 EPISCOPUM
1421 269 1826 319 PARISIENSEM.
2208 268 2292 322 454

151 376 374 426 convicta
397 384 493 436 est,
526 382 668 438 atque
707 372 904 436 insuper
928 370 1070 418 exilio
1094 371 1289 436 punita,
1318 371 1493 419 multas
1527 372 1575 419 in
1616 388 1695 420 me
1716 372 2034 421 contumelias
2067 384 2116 422 et
2147 376 2303 424 minas

118 471 121 473 ’
152 455 442 517 evomuerit,
484 455 586 502 viso
622 451 859 518 opusculo
892 451 1107 515 quodam
1151 463 1318 500 nostro
1357 453 1418 501 de
1453 452 1551 500 fide
1582 462 1756 500 sanctae
1792 454 2060 516 Trinitatis,
2098 457 2305 505 maxime

151 537 379 585 adversus
406 534 625 583 baeresim
653 530 921 599 praefatam,
948 547 1045 596 qua
1070 532 1170 596 ipse
1195 532 1388 581 infamis
1412 542 1505 594 est,
1532 534 1826 599 conscripto.
1860 536 2139 584 Nuntiatum
2173 537 2307 585 insu-

152 634 239 683 per
267 616 408 665 nobis
439 625 510 663 est
531 631 559 663 a
582 613 797 679 quodam
820 611 1055 678 discipulo
1086 621 1280 672 nostro,
1310 614 1390 661 cui
1422 612 1536 661 inde
1567 612 1757 662 locutus
1790 624 1886 676 est,
1913 615 2047 680 quod
2072 633 2158 664 vos
2186 627 2301 665 tunc

151 698 400 746 absentem
428 703 746 762 exspectaret,
774 702 827 741 ut
847 692 985 741 vobis
1009 693 1060 740 in
1090 692 1172 741 illo
1201 693 1436 759 opusculo
1460 693 1695 758 quasdam
1719 694 1919 743 haereses
1941 713 2020 744 me
2049 698 2301 746 inseruisse

153 788 441 826 monstraret
469 796 480 825 ι
509 787 555 825 et
588 791 675 823 vos
705 790 902 840 quoque
933 783 1105 822 contra
1143 790 1245 834 me,
1277 775 1399 822 sicut
1430 784 1478 823 et
1512 790 1682 822 omnes
1713 791 1836 840 quos
1861 776 2047 835 nititur,
2077 793 2303 825 commo-

152 868 297 906 veret.
336 857 482 917 Quod
516 858 557 904 si
592 856 659 904 ita
694 864 789 915 est,
829 863 880 901 ut
920 854 970 901 in
1005 852 1102 902 hoc
1132 870 1328 919 quoque
1359 871 1492 902 nunc
1527 854 1605 903 ille
1645 857 1891 921 persistat,
1928 873 2184 922 precamur
2218 848 2321 906 vos!

152 938 354 987 athletas
382 937 603 998 Domini,
633 945 679 984 et
707 934 822 983 fidei
851 939 995 982 ‘sacrae
1026 933 1328 995 defensoreS‚
1359 945 1412 983 ut
1443 944 1622 983 statuto
1653 936 1764 984 loco
1795 946 1842 984 et
1876 947 2095 1002 tempore
2127 954 2303 986 conve-

152 1019 305 1066 nienti
329 1035 406 1067 me
427 1028 476 1067 et
499 1017 632 1066 illum
657 1016 960 1075 convocetis,
988 1025 1035 1063 et
1057 1031 1224 1064 coram
1251 1014 1510 1064 Catholicis
1530 1026 1577 1064 et
1598 1016 1815 1065 discretis
1839 1017 1974 1077 viris,
1998 1033 2122 1082 quos
2146 1018 2305 1067 vobis-

152 1116 264 1147 cum
287 1098 601 1165 provideatis,
625 1114 730 1162 quae
756 1096 834 1144 ille
861 1096 1119 1144 adversum
1141 1113 1220 1144 me
1248 1096 1497 1144 absentem
1523 1097 1739 1145 mussitet
1763 1097 2039 1159 audiantur,
2065 1109 2112 1147 et
2133 1098 2305 1147 debitae

152 1180 440 1228 correctioni
469 1179 772 1243 subjaceant,
798 1177 874 1226 vel
898 1176 977 1225 ille
1002 1176 1064 1224 de
1093 1178 1214 1226 tanti
1246 1177 1460 1225 criminis
1490 1177 1827 1244 impositione,
1863 1179 1936 1226 vel
1966 1195 2056 1244 ego
2085 1178 2147 1229 de
2175 1189 2304 1231 tanta

151 1259 393 1308 scribendi
416 1260 808 1327 praesumptione.
846 1261 1031 1307 Interea
1057 1268 1222 1307 autem
1249 1261 1353 1306 Deo
1389 1258 1562 1322 gratias
1589 1258 1744 1306 refero
1771 1258 1906 1323 quod
1938 1275 2186 1308 summum
2218 1261 2306 1308 Dei

152 1342 400 1389 inimicum
429 1351 477 1389 et
505 1340 618 1389 fidei
644 1339 985 1388 labefactorem
1003 1374 1016 1398 ,
1045 1339 1093 1386 in
1127 1338 1223 1386 fide
1252 1340 1552 1387 contrarium
1583 1339 1622 1386 si
1655 1339 1870 1404 perfero,
1898 1349 1946 1388 et
1970 1356 2059 1405 pro
2083 1339 2180 1388 fide
2211 1357 2305 1405 qua

152 1432 350 1484 stamus,
376 1420 606 1470 dimicare
629 1418 926 1486 compellor3
959 1429 1005 1468 et
1030 1419 1165 1485 quod
1190 1436 1395 1467 numero
1423 1419 1668 1467 bonorum
1698 1418 1956 1468 hominum
1981 1420 2082 1485 jam
2110 1437 2212 1470 esse
2237 1423 2306 1469 vi-

151 1494 273 1549 deor
291 1519 350 1551 ex
372 1502 474 1567 ejus
495 1501 802 1550 infestatione
816 1538 829 1563 ,
856 1516 1002 1565 quem
1033 1499 1148 1548 solis
1170 1499 1316 1549 bonis
1338 1516 1527 1566 semper
1549 1508 1738 1548 constat
1760 1516 1863 1549 esse
1892 1499 2117 1548 infestum
2132 1539 2146 1563 ,
2171 1502 2307 1565 cujus

152 1592 250 1630 tam
273 1583 371 1631 vita
393 1599 541 1648 quam
558 1582 812 1648 disciplina
834 1581 1063 1629 omnibus
1081 1591 1153 1628 est
1178 1581 1445 1629 manifesta.
1472 1581 1562 1629 Hic
1577 1590 1747 1629 contra
1771 1580 2015 1646 egregium
2034 1581 2171 1630 illum
2190 1599 2307 1648 prae·

151 1679 324 1712 eonem
342 1663 517 1712 Christi
536 1662 799 1712 Robertum
824 1661 1097 1710 Arbrosello
1118 1670 1622 1709 contumacemaausus
1638 1671 1708 1709 est
1727 1662 1988 1727 Epistolam
2011 1661 2303 1728 confingere,

152 1754 200 1792 et
221 1754 392 1793 contra
411 1744 546 1792 illum
567 1742 878 1808 magnificum
901 1741 1121 1790 Ecclesiae
1134 1743 1399 1790 Doctorem
1423 1740 1703 1790 Anselmum
1726 1743 2120 1791 Cantuariensem
2144 1743 2310 1791 Archi-

151 1825 434 1890 episcopum
450 1824 574 1872 adeo
597 1840 684 1889 per
706 1810 1024 1873 contumelias
1048 1823 1246 1880 exarsit,
1270 1833 1322 1871 ut
1344 1822 1407 1871 ad
1430 1823 1554 1888 regis
1576 1822 1757 1888 Anglici
1787 1823 2042 1890 imperium
2060 1822 2122 1872 ab
2144 1825 2310 1889 Anglia

156 1905 356 1971 turpiter
376 1905 634 1971 impudens
657 1905 760 1968 ejus
782 1904 1089 1953 contumacia
1110 1904 1171 1951 sit
1194 1903 1342 1968 ejecta
1357 1941 1369 1965 ,
1397 1913 1444 1951 et
1467 1903 1545 1951 vix
1568 1913 1672 1952 tum
1696 1921 1809 1952 cum
1836 1906 1928 1952 vita
1953 1904 2170 1953 evaserit.
2203 1906 2310 1953 Vult

153 2002 266 2034 eum
278 1983 485 2034 infamiae
501 1985 680 2033 habere
699 1986 1004 2051 participem,
1024 1996 1075 2032 ut
1091 2001 1178 2050 per
1195 1984 1443 2033 infamiam
1460 1983 1708 2032 bonorum
1731 2001 1867 2033 suam
1891 1984 2168 2033 consoletur
2189 1985 2310 2034 infa-

156 2066 320 2129 miam,
347 2083 438 2115 nec
463 2067 555 2116 nisi
585 2066 773 2115 bonum
801 2066 932 2126 odit,
959 2066 1045 2131 qui
1066 2065 1227 2114 bonus
1251 2081 1353 2113 esse
1375 2082 1475 2113 non
1501 2066 1704 2114 sustinet
1730 2083 1741 2112 z
1770 2066 1855 2130 qui
1885 2066 1952 2114 ob
1977 2066 2311 2133 intemperan-

155 2148 270 2197 tiam
306 2149 590 2212 arrogantiae
623 2165 744 2207 suae,
780 2146 842 2195 ab
875 2157 1081 2212 utroque
1112 2162 1288 2210 regno,
1322 2146 1371 2193 in
1403 2163 1502 2211 quo
1529 2156 1840 2195 conversatus
1870 2157 1964 2208 est,
1995 2157 2094 2196 tam
2125 2147 2311 2212 Anglo-

156 2246 264 2276 rum
295 2229 474 2277 scilicet
501 2244 649 2293 quam
678 2231 999 2289 Francorum,
1036 2244 1149 2276 cum
1177 2243 1368 2275 summo
1402 2226 1642 2276 dedecore
1678 2226 1903 2293 expulsus
1932 2237 2026 2288 est,
2052 2238 2100 2275 et
2128 2229 2178 2275 in
2208 2229 2312 2294 ipsa

155 2311 292 2374 cujus
314 2309 503 2376 pudore
525 2309 790 2358 canonicus
814 2309 1007 2370 dicitur,
1033 2308 1165 2358 beati
1177 2308 1368 2356 Martini
1385 2308 1601 2367 ecclesia,
1627 2325 1728 2356 non
1750 2325 2019 2374 nunquam,
2049 2318 2099 2356 ut
2112 2310 2264 2369 aiunt,
2285 2325 2311 2355 a

154 2391 401 2440 canonicis
424 2389 731 2451 verberatus,
766 2406 952 2437 morem
982 2389 1179 2438 solitum
1204 2390 1481 2438 servaverit.
1509 2390 1716 2438 Nomine
1738 2390 1988 2455 designare
2012 2390 2120 2454 quis
2142 2390 2231 2437 iste
2254 2391 2311 2436 sit

153 2487 565 2536 supervacaneum
589 2471 723 2533 duxi,
750 2487 897 2536 quem
920 2469 1174 2536 singularis
1198 2470 1396 2518 infamia
1419 2469 1715 2518 infidelitatis
1738 2480 1785 2518 et
1807 2471 1915 2519 vitae
1938 2471 2040 2535 ejus
2060 2469 2310 2535 singulari-

158 2561 228 2599 ter
245 2551 510 2600 notabilem
526 2551 655 2599 facit.
672 2552 762 2599 Hic
782 2552 904 2600 sicut
926 2550 1424 2617 pseudo-Dialecticus
1441 2551 1506 2597 ita
1519 2560 1567 2597 et
1582 2550 2109 2609 Pseudo-Christianus,
2133 2567 2244 2597 cum
2262 2550 2310 2596 in

157 2631 407 2680 dialectica
426 2648 512 2680 sua
530 2632 714 2680 nullam
737 2649 859 2692 rem,
887 2631 973 2679 sed
991 2632 1145 2680 solam
1166 2632 1361 2679 vocem¹
1385 2640 1545 2696 partes
1559 2630 1740 2679 habere
1762 2640 1943 2679 astruat
1954 2633 1984 2692 ²,
2012 2631 2075 2677 ita
2098 2630 2312 2677 divinam

158 2713 383 2777 paginam
410 2712 716 2777 impudenter
738 2712 992 2778 pervertit,
1020 2722 1075 2759 ut
1097 2728 1157 2759 eo
1180 2711 1291 2759 loco
1320 2727 1419 2774 quo
1449 2711 1689 2758 Dominus
1719 2720 1905 2775 partem
1936 2710 2078 2775 piscis
2107 2710 2198 2758 assi
2226 2726 2311 2757 co-

159 2791 386 2851 medisse,
413 2802 601 2857 partem
622 2791 768 2856 hujus
798 2792 931 2839 vocis
959 2808 1066 2856 quae
1099 2801 1172 2839 est
1194 2791 1337 2856 piscis
1359 2791 1476 2850 assi,
1505 2806 1604 2837 non
1630 2800 1816 2855 partem
1848 2791 1916 2837 rei
1939 2790 2202 2854 intelligere
2223 2808 2313 2838 co-

159 2882 312 2937 gatur.
335 2871 465 2930 Quid
488 2872 632 2935 igitur
656 2872 875 2930 mi1·um⁸‚
902 2872 941 2919 si
958 2872 997 2918 is
1013 2871 1099 2936 qui
1121 2871 1170 2918 in
1188 2870 1365 2917 coelum
1388 2886 1443 2917 os
1465 2885 1649 2935 ponere
1672 2870 1940 2932 consuevit,
1960 2870 2010 2917 in
2031 2871 2168 2918 terris
2191 2872 2314 2918 insa-

161 2954 285 3013 niat;
318 2962 365 3000 et
389 2953 474 3017 qui
495 2952 762 2999 Dominum
783 2952 1103 3016 persequitur,
1131 2950 1360 2998 membris
1383 2951 1485 3015 ejus
1513 2950 1728 3014 deroget,
1757 2960 1804 2998 et
1831 2952 2015 2999 nemini
2041 2961 2208 3017 parcat
2231 2953 2313 3015 qui

160 3050 251 3081 nec
267 3033 357 3081 sibi
380 3049 575 3098 parcere
596 3032 785 3097 potest?
810 3032 992 3079 Valete.

207 3191 212 3208 ¹
230 3190 291 3222 stc.
317 3188 399 3222 Cod.
422 3188 501 3228 Reg.
527 3188 595 3221 Sed
613 3187 724 3221 solam
742 3196 856 3222 vocem
883 3188 1002 3222 desunt
1023 3187 1057 3220 in
1079 3187 1158 3220 edit.
1186 3186 1356 3220 Amb.-²
1370 3184 1438 3219 Sic.
1456 3185 1537 3219 Cod.
1562 3185 1640 3226 Reg.
1662 3186 1831 3219 AEstimat.
1851 3186 1947 3220 Amb.
1966 3205 2001 3211 —
2019 3187 2031 3207 ³
2045 3186 2109 3220 Sic.
2128 3187 2209 3221 Cod.
2232 3187 2310 3227 Reg.

166 3243 214 3276 Ne
231 3243 315 3285 quid
335 3242 447 3285 iyitur
466 3242 615 3275 mireris.
637 3243 733 3276 Amb.

1100 3372 1381 3385 W
