2638 3866
938 217 1289 266 THEOLOGIA
1327 217 1699 267 CHRISTlANA.
2299 219 2396 266 479

247 321 470 382 existens,
511 328 560 368 et
590 333 759 366 verum
794 327 842 366 et
874 318 1272 369 incommutabile
1307 337 1409 369 esse
1445 321 1546 387 ipse
1573 319 1705 368 solus
1734 335 1762 368 a
1794 335 1845 367 se
1879 318 2057 368 habeat
2091 336 2118 368 a
2152 335 2251 385 quo
2286 330 2398 367 sunt

246 401 431 450 omnia.
459 400 661 465 Propter
688 397 823 464 quod
846 399 997 464 Moysi
1021 398 1155 446 dicit¹
1176 418 1187 447 ε
1215 422 1237 445 «
1256 404 1365 449 Haec
1388 400 1519 448 dices
1543 399 1651 448 filiis
1675 400 1844 448 lsrael:
1872 400 1965 458 Qui
1990 410 2061 448 est
2083 401 2210 448 misit
2235 417 2313 448 me
2335 400 2394 448 ad

247 498 350 530 vos.
374 500 399 527 »
429 483 500 529 De
533 479 671 545 cujus
702 478 900 544 quidem
930 479 1155 538 veritate,
1189 496 1245 528 ac
1278 481 1598 547 simplicitate,
1635 497 1720 528 seu
1759 480 2243 530 incommutabilitate
2281 481 2397 529 sub-

246 562 447 624 stantiae,
484 560 776 625 Augustinus
809 559 858 607 in
891 559 1018 608 libro
1052 563 1095 608 V
1119 559 1177 607 de
1212 563 1447 609 Trz'nitate
1480 562 1572 608 ait²
1598 578 1607 607 ε
1640 580 1663 605 ιι
1683 561 1760 608 Sic
1790 561 2111 625 intelligamus
2142 565 2324 622 Deum,
2358 563 2395 609 si

246 659 522 709 possumus,
549 651 784 707 quantum
813 657 1088 707 possumus,
1115 644 1219 690 sine
1241 641 1469 707 qualitate
1493 642 1700 702 bonum,
1728 642 1830 689 sine
1857 644 2122 707 quantitate
2146 660 2393 708 magnum,

246 724 349 772 sine
370 724 636 789 indigentia
658 731 946 785 creatorem,
972 723 1075 770 sine
1098 722 1188 770 situ
1213 732 1514 788 praesentem,
1537 723 1640 770 sine
1661 722 1832 770 habitu
1857 724 2022 771 omnia
2044 724 2395 783 continentem,

245 805 348 853 sine
383 804 495 853 loco
530 802 710 868 ubique
743 812 916 865 totum,
956 805 1059 851 sine
1091 813 1310 869 tempore
1348 804 1715 869 sempiternum,
1751 804 1852 851 sine
1889 803 1983 851 ulla
2023 805 2094 851 sui
2132 807 2399 852 mutatione

246 884 493 933 mutabilia
522 884 792 944 facientem,
820 882 1039 948 nihilque
1070 884 1351 949 patientem.
1383 884 1612 949 Quisquis
1647 887 1804 931 Deum
1833 884 1897 931 ita
1926 884 2122 948 cogitat,
2163 885 2249 932 etsi
2275 901 2399 931 non-

245 966 364 1014 dum
398 975 557 1032 potest
589 964 877 1013 omnimodo
913 964 1131 1012 invenire
1165 964 1284 1030 quid
1317 966 1403 1027 sit3
1440 965 1518 1031 pie
1554 975 1713 1012 tamen
1748 974 1903 1026 cavet,
1942 974 2177 1029 quantum
2214 974 2396 1030 potest,

244 1045 426 1111 aliquid
454 1046 516 1094 de
549 1045 632 1094 illo
663 1046 838 1094 sentire
867 1045 1003 1111 quod
1026 1061 1126 1093 non
1151 1045 1227 1093 sit.
1255 1049 1336 1094 Est
1359 1055 1520 1094 tamen
1552 1046 1654 1093 sine
1685 1045 1989 1093 dubitatione
2017 1045 2300 1105 substantia,
2327 1046 2400 1093 vel

244 1127 284 1174 si
316 1126 487 1176 melius
522 1126 620 1175 hoc
658 1126 927 1193 appellatur
964 1126 1195 1186 essentia,
1237 1143 1386 1192 quam
1424 1126 1576 1174 Graeci
1607 1128 1760 1189 οὐσίαν,
1798 1127 1960 1174 Usiam
1988 1136 2227 1173 vocant.»
2256 1126 2401 1184 Quod

244 1218 405 1256 autem
434 1225 525 1256 nec
549 1208 682 1273 juxta
717 1207 1037 1274 philosophos
1067 1208 1169 1273 ipse
1192 1210 1322 1256 Deus
1354 1207 1618 1255 substantia
1652 1208 1709 1254 sit
1738 1207 1991 1269 dicendus,
2022 1207 2157 1255 facile
2179 1208 2399 1255 convinci

242 1298 402 1355 potest
423 1306 478 1337 ex
505 1290 619 1355 ipsis
641 1290 829 1355 scriptis
852 1289 1074 1336 omnium
1098 1288 1398 1336 dialecticam
1417 1289 1742 1347 tractantium,
1766 1305 1912 1353 quam
1939 1305 2068 1336 nunc
2092 1289 2399 1337 latinitas³....

243 1369 498 1436 Porphyrii
528 1370 724 1428 scilicet,
755 1369 1017 1418 Aristotelis
1049 1378 1097 1417 et
1125 1370 1291 1417 Boetii.
1322 1370 1397 1416 Ait
1429 1370 1610 1435 quippe
1636 1369 1932 1435 Porphyrius
1960 1370 2006 1416 in
2042 1371 2254 1435 Isagogcls·
2285 1386 2404 1434 quas

243 1449 305 1498 ad
334 1452 612 1517 Categorias
630 1450 894 1498 Aristotelis
927 1450 1197 1517 perscribit,
1220 1451 1302 1511 ait,
1336 1452 1579 1515 inquam⁴‚
1624 1467 2059 1516 «unamquamque
2086 1449 2403 1498 substantiam

247 1547 342 1579 una
379 1532 538 1597 specie
571 1531 874 1597 participare,
913 1530 1133 1597 pluribus
1161 1547 1278 1586 vero
1310 1531 1639 1578 accidentibus
1672 1540 1720 1578 et
1755 1530 2101 1597 separabilibus
2134 1541 2181 1578 et
2213 1531 2403 1595 insepa-

243 1611 495 1659 rabilibus.
532 1633 556 1656 »
612 1612 885 1660 Aristoteles
939 1628 1137 1677 quoque
1180 1612 1230 1659 in
1279 1613 1547 1678 Categorick·
1589 1612 1782 1677 proprie
1828 1612 2083 1677 proprium
2130 1610 2404 1658 substantiae

244 1692 487 1756 assignans
523 1692 706 1758 inquit⁸
737 1710 747 1739 :
787 1693 1040 1741 «Maxime
1073 1702 1235 1740 autem
1270 1693 1525 1758 proprium
1562 1691 1839 1739 substantiae
1873 1690 2064 1738 videtur
2101 1707 2228 1748 esse,
2271 1691 2403 1755 quod

242 1788 355 1820 cum
384 1772 444 1819 sit
474 1789 628 1820 unum
651 1782 698 1820 et
722 1772 853 1820 idem
881 1789 1089 1820 numero
1124 1773 1185 1819 sit
1213 1771 1520 1838 susceptibile
1542 1772 1857 1820 contrarium.
1886 1793 1907 1815 >2
1936 1775 2055 1819 Item
2082 1770 2211 1818 idem
2243 1771 2303 1819 de
2328 1788 2405 1819 eo·

242 1854 380 1903 dem⁶
407 1873 417 1902 ε
457 1874 480 1901 «
504 1858 665 1914 Quare
703 1856 957 1922 proprium
990 1857 1080 1903 erit
1114 1856 1410 1918 substantiae,
1449 1856 1586 1921 quod
1617 1872 1731 1903 cum
1765 1873 1917 1903 unum
1951 1866 1997 1903 et
2035 1855 2164 1903 idem
2198 1872 2401 1902 numero

242 1936 330 1998 sit,
369 1936 678 2003 susceptibile
708 1947 779 1984 est
808 1937 1183 1986 contrariorum.
1210 1956 1232 1982 υ
1265 1939 1388 1984 Cum
1420 1937 1581 2002 itaque
1613 1940 1717 1985 Deo
1753 1937 1841 1984 ista
1878 1937 2032 2002 aptari
2066 1937 2267 1984 omnino
2301 1953 2401 1983 non

242 2017 448 2081 possint,
481 2018 619 2082 cujus
652 2016 918 2067 substantia
942 2035 1034 2066 nec
1055 2017 1385 2066 accidentibus
1406 2018 1600 2078 variari,
1625 2034 1716 2065 nec
1740 2017 1847 2065 ullis
1870 2017 2073 2065 omnino
2099 2016 2265 2064 formis
2290 2016 2402 2064 sub·

236 2096 397 2159 jacere
426 2107 610 2163 potest,
643 2097 795 2163 liquet
819 2115 910 2146 nec
943 2099 1067 2146 inter
1092 2097 1382 2146 substantias
1412 2116 1523 2146 eum
1552 2097 1874 2164 philosophos
1904 2097 2140 2162 recepisse
2165 2115 2175 2143 :
2202 2113 2257 2144 ea
2291 2115 2403 2162 pro·

242 2178 365 2225 fecto
402 2179 589 2227 ratione
620 2195 718 2244 qua
750 2179 885 2226 Plato
921 2180 1047 2226 inter
1079 2179 1260 2226 nullam
1294 2189 1340 2226 et
1363 2180 1573 2243 aliquam
1607 2177 1948 2240 substantiam,
1989 2183 2088 2230 ὑλῆν
2113 2177 2397 2241 collocavit,

241 2275 389 2324 quam
424 2260 626 2307 omnino
671 2259 833 2307 adhuc
871 2258 1130 2306 informem
1179 2260 1473 2325 conceperit.
1527 2263 1691 2323 Neque
1733 2260 1863 2307 enim
1901 2258 2166 2307 substantia
2199 2276 2298 2307 nou
2332 2270 2402 2307 est

242 2341 388 2399 Deus,
410 2340 450 2387 si
474 2355 588 2387 vere
611 2339 926 2388 subsistentiae
957 2349 1199 2400 naturam,
1231 2349 1278 2388 et
1301 2339 1700 2387 incommutabile
1725 2357 1826 2388 esse
1849 2341 1896 2388 in
1923 2341 2029 2406 ipso
2051 2340 2395 2389 attendamus⁷.

243 2422 340 2467 Nec
374 2437 538 2468 rursus
569 2410 834 2468 substantia
864 2430 952 2482 est,
979 2421 1018 2468 si
1043 2421 1267 2469 usitatam
1291 2420 1505 2467 nominis
1527 2419 1803 2468 substantiae
1833 2421 2207 2487 appellationem
2230 2438 2401 2486 sequa-

242 2516 377 2559 mur,
417 2517 527 2548 cum
554 2500 778 2549 videlicet
807 2500 1136 2548 accidentibus
1167 2500 1410 2565 subjectus
1441 2517 1543 2548 esse
1570 2517 1670 2547 non
1699 2501 1865 2567 possit.
1901 2500 2040 2549 Unde
2072 2510 2117 2548 et
2142 2501 2224 2548 illo
2259 2518 2398 2563 argu·

242 2591 407 2628 mento
445 2598 547 2629 non
589 2598 691 2630 esse
740 2581 1007 2630 substantia
1049 2585 1176 2630 Deus
1213 2592 1377 2647 aperte
1419 2581 1719 2642 ostenditur,
1778 2599 1876 2646 quo
1922 2583 2138 2643 Boetius,
2182 2583 2399 2646 quamvis

242 2660 543 2722 christianus,
582 2663 866 2727 opinionem
893 2673 1084 2711 secutus
1116 2662 1544 2728 philosophorum,
1573 2679 1686 2709 cum
1712 2662 1773 2710 de
1803 2662 2109 2727 philosophia
2139 2672 2394 2722 tractaret,

241 2740 550 2789 Themistium
585 2742 763 2790 scilicet
802 2753 849 2790 et
885 2743 1092 2791 Tullium
1124 2745 1172 2790 in
1210 2744 1396 2807 Topicis
1431 2743 1528 2790 suis
1565 2743 1833 2806 vestigans,
1876 2741 2052 2807 probat
2093 2743 2141 2789 in
2181 2743 2398 2791 secundo

242 2821 455 2885 ipsorum
488 2823 769 2886 'I'opicorum
801 2823 1078 2871 albedinem
1113 2841 1211 2871 non
1248 2840 1348 2870 esse
1381 2822 1696 2870 substantiam
1729 2822 1804 2868 his
1831 2822 2042 2869 verbis⁸z
2088 2822 2398 2870 «Substantia

241 2911 311 2948 est
334 2919 439 2966 quae
464 2901 692 2949 omnibus
716 2902 1045 2951 accidentibus
1068 2904 1220 2969 possit
1248 2920 1350 2950 esse
1374 2902 1666 2967 subjectum.
1697 2901 1880 2949 Albedo
1908 2913 2069 2950 autem
2094 2904 2236 2951 nullis
2264 2905 2396 2951 acci—

242 2981 468 3030 dentibus
497 2982 712 3047 subJecta
735 2992 821 3031 est.
861 2983 1046 3031 Albedo
1072 2984 1214 3048 igitur
1239 2983 1507 3031 substantia
1539 3000 1639 3030 non
1666 2993 1750 3030 est.
1772 3004 1793 3026 ³>
1823 2986 1927 3048 Ipse
1950 3001 2147 3050 quoque
2172 2985 2398 3048 Augusti„

243 3080 333 3111 nus
357 3063 483 3112 hanc
513 3064 734 3112 usitatam
766 3074 812 3112 et
838 3065 1088 3130 propriam
1122 3063 1523 3129 significationem
1555 3063 1829 3112 substantiae
1861 3075 2022 3130 aperte
2058 3065 2312 3132 profitetur
2347 3066 2395 3112 in

296 3219 431 3260 'Exod.,
448 3229 519 3261 cap.
538 3229 591 3261 ιιι,
611 3228 643 3253 v.
663 3220 783 3254 14.-2
796 3220 933 3259 August.
952 3219 991 3251 de
1011 3218 1152 3260 Trinit„
1172 3219 1227 3252 tib.
1241 3217 1281 3258 V,
1357 3218 1592 3261 Theoloyiam‚
1627 3219 1684 3251 lib.
1715 3219 1741 3252 ll
1769 3231 1778 3252 ε
1810 3219 1843 3251 Si
1877 3229 1950 3252 vero.
1975 3221 2151 3252 subsistere
2185 3226 2332 3253 naturam
2364 3226 2396 3251 ot

243 3281 314 3312 cap.
341 3281 363 3304 ι.
387 3290 425 3296 -
448 3274 460 3294 ³
477 3274 536 3307 Hic
561 3275 684 3315 aliquid
715 3275 825 3315 deest,
855 3279 891 3306 ut
922 3273 1022 3306 habet
1052 3274 1101 3305 vet
1128 3272 1219 3314 legit.
1243 3291 1283 3296 —
1356 3274 1654 3306 incommutabilem
1680 3283 1750 3307 esse
1773 3275 1804 3307 iu
1834 3275 1904 3316 ipso
1929 3276 2142 3308 attendamus.
2167 3293 2201 3298 ——
2223 3277 2233 3294 ⁸
2250 3276 2291 3306 De
2314 3275 2393 3314 Dz'ff.

244 3328 253 3347 ⁴
269 3326 346 3367 Cap.
375 3337 446 3370 xvi,
476 3331 505 3362 3.
527 3347 564 3352 -
582 3330 593 3350 ⁵
609 3328 688 3370 Cap.
707 3338 739 3363 v.
763 3347 799 3354 -
820 3330 832 3350 Β
849 3329 937 3362 Ibid.
958 3347 996 3352 —
1014 3330 1023 3349 ⁷
1040 3328 1073 3361 ln
1090 3327 1220 3361 Introd.
1238 3328 1284 3360 ad
1359 3327 1509 3369 Topicis,
1529 3326 1554 3368 l,
1572 3337 1607 3369 p.
1626 3328 1699 3362 861.
