2638 3866
1127 236 1449 286 APPEM.
2268 240 2364 290 789

209 332 381 388 Christi,
405 343 449 377 et
468 334 646 395 puritati
667 335 854 395 antiquae
875 334 975 380 fidei
998 337 1271 400 naufragium
1291 339 1553 383 minabatur.
1580 338 1890 384 Introducebat
1910 340 2026 385 enim
2048 351 2204 402 proeter
2224 341 2364 386 Deum

210 413 344 458 alium
363 415 646 470 Creatorem,
663 415 773 460 sicut
791 416 972 476 epistola
994 419 1085 477 ejus
1108 420 1165 464 ad
1192 435 1262 464 me
1285 420 1442 480 scripta
1463 419 1669 465 declarat.
1695 421 1782 465 Sed
1810 436 2101 482 quocumque,
2135 423 2361 483 inquiunt,

209 504 253 538 te
283 495 593 555 persequimur,
621 510 740 538 arma
775 494 1038 541 defensionis
1069 500 1269 560 opponis.
1303 499 1550 560 Responde,
1589 516 1666 561 per
1696 501 1892 546 membra
1929 500 2118 558 nostra¹,
2158 503 2365 563 quoniam

208 573 482 636 linguoeftuoe
511 575 705 619 toxicum
735 575 1179 634 effudisti..,Quando,
1216 581 1420 640 inquam,
1445 579 1606 623 factum
1635 593 1699 625 est
1724 582 1906 626 verbum
1933 581 2079 626 istud?
2100 582 2363 628 Miseremini

208 655 313 710 mei,
334 655 595 699 miseremini
614 656 718 710 mei,
743 655 893 700 saltem
927 637 1005 702 vbs
1035 660 1162 703 amici
1191 661 1294 715 mei,
1313 660 1414 721 quia
1435 660 1653 705 humilitas
1673 663 1812 724 tetigit
1833 678 1920 707 me.
1944 662 2033 707 Ubi
2058 663 2149 708 lesi
2164 680 2257 719 vos,
2287 665 2364 708 ubi

208 735 477 793 majestatem
505 746 693 780 vestram
720 737 939 781 sauciavi?
987 792 994 801 Ι

268 816 415 872 Tunc,
438 817 661 876 inquiunt,
696 834 785 861 non
814 819 1080 879 percussisti,
1115 819 1290 879 quando
1315 821 1491 868 dixisti:
1524 845 1541 862 ιι
1566 822 1697 884 Apud
1727 821 1963 883 Religiosos
1984 822 2138 882 patella
2171 823 2361 868 Psalmus

208 906 296 951 est,
328 888 370 940 et
391 897 563 958 pinguis
582 898 759 941 refectio
788 898 974 944 alleluia.
990 920 1009 939 ν
1035 881 1222 956 Fratres,
1246 902 1488 964 indulgete,
1513 903 1620 947 nihil
1651 903 1739 946 laesi
1774 918 1867 946 vos.
1898 903 1948 945 In
1971 903 2135 946 incerto
2163 904 2363 964 loquutus

207 991 319 1020 sum.
352 977 693 1022 Indeterminate
726 980 900 1040 garrivi.
935 979 1116 1024 Nullum
1145 982 1386 1042 specialiter
1406 983 1633 1044 flagellavi.
1653 984 1715 1026 Ut
1740 982 1916 1044 Apollo,
1953 998 2119 1027 cassum
2142 984 2364 1028 oraculum

208 1058 355 1113 emisi,
389 1059 511 1118 quasi
540 1074 685 1103 aerem
714 1059 963 1104 verberam.
988 1060 1099 1116 Sed,
1131 1073 1179 1105 ut
1199 1062 1328 1106 video
1344 1096 1356 1119 ,
1381 1063 1592 1124 quidquid
1624 1063 1789 1119 dicam,
1815 1074 1888 1107 aut
1909 1064 2011 1119 erit,
2048 1075 2122 1107 aut
2148 1080 2254 1108 non.
2280 1066 2366 1109 Cur

208 1138 396 1182 alienam
416 1140 542 1183 vobis
563 1141 777 1183 sarcinam
799 1140 1083 1201 imposuistis?
1105 1143 1192 1186 Cur
1205 1144 1350 1201 jaculo
1374 1161 1464 1188 non
1489 1144 1546 1188 ad
1566 1161 1643 1189 vos
1666 1144 1879 1188 destinato
1901 1144 2159 1188 munditiam
2180 1156 2364 1190 vestram

208 1220 508 1264 exulcerastis?
529 1221 629 1264 Dixi
655 1237 665 1265 ε
697 1241 715 1258 ιι
734 1221 865 1281 Apud
891 1222 1112 1283 religiosos
1142 1225 1301 1285 patella
1323 1227 1518 1270 Psalmus
1539 1229 1624 1281 est,
1651 1237 1694 1270 et
1716 1226 1887 1287 pinguis
1915 1225 2092 1269 refectio
2125 1225 2309 1270 alleluia.
2340 1248 2360 1266 »

207 1299 327 1357 Quid
370 1300 427 1344 ad
448 1300 556 1344 vos?
578 1301 634 1344 Et
654 1301 982 1362 Magalonenses
1005 1304 1196 1365 religiosi
1238 1316 1337 1349 sunt
1363 1322 1373 1350 z
1399 1317 1442 1350 et
1463 1307 1659 1350 canonici
1700 1306 1816 1349 beati
1847 1304 1945 1349 Rufi
1976 1305 2177 1366 religiosi.
2206 1307 2363 1367 Apollo

201 1381 395 1439 Jaculum
423 1383 632 1426 contorsit
662 1383 708 1425 in
740 1398 866 1438 aera,
893 1394 937 1426 et
965 1399 1020 1427 ne
1043 1385 1170 1428 cadat
1199 1386 1437 1445 incassumff,
1468 1398 1728 1447 spontaneos
1748 1386 1915 1431 vulneri
1946 1402 2024 1430 vos
2053 1387 2231 1430 offertis.
2259 1388 2364 1442 Quis

208 1477 401 1522 unquam
421 1462 530 1505 vidit·
552 1479 600 1506 os
624 1463 811 1523 aperire,
836 1474 885 1506 ut
906 1466 1104 1525 sagittam
1129 1466 1367 1527 reciperet?
1387 1469 1480 1528 Ego
1505 1468 1707 1527 quidem,
1732 1467 1882 1511 fratres
1898 1500 1910 1521 ‚
1935 1467 2037 1510 alias
2057 1483 2202 1511 arcum
2224 1468 2366 1512 inten-

210 1542 386 1598 deram,
411 1543 486 1587 sed
508 1559 586 1587 vos
608 1543 772 1588 ferrum
792 1544 966 1589 volatile
987 1547 1236 1590 retinuistis.
1262 1549 1402 1592 Renui
1415 1581 1426 1603 ‚
1451 1549 1562 1592 ferre
1579 1548 1779 1592 volebam
1806 1564 1815 1591 :
1840 1548 1916 1592 sed
1937 1563 2014 1591 vos
2043 1549 2216 1592 caritate
2237 1564 2363 1592 com·

206 1624 338 1679 moti,
375 1623 556 1667 vulnera
589 1625 680 1682 ejus
711 1625 757 1667 in
784 1635 970 1669 vestram
1001 1627 1168 1670 trahitis
1199 1629 1442 1673 sanitatem.
1476 1629 1650 1672 Credite
1683 1629 1814 1683 mihi,
1851 1644 1942 1671 non
1977 1627 2088 1672 adeo
2126 1627 2187 1671 fui
2211 1628 2365 1688 plenus

209 1719 360 1765 agave,
385 1704 431 1747 id
454 1715 519 1748 est
538 1705 701 1760 furore,
726 1716 775 1747 ut
796 1705 842 1747 in
865 1722 942 1749 vos
963 1708 1204 1751 emitterem
1226 1708 1357 1751 filiam
1378 1711 1590 1770 pharetrae
1611 1724 1737 1752 meae.
1763 1708 1877 1769 Ergo
1899 1709 2103 1769 ignoscite
2126 1709 2363 1752 innocenti.

207 1785 265 1828 Et
292 1784 411 1828 aliud
439 1786 659 1845 inquiunt.
684 1786 771 1828 Cur
793 1785 1003 1846 Cyclopas
1024 1787 1309 1831 conduximus
1322 1821 1334 1844 ,
1359 1799 1407 1830 ut
1427 1788 1608 1831 fulmina
1629 1788 1841 1831 fabricent
1862 1789 1908 1831 in
1928 1799 2058 1849 caput
2077 1788 2226 1831 tuum?
2249 1789 2366 1844 Quid

208 1865 389 1925 quaeso?
410 1867 550 1921 Tunc,
574 1866 792 1925 inquiunt,
817 1865 963 1914 dixisti
988 1881 998 1909 z
1029 1886 1048 1903 «
1065 1867 1304 1927 Episcopus
1325 1879 1464 1912 vester
1480 1885 1571 1912 non
1592 1868 1926 1924 Mimatensium,
1952 1868 2028 1912 sed
2052 1869 2282 1912 mimorum
2303 1881 2367 1914 est

208 1946 447 2006 episcopus.
478 1968 498 1985 »
532 1946 659 1990 Libet
692 1945 933 1990 exclamare
957 1963 1058 1990 cum
1089 1948 1309 1992 Hieremia
1331 1948 1577 2010 Propheta²
1600 1965 1610 1992 :
1640 1970 1659 1986 «
1676 1949 1753 1991 Vae
1785 1948 1890 2005 tibi,
1915 1961 2051 1992 mater
2080 1951 2199 1992 mea!
2234 1965 2366 2009 quare

208 2027 392 2087 genuisti
421 2042 493 2070 me
526 2028 668 2071 virum
697 2028 801 2070 rixae
837 2038 882 2070 et
912 2027 1074 2070 doloris
1108 2029 1154 2070 in
1193 2029 1390 2072 universa
1425 2028 1565 2072 terra?
1584 2050 1602 2068 »
1630 2029 1717 2071 Ubi
1751 2040 1794 2072 et
1827 2029 2028 2088 quand0,
2065 2046 2225 2089 quaeso,
2265 2030 2366 2073 talia

209 2107 428 2151 eructavi?
449 2109 573 2151 Tunc
604 2107 784 2150 forsitan
819 2106 996 2166 quando
1027 2118 1148 2150 extra
1183 2108 1398 2151 mundum
1427 2109 1643 2152 nundinas
1675 2110 1912 2163 celebravi,
1945 2111 2051 2154 tales
2080 2111 2366 2171 blasphemias

207 2198 351 2232 vestro
384 2187 588 2248 episcopo
618 2187 937 2247 imprimebam.
962 2187 1077 2230 Nam
1097 2203 1197 2231 vere
1221 2188 1374 2244 fateor,
1399 2189 1445 2231 in
1468 2189 1586 2232 nullo
1610 2189 1664 2233 de
1687 2206 1740 2234 eo
1761 2190 1862 2233 talia
1886 2190 2109 2234 delatravi.
2132 2190 2263 2234 Aliud
2285 2202 2364 2247 est,

207 2267 409 2327 inquiunt
423 2302 434 2319 ,
459 2283 536 2310 cur
555 2277 600 2310 te
620 2251 768 2310 nostro
789 2266 1051 2310 inebriemus
1081 2279 1220 2312 aceto.
1246 2268 1365 2324 Quid
1388 2268 1478 2312 est?
1501 2271 1565 2313 De
1587 2270 1714 2313 nobis
1728 2303 1739 2325 ,
1764 2271 1992 2331 inquiunt,
2030 2270 2172 2314 dixisti
2195 2286 2205 2314 ε
2235 2291 2253 2309 ιι
2271 2272 2364 2314 Do-

209 2358 335 2391 natus
355 2359 497 2392 vester
517 2347 668 2408 vulgus
688 2357 768 2391 est.
783 2368 802 2386 »
827 2347 1013 2390 Terretis
1033 2363 1120 2403 me,
1145 2348 1313 2404 fratres,
1340 2349 1598 2393 novitatibus
1620 2351 1790 2406 vestris3
1816 2363 1860 2395 et
1881 2362 2030 2395 contra
2051 2362 2250 2412 portenta
2266 2367 2363 2412 quae

207 2427 366 2489 fingitis
396 2429 585 2472 frontem
615 2443 742 2472 cruce
773 2428 972 2488 signabo.
1009 2429 1061 2471 In
1086 2429 1263 2474 nomine
1293 2429 1454 2485 Patris,
1480 2441 1524 2474 et
1545 2430 1642 2474 Filii
1655 2462 1668 2486 ,
1702 2441 1745 2475 et
1766 2432 1945 2493 Spiritus
1968 2433 2118 2476 sancti.
2144 2432 2261 2488 Quid
2282 2443 2363 2487 est,

210 2509 334 2571 quod
355 2508 532 2553 dicitis‘?

644 2676 756 2721 nstra
773 2683 1027 2722 Sauromatas
1039 2682 1174 2736 sugere
1184 2681 1277 2721 hinc
1295 2681 1404 2734 libet,
1422 2690 1461 2723 et
1474 2683 1676 2737 glacialem

645 2749 843 2787 Oceanum
853 2747 880 2786 ⁸.
916 2779 925 2790 .
960 2777 971 2788 .
1005 2779 1015 2789 .

210 2945 327 2989 Vera
358 2951 423 2986 est
451 2942 600 3002 utique
627 2941 855 3002 Prophetia
887 2940 961 2983 illa
987 2955 997 2984 :
1027 2960 1047 2978 «ι
1074 2940 1213 2984 Fictio
1240 2941 1465 2985 veritatem
1495 2941 1542 2984 in
1572 2939 1747 2984 exilium
1779 2942 1935 2987 mittet.
1970 2964 1990 2983 ι
2030 2943 2152 2999 Hoc,
2187 2943 2337 2988 fratres
2351 2977 2364 2999 ,

212 3024 378 3086 fingere
397 3021 624 3082 potuistis?
646 3021 731 3065 Sed
758 3032 809 3064 ut
827 3020 984 3079 majori
1005 3021 1256 3064 auctoritate
1278 3021 1324 3064 in
1347 3037 1469 3066 aures
1490 3021 1683 3082 publicas
1702 3022 1940 3083 prodeant,
1963 3039 2034 3068 me
2056 3023 2208 3068 talium
2228 3024 2364 3068 facitis

210 3105 498 3149 inventorem.
531 3103 678 3146 Jurem
707 3116 778 3145 me
813 3117 904 3145 non
939 3099 1126 3145 dixisse?
1159 3100 1246 3145 Sed
1277 3102 1398 3162 quasi
1430 3117 1556 3145 mons
1589 3103 1726 3163 pariat
1752 3119 1944 3159 murem,
1976 3103 2187 3149 ridebitis.
2223 3106 2365 3149 Reco-

262 3311 435 3344 ¹Amb0es.
453 3313 579 3344 vestra.
596 3309 640 3342 At
660 3312 749 3343 certe
766 3308 945 3350 legendum
958 3310 1089 3342 nostra.
1107 3324 1149 3333 -
1164 3309 1176 3328 ²
1194 3307 1335 3351 serem„
1357 3316 1432 3350 cap.
1448 3317 1506 3351 xv,
1524 3317 1556 3344 v.
1577 3310 1630 3343 10.
1647 3325 1689 3335 —-
1703 3310 1716 3331 ⁸
1729 3307 1904 3352 Iuvenalis,
1921 3311 1996 3345 Sat.
2013 3319 2048 3352 u,
2066 3319 2096 3344 v.
2116 3312 2146 3345 1.
