2638 3866
221 260 280 306 58
728 286 731 289 -
1023 248 1193 308 PETRI
1226 219 1539 308 ABAELARm

689 358 848 401 Ultima
868 359 1029 403 Gumaei
1048 361 1164 403 venit
1178 361 1268 416 jam
1288 361 1485 403 carminis
1506 372 1619 404 aetas.

688 428 869 488 Magnus
888 429 942 472 ab
962 431 1129 490 integro
1151 431 1360 474 seclorum
1382 433 1568 476 nascitur
1588 431 1719 485 ordo,

686 500 708 540 J
711 515 780 542 am
799 500 911 543 redit
932 512 974 543 et
994 502 1147 561 Virgo,
1172 501 1355 545 redeunt
1375 502 1570 546 Saturnia
1589 518 1717 562 regna
1730 536 1741 557 ,

687 569 781 612 Iam
802 587 913 614 nova
932 573 1156 631 progenies
1181 572 1286 616 coelo
1308 572 1543 616 demittitur
1564 573 1667 616 alto.

283 712 340 756 Et
365 719 474 775 post
490 726 640 776 pauca
667 732 677 758 ε

751 856 896 913 Teque
921 856 1029 898 adeo
1053 855 1181 899 decus
1201 856 1286 898 hoc
1306 865 1348 897 te
1371 854 1555 897 Consule
1576 853 1702 896 inibit
1715 886 1727 907 ,

693 925 851 980 Pollio,
875 926 909 968 si
930 941 1012 985 qua
1034 937 1207 969 manent
1229 925 1394 969 sceleris
1413 925 1588 984 vestigia
1609 926 1763 978 nostri,

686 994 809 1036 Irrita
830 1005 1033 1053 perpetua
1054 995 1218 1037 solvent
1239 993 1467 1037 formidine
1489 1004 1635 1036 terras.

278 1137 397 1182 Item
419 1135 479 1184 de
497 1153 647 1200 puero
675 1154 686 1184 :

683 1288 969 1347 pacatumque
991 1301 1109 1348 reget
1129 1291 1275 1348 patriis
1295 1291 1520 1334 virtutibus
1542 1291 1709 1334 orbem.

275 1459 389 1513 Quae
411 1451 754 1521 apertissimam
770 1457 831 1505 de
854 1454 1184 1507 incarnatione
1207 1460 1291 1508 filii
1306 1463 1396 1508 Dei
1420 1462 1672 1510 continent
1693 1461 2018 1528 prophetiam,
2046 1461 2151 1526 ipso
2174 1460 2343 1508 fortas-

211 1536 270 1581 sis
293 1545 436 1599 poeta
457 1536 706 1598 ignorante
725 1553 832 1602 quae
855 1539 903 1584 in
927 1539 1107 1604 Sibylla
1131 1540 1205 1587 vel
1228 1542 1280 1588 in
1303 1558 1363 1589 eo
1388 1542 1590 1607 Spiritus
1611 1541 1909 1607 loqueretur,
1934 1541 2057 1588 sicut
2080 1539 2141 1588 de
2162 1539 2344 1605 Caipha

211 1617 408 1680 contigit
441 1615 645 1679 dicente,
671 1619 806 1682 quia¹
833 1639 856 1664 «
880 1620 1071 1685 expedit
1097 1620 1234 1668 vobis
1256 1632 1310 1669 ut
1332 1639 1457 1670 unus
1491 1623 1726 1671 moriatur
1757 1622 1911 1670 homo
1946 1638 2036 1687 pro
2068 1619 2272 1687 populo,
2297 1631 2345 1668 et

209 1712 308 1742 non
332 1705 431 1743 tota
455 1712 568 1760 gens
604 1707 785 1762 pereat,
813 1719 836 1743 n
855 1698 939 1747 ubi
963 1709 1011 1748 et
1037 1699 1259 1749 subditur
1282 1720 1294 1748 :
1318 1721 1341 1747 «
1371 1705 1474 1752 Hoc
1501 1711 1663 1751 autem
1685 1719 1714 1750 a
1736 1702 1995 1766 semetipso
2028 1714 2128 1748 non
2158 1700 2293 1747 dixit.
2316 1721 2340 1744 n

208 1775 444 1824 Facillime
466 1787 626 1825 autem
648 1795 702 1826 ex
729 1779 1132 1844 subsequentibus
1162 1783 1388 1830 convinci
1410 1792 1570 1847 potest
1595 1782 1725 1830 hanc
1765 1782 1994 1846 Eclogam
2020 1780 2081 1828 de
2104 1776 2239 1827 n‘ullo
2261 1797 2343 1827 ve·

209 1857 377 1904 raciter
397 1866 478 1904 aut
492 1859 830 1908 convenienter
845 1862 998 1926 accipi
1012 1878 1168 1926 posse,
1189 1863 1280 1909 nisi
1296 1862 1357 1910 de
1376 1863 1626 1911 incarnato
1643 1863 1890 1926 unigenito
1909 1862 1998 1909 Dei
2015 1861 2188 1926 typice,
2207 1877 2343 1908 more

209 1936 509 2001 prophetico,
527 1937 764 2002 dicantur,
783 1957 895 1992 cum
919 1941 1213 2006 apertissime
1230 1942 1350 1990 falsa
1369 1941 1758 2009 et'impossibilia
1778 1939 2205 2006 deprehendantur
2221 1956 2338 1998 esse,

209 2017 248 2062 si
277 2016 339 2063 ad
361 2016 548 2065 literam
577 2020 895 2084 exponantur,
928 2037 1018 2069 nec
1052 2022 1221 2069 saltem
1254 2021 1512 2069 commode
1534 2021 1584 2069 in
1608 2021 1955 2083 adulationem,
1982 2030 2035 2068 ut
2053 2019 2343 2084 quibusdam

208 2095 413 2154 videtur,
438 2097 614 2159 afferri,
644 2116 748 2163 quae
778 2102 937 2148 statim
964 2100 1149 2165 judicio
1179 2102 1401 2149 omnium
1436 2097 1668 2166 tanquam
1696 2099 1996 2148 incredibilia
2021 2108 2337 2165 respuuntur:

211 2185 261 2222 ut
278 2178 425 2240 magis
438 2188 607 2227 contra
618 2190 813 2244 poetam
835 2191 1176 2229 commoveant
1193 2181 1255 2229 ad
1274 2181 1659 2246 indignationem
1680 2197 1827 2246 quam
1844 2179 2230 2228 benevolentiam
2252 2188 2343 2226 tra-

208 2255 340 2303 hant.
364 2255 458 2303 Sed
481 2257 579 2304 haec
602 2258 871 2322 diligentius
890 2260 1003 2308 alibi
1023 2261 1166 2309 nobis
1190 2262 1492 2311 ostendenda
1514 2263 1611 2310 sive
1628 2260 1917 2326 exponenda
1928 2268 2207 2319 occurrent,
2230 2274 2342 2306 cum

210 2334 270 2381 de
292 2336 620 2385 incarnatione
642 2339 820 2386 scilicet
841 2340 1008 2401 Verbi,
1029 2343 1177 2404 magis
1201 2357 1347 2406 quam
1363 2341 1425 2390 de
1440 2341 1693 2392 divinitate
1717 2340 1817 2404 ejus
1834 2340 2107 2388 testimonia
2125 2338 2342 2388 confere-

212 2431 332 2464 mus,
356 2417 450 2489 Qui
473 2427 520 2464 et
541 2420 854 2483 postmodum
877 2421 926 2467 in
953 2421 1044 2469 alia
1066 2422 1243 2488 Ecloga
1265 2422 1482 2471 divinam
1502 2412 1786 2470 Trinitatem
1802 2437 1904 2468 non
1938 2419 2243 2468 mediocriter
2265 2419 2342 2464 in-

210 2511 377 2558 nuens,
398 2514 454 2544 ex
473 2498 720 2562 cujusdam
744 2499 806 2547 ad
830 2500 978 2548 alium
997 2518 1205 2566 persona
1222 2502 1361 2550 dicit²
1384 2522 1394 2549 :

677 2652 807 2694 Trina
827 2652 907 2694 tibi
926 2653 1018 2695 haec
1039 2654 1224 2712 primum
1244 2655 1398 2713 triplici
1421 2654 1584 2697 diversa
1606 2654 1749 2697 colore

677 2723 792 2767 Licia
809 2723 1051 2778 circumdo,
1076 2735 1223 2783 terque
1244 2725 1336 2768 haec
1357 2725 1505 2768 altaria
1526 2725 1687 2768 circum

678 2793 872 2853 Effigiem
895 2795 1006 2838 duco
1020 2827 1032 2851 ,
1054 2811 1234 2839 numero
1257 2797 1371 2839 Deus
1392 2798 1556 2856 impare
1577 2794 1750 2855 gaudet.

211 2936 331 2981 Vota
362 2935 539 3000 quippe
565 2937 643 2984 hic
678 2940 872 3002 quidem
899 2943 1108 3005 sortilegi
1137 2944 1256 2990 ritus
1288 2944 1571 3004 ostendens,
1595 2959 1702 3008 quae
1725 2942 1986 2989 maximam
2005 2941 2103 2988 vim
2128 2939 2340 2987 habeant

210 3012 271 3060 ad
293 3014 716 3079 constringendum
739 3018 980 3082 rebellem,
997 3022 1206 3068 minatur
1229 3022 1419 3070 dicens:
1440 3023 1546 3070 Tria
1565 3022 1645 3070 fila
1660 3021 1874 3086 ejusdem
1896 3020 2188 3076 substantiae,
2204 3018 2255 3065 id
2269 3028 2339 3065 est

211 3091 269 3139 de
287 3094 413 3154 lana,
430 3093 513 3140 sed
536 3094 722 3143 diversa
740 3098 910 3162 triplici
933 3099 1095 3147 colore
1115 3100 1218 3161 tibi,
1240 3101 1290 3148 in
1309 3100 1461 3164 effigie
1480 3100 1701 3149 videlicet
1722 3111 1821 3161 tua,
1843 3098 2110 3159 circumdo,
2131 3097 2191 3145 ad
2210 3106 2255 3145 te
2270 3097 2337 3143 vi-

261 3303 383 3343 ¹Joan.‚
399 3313 470 3345 cap.
488 3314 540 3346 ιι,
555 3315 582 3339 v.
603 3308 653 3339 50.
672 3324 711 3330 -—
726 3308 736 3326 ²
753 3308 882 3348 Bucol.‚
895 3307 976 3347 vlu,
994 3319 1022 3340 v.
1043 3312 1080 3342 73
1096 3315 1129 3342 et
1144 3319 1192 3350 sq.
