2638 3866
1163 282 1474 330 DIALOGUS.
2295 279 2390 327 655

241 386 359 446 Quis
381 385 526 434 etiam
542 399 630 431 vos
651 399 680 431 a
702 382 960 430 maledicto
983 382 1100 447 legis
1118 398 1343 431 excusare
1365 382 1534 448 possit,
1556 381 1640 447 qui
1663 381 1829 429 vestris
1845 379 2143 444 exigentibus
2164 381 2392 446 peccatis,

237 467 358 515 sicut
389 465 480 532 ipsi
507 463 803 530 profitemini
828 473 1002 511 terram
1026 464 1359 529 promissionis
1389 463 1635 524 amisistis,
1676 472 1806 510 extra
1841 477 1987 527 quam
2012 461 2211 528 implere
2242 460 2395 526 legem

239 547 510 596 nullatenus
539 544 723 604 valetis,
751 542 928 607 quibus
947 559 1038 590 nec
1060 553 1240 591 vestras
1263 540 1556 609 permittitur
1580 542 1871 607 justitiarum
1897 558 2117 590 exercere
2139 541 2393 600 vindictas,

241 643 329 675 nec
350 626 462 674 licet
483 626 587 692 ipsa
607 623 848 672 celebrare
868 622 1098 671 sacrificia
1117 622 1190 670 vel
1210 622 1479 671 oblationes
1495 622 1555 670 ad
1577 631 1883 688 peccatorum
1906 622 2242 687 purgationem
2267 623 2399 669 insti·

245 716 391 766 tutas,
419 722 510 754 nec
531 706 636 770 ipsa
657 704 801 752 etiam
815 702 1099 750 *divinarum
1122 702 1322 750 laudum
1344 703 1616 768 persolvere
1639 702 1842 750 cantica.
1860 701 2005 760 Quod
2022 702 2218 765 quidem
2242 712 2290 750 et
2312 718 2399 749 vos

242 787 331 852 ipsi
354 785 677 853 profitemini,
705 784 940 832 dicentes¹
968 801 980 830 ε
1014 804 1036 828 α
1055 783 1319 842 Quomodo
1351 782 1657 831 cantabimus
1686 783 1929 830 canticum
1964 783 2160 830 Domini
2189 784 2238 830 in
2273 794 2399 831 terra

243 865 426 914 aliena?
445 885 468 909 »
496 869 563 914 Ex
589 881 689 930 quo
704 875 803 913 tam
823 880 970 930 opera
989 863 1108 928 legis
1129 879 1277 929 quam
1301 863 1463 923 verba,
1490 864 1612 912 sicut
1633 873 1679 911 et
1701 863 1804 926 ejus
1824 864 2262 910 remunerationem
2282 880 2399 911 con·

243 953 333 991 stat
346 943 574 1002 amisisse,
603 959 694 990 nec
706 943 809 1006 jam
826 958 912 989 vos
925 951 1008 990 aut
1023 957 1198 988 uxores
1212 949 1392 988 vestras
1413 940 1580 988 hostiis
1603 940 1676 988 vel
1701 939 2033 988 oblationibus
2052 941 2236 988 amissis
2260 958 2399 988 mun-

246 1021 351 1069 dari
371 1037 513 1086 posse
531 1020 611 1068 vel
632 1019 847 1069 Domino
878 1019 1176 1080 consecrari,
1205 1018 1477 1066 sacerdotio
1500 1019 1678 1084 pariter
1694 1027 1741 1065 et
1764 1019 1947 1084 templo
1968 1019 2205 1084 privatos;
2234 1028 2287 1065 ut
2312 1036 2401 1066 nec

244 1114 444 1152 terrenae
467 1103 710 1168 dignitatis
732 1102 956 1151 solatium
985 1101 1218 1164 habeatis,
1247 1101 1332 1166 qui
1355 1118 1606 1166 nunquam
1630 1117 1658 1149 a
1681 1101 1895 1149 Domino
1914 1102 2006 1149 nisi
2029 1111 2218 1150 terrena
2238 1113 2402 1168 postu-

244 1184 369 1245 latis,
390 1202 482 1233 nec
502 1185 596 1233 nisi
620 1185 669 1232 in
694 1184 897 1232 terrenis
917 1183 1290 1250 promissionem
1307 1182 1726 1241 remunerationis,
1749 1192 1802 1229 ut
1821 1182 2002 1229 dictum
2023 1192 2112 1245 est,
2133 1184 2398 1248 accepistis.

313 1268 524 1313 JUDAEUS.
562 1263 712 1312 Multa
747 1264 979 1312 continue
1012 1262 1252 1327 objecisti,
1285 1279 1390 1327 quae
1413 1278 1513 1309 non
1549 1271 1620 1309 est
1646 1262 1782 1310 facile
1815 1262 2085 1323 recordari,
2126 1273 2180 1310 ut
2206 1263 2404 1327 singulis

247 1345 421 1394 ordine
446 1344 787 1411 respondeam.
825 1348 975 1392 Prout
1011 1354 1172 1392 tamen
1208 1342 1311 1391 haec
1343 1342 1463 1389 mihi
1500 1345 1802 1390 occurrerint
1835 1343 2131 1409 respondere
2164 1343 2399 1392 conabor.

248 1427 345 1474 Etsi
386 1425 765 1473 concederemus
803 1441 936 1472 nunc
973 1440 1174 1489 quoque
1211 1439 1348 1471 more
1389 1423 1608 1488 priorum
1650 1433 1928 1471 sanctorum
1970 1424 2196 1471 homines
2234 1424 2405 1471 salvari

248 1523 389 1572 posse
413 1506 516 1553 sola
537 1506 744 1553 naturali
763 1505 886 1570 lege,
914 1505 1097 1568 absque
1121 1503 1345 1552 videlicet
1369 1503 1753 1564 circumcisione,
1781 1515 1863 1552 aut
1887 1505 2056 1552 ceteris
2079 1505 2193 1568 legis
2221 1505 2404 1570 scripta·

249 1587 523 1635 carnalibus
546 1585 887 1646 observantiis,
920 1603 1022 1634 non
1053 1595 1214 1634 tamen
1246 1585 1349 1632 haec
1378 1584 1619 1650 superflue
1639 1584 1866 1650 adjuncta
1902 1603 2005 1633 esse
2036 1585 2406 1633 concedendum

249 1677 343 1729 est,
383 1667 467 1715 sed
503 1668 769 1733 plurimum
803 1667 1017 1715 utilitatis
1046 1665 1225 1714 habere
1260 1665 1323 1713 ad
1362 1663 1754 1730 amplificandam
1794 1666 1868 1713 vel
1908 1668 2055 1713 tutius
2091 1665 2407 1713 muniendam

250 1748 550 1812 religionem,
591 1757 639 1795 et
670 1747 734 1795 ad
770 1747 999 1795 malitiam
1038 1746 1246 1811 amplius
1284 1744 1661 1811 reprimendam.
1687 1746 1827 1793 Unde
1867 1756 1914 1794 et
1951 1763 2010 1794 ex
2048 1746 2123 1793 his
2162 1763 2268 1811 quae
2306 1747 2406 1812 ipse

250 1827 480 1876 induxisti
512 1827 774 1875 nonnullas
810 1827 975 1892 accipe
1010 1827 1238 1874 rationes.
1276 1825 1521 1884 Quamdiu
1561 1825 1726 1873 fideles
1765 1827 1944 1892 passim
1990 1826 2267 1874 infidelibus
2302 1845 2411 1893 per-

251 1908 387 1955 mixti
423 1908 675 1967 vixerunt,
717 1923 807 1954 nec
839 1907 1000 1955 adhuc
1035 1907 1276 1954 Dominus
1310 1907 1378 1954 eis
1415 1916 1593 1954 terram
1627 1917 1932 1954 concesserat
1967 1908 2236 1973 propriam,
2280 1908 2410 1955 nulla

252 1989 368 2053 legis
392 1987 701 2036 observantia
731 1988 925 2035 fuerunt
955 1987 1016 2035 ab
1043 1988 1110 2035 eis
1135 1987 1272 2035 divisi
1309 2004 1421 2034 cum
1446 1986 1621 2052 quibus
1643 1988 1803 2035 vivere
1835 1988 2153 2051 cogebantur,
2186 2006 2249 2035 ne
2278 1989 2409 2036 vide-

253 2069 363 2117 licet
380 2069 483 2134 ipsa
501 2069 609 2116 vitae
623 2068 964 2115 dissimilitudo
981 2077 1171 2133 pareret
1186 2067 1475 2115 inimicitias.
1501 2070 1760 2130 Postquam
1782 2085 1899 2115 vero
1916 2069 2154 2116 Dominus
2175 2069 2411 2116 Abraham

253 2149 314 2197 de
346 2159 473 2197 terra
501 2158 550 2195 et
577 2149 868 2211 cognatione
895 2164 982 2195 sua
1015 2148 1207 2206 eduxit,
1237 2158 1289 2194 ut
1315 2148 1360 2195 ei
1387 2157 1436 2195 et
1467 2149 1639 2194 semini
1675 2149 1777 2212 ejus
1809 2157 1986 2196 terram
2019 2149 2067 2195 in
2097 2149 2412 2197 hereditatem

254 2230 390 2277 daret
422 2245 510 2294 per
540 2243 688 2291 quam
718 2244 749 2275 a
781 2227 1005 2290 gentibus
1027 2238 1418 2292 segregarentur,
1454 2228 1787 2294 corporalibus
1818 2245 2013 2294 quoque
2034 2229 2150 2293 legis
2184 2229 2413 2295 operibus

255 2326 338 2357 eos
371 2308 563 2374 penitus
601 2323 825 2372 separare
863 2307 1100 2365 decrevit,
1128 2317 1180 2355 ut
1198 2317 1334 2355 tanto
1370 2308 1532 2356 minus
1567 2308 1733 2356 fideles
1765 2308 1827 2356 ab
1856 2309 2132 2358 infidelibus
2165 2311 2412 2375 corrumpi

255 2398 470 2454 possent,
513 2398 697 2452 quanto
733 2387 941 2454 amplius
974 2387 1036 2435 ab
1069 2388 1182 2453 ipsis
1217 2396 1316 2435 tam
1349 2388 1458 2435 loco
1497 2404 1646 2453 quam
1681 2389 1968 2455 corporibus
2007 2390 2410 2455 disjungerentur.

258 2468 398 2516 Unde
423 2467 623 2516 Abrahae
647 2478 697 2516 et
725 2468 895 2516 semini
921 2468 1022 2532 ejus
1046 2468 1171 2516 sacta
1192 2467 1338 2532 hujus
1361 2477 1497 2515 terrae
1525 2469 1846 2534 promissione
1870 2471 1919 2517 in
1944 2487 2040 2535 qua
2065 2470 2156 2518 sibi
2179 2471 2417 2518 Dominus

257 2550 496 2615 populum
515 2558 792 2613 aggregaret
817 2557 864 2596 et
885 2549 936 2596 in
960 2564 1057 2613 qua
1074 2548 1316 2596 civitatem
1338 2550 1589 2614 propriam
1612 2549 1702 2598 sibi
1727 2551 2056 2612 constitueret,
2082 2552 2237 2614 legem
2257 2551 2414 2598 statim

258 2630 386 2695 cepit
418 2629 668 2676 instituere
701 2629 971 2676 secundum
1006 2645 1154 2693 quam
1186 2628 1253 2676 ibi
1288 2640 1448 2676 essent
1480 2630 1670 2686 victuri,
1707 2647 1731 2677 a
1763 2631 2131 2678 circumcisione
2161 2630 2413 2677 inchoans.

259 2708 450 2756 Sciebat
487 2709 669 2774 quippe
704 2710 961 2769 Dominus,
1003 2709 1176 2756 duram
1209 2709 1378 2773 populi
1414 2710 1566 2757 nostri
1598 2710 1834 2757 cervicem
1871 2710 2098 2769 futuram,
2137 2720 2320 2758 etcum
2354 2711 2415 2758 ad

260 2789 560 2852 idolatriam²
594 2804 791 2853 quoque
828 2805 1103 2854 pravosque
1140 2789 1391 2852 gentilium
1429 2806 1589 2837 mores
1628 2789 1763 2837 facile
1798 2790 2036 2850 inclinari,
2073 2791 2195 2838 sicut
2229 2808 2280 2838 re
2317 2792 2419 2857 ipsa

261 2878 431 2934 postea
465 2867 726 2933 probatum
752 2879 838 2916 est.
862 2869 1002 2916 Unde
1030 2869 1261 2933 legalibus
1283 2868 1602 2917 observantiis
1624 2870 1762 2934 quasi
1794 2871 2002 2919 maceria
2037 2871 2249 2936 quadam
2273 2873 2419 2920 inter-

263 2949 450 3015 positiS,
475 2948 691 2996 decrevit
720 2964 893 2996 eorum
917 2949 1038 2996 ritus
1066 2950 1132 2998 ita
1168 2949 1458 3014 disjungere,
1485 2960 1540 2998 ut
1565 2950 1696 2998 nulla
1719 2952 2097 2999 conversationis
2120 2953 2195 3000 vel
2221 2952 2418 3001 familia-

263 3029 416 3077 ritatis
450 3029 860 3094 conjungerentur
892 3030 1147 3090 societate,
1182 3030 1335 3078 immo
1364 3039 1620 3097 perpetuas
1647 3030 1764 3078 hinc
1786 3031 2014 3080 adversus
2035 3048 2087 3080 se
2110 3033 2422 3099 conciperent

264 3109 555 3158 inimicitias.
587 3109 844 3158 Maximam
877 3125 994 3159 vero
1026 3109 1152 3159 inter
1180 3109 1405 3159 homines
1438 3111 1807 3159 familiaritatem
1838 3112 2015 3178 copula
2047 3114 2344 3162 matrimonii
2374 3124 2420 3161 et

311 3314 320 3329 “
332 3316 463 3350 Psalm.
481 3325 633 3359 cxxxvii,
653 3327 686 3350 v.
702 3318 733 3351 4.
745 3335 788 3342 —
801 3317 813 3337 ²
828 3316 982 3350 Restituit
993 3315 1186 3352 Rheinwald
1201 3318 1458 3362 Idololatriam,
1477 3320 1699 3354 nescimus-an
1711 3322 1806 3362 jure3
1826 3326 1908 3355 teste
1920 3323 2008 3355 enim
2027 3321 2076 3355 nu
2092 3321 2211 3366 Gange,
2230 3332 2299 3357 vnon
2314 3324 2416 3357 semel

269 3377 335 3402 vox
350 3369 519 3404 Idolatria
535 3372 624 3412 apud
634 3376 785 3404 auctores
801 3372 898 3404 medii
914 3372 972 3404 aevi
988 3373 1163 3413 reperitur.
