2638 3866
0 1750 30 1780 {u
0 1658 22 1728 tx!

787 209 845 256 IN
847 210 1173 258 TRODUCTIO
1208 209 1291 258 AD
1325 211 1720 260 THEOLOGIAM.
2291 222 2319 265 7

178 312 304 361 Nihil
325 313 468 377 igitur
484 309 748 359 amandum
769 320 857 372 est,
880 310 1000 359 nihil
1025 311 1228 359 omnino
1250 311 1523 360 faciendum
1546 314 1636 361 nisi
1660 325 1858 380 propter
1880 318 2060 378 Deum,
2079 326 2129 363 ut
2149 318 2197 365 in
2223 322 2324 367 Deo

178 393 324 442 finem
346 392 564 441 omnium
585 391 949 440 constituamus.
971 391 1110 440 Unde
1133 401 1179 440 et
1211 393 1312 458 ipse
1345 413 1372 440 α
1401 403 1450 441 et
1481 414 1513 439 ω
1537 394 1729 454 dicitur,
1758 394 1852 443 hoc
1875 406 1944 443 est
1966 397 2255 463 principium
2280 411 2325 446 et

179 472 302 522 finis.
329 474 621 540 Principium
644 472 840 538 quidem
861 489 1143 539 supremum
1166 488 1195 520 a
1217 489 1315 537 quo
1338 474 1526 533 omnia;
1555 473 1681 534 finis,
1702 474 1751 521 id
1774 485 1844 523 est
1862 475 2016 525 finalis
2036 488 2084 526 et
2102 495 2326 544 suprema

99 572 109 585 ·
179 570 348 615 causa,
380 563 580 620 propter
602 570 747 619 quem
775 554 956 602 omnia.
993 557 1157 619 Neque
1179 555 1308 602 enim
1331 554 1612 614 comedere,
1637 571 1727 602 nec
1761 555 1996 618 dormire,
2019 575 2108 607 nec
2126 576 2326 609 uxorem

180 634 373 695 ducere,
394 651 485 683 nec
504 635 706 683 omnino
729 634 858 683 aliud
879 633 1034 682 facere
1050 635 1140 682 nisi
1162 642 1358 700 propter
1377 635 1535 700 ipsum
1557 634 1806 684 debemus.
1827 637 2045 702 Alioquin
2070 638 2329 690 bestialiter

182 702 475 778 viveremus,
496 716 671 763 nostris
695 725 884 764 tantum
913 713 1239 781 voluptatibus
1269 714 1436 763 dediti.
1467 715 1732 764 Comedere
1764 727 1923 765 autem
1950 730 2149 784 propter
2170 722 2326 787 ipsum

180 793 430 856 debemus,
450 796 546 844 hoc
565 812 666 844 uno
685 795 853 843 saltem
868 806 922 843 ut
938 796 1133 861 corpori
1158 794 1292 860 quod
1315 812 1456 843 suum
1475 805 1546 844 est
1566 813 1621 844 ac
1640 796 1782 844 nobis
1809 796 2140 861 commissum,
2165 818 2327 850 neces-

180 875 301 922 saria
319 875 658 941 impendamus
673 914 685 938 ,
710 875 887 941 quibus
914 876 964 924 in
990 875 1092 940 ejus
1114 875 1349 941 obsequio
1373 886 1681 924 sustentetur.
1710 877 1936 925 Similiter
1966 889 2013 926 et
2038 879 2327 929 dormiendo

181 954 337 1018 ipsum
357 955 551 1004 reficere
567 956 815 1014 debemus,
842 966 896 1004 ut
917 955 1112 1020 vigilare
1126 972 1240 1005 cum
1259 966 1453 1022 oportet
1470 957 1519 1005 in
1534 957 1635 1021 ejus
1654 957 1892 1022 obsequio
1915 959 2174 1008 valeamus.
2202 964 2330 1009 Uxor

180 1050 375 1100 quoque
393 1036 455 1084 ab
478 1053 537 1084 eo
550 1037 634 1102 qui
645 1047 716 1085 est
729 1037 1036 1085 incontinens
1055 1036 1278 1085 ducenda
1297 1047 1384 1099 est,
1407 1054 1507 1084 non
1528 1038 1684 1086 solum
1706 1048 1904 1104 propter
1926 1038 2050 1087 filios
2074 1041 2164 1106 ipsi
2190 1058 2332 1105 gene-

180 1115 385 1176 randos,
412 1133 582 1164 verum
617 1118 763 1165 etiam
787 1134 849 1165 ne
873 1134 985 1166 eum
1013 1105 1071 1165 ex
1092 1117 1409 1166 fornicatione
1445 1118 1761 1166 offendamus.
1791 1119 1911 1177 Qui¹
1936 1120 2080 1167 etiam
2105 1137 2218 1169 cum
2242 1140 2330 1187 pro

183 1194 323 1243 nobis
344 1197 436 1262 ipsi
454 1213 665 1258 oramus,
692 1207 774 1246 aut
796 1198 979 1263 aliquid
1001 1198 1136 1264 quod
1163 1198 1305 1246 nobis
1340 1197 1471 1264 apud
1500 1215 1613 1245 eum
1645 1199 1797 1265 prosit
1818 1199 2053 1247 efficimus
2071 1236 2083 1260 ,
2109 1201 2213 1266 ipsa
2232 1202 2333 1266 ejus

182 1275 325 1324 etiam
360 1278 530 1326 caritas
557 1279 620 1327 ad
655 1278 754 1327 hoc
783 1295 875 1327 nos
902 1278 1178 1344 compellit,
1204 1297 1292 1345 per
1317 1297 1422 1345 quae
1448 1279 1511 1328 ad
1534 1296 1646 1327 eum
1678 1296 1825 1345 quem
1857 1297 2000 1346 super
2031 1282 2195 1329 omnia
2226 1282 2332 1330 dili-

181 1355 354 1418 gimus,
384 1360 633 1421 pervenire
645 1360 883 1425 cupimus.
905 1360 982 1407 Sic
996 1369 1043 1407 et
1061 1369 1218 1408 cetera
1238 1360 1403 1407 omnia
1420 1369 1620 1426 propter
1643 1361 1803 1425 ipsum
1829 1360 2045 1408 facienda
2068 1372 2196 1423 sunt,
2218 1362 2332 1410 alio·

182 1436 299 1498 quin
317 1437 497 1504 abipso
514 1440 687 1488 frustra
705 1441 1147 1488 remunerationem
1162 1449 1545 1505 expectaremus,
1575 1440 1614 1487 si
1636 1456 1693 1487 ea
1711 1457 1817 1505 quae
1839 1442 2023 1505 agimus
2040 1452 2238 1509 propter
2262 1446 2331 1509 ip·

182 1532 288 1564 sum
303 1535 402 1566 non
415 1536 679 1585 ageremus.
698 1521 843 1579 Quod
860 1521 1111 1586 diligenter
1127 1521 1380 1586 Apostolus
1393 1520 1644 1568 attendens
1658 1521 1704 1567 in
1721 1521 1821 1567 lad
1833 1522 2102 1569 Corinthios
2119 1523 2331 1589 Epistola

183 1595 342 1646 dicit':
366 1601 508 1648 «Sive
524 1618 639 1666 ergo
660 1602 979 1662 manducatis,
997 1601 1097 1648 sive
1120 1601 1251 1649 aliud
1272 1600 1390 1666 quid
1409 1600 1576 1662 facitis,
1595 1602 1761 1649 omnia
1777 1602 1826 1648 in
1849 1601 2000 1665 gloria
2017 1603 2107 1650 Dei
2130 1603 2285 1651 facite.
2307 1627 2327 1647 »

249 1679 614 1729 Sacramentum
635 1699 752 1730 vero
775 1691 846 1729 est
869 1680 1052 1728 visibile
1071 1681 1263 1745 signum
1292 1680 1543 1729 invisibilis
1565 1682 1722 1746 gratiae
1744 1682 1834 1729 Dei
1853 1719 1862 1736 ‚
1900 1681 2047 1729 veluti
2079 1699 2191 1730 cum
2225 1686 2332 1749 quis

182 1757 478 1823 baptizatur,
495 1762 609 1827 >ipsa
630 1763 838 1810 exterior
860 1762 1044 1811 ablutio
1067 1762 1306 1827 corporis,
1345 1778 1493 1827 quam
1517 1762 1758 1824 videmus,
1786 1759 1976 1826 sign'um
2002 1772 2071 1809 est
2092 1763 2333 1811 interioris

182 1837 444 1888 ablutionis
474 1843 678 1910 animae3
704 1859 816 1890 cum
838 1844 905 1891 ita
933 1843 1135 1891 interior
1156 1842 1308 1890 homo
1333 1859 1363 1890 a
1383 1842 1592 1908 peccatis
1621 1842 1900 1902 mundatur,
1923 1843 2043 1893 sicut
2076 1845 2280 1892 exterior
2305 1862 2333 1893 a

182 1920 515 1984 corporalibus
536 1922 779 1971 sordibus.
808 1927 945 1971 Nunc
969 1934 1133 1971 autem
1154 1922 1309 1970 tribus
1332 1939 1478 1988 supra
1502 1922 1670 1988 positis
1690 1923 1895 1971 breviter
1918 1894 2164 1988 assissiatis
2190 1935 2333 1990 atque

184 1998 465 2066 descriptis,
505 2003 685 2051 scilicet
719 2004 862 2066 Fide,
902 2005 1134 2063 Caritate,
1169 2012 1216 2051 et
1252 2005 1589 2063 Sam-amento,
1627 2002 1688 2050 de
1723 2002 1921 2067 singulis
1959 2003 2233 2069 diligentius
2263 2016 2333 2053 est

184 2081 455 2145 agendum,
493 2093 728 2148 quantum
762 2084 970 2150 pertinet
994 2084 1056 2132 ad
1078 2084 1380 2150 propositam
1416 2083 1639 2131 humanae
1672 2083 1946 2131 salvationis
1982 2101 2248 2147 summam,
2288 2096 2332 2133 et

185 2158 246 2207 de
267 2160 343 2209 his
364 2179 472 2228 quae
494 2165 733 2231 praecipue
766 2165 1030 2230 majoribus
1059 2164 1291 2230 implicita
1314 2163 1659 2229 quaestionibus
1683 2164 1925 2211 videntur.
1954 2167 2019 2212 Ac
2039 2166 2252 2230 primum
2272 2166 2332 2213 de

186 2241 280 2291 fide
304 2263 411 2310 quae
441 2247 721 2295 naturaliter
757 2249 927 2296 ceteris
961 2249 1096 2314 prior
1131 2257 1231 2309 est,
1263 2256 1494 2311 tanquam
1523 2245 1769 2295 honorum
1800 2248 2020 2295 omnium
2052 2248 2335 2297 fundamen—

186 2333 307 2371 tum.
334 2327 463 2385 Quid
489 2328 620 2375 enim
643 2329 846 2394 sperari,
879 2329 956 2376 vel
980 2338 1225 2394 speratum
1250 2328 1402 2375 amari
1422 2337 1607 2392 potest,
1646 2327 1738 2375 nisi
1761 2328 1893 2393 prius
1915 2328 2170 2376 credatur?
2195 2330 2333 2376 Credi

186 2413 344 2453 autem
366 2417 545 2472 potest,
573 2409 732 2456 sinon
754 2418 973 2475 speretur
1005 2408 1083 2456 vel
1128 2407 1350 2456 ametur?
1390 2410 1458 2454 Ex
1488 2407 1584 2455 fide
1618 2408 1780 2472 itaque
1811 2424 1919 2473 spes
1951 2409 2187 2470 nascitur,
2223 2427 2332 2457 cum

186 2486 321 2548 quod
343 2487 584 2537 credimus
604 2489 793 2538 bonum
827 2507 918 2538 nos
953 2489 1212 2555 adepturos
1244 2505 1345 2537 esse
1382 2506 1470 2554 per
1497 2489 1586 2536 Dei
1614 2488 1994 2536 misericordiam
2025 2489 2330 2538 confidimus.

192 2566 327 2614 Unde
347 2569 663 2634 Apostolus³z
694 2589 717 2616 «
744 2570 911 2632 Fides,
940 2589 963 2615 »
989 2570 1180 2635 inquit,
1211 2588 1233 2614 «
1262 2577 1332 2617 est
1350 2568 1698 2634 sperandarum
1737 2586 1899 2616 rerum
1928 2568 2218 2629 substantia,
2255 2586 2333 2618 ar-

187 2658 471 2709 gumentum
494 2667 594 2698 non
619 2651 973 2717 apparentium.
1008 2670 1031 2694 ³2
1057 2649 1333 2697 Substantia
1366 2649 1715 2714 sperandarum
1738 2665 1925 2711 rerum,
1954 2649 2049 2696 hoc
2075 2658 2146 2696 est
2163 2649 2334 2698 funda-

188 2737 406 2776 mentum
430 2739 477 2777 et
501 2731 665 2794 origo,
687 2731 818 2779 unde
838 2731 898 2779 ad
918 2729 1158 2796 speranda
1172 2729 1333 2793 aliqua
1351 2728 1685 2794 perducimur,
1710 2728 1954 2776 credendo
1968 2729 2187 2777 videlicet
2201 2731 2335 2795 prius

189 2822 246 2854 ea
263 2824 387 2861 esse,
414 2820 467 2857 ut
487 2810 802 2875 postmodum
823 2827 1089 2877 speremus.
1121 2812 1467 2872 Argumentum
1488 2824 1588 2855 non
1613 2809 1975 2872 apparentium,
2005 2807 2102 2856 hoc
2125 2819 2196 2856 est
2218 2826 2333 2874 pro-

188 2885 321 2934 batio
340 2889 474 2953 quod
496 2890 590 2936 sint
611 2891 771 2955 aliqua
789 2907 890 2938 non
914 2889 1211 2956 apparentia.
1230 2888 1354 2946 Quia
1371 2887 1503 2935 enim
1517 2902 1662 2935 nemo
1678 2885 1825 2934 fidem
1834 2903 1935 2935 esse
1954 2887 2160 2948 dubitat,
2186 2906 2330 2955 opor-

189 2975 258 3014 tet
281 2983 337 3015 ex
360 2967 457 3016 hoc
480 2978 533 3016 ut
554 2968 717 3034 aliqua
739 2986 838 3017 non
865 2969 1147 3035 apparentia
1166 2983 1268 3016 esse
1293 2966 1530 3015 concedat
1554 2985 1565 3013 τ
1593 2983 1706 3014 cum
1740 2966 1886 3029 fides,
1926 2977 1981 3015 ut
2023 2968 2206 3015 dictum
2234 2979 2326 3030 est,

189 3048 384 3113 proprie
407 3065 508 3096 non
532 3048 721 3098 dicatur
741 3049 835 3097 nisi
856 3048 918 3097 de
938 3048 1014 3097 his
1038 3065 1144 3114 quae
1168 3047 1392 3096 nondum
1417 3055 1667 3113 apparent.
1695 3046 1837 3095 Unde
1854 3047 1990 3111 juxta
2008 3048 2289 3113 Apostolum
2299 3052 2327 3110 ⁶,

237 3249 246 3268 ⁸
262 3247 316 3281 Sic
329 3248 532 3282 Amboesius.
551 3248 672 3281 Forsan
690 3259 699 3280 ι
718 3248 804 3291 quin
820 3250 938 3282 etiam.
957 3266 994 3272 --
1012 3249 1022 3268 ²
1042 3246 1199 3282 Corinth.
1217 3246 1253 3289 1,
1275 3256 1346 3289 cap.
1377 3256 1411 3286 x,
1438 3255 1456 3278 v
1500 3248 1550 3280 31.
1574 3263 1612 3270 -—
1632 3245 1748 3286 ³Heb.‚
1779 3254 1852 3287 cap.
1882 3254 1929 3287 xi,
1958 3254 1988 3279 v.
2015 3246 2044 3279 1.
2058 3263 2096 3269 —
2111 3245 2122 3267 ⁴
2138 3244 2293 3278 Corinth.
2309 3244 2333 3284 l,

193 3310 264 3342 mp.
283 3311 353 3342 xm,
379 3312 409 3336 v.
431 3304 462 3337 8.
