2638 3866
944 267 1287 316 THEOLOGIA
1322 268 1691 318 cflRlsTtANA.
2299 270 2395 316 449

245 384 354 434 quae
385 377 528 427 sunt3
566 377 711 434 atque
730 369 798 416 eis
827 377 1002 416 cuncta
1035 370 1266 418 veraciter
1299 370 1553 432 discernit,
1586 371 1664 419 cui
1701 387 1757 420 ea
1788 387 1983 437 quoque
2017 387 2123 436 quae
2154 386 2253 418 non
2289 381 2396 418 sunt

244 450 383 515 quasi
418 450 670 515 praesentia
698 451 941 510 assistunt,
979 449 1109 497 unde
1139 460 1185 498 et
1215 453 1505 501 enumeratis
1527 452 1669 500 donis
1690 452 1893 519 Spiritus
1916 453 2034 517 ejus,
2066 452 2168 518 ipse
2195 451 2397 517 Spiritus

251 530 462 579 scientiae
482 547 584 578 esse
605 530 797 578 dicitur.
823 530 956 577 Sicut
974 539 1132 578 autem
1159 531 1273 579 mali
1303 549 1501 597 quoque
1525 534 1719 581 scientia
1741 533 1870 580 bona
1894 543 1982 594 est,
2020 532 2081 580 ad
2119 531 2396 580 evitandum

248 611 427 660 scilicet
465 612 647 659 malum
686 611 979 670 necessaria;
1012 611 1076 658 ita
1100 621 1386 676 potestatem
1423 614 1568 662 etiam
1606 614 1719 662 mali
1749 613 1932 661 bonam
1973 630 2074 661 esse
2106 622 2310 674 constat,
2352 622 2396 660 et

246 692 308 740 ad
335 691 716 758 promerendum
749 692 1081 740 necessariam.
1114 693 1162 739 Si
1185 693 1314 741 enim
1338 711 1537 760 peccare
1560 710 1660 741 non
1696 694 1964 760 possemus,
2005 693 2124 741 nihil
2159 710 2259 741 non
2284 710 2397 759 pec-

245 772 405 821 cando
440 789 851 839 promereremur,
880 782 928 820 et
958 773 1007 827 ‚ei
1038 773 1123 838 qui
1155 773 1362 823 liberum
1396 793 1497 824 non
1527 773 1676 823 habet
1709 773 1975 834 arbitrium,
2005 773 2192 822 nullum
2231 790 2286 821 ex
2322 774 2397 822 his

246 868 354 919 quae
386 863 582 901 coactus
617 854 712 919 agit
738 853 944 901 debetur
965 853 1234 919 praemium.
1267 858 1325 902 At
1357 872 1474 903 vero
1503 872 1531 903 e
1563 866 1751 917 contra,
1781 864 1831 902 ut
1854 855 1921 902 ait
1951 853 2236 920 propheta¹,
2268 855 2396 919 «qui

245 933 403 1000 potuit
427 934 694 999 transgredi
718 944 763 982 et
788 951 889 982 non
917 943 988 982 est
1009 945 1357 1000 transgressus3
1389 936 1543 984 facere
1574 937 1718 998 mala,
1742 946 1789 983 et
1814 951 1914 983 non
1941 934 2049 982 fecit
2076 953 2087 981 z
2116 934 2227 982 ideo
2251 934 2395 981 stabi-

245 1013 328 1063 lita
361 1025 474 1062 sunt
506 1014 639 1063 bona
674 1014 800 1063 illius
838 1016 887 1062 in
925 1015 1155 1062 Domino.
1182 1003 1317 1063 §DEX
1352 1015 1427 1063 his
1476 1017 1637 1082 itaque
1677 1015 1914 1080 liquidum
1953 1024 2053 1074 est,
2097 1013 2277 1061 nullam
2315 1024 2398 1061 aut

245 1095 494 1143 scientiam
540 1105 622 1144 aut
660 1104 947 1162 potest-atem
982 1096 1159 1144 malam
1210 1113 1341 1159 esse,
1381 1106 1828 1162 quantumcumque
1870 1096 1965 1143 sint
2011 1094 2137 1162 mala
2177 1094 2397 1143 exercitia

245 1178 476 1242 ipsarum,
506 1194 617 1225 cum
642 1188 689 1225 et
710 1181 841 1226 Deus
864 1194 1061 1225 omnem
1088 1177 1267 1226 tribuat
1292 1178 1557 1239 scientiam,
1584 1187 1631 1227 et
1654 1195 1849 1226 omnem
1874 1177 2064 1226 ordinet
2085 1185 2391 1242 potestatem.

245 1257 340 1315 Qui
372 1258 517 1305 etiam
547 1258 609 1306 de
637 1267 868 1325 potestate
899 1258 1184 1323 iniquissimi
1219 1258 1353 1306 Pilati
1383 1258 1612 1319 adversus
1642 1275 1692 1306 se
1725 1259 1819 1306 ait’
1844 1276 1854 1305 ε
1877 1261 1984 1306 Non
2006 1256 2210 1305 haberes
2238 1258 2287 1304 in
2320 1273 2396 1304 me

244 1346 549 1402 potestatem,
587 1340 681 1386 nisi
714 1339 880 1388 datum
916 1338 1002 1387 tibi
1033 1348 1156 1387 esset
1189 1337 1412 1405 desuper.
1438 1359 1461 1385 »
1488 1340 1719 1387 Scientias
1742 1339 1903 1404 itaque
1933 1336 2280 1404 approbamus,
2312 1337 2396 1384 sed

244 1417 439 1466 fallaciis
466 1418 770 1468 abutentium
794 1420 1075 1468 resistimus.
1106 1422 1212 1467 Non
1246 1420 1395 1482 enim,
1431 1428 1550 1468 teste
1572 1420 1743 1480 Tullio,
1776 1420 2085 1468 mediocriter
2109 1427 2286 1479 errant,
2314 1419 2396 1482 qui

244 1515 299 1546 ex
336 1499 452 1547 vitio
489 1500 700 1548 hominis
720 1502 968 1550 sci-entiam
993 1500 1210 1567 culpant.
1242 1502 1319 1548 Sic
1352 1501 1481 1549 enim
1506 1518 1618 1549 cum
1640 1501 1704 1549 de
1738 1500 2112 1568 reprehensione
2139 1516 2397 1564 argumen-

244 1580 478 1628 tationem
511 1581 560 1627 in
604 1581 856 1629 Rhetorica
891 1582 1104 1639 doceret,
1138 1582 1207 1630 ait'
1237 1582 1364 1629 inter
1386 1592 1555 1630 caetera
1590 1600 1646 1629 ea.
1682 1584 1789 1629 Non
1814 1581 1878 1630 ad
1900 1581 1950 1629 id
1974 1580 2108 1646 quod
2137 1579 2398 1627 instituitur

227 1660 695 1708 'accommodabitur
727 1662 887 1728 aliqua
913 1679 1024 1728 pars
1043 1663 1505 1726 argumentationis,
1544 1663 1583 1710 si
1617 1679 1693 1710 res
1725 1679 1783 1710 ex
1820 1662 2035 1710 hominis
2065 1661 2182 1709 vitio
2210 1660 2396 1725 vitupe-

247 1740 451 1801 rabitur,
477 1751 530 1788 ut
553 1742 589 1789 si
617 1743 724 1807 quis
748 1743 1022 1791 doctrinam
1046 1760 1102 1792 ex
1126 1743 1326 1808 alicujus
1349 1743 1480 1791 docti
1503 1743 1630 1790 vitiis
1655 1742 1994 1808 reprehendat.
2017 1762 2039 1786 n
2060 1741 2223 1788 Nullos
2236 1751 2396 1788 autem

244 1822 389 1869 sacris
412 1821 579 1869 litteris
611 1823 823 1871 eruditos
846 1824 1068 1888 ignorare
1091 1823 1315 1885 arbitror,
1344 1823 1452 1890 plus
1474 1824 1524 1870 in
1550 1839 1683 1871 sacra
1708 1823 1927 1871 doctrina
1950 1822 2219 1889 spirituales
2242 1821 2393 1881 viros,

242 1917 299 1948 ex
337 1902 443 1967 ipso
473 1903 681 1950 scientiae
705 1904 888 1967 stud-io,
925 1921 1074 1969 quam
1105 1921 1163 1952 ex
1196 1904 1440 1969 religionis
1474 1904 1645 1951 merito
1672 1904 1947 1970 profecisse,
1982 1913 2029 1951 et
2064 1919 2164 1968 quo
2198 1903 2398 1967 quisque

243 1992 521 2031 sanctorum
561 1993 671 2032 ante
705 1986 1075 2033 conversionem
1111 2001 1248 2033 suam
1282 1985 1568 2051 ampliorem
1605 1985 1905 2033 saecularium
1941 1984 2208 2031 litterarum
2243 1983 2398 2030 scien-

245 2063 362 2111 tiam
395 2063 659 2124 habuerat‚
702 2075 814 2131 post
858 2066 1228 2114 conversionem
1267 2082 1403 2114 suam
1447 2082 1560 2113 eum
1596 2065 1800 2131 amplius
1838 2066 1887 2112 in
1924 2073 2089 2112 sancta
2127 2062 2396 2110 eruditione

244 2144 463 2192 valuisse.
501 2146 675 2194 Paulus
707 2147 888 2212 quippe
911 2146 1175 2212 apostolus,
1213 2147 1323 2194 licet
1354 2163 1455 2194 non
1487 2146 1642 2210 major
1668 2146 1841 2193 merito
1871 2161 2015 2210 quam
2044 2146 2213 2191 Petrus
2236 2143 2396 2190 videa-

242 2233 349 2285 tur;
376 2225 624 2272 consessor
645 2227 935 2291 Augustinus
958 2244 1106 2292 quam
1126 2229 1359 2275 Martinus
1387 2247 1396 2274 :
1425 2235 1561 2274 tanto
1586 2235 1747 2274 tamen
1765 2234 1967 2291 uterque
1989 2226 2139 2273 altero
2161 2223 2395 2287 majorem

243 2305 292 2352 in
317 2304 538 2354 doctrina
572 2307 772 2371 gratiam
805 2317 915 2374 post
938 2308 1306 2356 conversionem
1331 2307 1525 2365 habuit,
1553 2316 1735 2372 quanto
1764 2316 1904 2354 antea
1926 2305 2109 2370 majore
2131 2305 2396 2352 litterarum

244 2386 439 2433 scientia
472 2387 703 2453 pollebat.
738 2391 802 2435 Ex
836 2405 936 2454 quo
958 2389 1200 2455 praecipue
1224 2388 1525 2436 saecularium
1554 2403 1751 2452 quoque
1785 2387 2051 2435 litterarum
2083 2385 2295 2433 studium
2321 2384 2394 2431 ‹li-

245 2467 356 2513 vina
389 2467 750 2533 dispensatione
773 2469 1107 2518 commendari
1128 2468 1356 2529 arbitror,
1391 2485 1491 2516 non
1515 2467 1672 2516 solum
1699 2485 1785 2534 per
1805 2467 2057 2515 utilitatem
2080 2482 2225 2531 quam
2250 2464 2398 2512 conti·

245 2557 380 2610 nent,
413 2565 580 2596 verum
612 2566 672 2596 ne
702 2566 729 2597 a
759 2550 901 2598 donis
932 2550 1035 2615 ejus
1071 2550 1236 2598 alienae
1265 2549 1563 2609 viderentur,
1599 2548 1639 2596 si
1669 2548 1732 2596 ad
1767 2547 1955 2595 nullum
1984 2548 2052 2595 eis
2081 2544 2395 2594 commodum

243 2637 523 2676 verteretur.
563 2631 795 2678 Novimus
827 2641 988 2680 tamen
1022 2641 1069 2679 et
1106 2631 1168 2679 ab
1194 2631 1422 2696 Apostolo
1457 2630 1642 2677 dictum
1679 2629 1818 2693 quia³
1843 2649 1865 2674 «
1887 2628 2081 2675 scientia
2113 2626 2264 2687 inflat,
2290 2645 2312 2668 »
2347 2625 2395 2671 id

244 2716 314 2753 est
352 2708 627 2773 superbiam
666 2722 879 2774 generat.
919 2711 1010 2758 Sed
1047 2728 1106 2759 ex
1137 2710 1234 2757 hoc
1267 2710 1507 2775 praecipue
1541 2709 1670 2756 bona
1706 2725 1809 2756 esse
1845 2708 2164 2762 convincitur,
2204 2705 2316 2770 quia
2346 2705 2394 2751 in

245 2786 427 2834 malum
462 2788 698 2854 superbiae
733 2791 983 2838 conscium
1019 2791 1092 2837 sui
1128 2789 1291 2837 trahit.
1341 2790 1474 2836 Sicut
1504 2790 1634 2836 enim
1667 2788 1904 2836 nonnulla
1943 2796 2054 2835 sunt
2090 2786 2253 2847 bona,
2277 2802 2397 2851 ‘quoe

245 2868 440 2915 nonnisi
473 2885 530 2916 ex
563 2869 693 2916 malo
725 2872 1019 2935 proveniunt.
1047 2889 1058 2918 ε
1088 2871 1153 2917 ita
1189 2869 1423 2916 nonnulla
1458 2878 1572 2917 sunt
1605 2869 1729 2916 mala
1758 2886 1863 2934 quae
1898 2886 1957 2916 ex
1992 2867 2126 2915 bono
2162 2867 2396 2931 originem

244 2947 470 3008 trahunt;
515 2950 798 3015 poenitentia
835 2952 1045 3017 quippe,
1088 2966 1170 2997 seu
1207 2949 1520 2997 correctionis
1558 2949 1815 2997 satisfactio
1856 2966 1968 2996 cum
2003 2948 2144 2996 bonae
2176 2948 2298 3010 sint,
2332 2948 2398 2995 ita

245 3028 425 3077 malum
452 3029 630 3077 sactum
655 3030 966 3093 comitantur,
992 3039 1044 3077 ut
1068 3030 1264 3077 nonnisi
1289 3029 1350 3077 ab
1372 3047 1431 3077 eo
1459 3030 1592 3078 nasci
1615 3030 1817 3096 possint.
1845 3032 1883 3076 E
1907 3029 2150 3077 contrario
2174 3027 2398 3095 superbia

245 3109 344 3156 sive
376 3109 559 3158 invidia
586 3127 699 3158 cum
735 3111 830 3158 sint
857 3111 1093 3176 pessimae,
1122 3111 1316 3158 nonnisi
1342 3127 1370 3159 a
1401 3110 1544 3158 bonis
1579 3110 1768 3158 initium
1797 3109 1999 3157 habent.
2037 3113 2188 3157 Nemo
2223 3110 2402 3174 quippe

246 3189 335 3235 nisi
372 3206 431 3237 ex
464 3189 606 3238 bonis
636 3207 742 3255 quae
771 3208 819 3239 se
847 3191 1027 3239 habere
1051 3192 1315 3255 cognoscit,
1348 3191 1395 3238 in
1421 3190 1694 3258 superbiam
1725 3189 1985 3251 extollitur,
2021 3199 2068 3237 et
2097 3206 2242 3238 nemo
2266 3189 2398 3237 alteri

291 3383 296 3400 ¹
315 3379 422 3423 Επεὶ,
442 3390 620 3424 cap.xxx1,
636 3393 670 3417 ν.
690 3385 781 3417 10.-
797 3384 807 3402 ²
822 3382 929 3424 Joan.,
944 3392 1016 3424 cap.
1032 3391 1101 3425 xix,
1119 3393 1150 3415 v.
1171 3383 1219 3417 11.
1241 3400 1278 3407 -—
1295 3383 1308 3404 ⁹
1324 3382 1476 3417 Corinth.
1493 3382 1525 3424 1,
1549 3391 1620 3424 cap.
1646 3390 1718 3422 vni,
1737 3390 1766 3414 v.
1789 3383 1817 3415 1.

2183 3442 2231 3477 57
