<?xml version="1.0" encoding="UTF-8"?>
<!DOCTYPE html PUBLIC "-//W3C//DTD XHTML 1.0 Transitional//EN"
    "http://www.w3.org/TR/xhtml1/DTD/xhtml1-transitional.dtd">
<html xmlns="http://www.w3.org/1999/xhtml" xml:lang="en" lang="en">
 <head>
  <title>
</title>
<meta http-equiv="Content-Type" content="text/html;charset=utf-8" />
  <meta name='ocr-system' content='tesseract 3.04.00' />
  <meta name='ocr-capabilities' content='ocr_page ocr_carea ocr_par ocr_line ocrx_word'/>
</head>
<body>
  <div class='ocr_page' id='page_1' title='image "./operahactenusseo00abeluoft_0528.png"; bbox 0 0 2638 3866; ppageno 0'>
   <div class='ocr_carea' id='block_1_1' title="bbox 275 212 1604 271">
    <p class='ocr_par' dir='ltr' id='par_1_1' title="bbox 275 212 1604 271">
     <span class='ocr_line' id='line_1_1' title="bbox 275 212 1604 271; baseline -0.002 -1"><span class='ocrx_word' id='word_1_1' title='bbox 275 224 368 271; x_wconf 70' lang='lat'>548</span> <span class='ocrx_word' id='word_1_2' title='bbox 971 248 974 250; x_wconf 59' lang='lat'>&gt;</span> <span class='ocrx_word' id='word_1_3' title='bbox 1044 212 1247 268; x_wconf 64' lang='lat' dir='ltr'>PETRI}</span> <span class='ocrx_word' id='word_1_4' title='bbox 1275 213 1604 268; x_wconf 73' lang='lat' dir='ltr'><strong>ABAELARDI</strong></span> 
     </span>
    </p>
   </div>
   <div class='ocr_carea' id='block_1_2' title="bbox 257 315 2420 3128">
    <p class='ocr_par' dir='ltr' id='par_1_2' title="bbox 257 315 2420 3128">
     <span class='ocr_line' id='line_1_2' title="bbox 271 315 2412 388; baseline 0 -17"><span class='ocrx_word' id='word_1_5' title='bbox 271 323 538 371; x_wconf 86' lang='lat' dir='ltr'>secundum</span> <span class='ocrx_word' id='word_1_6' title='bbox 574 337 721 386; x_wconf 89' lang='lat' dir='ltr'>quam</span> <span class='ocrx_word' id='word_1_7' title='bbox 758 320 885 385; x_wconf 80' lang='lat' dir='ltr'>logos</span> <span class='ocrx_word' id='word_1_8' title='bbox 926 320 1057 385; x_wconf 91' lang='lat' dir='ltr'>apud</span> <span class='ocrx_word' id='word_1_9' title='bbox 1095 323 1305 367; x_wconf 77' lang='lat' dir='ltr'>Graecos·</span> <span class='ocrx_word' id='word_1_10' title='bbox 1327 315 1485 386; x_wconf 83' lang='lat' dir='ltr'>ipsum</span> <span class='ocrx_word' id='word_1_11' title='bbox 1522 324 1696 371; x_wconf 78' lang='lat' dir='ltr'>mentis</span> <span class='ocrx_word' id='word_1_12' title='bbox 1729 332 2020 388; x_wconf 86' lang='lat' dir='ltr'>conceptum</span> <span class='ocrx_word' id='word_1_13' title='bbox 2058 337 2143 371; x_wconf 89' lang='lat' dir='ltr'>seu</span> <span class='ocrx_word' id='word_1_14' title='bbox 2177 325 2412 372; x_wconf 85' lang='lat' dir='ltr'>rationem</span> 
     </span>
     <span class='ocr_line' id='line_1_3' title="bbox 271 390 2405 469; baseline 0 -18"><span class='ocrx_word' id='word_1_15' title='bbox 271 403 517 469; x_wconf 85' lang='lat' dir='ltr'>significat,</span> <span class='ocrx_word' id='word_1_16' title='bbox 540 418 641 449; x_wconf 89' lang='lat' dir='ltr'>non</span> <span class='ocrx_word' id='word_1_17' title='bbox 655 401 787 448; x_wconf 85' lang='lat' dir='ltr'>vocis</span> <span class='ocrx_word' id='word_1_18' title='bbox 810 390 1151 465; x_wconf 75' lang='lat' dir='ltr'>prolationem.</span> <span class='ocrx_word' id='word_1_19' title='bbox 1181 401 1321 448; x_wconf 88' lang='lat' dir='ltr'>Unde</span> <span class='ocrx_word' id='word_1_20' title='bbox 1342 403 1536 450; x_wconf 86' lang='lat' dir='ltr'><strong>Boetius</strong></span> <span class='ocrx_word' id='word_1_21' title='bbox 1556 405 1607 451; x_wconf 81' lang='lat' dir='ltr'>in&#39;</span> <span class='ocrx_word' id='word_1_22' title='bbox 1631 406 1909 469; x_wconf 78' lang='lat' dir='ltr'>Categore‘as</span> <span class='ocrx_word' id='word_1_23' title='bbox 1929 404 2207 465; x_wconf 87' lang='lat' dir='ltr'>Aristotelis,</span> <span class='ocrx_word' id='word_1_24' title='bbox 2229 405 2314 452; x_wconf 87' lang='lat' dir='ltr'>lib.</span> <span class='ocrx_word' id='word_1_25' title='bbox 2334 408 2373 451; x_wconf 84' lang='grc' dir='ltr'>ΙΙ</span> <span class='ocrx_word' id='word_1_26' title='bbox 2394 425 2405 452; x_wconf 79' lang='lat' dir='ltr'><strong><em>z</em></strong></span> 
     </span>
     <span class='ocr_line' id='line_1_4' title="bbox 274 481 2414 549; baseline 0.002 -21"><span class='ocrx_word' id='word_1_27' title='bbox 274 503 297 529; x_wconf 87' lang='lat'><strong><em>«</em></strong></span> <span class='ocrx_word' id='word_1_28' title='bbox 321 483 564 540; x_wconf 88' lang='lat' dir='ltr'>Quoniam</span> <span class='ocrx_word' id='word_1_29' title='bbox 587 497 738 546; x_wconf 88' lang='lat' dir='ltr'>graeca</span> <span class='ocrx_word' id='word_1_30' title='bbox 760 481 981 528; x_wconf 87' lang='lat' dir='ltr'>oratione</span> <span class='ocrx_word' id='word_1_31' title='bbox 1001 481 1138 545; x_wconf 85' lang='lat' dir='ltr'>logos</span> <span class='ocrx_word' id='word_1_32' title='bbox 1161 481 1336 530; x_wconf 87' lang='lat' dir='ltr'>dicitur</span> <span class='ocrx_word' id='word_1_33' title='bbox 1365 483 1512 530; x_wconf 86' lang='lat' dir='ltr'>etiam</span> <span class='ocrx_word' id='word_1_34' title='bbox 1537 485 1685 532; x_wconf 86' lang='lat' dir='ltr'>animi</span> <span class='ocrx_word' id='word_1_35' title='bbox 1708 485 1949 549; x_wconf 82' lang='lat' dir='ltr'>cogitatio,</span> <span class='ocrx_word' id='word_1_36' title='bbox 1973 493 2021 530; x_wconf 92' lang='lat' dir='ltr'>et</span> <span class='ocrx_word' id='word_1_37' title='bbox 2042 484 2169 531; x_wconf 85' lang='lat' dir='ltr'>intra</span> <span class='ocrx_word' id='word_1_38' title='bbox 2193 486 2414 532; x_wconf 77' lang='lat' dir='ltr'>seratio-</span> 
     </span>
     <span class='ocr_line' id='line_1_5' title="bbox 269 561 2417 627; baseline 0.001 -18"><span class='ocrx_word' id='word_1_39' title='bbox 269 563 462 622; x_wconf 88' lang='lat' dir='ltr'>cinatio,</span> <span class='ocrx_word' id='word_1_40' title='bbox 487 562 623 626; x_wconf 84' lang='lat' dir='ltr'>logos</span> <span class='ocrx_word' id='word_1_41' title='bbox 644 577 843 625; x_wconf 91' lang='lat' dir='ltr'>quoque</span> <span class='ocrx_word' id='word_1_42' title='bbox 865 570 910 608; x_wconf 90' lang='lat' dir='ltr'>et</span> <span class='ocrx_word' id='word_1_43' title='bbox 934 563 1113 624; x_wconf 88' lang='lat' dir='ltr'>oratio,</span> <span class='ocrx_word' id='word_1_44' title='bbox 1139 579 1204 609; x_wconf 94' lang='lat' dir='ltr'>ne</span> <span class='ocrx_word' id='word_1_45' title='bbox 1234 564 1341 626; x_wconf 91' lang='lat' dir='ltr'>quis</span> <span class='ocrx_word' id='word_1_46' title='bbox 1363 564 1687 626; x_wconf 83' lang='lat' dir='ltr'><strong>Aristotelem,</strong></span> <span class='ocrx_word' id='word_1_47' title='bbox 1715 582 1830 612; x_wconf 91' lang='lat' dir='ltr'>cum</span> <span class='ocrx_word' id='word_1_48' title='bbox 1865 564 2044 611; x_wconf 86' lang='lat' dir='ltr'>diceret</span> <span class='ocrx_word' id='word_1_49' title='bbox 2067 563 2232 627; x_wconf 85' lang='lat' dir='ltr'>logon,</span> <span class='ocrx_word' id='word_1_50' title='bbox 2272 564 2322 611; x_wconf 93' lang='lat' dir='ltr'>id</span> <span class='ocrx_word' id='word_1_51' title='bbox 2345 561 2417 612; x_wconf 82' lang='lat' dir='ltr'>est</span> 
     </span>
     <span class='ocr_line' id='line_1_6' title="bbox 269 641 2415 713; baseline 0 -21"><span class='ocrx_word' id='word_1_52' title='bbox 269 645 558 704; x_wconf 86' lang='lat' dir='ltr'>orationem,</span> <span class='ocrx_word' id='word_1_53' title='bbox 585 645 900 708; x_wconf 83' lang='lat' dir='ltr'><strong>quantitatem</strong></span> <span class='ocrx_word' id='word_1_54' title='bbox 933 662 1052 705; x_wconf 92' lang='lat' dir='ltr'>esse,</span> <span class='ocrx_word' id='word_1_55' title='bbox 1077 645 1138 693; x_wconf 93' lang='lat' dir='ltr'>de</span> <span class='ocrx_word' id='word_1_56' title='bbox 1160 663 1219 693; x_wconf 92' lang='lat' dir='ltr'>eo</span> <span class='ocrx_word' id='word_1_57' title='bbox 1242 656 1433 711; x_wconf 89' lang='lat' dir='ltr'>putaret</span> <span class='ocrx_word' id='word_1_58' title='bbox 1456 641 1632 709; x_wconf 90' lang='lat' dir='ltr'>dicere,</span> <span class='ocrx_word' id='word_1_59' title='bbox 1660 665 1805 713; x_wconf 91' lang='lat' dir='ltr'>quem</span> <span class='ocrx_word' id='word_1_60' title='bbox 1829 644 2031 712; x_wconf 89' lang='lat' dir='ltr'>quisque</span> <span class='ocrx_word' id='word_1_61' title='bbox 2050 647 2197 710; x_wconf 87' lang='lat' dir='ltr'>logon</span> <span class='ocrx_word' id='word_1_62' title='bbox 2215 647 2265 694; x_wconf 92' lang='lat' dir='ltr'>in</span> <span class='ocrx_word' id='word_1_63' title='bbox 2282 648 2415 711; x_wconf 88' lang='lat' dir='ltr'>cogi-</span> 
     </span>
     <span class='ocr_line' id='line_1_7' title="bbox 266 718 2415 791; baseline 0 -18"><span class='ocrx_word' id='word_1_64' title='bbox 266 726 447 773; x_wconf 87' lang='lat' dir='ltr'>tatione</span> <span class='ocrx_word' id='word_1_65' title='bbox 469 718 765 790; x_wconf 70' lang='lat' dir='ltr'>disponeret,</span> <span class='ocrx_word' id='word_1_66' title='bbox 793 725 980 772; x_wconf 85' lang='lat' dir='ltr'>addidit</span> <span class='ocrx_word' id='word_1_67' title='bbox 1002 745 1013 773; x_wconf 94' lang='lat'><strong>:</strong></span> <span class='ocrx_word' id='word_1_68' title='bbox 1040 727 1124 791; x_wconf 92' lang='lat' dir='ltr'>qui</span> <span class='ocrx_word' id='word_1_69' title='bbox 1150 726 1203 773; x_wconf 85' lang='lat' dir='ltr'>fit</span> <span class='ocrx_word' id='word_1_70' title='bbox 1223 744 1337 774; x_wconf 90' lang='lat' dir='ltr'>cum</span> <span class='ocrx_word' id='word_1_71' title='bbox 1359 739 1495 775; x_wconf 85' lang='lat' dir='ltr'>voce.</span> <span class='ocrx_word' id='word_1_72' title='bbox 1522 749 1544 772; x_wconf 68' lang='lat'>&gt;³</span> <span class='ocrx_word' id='word_1_73' title='bbox 1575 728 1714 776; x_wconf 85' lang='lat' dir='ltr'>Unde</span> <span class='ocrx_word' id='word_1_74' title='bbox 1735 738 1782 775; x_wconf 92' lang='lat' dir='ltr'>et</span> <span class='ocrx_word' id='word_1_75' title='bbox 1806 732 1858 775; x_wconf 91' lang='lat' dir='ltr'>B.</span> <span class='ocrx_word' id='word_1_76' title='bbox 1885 729 2105 775; x_wconf 88' lang='lat' dir='ltr'>meminit</span> <span class='ocrx_word' id='word_1_77' title='bbox 2124 728 2415 791; x_wconf 76' lang='lat' dir='ltr'>Augustinus</span> 
     </span>
     <span class='ocr_line' id='line_1_8' title="bbox 266 805 2410 874; baseline 0 -22"><span class='ocrx_word' id='word_1_78' title='bbox 266 805 376 852; x_wconf 88' lang='lat' dir='ltr'>libri</span> <span class='ocrx_word' id='word_1_79' title='bbox 400 807 724 865; x_wconf 75' lang='lat' dir='ltr'>Qaaestionum</span> <span class='ocrx_word' id='word_1_80' title='bbox 741 809 1011 868; x_wconf 86' lang='lat' dir='ltr'><em>LXXXIII,</em></span> <span class='ocrx_word' id='word_1_81' title='bbox 1032 806 1244 872; x_wconf 88' lang='lat' dir='ltr'>capitulo</span> <span class='ocrx_word' id='word_1_82' title='bbox 1268 810 1392 855; x_wconf 78' lang='lat' dir='ltr'>xmv1</span> <span class='ocrx_word' id='word_1_83' title='bbox 1413 827 1425 854; x_wconf 90' lang='lat'>:</span> <span class='ocrx_word' id='word_1_84' title='bbox 1445 828 1470 851; x_wconf 76' lang='grc' dir='ltr'><strong>κ</strong></span> <span class='ocrx_word' id='word_1_85' title='bbox 1489 811 1542 855; x_wconf 90' lang='lat' dir='ltr'>In</span> <span class='ocrx_word' id='word_1_86' title='bbox 1560 810 1817 874; x_wconf 89' lang='lat' dir='ltr'>principio,</span> <span class='ocrx_word' id='word_1_87' title='bbox 1835 809 2007 872; x_wconf 89' lang='lat' dir='ltr'>inquit,</span> <span class='ocrx_word' id='word_1_88' title='bbox 2025 818 2126 855; x_wconf 88' lang='lat' dir='ltr'>erat</span> <span class='ocrx_word' id='word_1_89' title='bbox 2139 807 2370 869; x_wconf 79' lang='lat' dir='ltr'>Verbum,</span> <span class='ocrx_word' id='word_1_90' title='bbox 2386 824 2410 851; x_wconf 61' lang='grc' dir='ltr'>π)</span> 
     </span>
     <span class='ocr_line' id='line_1_9' title="bbox 266 885 2411 952; baseline -0 -19"><span class='ocrx_word' id='word_1_91' title='bbox 266 885 402 950; x_wconf 92' lang='lat' dir='ltr'>quod</span> <span class='ocrx_word' id='word_1_92' title='bbox 437 903 585 949; x_wconf 86' lang='lat' dir='ltr'>graece</span> <span class='ocrx_word' id='word_1_93' title='bbox 618 887 756 950; x_wconf 88' lang='lat' dir='ltr'>logos</span> <span class='ocrx_word' id='word_1_94' title='bbox 793 886 996 949; x_wconf 86' lang='lat' dir='ltr'>dicitur,</span> <span class='ocrx_word' id='word_1_95' title='bbox 1037 887 1185 935; x_wconf 87' lang='lat' dir='ltr'>latine</span> <span class='ocrx_word' id='word_1_96' title='bbox 1229 898 1391 937; x_wconf 89' lang='lat' dir='ltr'>autem</span> <span class='ocrx_word' id='word_1_97' title='bbox 1424 900 1470 936; x_wconf 91' lang='lat' dir='ltr'>et</span> <span class='ocrx_word' id='word_1_98' title='bbox 1505 891 1743 937; x_wconf 82' lang='lat' dir='ltr'>rationem</span> <span class='ocrx_word' id='word_1_99' title='bbox 1779 899 1826 936; x_wconf 91' lang='lat' dir='ltr'>et</span> <span class='ocrx_word' id='word_1_100' title='bbox 1855 888 2061 936; x_wconf 88' lang='lat' dir='ltr'>verbum</span> <span class='ocrx_word' id='word_1_101' title='bbox 2101 887 2351 952; x_wconf 85' lang='lat' dir='ltr'>significat.</span> <span class='ocrx_word' id='word_1_102' title='bbox 2387 907 2411 931; x_wconf 85' lang='lat'>»</span> 
     </span>
     <span class='ocr_line' id='line_1_10' title="bbox 268 966 2415 1033; baseline 0.001 -20"><span class='ocrx_word' id='word_1_103' title='bbox 268 970 423 1031; x_wconf 89' lang='lat' dir='ltr'>Logos</span> <span class='ocrx_word' id='word_1_104' title='bbox 448 967 578 1014; x_wconf 89' lang='lat' dir='ltr'>enim</span> <span class='ocrx_word' id='word_1_105' title='bbox 603 967 726 1014; x_wconf 88' lang='lat' dir='ltr'>ratio</span> <span class='ocrx_word' id='word_1_106' title='bbox 751 966 944 1015; x_wconf 85' lang='lat' dir='ltr'>dicitur.</span> <span class='ocrx_word' id='word_1_107' title='bbox 972 967 1105 1015; x_wconf 89' lang='lat' dir='ltr'>Idem</span> <span class='ocrx_word' id='word_1_108' title='bbox 1129 969 1181 1015; x_wconf 89' lang='lat' dir='ltr'>in</span> <span class='ocrx_word' id='word_1_109' title='bbox 1205 969 1331 1016; x_wconf 91' lang='lat' dir='ltr'>libro</span> <span class='ocrx_word' id='word_1_110' title='bbox 1357 971 1537 1017; x_wconf 81' lang='lat' dir='ltr'>Contra</span> <span class='ocrx_word' id='word_1_111' title='bbox 1566 973 1612 1016; x_wconf 91' lang='lat' dir='ltr'><em>V</em></span> <span class='ocrx_word' id='word_1_112' title='bbox 1633 971 1874 1017; x_wconf 77' lang='lat' dir='ltr'>Haereses²</span> <span class='ocrx_word' id='word_1_113' title='bbox 1894 987 1904 1015; x_wconf 72' lang='grc' dir='ltr'><em>τ</em></span> <span class='ocrx_word' id='word_1_114' title='bbox 1930 988 1952 1014; x_wconf 88' lang='lat'>«</span> <span class='ocrx_word' id='word_1_115' title='bbox 1977 972 2030 1015; x_wconf 90' lang='lat' dir='ltr'>In</span> <span class='ocrx_word' id='word_1_116' title='bbox 2052 968 2291 1033; x_wconf 89' lang='lat' dir='ltr'>principio</span> <span class='ocrx_word' id='word_1_117' title='bbox 2312 977 2415 1015; x_wconf 86' lang='lat' dir='ltr'>erat</span> 
     </span>
     <span class='ocr_line' id='line_1_11' title="bbox 267 1046 2416 1115; baseline 0 -22"><span class='ocrx_word' id='word_1_118' title='bbox 267 1046 501 1094; x_wconf 82' lang='lat' dir='ltr'>Verbum.</span> <span class='ocrx_word' id='word_1_119' title='bbox 526 1068 547 1090; x_wconf 91' lang='lat'>»</span> <span class='ocrx_word' id='word_1_120' title='bbox 571 1047 738 1095; x_wconf 87' lang='lat' dir='ltr'>Melius</span> <span class='ocrx_word' id='word_1_121' title='bbox 760 1048 912 1094; x_wconf 81' lang='lat' dir='ltr'>Graeci</span> <span class='ocrx_word' id='word_1_122' title='bbox 940 1048 1077 1112; x_wconf 88' lang='lat' dir='ltr'>logos</span> <span class='ocrx_word' id='word_1_123' title='bbox 1101 1048 1286 1096; x_wconf 89' lang='lat' dir='ltr'>dicunt.</span> <span class='ocrx_word' id='word_1_124' title='bbox 1317 1052 1475 1112; x_wconf 87' lang='lat' dir='ltr'>Logos</span> <span class='ocrx_word' id='word_1_125' title='bbox 1498 1050 1678 1115; x_wconf 90' lang='lat' dir='ltr'>quippe</span> <span class='ocrx_word' id='word_1_126' title='bbox 1694 1049 1911 1097; x_wconf 86' lang='lat' dir='ltr'>Verbum</span> <span class='ocrx_word' id='word_1_127' title='bbox 1937 1047 2173 1112; x_wconf 80' lang='lat' dir='ltr'>significat</span> <span class='ocrx_word' id='word_1_128' title='bbox 2195 1058 2244 1095; x_wconf 86' lang='lat' dir='ltr'>et</span> <span class='ocrx_word' id='word_1_129' title='bbox 2267 1047 2416 1095; x_wconf 87' lang='lat' dir='ltr'>ratio-</span> 
     </span>
     <span class='ocr_line' id='line_1_12' title="bbox 265 1128 2411 1195; baseline 0.001 -23"><span class='ocrx_word' id='word_1_130' title='bbox 265 1134 397 1173; x_wconf 78' lang='lat' dir='ltr'>nem.</span> <span class='ocrx_word' id='word_1_131' title='bbox 437 1145 461 1171; x_wconf 88' lang='lat'>»</span> <span class='ocrx_word' id='word_1_132' title='bbox 479 1130 550 1174; x_wconf 89' lang='lat' dir='ltr'>De</span> <span class='ocrx_word' id='word_1_133' title='bbox 580 1143 678 1190; x_wconf 92' lang='lat' dir='ltr'>quo</span> <span class='ocrx_word' id='word_1_134' title='bbox 706 1128 905 1191; x_wconf 91' lang='lat' dir='ltr'>quidem</span> <span class='ocrx_word' id='word_1_135' title='bbox 926 1129 1143 1176; x_wconf 89' lang='lat' dir='ltr'>Verbum</span> <span class='ocrx_word' id='word_1_136' title='bbox 1170 1130 1277 1189; x_wconf 90' lang='lat' dir='ltr'>Dei,</span> <span class='ocrx_word' id='word_1_137' title='bbox 1308 1131 1488 1177; x_wconf 86' lang='lat' dir='ltr'>scilicet</span> <span class='ocrx_word' id='word_1_138' title='bbox 1515 1130 1816 1195; x_wconf 82' lang='lat' dir='ltr'>intelligibili,</span> <span class='ocrx_word' id='word_1_139' title='bbox 1851 1129 2004 1195; x_wconf 91' lang='lat' dir='ltr'>quod,</span> <span class='ocrx_word' id='word_1_140' title='bbox 2033 1138 2089 1175; x_wconf 92' lang='lat' dir='ltr'>ut</span> <span class='ocrx_word' id='word_1_141' title='bbox 2113 1128 2411 1188; x_wconf 85' lang='lat' dir='ltr'>dictumest,</span> 
     </span>
     <span class='ocr_line' id='line_1_13' title="bbox 264 1207 2416 1275; baseline 0.001 -22"><span class='ocrx_word' id='word_1_142' title='bbox 264 1207 365 1270; x_wconf 89' lang='lat' dir='ltr'>ejus</span> <span class='ocrx_word' id='word_1_143' title='bbox 382 1208 626 1272; x_wconf 86' lang='lat' dir='ltr'>Sapientia</span> <span class='ocrx_word' id='word_1_144' title='bbox 638 1207 934 1272; x_wconf 85' lang='lat' dir='ltr'>intelligitur,</span> <span class='ocrx_word' id='word_1_145' title='bbox 954 1212 1006 1256; x_wconf 78' lang='grc' dir='ltr'>Β.</span> <span class='ocrx_word' id='word_1_146' title='bbox 1023 1226 1149 1274; x_wconf 91' lang='lat' dir='ltr'>papa</span> <span class='ocrx_word' id='word_1_147' title='bbox 1169 1211 1430 1274; x_wconf 87' lang='lat' dir='ltr'>Gregorius</span> <span class='ocrx_word' id='word_1_148' title='bbox 1444 1212 1493 1257; x_wconf 89' lang='lat' dir='ltr'>iu</span> <span class='ocrx_word' id='word_1_149' title='bbox 1512 1211 1783 1259; x_wconf 75' lang='lat' dir='ltr'>Homelia³2</span> <span class='ocrx_word' id='word_1_150' title='bbox 1804 1230 1828 1256; x_wconf 78' lang='grc' dir='ltr'>α</span> <span class='ocrx_word' id='word_1_151' title='bbox 1846 1213 2159 1275; x_wconf 89' lang='lat' dir='ltr'>Operantem.</span> <span class='ocrx_word' id='word_1_152' title='bbox 2180 1228 2202 1253; x_wconf 91' lang='lat'>»</span> <span class='ocrx_word' id='word_1_153' title='bbox 2220 1208 2416 1273; x_wconf 86' lang='lat' dir='ltr'>Spiritui</span> 
     </span>
     <span class='ocr_line' id='line_1_14' title="bbox 264 1288 2416 1357; baseline 0.001 -24"><span class='ocrx_word' id='word_1_154' title='bbox 264 1296 426 1334; x_wconf 89' lang='lat' dir='ltr'>autem</span> <span class='ocrx_word' id='word_1_155' title='bbox 451 1303 508 1335; x_wconf 92' lang='lat' dir='ltr'>ea</span> <span class='ocrx_word' id='word_1_156' title='bbox 525 1288 662 1352; x_wconf 85' lang='lat' dir='ltr'>quasi</span> <span class='ocrx_word' id='word_1_157' title='bbox 690 1288 887 1353; x_wconf 89' lang='lat' dir='ltr'>proprie</span> <span class='ocrx_word' id='word_1_158' title='bbox 917 1288 1218 1346; x_wconf 85' lang='lat' dir='ltr'>tribuuntur,</span> <span class='ocrx_word' id='word_1_159' title='bbox 1249 1306 1356 1354; x_wconf 80' lang='lat' dir='ltr'>quae</span> <span class='ocrx_word' id='word_1_160' title='bbox 1387 1290 1449 1338; x_wconf 88' lang='lat' dir='ltr'>ad</span> <span class='ocrx_word' id='word_1_161' title='bbox 1472 1292 1886 1357; x_wconf 84' lang='lat' dir='ltr'>comparationem</span> <span class='ocrx_word' id='word_1_162' title='bbox 1920 1291 2094 1338; x_wconf 87' lang='lat' dir='ltr'>divinae</span> <span class='ocrx_word' id='word_1_163' title='bbox 2125 1289 2286 1354; x_wconf 85' lang='lat' dir='ltr'>gratiae</span> <span class='ocrx_word' id='word_1_164' title='bbox 2311 1289 2416 1335; x_wconf 90' lang='lat' dir='ltr'>atti-</span> 
     </span>
     <span class='ocr_line' id='line_1_15' title="bbox 263 1368 2416 1436; baseline 0 -22"><span class='ocrx_word' id='word_1_165' title='bbox 263 1376 400 1429; x_wconf 89' lang='lat' dir='ltr'>nent,</span> <span class='ocrx_word' id='word_1_166' title='bbox 435 1368 558 1415; x_wconf 91' lang='lat' dir='ltr'>sicut</span> <span class='ocrx_word' id='word_1_167' title='bbox 588 1378 660 1416; x_wconf 92' lang='lat' dir='ltr'>est</span> <span class='ocrx_word' id='word_1_168' title='bbox 691 1369 908 1416; x_wconf 88' lang='lat' dir='ltr'>remissio</span> <span class='ocrx_word' id='word_1_169' title='bbox 928 1380 1240 1434; x_wconf 90' lang='lat' dir='ltr'>peccatorum</span> <span class='ocrx_word' id='word_1_170' title='bbox 1265 1380 1312 1417; x_wconf 92' lang='lat' dir='ltr'>et</span> <span class='ocrx_word' id='word_1_171' title='bbox 1342 1385 1764 1436; x_wconf 86' lang='lat' dir='ltr'>quorumcumque</span> <span class='ocrx_word' id='word_1_172' title='bbox 1788 1371 2034 1419; x_wconf 89' lang='lat' dir='ltr'>donorum</span> <span class='ocrx_word' id='word_1_173' title='bbox 2056 1369 2332 1418; x_wconf 83' lang='lat' dir='ltr'>distributio</span> <span class='ocrx_word' id='word_1_174' title='bbox 2357 1385 2416 1415; x_wconf 86' lang='lat' dir='ltr'>ex</span> 
     </span>
     <span class='ocr_line' id='line_1_16' title="bbox 263 1447 2415 1516; baseline -0 -21"><span class='ocrx_word' id='word_1_175' title='bbox 263 1448 366 1496; x_wconf 91' lang='lat' dir='ltr'>sola</span> <span class='ocrx_word' id='word_1_176' title='bbox 402 1447 619 1496; x_wconf 89' lang='lat' dir='ltr'>bonitate</span> <span class='ocrx_word' id='word_1_177' title='bbox 647 1448 768 1512; x_wconf 89' lang='lat' dir='ltr'>ejus,</span> <span class='ocrx_word' id='word_1_178' title='bbox 798 1466 899 1496; x_wconf 91' lang='lat' dir='ltr'>non</span> <span class='ocrx_word' id='word_1_179' title='bbox 929 1466 986 1497; x_wconf 85' lang='lat' dir='ltr'>ex</span> <span class='ocrx_word' id='word_1_180' title='bbox 1015 1451 1197 1498; x_wconf 89' lang='lat' dir='ltr'>meritis</span> <span class='ocrx_word' id='word_1_181' title='bbox 1221 1451 1399 1498; x_wconf 89' lang='lat' dir='ltr'>nostris</span> <span class='ocrx_word' id='word_1_182' title='bbox 1426 1449 1734 1516; x_wconf 85' lang='lat' dir='ltr'>proveniens,</span> <span class='ocrx_word' id='word_1_183' title='bbox 1760 1451 1915 1516; x_wconf 87' lang='lat' dir='ltr'>qualis</span> <span class='ocrx_word' id='word_1_184' title='bbox 1945 1461 2016 1499; x_wconf 90' lang='lat' dir='ltr'>est</span> <span class='ocrx_word' id='word_1_185' title='bbox 2043 1449 2340 1514; x_wconf 84' lang='lat' dir='ltr'>regeneratio</span> <span class='ocrx_word' id='word_1_186' title='bbox 2364 1449 2415 1495; x_wconf 87' lang='lat' dir='ltr'>in</span> 
     </span>
     <span class='ocr_line' id='line_1_17' title="bbox 264 1528 2418 1598; baseline 0 -24"><span class='ocrx_word' id='word_1_187' title='bbox 264 1528 504 1593; x_wconf 88' lang='lat' dir='ltr'>baptismo</span> <span class='ocrx_word' id='word_1_188' title='bbox 536 1528 598 1575; x_wconf 89' lang='lat' dir='ltr'>ad</span> <span class='ocrx_word' id='word_1_189' title='bbox 623 1529 908 1577; x_wconf 86' lang='lat' dir='ltr'>dimittenda</span> <span class='ocrx_word' id='word_1_190' title='bbox 930 1541 1142 1596; x_wconf 87' lang='lat' dir='ltr'>peccata,</span> <span class='ocrx_word' id='word_1_191' title='bbox 1171 1530 1477 1598; x_wconf 73' lang='lat' dir='ltr'>confirmatio</span> <span class='ocrx_word' id='word_1_192' title='bbox 1503 1549 1592 1597; x_wconf 91' lang='lat' dir='ltr'>per</span> <span class='ocrx_word' id='word_1_193' title='bbox 1619 1533 1980 1596; x_wconf 89' lang='lat' dir='ltr'>impositionem</span> <span class='ocrx_word' id='word_1_194' title='bbox 2007 1547 2180 1578; x_wconf 91' lang='lat' dir='ltr'>manus</span> <span class='ocrx_word' id='word_1_195' title='bbox 2202 1528 2418 1594; x_wconf 87' lang='lat' dir='ltr'>episcopi</span> 
     </span>
     <span class='ocr_line' id='line_1_18' title="bbox 265 1607 2416 1678; baseline 0 -23"><span class='ocrx_word' id='word_1_196' title='bbox 265 1608 328 1655; x_wconf 90' lang='lat' dir='ltr'>ad</span> <span class='ocrx_word' id='word_1_197' title='bbox 356 1608 569 1656; x_wconf 88' lang='lat' dir='ltr'>dandam</span> <span class='ocrx_word' id='word_1_198' title='bbox 601 1619 894 1657; x_wconf 88' lang='lat' dir='ltr'>armaturam</span> <span class='ocrx_word' id='word_1_199' title='bbox 928 1612 1180 1673; x_wconf 88' lang='lat' dir='ltr'>virtutum,</span> <span class='ocrx_word' id='word_1_200' title='bbox 1220 1613 1398 1676; x_wconf 91' lang='lat' dir='ltr'>quibus</span> <span class='ocrx_word' id='word_1_201' title='bbox 1420 1614 1599 1661; x_wconf 91' lang='lat' dir='ltr'>scilicet</span> <span class='ocrx_word' id='word_1_202' title='bbox 1630 1612 1907 1671; x_wconf 80' lang='lat' dir='ltr'>virtutibUS‚</span> <span class='ocrx_word' id='word_1_203' title='bbox 1942 1621 2052 1678; x_wconf 90' lang='lat' dir='ltr'>post</span> <span class='ocrx_word' id='word_1_204' title='bbox 2083 1607 2416 1658; x_wconf 83' lang='lat' dir='ltr'>remissionem</span> 
     </span>
     <span class='ocr_line' id='line_1_19' title="bbox 264 1691 2416 1757; baseline 0 -22"><span class='ocrx_word' id='word_1_205' title='bbox 264 1699 577 1755; x_wconf 88' lang='lat' dir='ltr'>peccatorum</span> <span class='ocrx_word' id='word_1_206' title='bbox 611 1700 888 1756; x_wconf 88' lang='lat' dir='ltr'>perceptam</span> <span class='ocrx_word' id='word_1_207' title='bbox 905 1727 918 1751; x_wconf 87' lang='lat'>,</span> <span class='ocrx_word' id='word_1_208' title='bbox 955 1692 1175 1739; x_wconf 89' lang='lat' dir='ltr'>resistere</span> <span class='ocrx_word' id='word_1_209' title='bbox 1212 1693 1458 1742; x_wconf 85' lang='lat' dir='ltr'>valeamus</span> <span class='ocrx_word' id='word_1_210' title='bbox 1497 1694 1695 1742; x_wconf 90' lang='lat' dir='ltr'>inimico</span> <span class='ocrx_word' id='word_1_211' title='bbox 1735 1704 1855 1741; x_wconf 89' lang='lat' dir='ltr'>tunc</span> <span class='ocrx_word' id='word_1_212' title='bbox 1892 1691 2226 1741; x_wconf 85' lang='lat' dir='ltr'>vehementius</span> <span class='ocrx_word' id='word_1_213' title='bbox 2259 1691 2416 1757; x_wconf 80' lang='lat' dir='ltr'>insur-</span> 
     </span>
     <span class='ocr_line' id='line_1_20' title="bbox 265 1762 2419 1837; baseline 0.001 -22"><span class='ocrx_word' id='word_1_214' title='bbox 265 1770 412 1833; x_wconf 80' lang='lat' dir='ltr'>genti.</span> <span class='ocrx_word' id='word_1_215' title='bbox 453 1770 529 1817; x_wconf 91' lang='lat' dir='ltr'>Sic</span> <span class='ocrx_word' id='word_1_216' title='bbox 564 1780 611 1817; x_wconf 91' lang='lat' dir='ltr'>et</span> <span class='ocrx_word' id='word_1_217' title='bbox 645 1780 802 1819; x_wconf 91' lang='lat' dir='ltr'>cetera</span> <span class='ocrx_word' id='word_1_218' title='bbox 838 1782 1136 1819; x_wconf 87' lang='lat' dir='ltr'>sacramenta</span> <span class='ocrx_word' id='word_1_219' title='bbox 1173 1789 1280 1837; x_wconf 90' lang='lat' dir='ltr'>quae</span> <span class='ocrx_word' id='word_1_220' title='bbox 1310 1775 1360 1820; x_wconf 93' lang='lat' dir='ltr'>in</span> <span class='ocrx_word' id='word_1_221' title='bbox 1389 1775 1601 1822; x_wconf 90' lang='lat' dir='ltr'>Ecclesia</span> <span class='ocrx_word' id='word_1_222' title='bbox 1635 1770 1953 1822; x_wconf 83' lang='lat' dir='ltr'>conferuntur</span> <span class='ocrx_word' id='word_1_223' title='bbox 1986 1789 2045 1820; x_wconf 86' lang='lat' dir='ltr'>ex</span> <span class='ocrx_word' id='word_1_224' title='bbox 2076 1772 2294 1820; x_wconf 89' lang='lat' dir='ltr'>bonitate</span> <span class='ocrx_word' id='word_1_225' title='bbox 2329 1762 2419 1819; x_wconf 84' lang='lat' dir='ltr'>Dei</span> 
     </span>
     <span class='ocr_line' id='line_1_21' title="bbox 265 1849 2417 1918; baseline 0.001 -23"><span class='ocrx_word' id='word_1_226' title='bbox 265 1850 462 1914; x_wconf 88' lang='lat' dir='ltr'>Spiritui</span> <span class='ocrx_word' id='word_1_227' title='bbox 484 1849 742 1898; x_wconf 90' lang='lat' dir='ltr'>tribuenda</span> <span class='ocrx_word' id='word_1_228' title='bbox 766 1862 896 1899; x_wconf 90' lang='lat' dir='ltr'>sunt.</span> <span class='ocrx_word' id='word_1_229' title='bbox 924 1856 1044 1899; x_wconf 90' lang='lat' dir='ltr'>Nam</span> <span class='ocrx_word' id='word_1_230' title='bbox 1069 1853 1157 1900; x_wconf 90' lang='lat' dir='ltr'>etsi</span> <span class='ocrx_word' id='word_1_231' title='bbox 1185 1852 1316 1901; x_wconf 91' lang='lat' dir='ltr'>idem</span> <span class='ocrx_word' id='word_1_232' title='bbox 1338 1854 1399 1901; x_wconf 90' lang='lat' dir='ltr'>sit</span> <span class='ocrx_word' id='word_1_233' title='bbox 1424 1853 1699 1902; x_wconf 88' lang='lat' dir='ltr'>dialecticus</span> <span class='ocrx_word' id='word_1_234' title='bbox 1727 1853 1863 1918; x_wconf 92' lang='lat' dir='ltr'>quod</span> <span class='ocrx_word' id='word_1_235' title='bbox 1889 1863 2072 1913; x_wconf 88' lang='lat' dir='ltr'>orator,</span> <span class='ocrx_word' id='word_1_236' title='bbox 2095 1851 2228 1899; x_wconf 88' lang='lat' dir='ltr'>aliud</span> <span class='ocrx_word' id='word_1_237' title='bbox 2255 1860 2417 1899; x_wconf 87' lang='lat' dir='ltr'>tamen</span> 
     </span>
     <span class='ocr_line' id='line_1_22' title="bbox 265 1930 2248 2001; baseline 0.001 -25"><span class='ocrx_word' id='word_1_238' title='bbox 265 1931 443 1977; x_wconf 89' lang='lat' dir='ltr'>oratori</span> <span class='ocrx_word' id='word_1_239' title='bbox 463 1930 781 1979; x_wconf 89' lang='lat' dir='ltr'>tribuendum</span> <span class='ocrx_word' id='word_1_240' title='bbox 793 1942 862 1979; x_wconf 87' lang='lat' dir='ltr'>est</span> <span class='ocrx_word' id='word_1_241' title='bbox 881 1931 1150 1980; x_wconf 89' lang='lat' dir='ltr'>secundum</span> <span class='ocrx_word' id='word_1_242' title='bbox 1174 1933 1322 1981; x_wconf 85' lang='lat' dir='ltr'>officii</span> <span class='ocrx_word' id='word_1_243' title='bbox 1346 1934 1418 1982; x_wconf 91' lang='lat' dir='ltr'>sui</span> <span class='ocrx_word' id='word_1_244' title='bbox 1438 1935 1800 2001; x_wconf 89' lang='lat' dir='ltr'>proprietatem,</span> <span class='ocrx_word' id='word_1_245' title='bbox 1827 1933 1959 1980; x_wconf 89' lang='lat' dir='ltr'>aliud</span> <span class='ocrx_word' id='word_1_246' title='bbox 1979 1931 2248 1979; x_wconf 86' lang='lat' dir='ltr'>dialectico.</span> 
     </span>
     <span class='ocr_line' id='line_1_23' title="bbox 330 2011 2418 2079; baseline -0 -21"><span class='ocrx_word' id='word_1_247' title='bbox 330 2012 525 2059; x_wconf 84' lang='lat' dir='ltr'>Movere</span> <span class='ocrx_word' id='word_1_248' title='bbox 557 2012 754 2060; x_wconf 86' lang='lat' dir='ltr'>fortasse</span> <span class='ocrx_word' id='word_1_249' title='bbox 779 2011 965 2077; x_wconf 89' lang='lat' dir='ltr'>aliquos</span> <span class='ocrx_word' id='word_1_250' title='bbox 987 2013 1166 2078; x_wconf 87' lang='lat' dir='ltr'>poterit</span> <span class='ocrx_word' id='word_1_251' title='bbox 1189 2014 1322 2079; x_wconf 91' lang='lat' dir='ltr'>quod</span> <span class='ocrx_word' id='word_1_252' title='bbox 1353 2014 1559 2067; x_wconf 85' lang='lat' dir='ltr'>dicimus</span> <span class='ocrx_word' id='word_1_253' title='bbox 1582 2016 1632 2062; x_wconf 91' lang='lat' dir='ltr'>in</span> <span class='ocrx_word' id='word_1_254' title='bbox 1655 2014 1844 2062; x_wconf 87' lang='lat' dir='ltr'>diversa</span> <span class='ocrx_word' id='word_1_255' title='bbox 1866 2029 2015 2079; x_wconf 84' lang='lat' dir='ltr'>opera</span> <span class='ocrx_word' id='word_1_256' title='bbox 2040 2012 2295 2072; x_wconf 86' lang='lat' dir='ltr'>Trinitatis,</span> <span class='ocrx_word' id='word_1_257' title='bbox 2320 2011 2418 2058; x_wconf 90' lang='lat' dir='ltr'>hoc</span> 
     </span>
     <span class='ocr_line' id='line_1_24' title="bbox 263 2081 2419 2160; baseline 0.001 -23"><span class='ocrx_word' id='word_1_258' title='bbox 263 2100 333 2138; x_wconf 89' lang='lat' dir='ltr'>est</span> <span class='ocrx_word' id='word_1_259' title='bbox 356 2090 452 2139; x_wconf 91' lang='lat' dir='ltr'>hoc</span> <span class='ocrx_word' id='word_1_260' title='bbox 484 2091 616 2140; x_wconf 90' lang='lat' dir='ltr'>idem</span> <span class='ocrx_word' id='word_1_261' title='bbox 642 2091 832 2158; x_wconf 86' lang='lat' dir='ltr'>operari</span> <span class='ocrx_word' id='word_1_262' title='bbox 862 2110 1256 2159; x_wconf 87' lang='lat' dir='ltr'>unamquamque</span> <span class='ocrx_word' id='word_1_263' title='bbox 1277 2096 1422 2142; x_wconf 91' lang='lat' dir='ltr'>trium</span> <span class='ocrx_word' id='word_1_264' title='bbox 1448 2112 1786 2160; x_wconf 89' lang='lat' dir='ltr'>personarum,</span> <span class='ocrx_word' id='word_1_265' title='bbox 1815 2094 1952 2158; x_wconf 93' lang='lat' dir='ltr'>quod</span> <span class='ocrx_word' id='word_1_266' title='bbox 1976 2110 2074 2142; x_wconf 91' lang='lat' dir='ltr'>una</span> <span class='ocrx_word' id='word_1_267' title='bbox 2103 2098 2271 2141; x_wconf 85' lang='lat' dir='ltr'>earum</span> <span class='ocrx_word' id='word_1_268' title='bbox 2295 2081 2419 2158; x_wconf 87' lang='lat' dir='ltr'>ope-</span> 
     </span>
     <span class='ocr_line' id='line_1_25' title="bbox 262 2172 2420 2239; baseline 0.001 -22"><span class='ocrx_word' id='word_1_269' title='bbox 262 2180 412 2232; x_wconf 85' lang='lat' dir='ltr'>ratur,</span> <span class='ocrx_word' id='word_1_270' title='bbox 442 2181 496 2218; x_wconf 92' lang='lat' dir='ltr'>ut</span> <span class='ocrx_word' id='word_1_271' title='bbox 514 2172 737 2220; x_wconf 83' lang='lat' dir='ltr'>videlicet</span> <span class='ocrx_word' id='word_1_272' title='bbox 757 2190 905 2222; x_wconf 91' lang='lat' dir='ltr'>omne</span> <span class='ocrx_word' id='word_1_273' title='bbox 929 2174 980 2221; x_wconf 90' lang='lat' dir='ltr'>id</span> <span class='ocrx_word' id='word_1_274' title='bbox 1006 2174 1141 2239; x_wconf 92' lang='lat' dir='ltr'>quod</span> <span class='ocrx_word' id='word_1_275' title='bbox 1167 2174 1277 2222; x_wconf 90' lang='lat' dir='ltr'>facit</span> <span class='ocrx_word' id='word_1_276' title='bbox 1300 2178 1453 2236; x_wconf 90' lang='lat' dir='ltr'>Pater,</span> <span class='ocrx_word' id='word_1_277' title='bbox 1476 2175 1619 2223; x_wconf 89' lang='lat' dir='ltr'>faciat</span> <span class='ocrx_word' id='word_1_278' title='bbox 1640 2176 1785 2223; x_wconf 89' lang='lat' dir='ltr'>Filius</span> <span class='ocrx_word' id='word_1_279' title='bbox 1808 2175 1906 2222; x_wconf 86' lang='lat' dir='ltr'>sive</span> <span class='ocrx_word' id='word_1_280' title='bbox 1926 2174 2146 2239; x_wconf 88' lang='lat' dir='ltr'>Spiritus,</span> <span class='ocrx_word' id='word_1_281' title='bbox 2171 2182 2220 2221; x_wconf 90' lang='lat' dir='ltr'>et</span> <span class='ocrx_word' id='word_1_282' title='bbox 2248 2189 2275 2220; x_wconf 91' lang='lat' dir='ltr'>e</span> <span class='ocrx_word' id='word_1_283' title='bbox 2295 2188 2420 2219; x_wconf 86' lang='lat' dir='ltr'>con-</span> 
     </span>
     <span class='ocr_line' id='line_1_26' title="bbox 261 2252 2418 2321; baseline 0 -23"><span class='ocrx_word' id='word_1_284' title='bbox 261 2268 420 2298; x_wconf 82' lang='lat' dir='ltr'>verso.</span> <span class='ocrx_word' id='word_1_285' title='bbox 453 2252 592 2300; x_wconf 93' lang='lat' dir='ltr'>Solus</span> <span class='ocrx_word' id='word_1_286' title='bbox 627 2254 810 2319; x_wconf 88' lang='lat' dir='ltr'>quippe</span> <span class='ocrx_word' id='word_1_287' title='bbox 835 2254 981 2302; x_wconf 90' lang='lat' dir='ltr'>Filius</span> <span class='ocrx_word' id='word_1_288' title='bbox 1009 2272 1208 2303; x_wconf 88' lang='lat' dir='ltr'>carnem</span> <span class='ocrx_word' id='word_1_289' title='bbox 1236 2256 1476 2321; x_wconf 88' lang='lat' dir='ltr'>accepisse</span> <span class='ocrx_word' id='word_1_290' title='bbox 1508 2256 1717 2317; x_wconf 87' lang='lat' dir='ltr'>dicitur,</span> <span class='ocrx_word' id='word_1_291' title='bbox 1753 2257 1876 2303; x_wconf 88' lang='lat' dir='ltr'>sicut</span> <span class='ocrx_word' id='word_1_292' title='bbox 1904 2264 1951 2302; x_wconf 87' lang='lat' dir='ltr'>et</span> <span class='ocrx_word' id='word_1_293' title='bbox 1974 2270 2164 2320; x_wconf 86' lang='lat' dir='ltr'>passus,</span> <span class='ocrx_word' id='word_1_294' title='bbox 2198 2262 2247 2301; x_wconf 88' lang='lat' dir='ltr'>et</span> <span class='ocrx_word' id='word_1_295' title='bbox 2286 2252 2418 2300; x_wconf 90' lang='lat' dir='ltr'>solus</span> 
     </span>
     <span class='ocr_line' id='line_1_27' title="bbox 262 2328 2412 2402; baseline 0.001 -25"><span class='ocrx_word' id='word_1_296' title='bbox 262 2332 468 2396; x_wconf 90' lang='lat' dir='ltr'>Spiritus</span> <span class='ocrx_word' id='word_1_297' title='bbox 490 2349 580 2380; x_wconf 92' lang='lat' dir='ltr'>nos</span> <span class='ocrx_word' id='word_1_298' title='bbox 602 2350 886 2398; x_wconf 84' lang='lat' dir='ltr'>regenerare</span> <span class='ocrx_word' id='word_1_299' title='bbox 906 2335 1080 2383; x_wconf 88' lang='lat' dir='ltr'>dicitur</span> <span class='ocrx_word' id='word_1_300' title='bbox 1103 2337 1153 2383; x_wconf 91' lang='lat' dir='ltr'>in</span> <span class='ocrx_word' id='word_1_301' title='bbox 1177 2336 1480 2402; x_wconf 87' lang='lat' dir='ltr'>baptismate.</span> <span class='ocrx_word' id='word_1_302' title='bbox 1507 2337 1647 2384; x_wconf 91' lang='lat' dir='ltr'>Solus</span> <span class='ocrx_word' id='word_1_303' title='bbox 1670 2337 1815 2384; x_wconf 89' lang='lat' dir='ltr'>etiam</span> <span class='ocrx_word' id='word_1_304' title='bbox 1842 2328 1980 2383; x_wconf 79' lang='lat' dir='ltr'>Pater</span> <span class='ocrx_word' id='word_1_305' title='bbox 2004 2335 2176 2382; x_wconf 90' lang='lat' dir='ltr'>Filium</span> <span class='ocrx_word' id='word_1_306' title='bbox 2202 2342 2412 2399; x_wconf 81' lang='lat' dir='ltr'>generat.</span> 
     </span>
     <span class='ocr_line' id='line_1_28' title="bbox 264 2403 2418 2483; baseline 0 -25"><span class='ocrx_word' id='word_1_307' title='bbox 264 2411 335 2458; x_wconf 79' lang='lat' dir='ltr'>Ad</span> <span class='ocrx_word' id='word_1_308' title='bbox 370 2411 505 2476; x_wconf 93' lang='lat' dir='ltr'>quod</span> <span class='ocrx_word' id='word_1_309' title='bbox 537 2414 936 2478; x_wconf 90' lang='lat' dir='ltr'>respondendum</span> <span class='ocrx_word' id='word_1_310' title='bbox 967 2415 1192 2476; x_wconf 86' lang='lat' dir='ltr'>arbitror,</span> <span class='ocrx_word' id='word_1_311' title='bbox 1219 2416 1491 2481; x_wconf 88' lang='lat' dir='ltr'>quodlicet</span> <span class='ocrx_word' id='word_1_312' title='bbox 1520 2434 1622 2464; x_wconf 92' lang='lat' dir='ltr'>non</span> <span class='ocrx_word' id='word_1_313' title='bbox 1656 2418 1898 2483; x_wconf 89' lang='lat' dir='ltr'>possimus</span> <span class='ocrx_word' id='word_1_314' title='bbox 1929 2416 2088 2463; x_wconf 90' lang='lat' dir='ltr'>dicere</span> <span class='ocrx_word' id='word_1_315' title='bbox 2119 2403 2201 2463; x_wconf 85' lang='lat' dir='ltr'>aut</span> <span class='ocrx_word' id='word_1_316' title='bbox 2230 2417 2418 2461; x_wconf 86' lang='lat' dir='ltr'>Patrem</span> 
     </span>
     <span class='ocr_line' id='line_1_29' title="bbox 263 2493 2416 2560; baseline 0.001 -22"><span class='ocrx_word' id='word_1_317' title='bbox 263 2502 346 2539; x_wconf 87' lang='lat' dir='ltr'>aut</span> <span class='ocrx_word' id='word_1_318' title='bbox 377 2493 608 2557; x_wconf 86' lang='lat' dir='ltr'>Spiritum</span> <span class='ocrx_word' id='word_1_319' title='bbox 641 2496 878 2560; x_wconf 88' lang='lat' dir='ltr'>accepisse</span> <span class='ocrx_word' id='word_1_320' title='bbox 914 2513 1137 2557; x_wconf 88' lang='lat' dir='ltr'>carnem,</span> <span class='ocrx_word' id='word_1_321' title='bbox 1176 2497 1272 2544; x_wconf 91' lang='lat' dir='ltr'>hoc</span> <span class='ocrx_word' id='word_1_322' title='bbox 1307 2506 1378 2544; x_wconf 91' lang='lat' dir='ltr'>est</span> <span class='ocrx_word' id='word_1_323' title='bbox 1401 2498 1707 2545; x_wconf 89' lang='lat' dir='ltr'>incarnatum</span> <span class='ocrx_word' id='word_1_324' title='bbox 1745 2513 1845 2544; x_wconf 91' lang='lat' dir='ltr'>esse</span> <span class='ocrx_word' id='word_1_325' title='bbox 1879 2506 1963 2544; x_wconf 91' lang='lat' dir='ltr'>aut</span> <span class='ocrx_word' id='word_1_326' title='bbox 1995 2511 2215 2560; x_wconf 81' lang='lat' dir='ltr'>passum3</span> <span class='ocrx_word' id='word_1_327' title='bbox 2253 2504 2416 2541; x_wconf 90' lang='lat' dir='ltr'>tamen</span> 
     </span>
     <span class='ocr_line' id='line_1_30' title="bbox 261 2564 2417 2643; baseline 0.001 -25"><span class='ocrx_word' id='word_1_328' title='bbox 261 2589 374 2619; x_wconf 87' lang='lat' dir='ltr'>vere</span> <span class='ocrx_word' id='word_1_329' title='bbox 408 2564 711 2638; x_wconf 81' lang='lat' dir='ltr'>profitemur,</span> <span class='ocrx_word' id='word_1_330' title='bbox 741 2576 855 2640; x_wconf 88' lang='lat' dir='ltr'>quia</span> <span class='ocrx_word' id='word_1_331' title='bbox 886 2577 937 2623; x_wconf 91' lang='lat' dir='ltr'>in</span> <span class='ocrx_word' id='word_1_332' title='bbox 961 2577 1133 2625; x_wconf 89' lang='lat' dir='ltr'>eadem</span> <span class='ocrx_word' id='word_1_333' title='bbox 1157 2578 1260 2643; x_wconf 90' lang='lat' dir='ltr'>ipsa</span> <span class='ocrx_word' id='word_1_334' title='bbox 1283 2578 1615 2625; x_wconf 85' lang='lat' dir='ltr'>incarnatione</span> <span class='ocrx_word' id='word_1_335' title='bbox 1636 2586 1683 2625; x_wconf 90' lang='lat' dir='ltr'>et</span> <span class='ocrx_word' id='word_1_336' title='bbox 1706 2579 1844 2625; x_wconf 88' lang='lat' dir='ltr'>Pater</span> <span class='ocrx_word' id='word_1_337' title='bbox 1867 2585 2093 2641; x_wconf 87' lang='lat' dir='ltr'>operatus</span> <span class='ocrx_word' id='word_1_338' title='bbox 2118 2584 2207 2636; x_wconf 86' lang='lat' dir='ltr'>est,</span> <span class='ocrx_word' id='word_1_339' title='bbox 2242 2582 2290 2622; x_wconf 84' lang='lat' dir='ltr'>et</span> <span class='ocrx_word' id='word_1_340' title='bbox 2310 2573 2417 2639; x_wconf 89' lang='lat' dir='ltr'>Spi—</span> 
     </span>
     <span class='ocr_line' id='line_1_31' title="bbox 262 2652 2418 2722; baseline 0.001 -24"><span class='ocrx_word' id='word_1_341' title='bbox 262 2652 399 2712; x_wconf 86' lang='lat' dir='ltr'>ritus,</span> <span class='ocrx_word' id='word_1_342' title='bbox 428 2670 457 2701; x_wconf 90' lang='lat' dir='ltr'>a</span> <span class='ocrx_word' id='word_1_343' title='bbox 474 2670 570 2718; x_wconf 92' lang='lat' dir='ltr'>qua</span> <span class='ocrx_word' id='word_1_344' title='bbox 592 2672 682 2703; x_wconf 90' lang='lat' dir='ltr'>nec</span> <span class='ocrx_word' id='word_1_345' title='bbox 706 2666 993 2721; x_wconf 89' lang='lat' dir='ltr'>potestatem</span> <span class='ocrx_word' id='word_1_346' title='bbox 1012 2656 1246 2720; x_wconf 83' lang='lat' dir='ltr'>divinam,</span> <span class='ocrx_word' id='word_1_347' title='bbox 1265 2674 1357 2705; x_wconf 90' lang='lat' dir='ltr'>nec</span> <span class='ocrx_word' id='word_1_348' title='bbox 1371 2657 1722 2722; x_wconf 83' lang='lat' dir='ltr'>benignitatem</span> <span class='ocrx_word' id='word_1_349' title='bbox 1736 2672 1993 2722; x_wconf 90' lang='lat' dir='ltr'>possumus</span> <span class='ocrx_word' id='word_1_350' title='bbox 2005 2655 2275 2703; x_wconf 75' lang='lat' dir='ltr'>excludere,</span> <span class='ocrx_word' id='word_1_351' title='bbox 2296 2657 2418 2702; x_wconf 80' lang='lat' dir='ltr'>Nam</span> 
     </span>
     <span class='ocr_line' id='line_1_32' title="bbox 267 2733 2417 2803; baseline 0.001 -25"><span class='ocrx_word' id='word_1_352' title='bbox 267 2742 313 2778; x_wconf 88' lang='lat' dir='ltr'>et</span> <span class='ocrx_word' id='word_1_353' title='bbox 336 2750 446 2780; x_wconf 92' lang='lat' dir='ltr'>cum</span> <span class='ocrx_word' id='word_1_354' title='bbox 471 2751 520 2782; x_wconf 92' lang='lat' dir='ltr'>se</span> <span class='ocrx_word' id='word_1_355' title='bbox 542 2736 700 2784; x_wconf 89' lang='lat' dir='ltr'>induit</span> <span class='ocrx_word' id='word_1_356' title='bbox 719 2737 911 2802; x_wconf 91' lang='lat' dir='ltr'>aliquis,</span> <span class='ocrx_word' id='word_1_357' title='bbox 938 2747 1021 2784; x_wconf 89' lang='lat' dir='ltr'>aut</span> <span class='ocrx_word' id='word_1_358' title='bbox 1044 2748 1215 2798; x_wconf 90' lang='lat' dir='ltr'>armat,</span> <span class='ocrx_word' id='word_1_359' title='bbox 1242 2738 1383 2786; x_wconf 88' lang='lat' dir='ltr'>multi</span> <span class='ocrx_word' id='word_1_360' title='bbox 1406 2738 1455 2785; x_wconf 91' lang='lat' dir='ltr'>in</span> <span class='ocrx_word' id='word_1_361' title='bbox 1479 2738 1654 2785; x_wconf 90' lang='lat' dir='ltr'>eodem</span> <span class='ocrx_word' id='word_1_362' title='bbox 1673 2746 2020 2803; x_wconf 83' lang='lat' dir='ltr'>cooperantur,</span> <span class='ocrx_word' id='word_1_363' title='bbox 2040 2737 2124 2800; x_wconf 93' lang='lat' dir='ltr'>qui</span> <span class='ocrx_word' id='word_1_364' title='bbox 2138 2733 2417 2783; x_wconf 83' lang='lat' dir='ltr'>tamennon</span> 
     </span>
     <span class='ocr_line' id='line_1_33' title="bbox 264 2810 2418 2884; baseline 0.001 -26"><span class='ocrx_word' id='word_1_365' title='bbox 264 2825 510 2878; x_wconf 83' lang='lat' dir='ltr'>armantur</span> <span class='ocrx_word' id='word_1_366' title='bbox 538 2810 620 2863; x_wconf 89' lang='lat' dir='ltr'>aut</span> <span class='ocrx_word' id='word_1_367' title='bbox 639 2817 926 2865; x_wconf 88' lang='lat' dir='ltr'>induuntur.</span> <span class='ocrx_word' id='word_1_368' title='bbox 953 2817 1186 2876; x_wconf 84' lang='lat' dir='ltr'>Quamvis</span> <span class='ocrx_word' id='word_1_369' title='bbox 1209 2819 1351 2883; x_wconf 89' lang='lat' dir='ltr'>igitur</span> <span class='ocrx_word' id='word_1_370' title='bbox 1374 2814 1704 2871; x_wconf 81' lang='lat' dir='ltr'>omniaverba</span> <span class='ocrx_word' id='word_1_371' title='bbox 1732 2818 2047 2884; x_wconf 69' lang='lat' dir='ltr'>operationis,</span> <span class='ocrx_word' id='word_1_372' title='bbox 2077 2833 2183 2881; x_wconf 90' lang='lat' dir='ltr'>quae</span> <span class='ocrx_word' id='word_1_373' title='bbox 2201 2815 2291 2862; x_wconf 89' lang='lat' dir='ltr'>-uni</span> <span class='ocrx_word' id='word_1_374' title='bbox 2314 2815 2418 2879; x_wconf 84' lang='lat' dir='ltr'>per-</span> 
     </span>
     <span class='ocr_line' id='line_1_34' title="bbox 264 2898 2414 2964; baseline 0.001 -27"><span class='ocrx_word' id='word_1_375' title='bbox 264 2908 392 2939; x_wconf 81' lang='lat' dir='ltr'>sonae</span> <span class='ocrx_word' id='word_1_376' title='bbox 423 2907 724 2958; x_wconf 87' lang='lat' dir='ltr'>congruunt,</span> <span class='ocrx_word' id='word_1_377' title='bbox 760 2898 897 2946; x_wconf 91' lang='lat' dir='ltr'>alteri</span> <span class='ocrx_word' id='word_1_378' title='bbox 931 2915 1031 2946; x_wconf 86' lang='lat' dir='ltr'>non</span> <span class='ocrx_word' id='word_1_379' title='bbox 1074 2900 1397 2961; x_wconf 82' lang='lat' dir='ltr'>conveniant3</span> <span class='ocrx_word' id='word_1_380' title='bbox 1437 2899 1655 2964; x_wconf 87' lang='lat' dir='ltr'>operatio</span> <span class='ocrx_word' id='word_1_381' title='bbox 1690 2909 1852 2954; x_wconf 85' lang='lat' dir='ltr'>tamen</span> <span class='ocrx_word' id='word_1_382' title='bbox 1890 2898 2032 2945; x_wconf 90' lang='lat' dir='ltr'>unius</span> <span class='ocrx_word' id='word_1_383' title='bbox 2063 2912 2288 2962; x_wconf 77' lang='lat' dir='ltr'>personaej</span> <span class='ocrx_word' id='word_1_384' title='bbox 2314 2910 2414 2942; x_wconf 87' lang='lat' dir='ltr'>non</span> 
     </span>
     <span class='ocr_line' id='line_1_35' title="bbox 257 2966 2414 3044; baseline 0.002 -28"><span class='ocrx_word' id='word_1_385' title='bbox 257 2971 424 3019; x_wconf 88' lang='lat' dir='ltr'>minus</span> <span class='ocrx_word' id='word_1_386' title='bbox 458 2976 659 3024; x_wconf 90' lang='lat' dir='ltr'>aliarum</span> <span class='ocrx_word' id='word_1_387' title='bbox 683 2994 786 3025; x_wconf 89' lang='lat' dir='ltr'>esse</span> <span class='ocrx_word' id='word_1_388' title='bbox 814 2978 1023 3026; x_wconf 89' lang='lat' dir='ltr'>dicenda</span> <span class='ocrx_word' id='word_1_389' title='bbox 1056 2990 1157 3026; x_wconf 83' lang='lat' dir='ltr'>est:</span> <span class='ocrx_word' id='word_1_390' title='bbox 1184 2981 1299 3044; x_wconf 89' lang='lat' dir='ltr'>quia</span> <span class='ocrx_word' id='word_1_391' title='bbox 1322 2980 1371 3026; x_wconf 90' lang='lat' dir='ltr'>in</span> <span class='ocrx_word' id='word_1_392' title='bbox 1402 2980 1576 3027; x_wconf 90' lang='lat' dir='ltr'>eodem</span> <span class='ocrx_word' id='word_1_393' title='bbox 1599 2996 1795 3027; x_wconf 89' lang='lat' dir='ltr'>necesse</span> <span class='ocrx_word' id='word_1_394' title='bbox 1826 2988 1897 3026; x_wconf 84' lang='lat' dir='ltr'>est</span> <span class='ocrx_word' id='word_1_395' title='bbox 1924 2994 2094 3026; x_wconf 88' lang='lat' dir='ltr'>omnes</span> <span class='ocrx_word' id='word_1_396' title='bbox 2127 2966 2269 3024; x_wconf 76' lang='lat' dir='ltr'>simul</span> <span class='ocrx_word' id='word_1_397' title='bbox 2297 2990 2414 3031; x_wconf 84' lang='lat' dir='ltr'>coo-</span> 
     </span>
     <span class='ocr_line' id='line_1_36' title="bbox 257 3045 2414 3128; baseline 0.001 -31"><span class='ocrx_word' id='word_1_398' title='bbox 257 3045 434 3115; x_wconf 67' lang='lat' dir='ltr'>perari.</span> <span class='ocrx_word' id='word_1_399' title='bbox 461 3056 640 3102; x_wconf 81' lang='lat' dir='ltr'>Animae</span> <span class='ocrx_word' id='word_1_400' title='bbox 661 3074 856 3122; x_wconf 90' lang='lat' dir='ltr'>quoque</span> <span class='ocrx_word' id='word_1_401' title='bbox 885 3059 993 3128; x_wconf 84' lang='lat' dir='ltr'>ipsi,</span> <span class='ocrx_word' id='word_1_402' title='bbox 1021 3076 1127 3124; x_wconf 81' lang='lat' dir='ltr'>quae</span> <span class='ocrx_word' id='word_1_403' title='bbox 1149 3075 1326 3125; x_wconf 88' lang='lat' dir='ltr'>corpus</span> <span class='ocrx_word' id='word_1_404' title='bbox 1352 3070 1514 3108; x_wconf 87' lang='lat' dir='ltr'>movet</span> <span class='ocrx_word' id='word_1_405' title='bbox 1541 3070 1588 3108; x_wconf 90' lang='lat' dir='ltr'>et</span> <span class='ocrx_word' id='word_1_406' title='bbox 1617 3061 1780 3124; x_wconf 87' lang='lat' dir='ltr'>agitat,</span> <span class='ocrx_word' id='word_1_407' title='bbox 1812 3076 1981 3107; x_wconf 89' lang='lat' dir='ltr'>omnes</span> <span class='ocrx_word' id='word_1_408' title='bbox 2003 3054 2414 3114; x_wconf 72' lang='lat' dir='ltr'>nostraeactiones</span> 
     </span>
    </p>
   </div>
   <div class='ocr_carea' id='block_1_3' title="bbox 263 3204 2409 3357">
    <p class='ocr_par' dir='ltr' id='par_1_3' title="bbox 263 3204 2409 3357">
     <span class='ocr_line' id='line_1_37' title="bbox 309 3204 2409 3253; baseline 0.002 -16"><span class='ocrx_word' id='word_1_409' title='bbox 309 3206 315 3224; x_wconf 89' lang='lat'><em>¹</em></span> <span class='ocrx_word' id='word_1_410' title='bbox 333 3204 424 3246; x_wconf 61' lang='lat' dir='ltr'>Lea„</span> <span class='ocrx_word' id='word_1_411' title='bbox 450 3214 522 3247; x_wconf 86' lang='lat' dir='ltr'>cap.</span> <span class='ocrx_word' id='word_1_412' title='bbox 544 3216 635 3247; x_wconf 77' lang='lat' dir='ltr'>Lxui,</span> <span class='ocrx_word' id='word_1_413' title='bbox 664 3209 748 3250; x_wconf 79' lang='lat' dir='ltr'>Opp.</span> <span class='ocrx_word' id='word_1_414' title='bbox 766 3214 790 3241; x_wconf 91' lang='lat' dir='ltr'>t.</span> <span class='ocrx_word' id='word_1_415' title='bbox 810 3210 861 3242; x_wconf 88' lang='lat' dir='ltr'>vl.</span> <span class='ocrx_word' id='word_1_416' title='bbox 886 3229 923 3234; x_wconf 92' lang='lat'>—-</span> <span class='ocrx_word' id='word_1_417' title='bbox 943 3213 954 3231; x_wconf 86' lang='lat'>²</span> <span class='ocrx_word' id='word_1_418' title='bbox 971 3213 1043 3244; x_wconf 78' lang='lat' dir='ltr'>Lib.</span> <span class='ocrx_word' id='word_1_419' title='bbox 1067 3212 1181 3247; x_wconf 83' lang='lat' dir='ltr'>Contr.</span> <span class='ocrx_word' id='word_1_420' title='bbox 1203 3213 1303 3253; x_wconf 84' lang='lat' dir='ltr'>Quin—</span> <span class='ocrx_word' id='word_1_421' title='bbox 1378 3223 1418 3244; x_wconf 86' lang='lat' dir='ltr'>ex</span> <span class='ocrx_word' id='word_1_422' title='bbox 1441 3212 1476 3245; x_wconf 91' lang='lat' dir='ltr'>S.</span> <span class='ocrx_word' id='word_1_423' title='bbox 1496 3212 1674 3252; x_wconf 81' lang='lat' dir='ltr'>Gregorio,</span> <span class='ocrx_word' id='word_1_424' title='bbox 1699 3214 1793 3252; x_wconf 85' lang='lat' dir='ltr'>cujus</span> <span class='ocrx_word' id='word_1_425' title='bbox 1820 3211 1969 3243; x_wconf 84' lang='lat' dir='ltr'>ultimum</span> <span class='ocrx_word' id='word_1_426' title='bbox 1988 3214 2114 3242; x_wconf 85' lang='lat' dir='ltr'>tantum</span> <span class='ocrx_word' id='word_1_427' title='bbox 2138 3210 2273 3241; x_wconf 86' lang='lat' dir='ltr'>verbum</span> <span class='ocrx_word' id='word_1_428' title='bbox 2297 3209 2409 3251; x_wconf 83' lang='lat' dir='ltr'>ponit,</span> 
     </span>
     <span class='ocr_line' id='line_1_38' title="bbox 263 3259 2264 3309; baseline 0.006 -20"><span class='ocrx_word' id='word_1_429' title='bbox 263 3266 329 3297; x_wconf 86' lang='lat' dir='ltr'>que</span> <span class='ocrx_word' id='word_1_430' title='bbox 351 3259 488 3291; x_wconf 75' lang='lat' dir='ltr'>haereses</span> <span class='ocrx_word' id='word_1_431' title='bbox 500 3283 508 3299; x_wconf 92' lang='lat'>‚</span> <span class='ocrx_word' id='word_1_432' title='bbox 531 3269 602 3300; x_wconf 86' lang='lat' dir='ltr'>cap.</span> <span class='ocrx_word' id='word_1_433' title='bbox 618 3269 664 3301; x_wconf 75' lang='lat' dir='ltr'>vt,</span> <span class='ocrx_word' id='word_1_434' title='bbox 683 3262 785 3303; x_wconf 75' lang='lat' dir='ltr'>Opp.,</span> <span class='ocrx_word' id='word_1_435' title='bbox 798 3267 824 3295; x_wconf 87' lang='lat' dir='ltr'>t.</span> <span class='ocrx_word' id='word_1_436' title='bbox 843 3262 926 3309; x_wconf 76' lang='lat' dir='ltr'>vm.</span> <span class='ocrx_word' id='word_1_437' title='bbox 941 3264 1053 3296; x_wconf 85' lang='lat' dir='ltr'>—³lta</span> <span class='ocrx_word' id='word_1_438' title='bbox 1068 3267 1101 3297; x_wconf 87' lang='lat' dir='ltr'>in</span> <span class='ocrx_word' id='word_1_439' title='bbox 1119 3265 1185 3298; x_wconf 91' lang='lat' dir='ltr'>MS.</span> <span class='ocrx_word' id='word_1_440' title='bbox 1205 3268 1303 3298; x_wconf 79' lang='lat' dir='ltr'>relin-</span> <span class='ocrx_word' id='word_1_441' title='bbox 1376 3268 1501 3299; x_wconf 70' lang='lat' dir='ltr'>scilicet</span> <span class='ocrx_word' id='word_1_442' title='bbox 1516 3264 1721 3308; x_wconf 70' lang='lat' dir='ltr'>operantem.</span> <span class='ocrx_word' id='word_1_443' title='bbox 2260 3272 2264 3278; x_wconf 89' lang='lat'>&#39;</span> 
     </span>
     <span class='ocr_line' id='line_1_39' title="bbox 263 3311 1304 3357; baseline 0.011 -16"><span class='ocrx_word' id='word_1_444' title='bbox 263 3311 377 3350; x_wconf 85' lang='lat' dir='ltr'>quitur</span> <span class='ocrx_word' id='word_1_445' title='bbox 399 3313 539 3352; x_wconf 82' lang='lat' dir='ltr'>spatium</span> <span class='ocrx_word' id='word_1_446' title='bbox 556 3322 711 3353; x_wconf 85' lang='lat' dir='ltr'>vacuum,</span> <span class='ocrx_word' id='word_1_447' title='bbox 735 3316 824 3356; x_wconf 88' lang='lat' dir='ltr'>quod</span> <span class='ocrx_word' id='word_1_448' title='bbox 845 3324 1006 3357; x_wconf 82' lang='lat' dir='ltr'>occupare</span> <span class='ocrx_word' id='word_1_449' title='bbox 1034 3319 1192 3351; x_wconf 83' lang='lat' dir='ltr'>debuerat</span> <span class='ocrx_word' id='word_1_450' title='bbox 1213 3321 1304 3352; x_wconf 82' lang='lat' dir='ltr'>locus</span> 
     </span>
    </p>
   </div>
  </div>
 </body>
</html>
