<?xml version="1.0" encoding="UTF-8"?>
<!DOCTYPE html PUBLIC "-//W3C//DTD XHTML 1.0 Transitional//EN"
    "http://www.w3.org/TR/xhtml1/DTD/xhtml1-transitional.dtd">
<html xmlns="http://www.w3.org/1999/xhtml" xml:lang="en" lang="en">
 <head>
  <title>
</title>
<meta http-equiv="Content-Type" content="text/html;charset=utf-8" />
  <meta name='ocr-system' content='tesseract 3.04.00' />
  <meta name='ocr-capabilities' content='ocr_page ocr_carea ocr_par ocr_line ocrx_word'/>
</head>
<body>
  <div class='ocr_page' id='page_1' title='image "./operahactenusseo00abeluoft_0276.png"; bbox 0 0 2638 3866; ppageno 0'>
   <div class='ocr_carea' id='block_1_1' title="bbox 285 182 1620 242">
    <p class='ocr_par' dir='ltr' id='par_1_1' title="bbox 285 182 1620 242">
     <span class='ocr_line' id='line_1_1' title="bbox 285 182 1620 242; baseline -0.007 -3"><span class='ocrx_word' id='word_1_1' title='bbox 285 192 382 242; x_wconf 79' lang='lat'>266</span> <span class='ocrx_word' id='word_1_2' title='bbox 1094 187 1266 234; x_wconf 87' lang='lat' dir='ltr'>PETRI</span> <span class='ocrx_word' id='word_1_3' title='bbox 1301 182 1620 231; x_wconf 85' lang='lat' dir='ltr'><strong>ABAELARDI</strong></span> 
     </span>
    </p>
   </div>
   <div class='ocr_carea' id='block_1_2' title="bbox 269 282 2476 3187">
    <p class='ocr_par' dir='ltr' id='par_1_2' title="bbox 269 282 2476 3187">
     <span class='ocr_line' id='line_1_2' title="bbox 285 282 2433 353; baseline -0.001 -12"><span class='ocrx_word' id='word_1_4' title='bbox 285 294 412 341; x_wconf 88' lang='lat' dir='ltr'>tibus</span> <span class='ocrx_word' id='word_1_5' title='bbox 437 292 634 351; x_wconf 90' lang='lat' dir='ltr'>meritis,</span> <span class='ocrx_word' id='word_1_6' title='bbox 657 290 731 336; x_wconf 85' lang='lat' dir='ltr'>vel</span> <span class='ocrx_word' id='word_1_7' title='bbox 751 288 910 353; x_wconf 87' lang='lat' dir='ltr'>aliqua</span> <span class='ocrx_word' id='word_1_8' title='bbox 933 305 1077 336; x_wconf 86' lang='lat' dir='ltr'>causa</span> <span class='ocrx_word' id='word_1_9' title='bbox 1100 285 1372 335; x_wconf 80' lang='lat' dir='ltr'>rationabili</span> <span class='ocrx_word' id='word_1_10' title='bbox 1397 302 1502 350; x_wconf 86' lang='lat' dir='ltr'>quae</span> <span class='ocrx_word' id='word_1_11' title='bbox 1524 283 1622 331; x_wconf 89' lang='lat' dir='ltr'>hoc</span> <span class='ocrx_word' id='word_1_12' title='bbox 1643 284 1750 349; x_wconf 85' lang='lat' dir='ltr'>ipso</span> <span class='ocrx_word' id='word_1_13' title='bbox 1765 282 2033 349; x_wconf 87' lang='lat' dir='ltr'>quodjusta</span> <span class='ocrx_word' id='word_1_14' title='bbox 2047 295 2187 349; x_wconf 89' lang='lat' dir='ltr'>esset,</span> <span class='ocrx_word' id='word_1_15' title='bbox 2207 287 2433 338; x_wconf 89' lang='lat' dir='ltr'>omnibus</span> 
     </span>
     <span class='ocr_line' id='line_1_3' title="bbox 284 365 2434 440; baseline -0.001 -18"><span class='ocrx_word' id='word_1_16' title='bbox 284 376 472 440; x_wconf 88' lang='lat' dir='ltr'>placere</span> <span class='ocrx_word' id='word_1_17' title='bbox 505 372 716 419; x_wconf 83' lang='lat' dir='ltr'><strong>deberet.</strong></span> <span class='ocrx_word' id='word_1_18' title='bbox 753 370 973 434; x_wconf 88' lang='lat' dir='ltr'>Denique</span> <span class='ocrx_word' id='word_1_19' title='bbox 1007 369 1112 434; x_wconf 90' lang='lat' dir='ltr'>quis</span> <span class='ocrx_word' id='word_1_20' title='bbox 1147 368 1356 432; x_wconf 79' lang='lat' dir='ltr'>aliquem</span> <span class='ocrx_word' id='word_1_21' title='bbox 1385 366 1584 430; x_wconf 83' lang='lat' dir='ltr'>dignum</span> <span class='ocrx_word' id='word_1_22' title='bbox 1615 365 1761 430; x_wconf 83' lang='lat' dir='ltr'>gratia</span> <span class='ocrx_word' id='word_1_23' title='bbox 1790 375 1998 426; x_wconf 88' lang='lat' dir='ltr'>censeat,</span> <span class='ocrx_word' id='word_1_24' title='bbox 2034 383 2180 431; x_wconf 92' lang='lat' dir='ltr'>quem</span> <span class='ocrx_word' id='word_1_25' title='bbox 2209 385 2309 416; x_wconf 93' lang='lat' dir='ltr'>non</span> <span class='ocrx_word' id='word_1_26' title='bbox 2344 369 2434 419; x_wconf 93' lang='lat' dir='ltr'>sibi</span> 
     </span>
     <span class='ocr_line' id='line_1_4' title="bbox 286 445 2434 519; baseline -0.001 -18"><span class='ocrx_word' id='word_1_27' title='bbox 286 456 448 519; x_wconf 84' lang='lat' dir='ltr'>gratis,</span> <span class='ocrx_word' id='word_1_28' title='bbox 475 452 560 500; x_wconf 93' lang='lat' dir='ltr'>sed</span> <span class='ocrx_word' id='word_1_29' title='bbox 584 449 847 516; x_wconf 84' lang='lat' dir='ltr'>cupiditate</span> <span class='ocrx_word' id='word_1_30' title='bbox 870 449 1197 497; x_wconf 86' lang='lat' dir='ltr'>retributionis</span> <span class='ocrx_word' id='word_1_31' title='bbox 1220 447 1460 495; x_wconf 86' lang='lat' dir='ltr'>deservire</span> <span class='ocrx_word' id='word_1_32' title='bbox 1482 446 1706 493; x_wconf 81' lang='lat' dir='ltr'>noverit?</span> <span class='ocrx_word' id='word_1_33' title='bbox 1730 445 1779 492; x_wconf 91' lang='lat' dir='ltr'>Si</span> <span class='ocrx_word' id='word_1_34' title='bbox 1807 462 1898 511; x_wconf 90' lang='lat' dir='ltr'>pro</span> <span class='ocrx_word' id='word_1_35' title='bbox 1930 445 2027 494; x_wconf 93' lang='lat' dir='ltr'>hoc</span> <span class='ocrx_word' id='word_1_36' title='bbox 2056 448 2251 497; x_wconf 90' lang='lat' dir='ltr'>servitio</span> <span class='ocrx_word' id='word_1_37' title='bbox 2275 451 2434 514; x_wconf 84' lang='lat' dir='ltr'>gratiae</span> 
     </span>
     <span class='ocr_line' id='line_1_5' title="bbox 285 527 2435 598; baseline 0 -17"><span class='ocrx_word' id='word_1_38' title='bbox 285 536 511 598; x_wconf 85' lang='lat' dir='ltr'>cuiquam</span> <span class='ocrx_word' id='word_1_39' title='bbox 529 533 597 580; x_wconf 89' lang='lat' dir='ltr'>rei</span> <span class='ocrx_word' id='word_1_40' title='bbox 620 542 731 579; x_wconf 92' lang='lat' dir='ltr'>sunt</span> <span class='ocrx_word' id='word_1_41' title='bbox 758 531 1036 590; x_wconf 71' lang='lat' dir='ltr'><strong>referendae,</strong></span> <span class='ocrx_word' id='word_1_42' title='bbox 1053 531 1203 594; x_wconf 86' lang='lat' dir='ltr'>magis</span> <span class='ocrx_word' id='word_1_43' title='bbox 1223 529 1367 576; x_wconf 90' lang='lat' dir='ltr'>rebus</span> <span class='ocrx_word' id='word_1_44' title='bbox 1385 528 1560 576; x_wconf 88' lang='lat' dir='ltr'>nostris</span> <span class='ocrx_word' id='word_1_45' title='bbox 1579 544 1670 594; x_wconf 90' lang='lat' dir='ltr'>pro</span> <span class='ocrx_word' id='word_1_46' title='bbox 1687 527 1861 593; x_wconf 88' lang='lat' dir='ltr'>quibus</span> <span class='ocrx_word' id='word_1_47' title='bbox 1879 527 2020 576; x_wconf 93' lang='lat' dir='ltr'>nobis</span> <span class='ocrx_word' id='word_1_48' title='bbox 2049 530 2258 593; x_wconf 88' lang='lat' dir='ltr'>servitia,</span> <span class='ocrx_word' id='word_1_49' title='bbox 2287 548 2435 597; x_wconf 86' lang='lat' dir='ltr'>quam</span> 
     </span>
     <span class='ocr_line' id='line_1_6' title="bbox 284 608 2431 679; baseline 0 -18"><span class='ocrx_word' id='word_1_50' title='bbox 284 615 339 661; x_wconf 89' lang='lat' dir='ltr'>iis</span> <span class='ocrx_word' id='word_1_51' title='bbox 361 614 444 679; x_wconf 88' lang='lat' dir='ltr'>qui</span> <span class='ocrx_word' id='word_1_52' title='bbox 467 613 746 661; x_wconf 88' lang='lat' dir='ltr'>deserviunt</span> <span class='ocrx_word' id='word_1_53' title='bbox 768 611 1051 659; x_wconf 75' lang='lat' dir='ltr'><strong>exhibendae</strong></span> <span class='ocrx_word' id='word_1_54' title='bbox 1073 620 1200 658; x_wconf 90' lang='lat' dir='ltr'>sunt.</span> <span class='ocrx_word' id='word_1_55' title='bbox 1228 610 1388 658; x_wconf 88' lang='lat' dir='ltr'>Veluti</span> <span class='ocrx_word' id='word_1_56' title='bbox 1413 626 1526 657; x_wconf 91' lang='lat' dir='ltr'>cum</span> <span class='ocrx_word' id='word_1_57' title='bbox 1546 608 1667 656; x_wconf 88' lang='lat' dir='ltr'>mihi</span> <span class='ocrx_word' id='word_1_58' title='bbox 1690 610 2014 658; x_wconf 81' lang='lat' dir='ltr'><strong>mercenarius</strong></span> <span class='ocrx_word' id='word_1_59' title='bbox 2038 627 2185 676; x_wconf 88' lang='lat' dir='ltr'>quem</span> <span class='ocrx_word' id='word_1_60' title='bbox 2201 612 2431 676; x_wconf 87' lang='lat' dir='ltr'>conduxi,</span> 
     </span>
     <span class='ocr_line' id='line_1_7' title="bbox 285 689 2436 759; baseline 0.001 -18"><span class='ocrx_word' id='word_1_61' title='bbox 285 711 375 759; x_wconf 90' lang='lat' dir='ltr'>pro</span> <span class='ocrx_word' id='word_1_62' title='bbox 399 695 550 741; x_wconf 89' lang='lat' dir='ltr'>multa</span> <span class='ocrx_word' id='word_1_63' title='bbox 572 693 795 742; x_wconf 88' lang='lat' dir='ltr'><strong>mercede</strong></span> <span class='ocrx_word' id='word_1_64' title='bbox 819 692 1024 740; x_wconf 90' lang='lat' dir='ltr'>multum</span> <span class='ocrx_word' id='word_1_65' title='bbox 1047 691 1254 755; x_wconf 86' lang='lat' dir='ltr'>deservit</span> <span class='ocrx_word' id='word_1_66' title='bbox 1276 707 1332 739; x_wconf 86' lang='lat' dir='ltr'>ac</span> <span class='ocrx_word' id='word_1_67' title='bbox 1353 689 1558 757; x_wconf 80' lang='lat' dir='ltr'>proficit,</span> <span class='ocrx_word' id='word_1_68' title='bbox 1588 699 1670 737; x_wconf 84' lang='lat' dir='ltr'>aut</span> <span class='ocrx_word' id='word_1_69' title='bbox 1696 707 1808 738; x_wconf 86' lang='lat' dir='ltr'>curn</span> <span class='ocrx_word' id='word_1_70' title='bbox 1835 690 1956 738; x_wconf 88' lang='lat' dir='ltr'>mihi</span> <span class='ocrx_word' id='word_1_71' title='bbox 1979 691 2149 758; x_wconf 84' lang='lat' dir='ltr'>aliquis</span> <span class='ocrx_word' id='word_1_72' title='bbox 2178 709 2343 742; x_wconf 86' lang='lat' dir='ltr'>amore</span> <span class='ocrx_word' id='word_1_73' title='bbox 2366 693 2436 743; x_wconf 81' lang='lat' dir='ltr'>al-</span> 
     </span>
     <span class='ocr_line' id='line_1_8' title="bbox 285 771 2436 840; baseline 0.002 -20"><span class='ocrx_word' id='word_1_74' title='bbox 285 775 450 836; x_wconf 90' lang='lat' dir='ltr'>terius,</span> <span class='ocrx_word' id='word_1_75' title='bbox 478 792 578 823; x_wconf 92' lang='lat' dir='ltr'>non</span> <span class='ocrx_word' id='word_1_76' title='bbox 597 774 842 840; x_wconf 91' lang='lat' dir='ltr'>meiipsius</span> <span class='ocrx_word' id='word_1_77' title='bbox 860 773 980 820; x_wconf 90' lang='lat' dir='ltr'>mihi</span> <span class='ocrx_word' id='word_1_78' title='bbox 1000 772 1274 820; x_wconf 89' lang='lat' dir='ltr'>famulatur.</span> <span class='ocrx_word' id='word_1_79' title='bbox 1303 771 1398 820; x_wconf 92' lang='lat' dir='ltr'>Sed</span> <span class='ocrx_word' id='word_1_80' title='bbox 1417 789 1522 837; x_wconf 87' lang='lat' dir='ltr'>quae</span> <span class='ocrx_word' id='word_1_81' title='bbox 1545 781 1615 819; x_wconf 88' lang='lat' dir='ltr'>est</span> <span class='ocrx_word' id='word_1_82' title='bbox 1638 772 1787 835; x_wconf 86' lang='lat' dir='ltr'>gratia</span> <span class='ocrx_word' id='word_1_83' title='bbox 1805 772 2055 821; x_wconf 88' lang='lat' dir='ltr'>referenda</span> <span class='ocrx_word' id='word_1_84' title='bbox 2074 774 2130 822; x_wconf 91' lang='lat' dir='ltr'>iis</span> <span class='ocrx_word' id='word_1_85' title='bbox 2147 791 2238 839; x_wconf 88' lang='lat' dir='ltr'>pro</span> <span class='ocrx_word' id='word_1_86' title='bbox 2261 774 2436 839; x_wconf 92' lang='lat' dir='ltr'>quibus</span> 
     </span>
     <span class='ocr_line' id='line_1_9' title="bbox 284 853 2436 922; baseline 0.001 -21"><span class='ocrx_word' id='word_1_87' title='bbox 284 854 336 902; x_wconf 93' lang='lat' dir='ltr'>id</span> <span class='ocrx_word' id='word_1_88' title='bbox 359 854 434 918; x_wconf 78' lang='lat' dir='ltr'>fit,</span> <span class='ocrx_word' id='word_1_89' title='bbox 457 872 558 903; x_wconf 93' lang='lat' dir='ltr'>non</span> <span class='ocrx_word' id='word_1_90' title='bbox 584 856 650 903; x_wconf 90' lang='lat' dir='ltr'>eis</span> <span class='ocrx_word' id='word_1_91' title='bbox 674 856 758 920; x_wconf 94' lang='lat' dir='ltr'>qui</span> <span class='ocrx_word' id='word_1_92' title='bbox 780 855 957 902; x_wconf 83' lang='lat' dir='ltr'>faciunt</span> <span class='ocrx_word' id='word_1_93' title='bbox 977 864 1047 902; x_wconf 90' lang='lat' dir='ltr'>est</span> <span class='ocrx_word' id='word_1_94' title='bbox 1064 853 1331 901; x_wconf 89' lang='lat' dir='ltr'>reddenda.</span> <span class='ocrx_word' id='word_1_95' title='bbox 1366 855 1423 900; x_wconf 88' lang='lat' dir='ltr'>At</span> <span class='ocrx_word' id='word_1_96' title='bbox 1453 853 1654 900; x_wconf 87' lang='lat' dir='ltr'>fortasse</span> <span class='ocrx_word' id='word_1_97' title='bbox 1688 853 1823 914; x_wconf 89' lang='lat' dir='ltr'>dicis,</span> <span class='ocrx_word' id='word_1_98' title='bbox 1859 855 2094 919; x_wconf 90' lang='lat' dir='ltr'>quoniam</span> <span class='ocrx_word' id='word_1_99' title='bbox 2121 858 2251 903; x_wconf 91' lang='lat' dir='ltr'>Deus</span> <span class='ocrx_word' id='word_1_100' title='bbox 2279 857 2436 922; x_wconf 90' lang='lat' dir='ltr'>seipso</span> 
     </span>
     <span class='ocr_line' id='line_1_10' title="bbox 284 930 2439 1003; baseline 0.001 -20"><span class='ocrx_word' id='word_1_101' title='bbox 284 953 375 983; x_wconf 94' lang='lat' dir='ltr'>nos</span> <span class='ocrx_word' id='word_1_102' title='bbox 396 930 496 984; x_wconf 58' lang='lat' dir='ltr'>istm</span> <span class='ocrx_word' id='word_1_103' title='bbox 519 937 609 985; x_wconf 89' lang='lat' dir='ltr'>alia</span> <span class='ocrx_word' id='word_1_104' title='bbox 629 954 680 984; x_wconf 92' lang='lat' dir='ltr'>re</span> <span class='ocrx_word' id='word_1_105' title='bbox 697 946 767 984; x_wconf 88' lang='lat' dir='ltr'>est</span> <span class='ocrx_word' id='word_1_106' title='bbox 785 945 1194 997; x_wconf 85' lang='lat' dir='ltr'>remuneraturuS,</span> <span class='ocrx_word' id='word_1_107' title='bbox 1214 944 1261 982; x_wconf 89' lang='lat' dir='ltr'>et</span> <span class='ocrx_word' id='word_1_108' title='bbox 1283 934 1493 1000; x_wconf 88' lang='lat' dir='ltr'>seipsum</span> <span class='ocrx_word' id='word_1_109' title='bbox 1507 951 1606 1000; x_wconf 88' lang='lat' dir='ltr'>quo</span> <span class='ocrx_word' id='word_1_110' title='bbox 1627 935 1746 982; x_wconf 89' lang='lat' dir='ltr'>nihil</span> <span class='ocrx_word' id='word_1_111' title='bbox 1763 935 1919 1000; x_wconf 87' lang='lat' dir='ltr'>majus</span> <span class='ocrx_word' id='word_1_112' title='bbox 1938 945 2026 997; x_wconf 90' lang='lat' dir='ltr'>est,</span> <span class='ocrx_word' id='word_1_113' title='bbox 2050 945 2104 984; x_wconf 92' lang='lat' dir='ltr'>ut</span> <span class='ocrx_word' id='word_1_114' title='bbox 2126 939 2297 985; x_wconf 86' lang='lat' dir='ltr'><strong>Beatus</strong></span> <span class='ocrx_word' id='word_1_115' title='bbox 2320 954 2439 1003; x_wconf 90' lang='lat' dir='ltr'>quo-</span> 
     </span>
     <span class='ocr_line' id='line_1_11' title="bbox 284 1015 2438 1083; baseline 0 -19"><span class='ocrx_word' id='word_1_116' title='bbox 284 1032 379 1081; x_wconf 87' lang='lat' dir='ltr'>que</span> <span class='ocrx_word' id='word_1_117' title='bbox 403 1018 624 1064; x_wconf 88' lang='lat' dir='ltr'>meminit</span> <span class='ocrx_word' id='word_1_118' title='bbox 649 1017 957 1082; x_wconf 85' lang='lat' dir='ltr'>Augustinus,</span> <span class='ocrx_word' id='word_1_119' title='bbox 982 1015 1125 1063; x_wconf 91' lang='lat' dir='ltr'>nobis</span> <span class='ocrx_word' id='word_1_120' title='bbox 1148 1026 1218 1063; x_wconf 90' lang='lat' dir='ltr'>est</span> <span class='ocrx_word' id='word_1_121' title='bbox 1241 1015 1456 1064; x_wconf 91' lang='lat' dir='ltr'>daturus.</span> <span class='ocrx_word' id='word_1_122' title='bbox 1484 1016 1625 1064; x_wconf 89' lang='lat' dir='ltr'>Unde</span> <span class='ocrx_word' id='word_1_123' title='bbox 1650 1033 1764 1063; x_wconf 88' lang='lat' dir='ltr'>cum</span> <span class='ocrx_word' id='word_1_124' title='bbox 1791 1016 1836 1063; x_wconf 91' lang='lat' dir='ltr'>ei</span> <span class='ocrx_word' id='word_1_125' title='bbox 1859 1016 2070 1065; x_wconf 89' lang='lat' dir='ltr'><strong>deservis</strong></span> <span class='ocrx_word' id='word_1_126' title='bbox 2092 1035 2183 1083; x_wconf 88' lang='lat' dir='ltr'>pro</span> <span class='ocrx_word' id='word_1_127' title='bbox 2214 1034 2272 1065; x_wconf 92' lang='lat' dir='ltr'>eo</span> <span class='ocrx_word' id='word_1_128' title='bbox 2304 1017 2438 1082; x_wconf 89' lang='lat' dir='ltr'>quod</span> 
     </span>
     <span class='ocr_line' id='line_1_12' title="bbox 285 1096 2436 1165; baseline 0.001 -21"><span class='ocrx_word' id='word_1_129' title='bbox 285 1107 506 1162; x_wconf 84' lang='lat' dir='ltr'>expectas</span> <span class='ocrx_word' id='word_1_130' title='bbox 528 1098 589 1145; x_wconf 91' lang='lat' dir='ltr'>ah</span> <span class='ocrx_word' id='word_1_131' title='bbox 614 1114 691 1160; x_wconf 91' lang='lat' dir='ltr'>eo,</span> <span class='ocrx_word' id='word_1_132' title='bbox 718 1097 767 1145; x_wconf 93' lang='lat' dir='ltr'>id</span> <span class='ocrx_word' id='word_1_133' title='bbox 790 1107 860 1144; x_wconf 91' lang='lat' dir='ltr'>est</span> <span class='ocrx_word' id='word_1_134' title='bbox 883 1114 973 1163; x_wconf 91' lang='lat' dir='ltr'>pro</span> <span class='ocrx_word' id='word_1_135' title='bbox 1003 1107 1180 1145; x_wconf 81' lang='lat' dir='ltr'>aeterna</span> <span class='ocrx_word' id='word_1_136' title='bbox 1209 1096 1509 1145; x_wconf 90' lang='lat' dir='ltr'>beatitudine</span> <span class='ocrx_word' id='word_1_137' title='bbox 1532 1096 1618 1144; x_wconf 88' lang='lat' dir='ltr'>tibi</span> <span class='ocrx_word' id='word_1_138' title='bbox 1641 1097 1895 1163; x_wconf 89' lang='lat' dir='ltr'>promissa,</span> <span class='ocrx_word' id='word_1_139' title='bbox 1930 1099 2098 1164; x_wconf 91' lang='lat' dir='ltr'>utique</span> <span class='ocrx_word' id='word_1_140' title='bbox 2128 1108 2332 1165; x_wconf 88' lang='lat' dir='ltr'>propter</span> <span class='ocrx_word' id='word_1_141' title='bbox 2361 1099 2436 1165; x_wconf 86' lang='lat' dir='ltr'>ip·</span> 
     </span>
     <span class='ocr_line' id='line_1_13' title="bbox 284 1177 2440 1245; baseline 0.001 -21"><span class='ocrx_word' id='word_1_142' title='bbox 284 1193 392 1224; x_wconf 91' lang='lat' dir='ltr'>sum</span> <span class='ocrx_word' id='word_1_143' title='bbox 414 1177 465 1224; x_wconf 92' lang='lat' dir='ltr'>id</span> <span class='ocrx_word' id='word_1_144' title='bbox 487 1195 606 1243; x_wconf 90' lang='lat' dir='ltr'>pure</span> <span class='ocrx_word' id='word_1_145' title='bbox 629 1195 684 1226; x_wconf 87' lang='lat' dir='ltr'>ac</span> <span class='ocrx_word' id='word_1_146' title='bbox 702 1179 886 1226; x_wconf 91' lang='lat' dir='ltr'>sincere</span> <span class='ocrx_word' id='word_1_147' title='bbox 905 1179 1021 1242; x_wconf 87' lang='lat' dir='ltr'>agis,</span> <span class='ocrx_word' id='word_1_148' title='bbox 1044 1188 1090 1226; x_wconf 92' lang='lat' dir='ltr'>et</span> <span class='ocrx_word' id='word_1_149' title='bbox 1106 1195 1195 1244; x_wconf 88' lang='lat' dir='ltr'>pro</span> <span class='ocrx_word' id='word_1_150' title='bbox 1214 1177 1295 1226; x_wconf 90' lang='lat' dir='ltr'>illa</span> <span class='ocrx_word' id='word_1_151' title='bbox 1312 1194 1460 1242; x_wconf 87' lang='lat' dir='ltr'>quam</span> <span class='ocrx_word' id='word_1_152' title='bbox 1477 1177 1645 1225; x_wconf 84' lang='lat' dir='ltr'>debet¹</span> <span class='ocrx_word' id='word_1_153' title='bbox 1662 1179 2072 1241; x_wconf 86' lang='lat' dir='ltr'>remuneratione,</span> <span class='ocrx_word' id='word_1_154' title='bbox 2092 1181 2214 1227; x_wconf 90' lang='lat' dir='ltr'>sicut</span> <span class='ocrx_word' id='word_1_155' title='bbox 2236 1179 2440 1245; x_wconf 91' lang='lat' dir='ltr'>ipsemet</span> 
     </span>
     <span class='ocr_line' id='line_1_14' title="bbox 285 1257 2434 1325; baseline 0.001 -21"><span class='ocrx_word' id='word_1_156' title='bbox 285 1257 532 1319; x_wconf 90' lang='lat' dir='ltr'>admonet,</span> <span class='ocrx_word' id='word_1_157' title='bbox 560 1258 724 1307; x_wconf 86' lang='lat' dir='ltr'>dicens</span> <span class='ocrx_word' id='word_1_158' title='bbox 742 1258 911 1306; x_wconf 87' lang='lat' dir='ltr'>beatos</span> <span class='ocrx_word' id='word_1_159' title='bbox 933 1259 1039 1306; x_wconf 92' lang='lat' dir='ltr'>illos</span> <span class='ocrx_word' id='word_1_160' title='bbox 1061 1259 1146 1324; x_wconf 92' lang='lat' dir='ltr'>qui</span> <span class='ocrx_word' id='word_1_161' title='bbox 1165 1260 1347 1325; x_wconf 89' lang='lat' dir='ltr'>seipsos</span> <span class='ocrx_word' id='word_1_162' title='bbox 1366 1268 1566 1325; x_wconf 87' lang='lat' dir='ltr'>propter</span> <span class='ocrx_word' id='word_1_163' title='bbox 1587 1276 1790 1323; x_wconf 83' lang='lat' dir='ltr'>regnum</span> <span class='ocrx_word' id='word_1_164' title='bbox 1819 1259 2054 1308; x_wconf 89' lang='lat' dir='ltr'>coelorum</span> <span class='ocrx_word' id='word_1_165' title='bbox 2089 1269 2434 1308; x_wconf 87' lang='lat' dir='ltr'>castraverunt.</span> 
     </span>
     <span class='ocr_line' id='line_1_15' title="bbox 284 1339 2439 1406; baseline 0.002 -22"><span class='ocrx_word' id='word_1_166' title='bbox 284 1340 342 1385; x_wconf 90' lang='lat' dir='ltr'>Et</span> <span class='ocrx_word' id='word_1_167' title='bbox 367 1339 664 1388; x_wconf 69' lang='lat' dir='ltr'>psalmista2:</span> <span class='ocrx_word' id='word_1_168' title='bbox 687 1360 710 1385; x_wconf 79' lang='grc' dir='ltr'>α</span> <span class='ocrx_word' id='word_1_169' title='bbox 733 1340 979 1401; x_wconf 86' lang='lat' dir='ltr'>Inclinavi,</span> <span class='ocrx_word' id='word_1_170' title='bbox 1002 1359 1026 1385; x_wconf 90' lang='lat'>»</span> <span class='ocrx_word' id='word_1_171' title='bbox 1055 1340 1228 1405; x_wconf 91' lang='lat' dir='ltr'>inquit,</span> <span class='ocrx_word' id='word_1_172' title='bbox 1259 1359 1284 1386; x_wconf 90' lang='lat'><strong><em>«</em></strong></span> <span class='ocrx_word' id='word_1_173' title='bbox 1305 1357 1390 1388; x_wconf 89' lang='lat' dir='ltr'>cor</span> <span class='ocrx_word' id='word_1_174' title='bbox 1410 1358 1573 1388; x_wconf 90' lang='lat' dir='ltr'>meum</span> <span class='ocrx_word' id='word_1_175' title='bbox 1599 1340 1661 1388; x_wconf 89' lang='lat' dir='ltr'>ad</span> <span class='ocrx_word' id='word_1_176' title='bbox 1681 1340 1924 1389; x_wconf 88' lang='lat' dir='ltr'>faciendas</span> <span class='ocrx_word' id='word_1_177' title='bbox 1948 1340 2317 1406; x_wconf 85' lang='lat' dir='ltr'>justificationes</span> <span class='ocrx_word' id='word_1_178' title='bbox 2334 1350 2439 1390; x_wconf 84' lang='lat' dir='ltr'>tuas</span> 
     </span>
     <span class='ocr_line' id='line_1_16' title="bbox 281 1421 2438 1489; baseline 0.001 -23"><span class='ocrx_word' id='word_1_179' title='bbox 281 1429 479 1485; x_wconf 90' lang='lat' dir='ltr'>propter</span> <span class='ocrx_word' id='word_1_180' title='bbox 503 1421 887 1469; x_wconf 85' lang='lat' dir='ltr'>retributionem.</span> <span class='ocrx_word' id='word_1_181' title='bbox 916 1441 938 1461; x_wconf 67' lang='lat'>1&gt;</span> <span class='ocrx_word' id='word_1_182' title='bbox 967 1423 1030 1469; x_wconf 80' lang='lat' dir='ltr'>Ac</span> <span class='ocrx_word' id='word_1_183' title='bbox 1057 1431 1172 1469; x_wconf 91' lang='lat' dir='ltr'>tunc</span> <span class='ocrx_word' id='word_1_184' title='bbox 1194 1421 1413 1488; x_wconf 91' lang='lat' dir='ltr'>profecto</span> <span class='ocrx_word' id='word_1_185' title='bbox 1435 1424 1592 1469; x_wconf 88' lang='lat' dir='ltr'>Deum</span> <span class='ocrx_word' id='word_1_186' title='bbox 1617 1439 1736 1487; x_wconf 88' lang='lat' dir='ltr'>pure</span> <span class='ocrx_word' id='word_1_187' title='bbox 1756 1439 1812 1470; x_wconf 87' lang='lat' dir='ltr'>ac</span> <span class='ocrx_word' id='word_1_188' title='bbox 1836 1424 2020 1471; x_wconf 91' lang='lat' dir='ltr'>sincere</span> <span class='ocrx_word' id='word_1_189' title='bbox 2039 1432 2240 1489; x_wconf 88' lang='lat' dir='ltr'>propter</span> <span class='ocrx_word' id='word_1_190' title='bbox 2263 1439 2313 1470; x_wconf 92' lang='lat' dir='ltr'>se</span> <span class='ocrx_word' id='word_1_191' title='bbox 2329 1421 2438 1470; x_wconf 91' lang='lat' dir='ltr'>dili-</span> 
     </span>
     <span class='ocr_line' id='line_1_17' title="bbox 284 1502 2440 1570; baseline 0.001 -22"><span class='ocrx_word' id='word_1_192' title='bbox 284 1518 520 1564; x_wconf 85' lang='lat' dir='ltr'>geremus,</span> <span class='ocrx_word' id='word_1_193' title='bbox 560 1503 597 1550; x_wconf 90' lang='lat' dir='ltr'>si</span> <span class='ocrx_word' id='word_1_194' title='bbox 624 1520 712 1568; x_wconf 92' lang='lat' dir='ltr'>pro</span> <span class='ocrx_word' id='word_1_195' title='bbox 750 1520 798 1550; x_wconf 94' lang='lat' dir='ltr'>se</span> <span class='ocrx_word' id='word_1_196' title='bbox 835 1503 883 1550; x_wconf 91' lang='lat' dir='ltr'>id</span> <span class='ocrx_word' id='word_1_197' title='bbox 919 1502 1280 1564; x_wconf 88' lang='lat' dir='ltr'>tantummodo,</span> <span class='ocrx_word' id='word_1_198' title='bbox 1322 1520 1425 1551; x_wconf 91' lang='lat' dir='ltr'>non</span> <span class='ocrx_word' id='word_1_199' title='bbox 1461 1521 1553 1570; x_wconf 92' lang='lat' dir='ltr'>pro</span> <span class='ocrx_word' id='word_1_200' title='bbox 1593 1514 1758 1552; x_wconf 90' lang='lat' dir='ltr'>nostra</span> <span class='ocrx_word' id='word_1_201' title='bbox 1784 1504 1986 1553; x_wconf 92' lang='lat' dir='ltr'>utilitate</span> <span class='ocrx_word' id='word_1_202' title='bbox 2016 1505 2280 1553; x_wconf 86' lang='lat' dir='ltr'>faceremus</span> <span class='ocrx_word' id='word_1_203' title='bbox 2310 1523 2320 1551; x_wconf 91' lang='lat'>:</span> <span class='ocrx_word' id='word_1_204' title='bbox 2349 1520 2440 1552; x_wconf 90' lang='lat' dir='ltr'>nec</span> 
     </span>
     <span class='ocr_line' id='line_1_18' title="bbox 283 1582 2440 1650; baseline 0.003 -23"><span class='ocrx_word' id='word_1_205' title='bbox 283 1582 442 1646; x_wconf 82' lang='lat' dir='ltr'>qualia</span> <span class='ocrx_word' id='word_1_206' title='bbox 466 1583 608 1630; x_wconf 90' lang='lat' dir='ltr'>nobis</span> <span class='ocrx_word' id='word_1_207' title='bbox 626 1583 793 1645; x_wconf 89' lang='lat' dir='ltr'>donet,</span> <span class='ocrx_word' id='word_1_208' title='bbox 824 1583 908 1630; x_wconf 89' lang='lat' dir='ltr'>sed</span> <span class='ocrx_word' id='word_1_209' title='bbox 931 1584 978 1630; x_wconf 91' lang='lat' dir='ltr'>in</span> <span class='ocrx_word' id='word_1_210' title='bbox 1003 1601 1052 1631; x_wconf 92' lang='lat' dir='ltr'>se</span> <span class='ocrx_word' id='word_1_211' title='bbox 1069 1584 1222 1649; x_wconf 86' lang='lat' dir='ltr'>qualis</span> <span class='ocrx_word' id='word_1_212' title='bbox 1245 1585 1346 1650; x_wconf 90' lang='lat' dir='ltr'>ipse</span> <span class='ocrx_word' id='word_1_213' title='bbox 1370 1586 1427 1632; x_wconf 90' lang='lat' dir='ltr'>sit</span> <span class='ocrx_word' id='word_1_214' title='bbox 1451 1586 1826 1635; x_wconf 88' lang='lat' dir='ltr'>attenderemus.</span> <span class='ocrx_word' id='word_1_215' title='bbox 1851 1588 1899 1634; x_wconf 91' lang='lat' dir='ltr'>Si</span> <span class='ocrx_word' id='word_1_216' title='bbox 1926 1597 2087 1636; x_wconf 86' lang='lat' dir='ltr'>autem</span> <span class='ocrx_word' id='word_1_217' title='bbox 2110 1603 2221 1634; x_wconf 89' lang='lat' dir='ltr'>eum</span> <span class='ocrx_word' id='word_1_218' title='bbox 2249 1595 2440 1634; x_wconf 89' lang='lat' dir='ltr'>tantum</span> 
     </span>
     <span class='ocr_line' id='line_1_19' title="bbox 269 1661 2434 1732; baseline 0.003 -24"><span class='ocrx_word' id='word_1_219' title='bbox 269 1661 330 1708; x_wconf 66' lang='lat' dir='ltr'>⁴in</span> <span class='ocrx_word' id='word_1_220' title='bbox 350 1678 491 1710; x_wconf 85' lang='lat' dir='ltr'>causa</span> <span class='ocrx_word' id='word_1_221' title='bbox 515 1663 785 1711; x_wconf 86' lang='lat' dir='ltr'>dilectionis</span> <span class='ocrx_word' id='word_1_222' title='bbox 805 1681 1115 1729; x_wconf 89' lang='lat' dir='ltr'>poneremus,</span> <span class='ocrx_word' id='word_1_223' title='bbox 1142 1665 1360 1730; x_wconf 91' lang='lat' dir='ltr'>profecto</span> <span class='ocrx_word' id='word_1_224' title='bbox 1395 1666 1633 1731; x_wconf 87' lang='lat' dir='ltr'>quidquid</span> <span class='ocrx_word' id='word_1_225' title='bbox 1651 1678 1814 1732; x_wconf 87' lang='lat' dir='ltr'>ageret</span> <span class='ocrx_word' id='word_1_226' title='bbox 1843 1668 1917 1716; x_wconf 90' lang='lat' dir='ltr'>vel</span> <span class='ocrx_word' id='word_1_227' title='bbox 1938 1668 1989 1715; x_wconf 90' lang='lat' dir='ltr'>in</span> <span class='ocrx_word' id='word_1_228' title='bbox 2014 1684 2104 1715; x_wconf 90' lang='lat' dir='ltr'>nos</span> <span class='ocrx_word' id='word_1_229' title='bbox 2129 1667 2205 1715; x_wconf 85' lang='lat' dir='ltr'>vel</span> <span class='ocrx_word' id='word_1_230' title='bbox 2223 1667 2274 1714; x_wconf 92' lang='lat' dir='ltr'>in</span> <span class='ocrx_word' id='word_1_231' title='bbox 2299 1665 2434 1725; x_wconf 88' lang='lat' dir='ltr'>alios,</span> 
     </span>
     <span class='ocr_line' id='line_1_20' title="bbox 284 1743 2441 1814; baseline 0.002 -25"><span class='ocrx_word' id='word_1_232' title='bbox 284 1743 515 1807; x_wconf 88' lang='lat' dir='ltr'>quoniam</span> <span class='ocrx_word' id='word_1_233' title='bbox 536 1761 636 1790; x_wconf 91' lang='lat' dir='ltr'>non</span> <span class='ocrx_word' id='word_1_234' title='bbox 657 1745 747 1790; x_wconf 89' lang='lat' dir='ltr'>nisi</span> <span class='ocrx_word' id='word_1_235' title='bbox 763 1744 815 1791; x_wconf 87' lang='lat' dir='ltr'>id</span> <span class='ocrx_word' id='word_1_236' title='bbox 833 1745 1016 1809; x_wconf 90' lang='lat' dir='ltr'>optime</span> <span class='ocrx_word' id='word_1_237' title='bbox 1043 1745 1232 1806; x_wconf 82' lang='lat' dir='ltr'>faceret,</span> <span class='ocrx_word' id='word_1_238' title='bbox 1260 1763 1390 1806; x_wconf 87' lang='lat' dir='ltr'>eum,</span> <span class='ocrx_word' id='word_1_239' title='bbox 1414 1757 1468 1794; x_wconf 89' lang='lat' dir='ltr'>ut</span> <span class='ocrx_word' id='word_1_240' title='bbox 1490 1747 1676 1794; x_wconf 86' lang='lat' dir='ltr'>dietum</span> <span class='ocrx_word' id='word_1_241' title='bbox 1693 1759 1785 1808; x_wconf 88' lang='lat' dir='ltr'>est,</span> <span class='ocrx_word' id='word_1_242' title='bbox 1814 1766 1950 1814; x_wconf 74' lang='lat' dir='ltr'>aeque</span> <span class='ocrx_word' id='word_1_243' title='bbox 1975 1748 2299 1813; x_wconf 85' lang='lat' dir='ltr'>diligeremus,</span> <span class='ocrx_word' id='word_1_244' title='bbox 2327 1747 2441 1812; x_wconf 90' lang='lat' dir='ltr'>quia</span> 
     </span>
     <span class='ocr_line' id='line_1_21' title="bbox 282 1825 2440 1894; baseline 0.002 -24"><span class='ocrx_word' id='word_1_245' title='bbox 282 1839 473 1889; x_wconf 85' lang='lat' dir='ltr'>semper</span> <span class='ocrx_word' id='word_1_246' title='bbox 490 1825 538 1871; x_wconf 92' lang='lat' dir='ltr'>in</span> <span class='ocrx_word' id='word_1_247' title='bbox 556 1842 614 1872; x_wconf 94' lang='lat' dir='ltr'>eo</span> <span class='ocrx_word' id='word_1_248' title='bbox 639 1835 813 1872; x_wconf 82' lang='lat' dir='ltr'>nostrae</span> <span class='ocrx_word' id='word_1_249' title='bbox 833 1825 1102 1873; x_wconf 88' lang='lat' dir='ltr'>dilectionis</span> <span class='ocrx_word' id='word_1_250' title='bbox 1128 1827 1321 1890; x_wconf 83' lang='lat' dir='ltr'>integrae</span> <span class='ocrx_word' id='word_1_251' title='bbox 1345 1843 1539 1875; x_wconf 87' lang='lat' dir='ltr'>causam</span> <span class='ocrx_word' id='word_1_252' title='bbox 1563 1828 1909 1891; x_wconf 87' lang='lat' dir='ltr'>inveniremus,</span> <span class='ocrx_word' id='word_1_253' title='bbox 1937 1830 2021 1894; x_wconf 93' lang='lat' dir='ltr'>qui</span> <span class='ocrx_word' id='word_1_254' title='bbox 2044 1830 2227 1892; x_wconf 86' lang='lat' dir='ltr'>integre</span> <span class='ocrx_word' id='word_1_255' title='bbox 2250 1844 2440 1894; x_wconf 88' lang='lat' dir='ltr'>semper</span> 
     </span>
     <span class='ocr_line' id='line_1_22' title="bbox 284 1904 2440 1975; baseline 0.003 -25"><span class='ocrx_word' id='word_1_256' title='bbox 284 1913 331 1950; x_wconf 92' lang='lat' dir='ltr'>et</span> <span class='ocrx_word' id='word_1_257' title='bbox 353 1904 525 1951; x_wconf 90' lang='lat' dir='ltr'>eodem</span> <span class='ocrx_word' id='word_1_258' title='bbox 546 1905 695 1952; x_wconf 91' lang='lat' dir='ltr'>modo</span> <span class='ocrx_word' id='word_1_259' title='bbox 718 1905 876 1952; x_wconf 92' lang='lat' dir='ltr'>bonus</span> <span class='ocrx_word' id='word_1_260' title='bbox 894 1907 940 1952; x_wconf 88' lang='lat' dir='ltr'>in</span> <span class='ocrx_word' id='word_1_261' title='bbox 966 1922 1015 1953; x_wconf 93' lang='lat' dir='ltr'>se</span> <span class='ocrx_word' id='word_1_262' title='bbox 1042 1916 1091 1965; x_wconf 82' lang='lat' dir='ltr'>et</span> <span class='ocrx_word' id='word_1_263' title='bbox 1109 1923 1276 1953; x_wconf 86' lang='lat' dir='ltr'>amore</span> <span class='ocrx_word' id='word_1_264' title='bbox 1301 1906 1476 1971; x_wconf 87' lang='lat' dir='ltr'>dignus</span> <span class='ocrx_word' id='word_1_265' title='bbox 1498 1916 1790 1974; x_wconf 88' lang='lat' dir='ltr'>perseverat.</span> <span class='ocrx_word' id='word_1_266' title='bbox 1826 1910 1949 1958; x_wconf 86' lang='lat' dir='ltr'>Talis</span> <span class='ocrx_word' id='word_1_267' title='bbox 1974 1919 2046 1957; x_wconf 89' lang='lat' dir='ltr'>est</span> <span class='ocrx_word' id='word_1_268' title='bbox 2068 1926 2208 1957; x_wconf 89' lang='lat' dir='ltr'>verus</span> <span class='ocrx_word' id='word_1_269' title='bbox 2230 1919 2440 1975; x_wconf 81' lang='lat' dir='ltr'>paternae</span> 
     </span>
     <span class='ocr_line' id='line_1_23' title="bbox 282 1982 2439 2052; baseline 0.003 -22"><span class='ocrx_word' id='word_1_270' title='bbox 282 1982 551 2032; x_wconf 88' lang='lat' dir='ltr'>dilectionis</span> <span class='ocrx_word' id='word_1_271' title='bbox 573 1986 769 2033; x_wconf 87' lang='lat' dir='ltr'>affectus</span> <span class='ocrx_word' id='word_1_272' title='bbox 786 1987 836 2033; x_wconf 90' lang='lat' dir='ltr'>in</span> <span class='ocrx_word' id='word_1_273' title='bbox 863 1985 1034 2044; x_wconf 86' lang='lat' dir='ltr'>filium,</span> <span class='ocrx_word' id='word_1_274' title='bbox 1064 1987 1138 2034; x_wconf 91' lang='lat' dir='ltr'>vel</span> <span class='ocrx_word' id='word_1_275' title='bbox 1162 1997 1300 2034; x_wconf 84' lang='lat' dir='ltr'>castae</span> <span class='ocrx_word' id='word_1_276' title='bbox 1323 1989 1484 2035; x_wconf 87' lang='lat' dir='ltr'>uxoris</span> <span class='ocrx_word' id='word_1_277' title='bbox 1504 1989 1553 2036; x_wconf 92' lang='lat' dir='ltr'>in</span> <span class='ocrx_word' id='word_1_278' title='bbox 1579 1990 1754 2052; x_wconf 91' lang='lat' dir='ltr'>virum,</span> <span class='ocrx_word' id='word_1_279' title='bbox 1782 2007 1894 2038; x_wconf 90' lang='lat' dir='ltr'>cum</span> <span class='ocrx_word' id='word_1_280' title='bbox 1929 2007 2012 2038; x_wconf 93' lang='lat' dir='ltr'>eos</span> <span class='ocrx_word' id='word_1_281' title='bbox 2041 1990 2186 2038; x_wconf 87' lang='lat' dir='ltr'>etiam</span> <span class='ocrx_word' id='word_1_282' title='bbox 2209 1989 2298 2037; x_wconf 87' lang='lat' dir='ltr'>sibi</span> <span class='ocrx_word' id='word_1_283' title='bbox 2329 1990 2439 2037; x_wconf 92' lang='lat' dir='ltr'>inu-</span> 
     </span>
     <span class='ocr_line' id='line_1_24' title="bbox 283 2064 2443 2138; baseline 0.004 -27"><span class='ocrx_word' id='word_1_284' title='bbox 283 2064 388 2111; x_wconf 90' lang='lat' dir='ltr'>tiles</span> <span class='ocrx_word' id='word_1_285' title='bbox 411 2066 560 2129; x_wconf 83' lang='lat' dir='ltr'>magis</span> <span class='ocrx_word' id='word_1_286' title='bbox 583 2066 805 2131; x_wconf 82' lang='lat' dir='ltr'>diligunt,</span> <span class='ocrx_word' id='word_1_287' title='bbox 829 2083 973 2131; x_wconf 90' lang='lat' dir='ltr'>quam</span> <span class='ocrx_word' id='word_1_288' title='bbox 994 2084 1312 2132; x_wconf 89' lang='lat' dir='ltr'>quoscunque</span> <span class='ocrx_word' id='word_1_289' title='bbox 1332 2069 1547 2117; x_wconf 89' lang='lat' dir='ltr'>utiliores</span> <span class='ocrx_word' id='word_1_290' title='bbox 1568 2071 1718 2135; x_wconf 82' lang='lat' dir='ltr'>magis</span> <span class='ocrx_word' id='word_1_291' title='bbox 1737 2070 1917 2119; x_wconf 90' lang='lat' dir='ltr'>habere</span> <span class='ocrx_word' id='word_1_292' title='bbox 1933 2080 2154 2138; x_wconf 83' lang='lat' dir='ltr'>possent3</span> <span class='ocrx_word' id='word_1_293' title='bbox 2172 2088 2263 2119; x_wconf 90' lang='lat' dir='ltr'>nec</span> <span class='ocrx_word' id='word_1_294' title='bbox 2285 2071 2323 2118; x_wconf 92' lang='lat' dir='ltr'>si</span> <span class='ocrx_word' id='word_1_295' title='bbox 2346 2086 2443 2136; x_wconf 89' lang='lat' dir='ltr'>qua</span> 
     </span>
     <span class='ocr_line' id='line_1_25' title="bbox 284 2147 2447 2217; baseline 0.004 -26"><span class='ocrx_word' id='word_1_296' title='bbox 284 2155 481 2210; x_wconf 88' lang='lat' dir='ltr'>propter</span> <span class='ocrx_word' id='word_1_297' title='bbox 501 2163 584 2193; x_wconf 91' lang='lat' dir='ltr'>eos</span> <span class='ocrx_word' id='word_1_298' title='bbox 608 2147 922 2195; x_wconf 87' lang='lat' dir='ltr'>incommoda</span> <span class='ocrx_word' id='word_1_299' title='bbox 941 2148 1196 2208; x_wconf 86' lang='lat' dir='ltr'>sustinent,</span> <span class='ocrx_word' id='word_1_300' title='bbox 1223 2159 1384 2214; x_wconf 91' lang='lat' dir='ltr'>potest</span> <span class='ocrx_word' id='word_1_301' title='bbox 1409 2167 1546 2199; x_wconf 87' lang='lat' dir='ltr'>amor</span> <span class='ocrx_word' id='word_1_302' title='bbox 1570 2151 1724 2198; x_wconf 92' lang='lat' dir='ltr'>minui</span> <span class='ocrx_word' id='word_1_303' title='bbox 1746 2170 1755 2198; x_wconf 92' lang='lat'>:</span> <span class='ocrx_word' id='word_1_304' title='bbox 1786 2153 2019 2217; x_wconf 87' lang='lat' dir='ltr'>quoniam</span> <span class='ocrx_word' id='word_1_305' title='bbox 2047 2152 2227 2200; x_wconf 87' lang='lat' dir='ltr'>amoris</span> <span class='ocrx_word' id='word_1_306' title='bbox 2256 2153 2447 2216; x_wconf 83' lang='lat' dir='ltr'>integra·</span> 
     </span>
     <span class='ocr_line' id='line_1_26' title="bbox 284 2226 2441 2298; baseline 0.004 -26"><span class='ocrx_word' id='word_1_307' title='bbox 284 2241 428 2273; x_wconf 88' lang='lat' dir='ltr'>causa</span> <span class='ocrx_word' id='word_1_308' title='bbox 446 2226 657 2274; x_wconf 85' lang='lat' dir='ltr'>subsistit</span> <span class='ocrx_word' id='word_1_309' title='bbox 671 2229 719 2274; x_wconf 90' lang='lat' dir='ltr'>in</span> <span class='ocrx_word' id='word_1_310' title='bbox 737 2229 851 2293; x_wconf 90' lang='lat' dir='ltr'>ipsis</span> <span class='ocrx_word' id='word_1_311' title='bbox 873 2245 996 2297; x_wconf 79' lang='lat' dir='ltr'>quos</span> <span class='ocrx_word' id='word_1_312' title='bbox 1013 2228 1238 2293; x_wconf 87' lang='lat' dir='ltr'>diligunt,</span> <span class='ocrx_word' id='word_1_313' title='bbox 1256 2230 1373 2277; x_wconf 89' lang='lat' dir='ltr'>dum</span> <span class='ocrx_word' id='word_1_314' title='bbox 1399 2249 1482 2279; x_wconf 92' lang='lat' dir='ltr'>eos</span> <span class='ocrx_word' id='word_1_315' title='bbox 1497 2232 1699 2294; x_wconf 90' lang='lat' dir='ltr'>habent,</span> <span class='ocrx_word' id='word_1_316' title='bbox 1727 2251 1829 2280; x_wconf 93' lang='lat' dir='ltr'>non</span> <span class='ocrx_word' id='word_1_317' title='bbox 1851 2234 1901 2280; x_wconf 92' lang='lat' dir='ltr'>in</span> <span class='ocrx_word' id='word_1_318' title='bbox 1924 2233 2198 2281; x_wconf 92' lang='lat' dir='ltr'>commodis</span> <span class='ocrx_word' id='word_1_319' title='bbox 2220 2233 2317 2281; x_wconf 89' lang='lat' dir='ltr'>suis</span> <span class='ocrx_word' id='word_1_320' title='bbox 2336 2249 2441 2298; x_wconf 89' lang='lat' dir='ltr'>quae</span> 
     </span>
     <span class='ocr_line' id='line_1_27' title="bbox 285 2306 2443 2379; baseline 0.004 -27"><span class='ocrx_word' id='word_1_321' title='bbox 285 2322 371 2369; x_wconf 89' lang='lat' dir='ltr'>per</span> <span class='ocrx_word' id='word_1_322' title='bbox 394 2322 477 2353; x_wconf 93' lang='lat' dir='ltr'>eos</span> <span class='ocrx_word' id='word_1_323' title='bbox 504 2306 730 2355; x_wconf 86' lang='lat' dir='ltr'>habeant.</span> <span class='ocrx_word' id='word_1_324' title='bbox 760 2308 907 2366; x_wconf 88' lang='lat' dir='ltr'>Quod</span> <span class='ocrx_word' id='word_1_325' title='bbox 941 2308 1065 2356; x_wconf 91' lang='lat' dir='ltr'>bene</span> <span class='ocrx_word' id='word_1_326' title='bbox 1098 2310 1146 2356; x_wconf 89' lang='lat' dir='ltr'>in</span> <span class='ocrx_word' id='word_1_327' title='bbox 1185 2310 1519 2359; x_wconf 84' lang='lat' dir='ltr'>consolatione</span> <span class='ocrx_word' id='word_1_328' title='bbox 1554 2314 1687 2360; x_wconf 83' lang='lat' dir='ltr'>Juliae</span> <span class='ocrx_word' id='word_1_329' title='bbox 1723 2315 1886 2361; x_wconf 86' lang='lat' dir='ltr'>uxoris</span> <span class='ocrx_word' id='word_1_330' title='bbox 1915 2314 2147 2361; x_wconf 89' lang='lat' dir='ltr'>Corneliae</span> <span class='ocrx_word' id='word_1_331' title='bbox 2185 2313 2443 2379; x_wconf 85' lang='lat' dir='ltr'>Pompeius</span> 
     </span>
     <span class='ocr_line' id='line_1_28' title="bbox 286 2386 2443 2459; baseline 0.004 -27"><span class='ocrx_word' id='word_1_332' title='bbox 286 2386 439 2433; x_wconf 89' lang='lat' dir='ltr'>victus</span> <span class='ocrx_word' id='word_1_333' title='bbox 461 2397 508 2434; x_wconf 92' lang='lat' dir='ltr'>et</span> <span class='ocrx_word' id='word_1_334' title='bbox 532 2388 733 2452; x_wconf 84' lang='lat' dir='ltr'>profuga</span> <span class='ocrx_word' id='word_1_335' title='bbox 756 2405 1147 2436; x_wconf 87' lang='lat' dir='ltr'>commemorans</span> <span class='ocrx_word' id='word_1_336' title='bbox 1169 2391 1289 2437; x_wconf 78' lang='lat' dir='ltr'>ait³:</span> <span class='ocrx_word' id='word_1_337' title='bbox 1317 2393 1501 2450; x_wconf 88' lang='lat' dir='ltr'>«Quod</span> <span class='ocrx_word' id='word_1_338' title='bbox 1522 2394 1671 2441; x_wconf 91' lang='lat' dir='ltr'>defles</span> <span class='ocrx_word' id='word_1_339' title='bbox 1700 2394 1751 2441; x_wconf 91' lang='lat' dir='ltr'>id</span> <span class='ocrx_word' id='word_1_340' title='bbox 1770 2395 1959 2442; x_wconf 88' lang='lat' dir='ltr'>amasti.</span> <span class='ocrx_word' id='word_1_341' title='bbox 1979 2414 2002 2439; x_wconf 82' lang='lat'>&gt;›</span> <span class='ocrx_word' id='word_1_342' title='bbox 2026 2397 2160 2459; x_wconf 80' lang='lat' dir='ltr'>Saepe</span> <span class='ocrx_word' id='word_1_343' title='bbox 2184 2394 2329 2441; x_wconf 88' lang='lat' dir='ltr'>etiam</span> <span class='ocrx_word' id='word_1_344' title='bbox 2356 2394 2443 2459; x_wconf 89' lang='lat' dir='ltr'>qui</span> 
     </span>
     <span class='ocr_line' id='line_1_29' title="bbox 286 2466 2438 2540; baseline 0.004 -26"><span class='ocrx_word' id='word_1_345' title='bbox 286 2466 492 2515; x_wconf 85' lang='lat' dir='ltr'>liberalis</span> <span class='ocrx_word' id='word_1_346' title='bbox 515 2479 625 2516; x_wconf 89' lang='lat' dir='ltr'>sunt</span> <span class='ocrx_word' id='word_1_347' title='bbox 649 2470 797 2517; x_wconf 89' lang='lat' dir='ltr'>animi</span> <span class='ocrx_word' id='word_1_348' title='bbox 820 2469 1062 2532; x_wconf 86' lang='lat' dir='ltr'>homines,</span> <span class='ocrx_word' id='word_1_349' title='bbox 1081 2471 1225 2518; x_wconf 90' lang='lat' dir='ltr'>etiam</span> <span class='ocrx_word' id='word_1_350' title='bbox 1239 2473 1389 2537; x_wconf 85' lang='lat' dir='ltr'>magis</span> <span class='ocrx_word' id='word_1_351' title='bbox 1405 2473 1708 2522; x_wconf 89' lang='lat' dir='ltr'>honestatem</span> <span class='ocrx_word' id='word_1_352' title='bbox 1723 2493 1870 2540; x_wconf 88' lang='lat' dir='ltr'>quam</span> <span class='ocrx_word' id='word_1_353' title='bbox 1888 2476 2141 2522; x_wconf 86' lang='lat' dir='ltr'>utilitatem</span> <span class='ocrx_word' id='word_1_354' title='bbox 2154 2485 2438 2540; x_wconf 91' lang='lat' dir='ltr'>sequuntur.</span> 
     </span>
     <span class='ocr_line' id='line_1_30' title="bbox 286 2549 2439 2622; baseline 0.004 -27"><span class='ocrx_word' id='word_1_355' title='bbox 286 2549 334 2594; x_wconf 90' lang='lat' dir='ltr'>Si</span> <span class='ocrx_word' id='word_1_356' title='bbox 358 2550 441 2613; x_wconf 90' lang='lat' dir='ltr'>qui</span> <span class='ocrx_word' id='word_1_357' title='bbox 463 2549 584 2597; x_wconf 90' lang='lat' dir='ltr'>forte</span> <span class='ocrx_word' id='word_1_358' title='bbox 607 2553 677 2597; x_wconf 89' lang='lat' dir='ltr'>sui</span> <span class='ocrx_word' id='word_1_359' title='bbox 703 2551 976 2598; x_wconf 90' lang='lat' dir='ltr'>consimiles</span> <span class='ocrx_word' id='word_1_360' title='bbox 999 2551 1224 2611; x_wconf 88' lang='lat' dir='ltr'>viderint,</span> <span class='ocrx_word' id='word_1_361' title='bbox 1263 2569 1289 2600; x_wconf 88' lang='lat' dir='ltr'>a</span> <span class='ocrx_word' id='word_1_362' title='bbox 1321 2554 1497 2618; x_wconf 89' lang='lat' dir='ltr'>quibus</span> <span class='ocrx_word' id='word_1_363' title='bbox 1530 2566 1690 2603; x_wconf 88' lang='lat' dir='ltr'>tamen</span> <span class='ocrx_word' id='word_1_364' title='bbox 1723 2556 1845 2603; x_wconf 91' lang='lat' dir='ltr'>nihil</span> <span class='ocrx_word' id='word_1_365' title='bbox 1881 2556 2198 2604; x_wconf 84' lang='lat' dir='ltr'>emolumenti</span> <span class='ocrx_word' id='word_1_366' title='bbox 2228 2566 2439 2622; x_wconf 87' lang='lat' dir='ltr'>sperent,</span> 
     </span>
     <span class='ocr_line' id='line_1_31' title="bbox 288 2630 2476 2703; baseline 0.004 -27"><span class='ocrx_word' id='word_1_367' title='bbox 288 2630 481 2692; x_wconf 89' lang='lat' dir='ltr'>majoris</span> <span class='ocrx_word' id='word_1_368' title='bbox 513 2647 596 2677; x_wconf 91' lang='lat' dir='ltr'>eos</span> <span class='ocrx_word' id='word_1_369' title='bbox 631 2631 901 2678; x_wconf 89' lang='lat' dir='ltr'>dilectionis</span> <span class='ocrx_word' id='word_1_370' title='bbox 933 2633 1290 2697; x_wconf 88' lang='lat' dir='ltr'>amplectuntur</span> <span class='ocrx_word' id='word_1_371' title='bbox 1325 2635 1517 2696; x_wconf 79' lang='lat' dir='ltr'>affectu,</span> <span class='ocrx_word' id='word_1_372' title='bbox 1553 2654 1699 2702; x_wconf 86' lang='lat' dir='ltr'>quam</span> <span class='ocrx_word' id='word_1_373' title='bbox 1737 2639 1962 2703; x_wconf 86' lang='lat' dir='ltr'>proprios</span> <span class='ocrx_word' id='word_1_374' title='bbox 2003 2654 2168 2685; x_wconf 90' lang='lat' dir='ltr'>servos</span> <span class='ocrx_word' id='word_1_375' title='bbox 2200 2654 2229 2685; x_wconf 86' lang='lat' dir='ltr'>a</span> <span class='ocrx_word' id='word_1_376' title='bbox 2267 2637 2476 2702; x_wconf 50' lang='lat' dir='ltr'>quibus,</span> 
     </span>
     <span class='ocr_line' id='line_1_32' title="bbox 288 2711 2442 2776; baseline 0.004 -20"><span class='ocrx_word' id='word_1_377' title='bbox 288 2711 569 2772; x_wconf 88' lang='lat' dir='ltr'>quotidiana</span> <span class='ocrx_word' id='word_1_378' title='bbox 604 2712 871 2776; x_wconf 88' lang='lat' dir='ltr'>suscipiunt</span> <span class='ocrx_word' id='word_1_379' title='bbox 905 2714 1182 2761; x_wconf 86' lang='lat' dir='ltr'>commoda.</span> <span class='ocrx_word' id='word_1_380' title='bbox 1221 2716 1415 2763; x_wconf 88' lang='lat' dir='ltr'>Utinam</span> <span class='ocrx_word' id='word_1_381' title='bbox 1431 2726 1478 2764; x_wconf 92' lang='lat' dir='ltr'>et</span> <span class='ocrx_word' id='word_1_382' title='bbox 1495 2719 1545 2764; x_wconf 91' lang='lat' dir='ltr'>in</span> <span class='ocrx_word' id='word_1_383' title='bbox 1569 2717 1836 2765; x_wconf 90' lang='lat' dir='ltr'>Dominum</span> <span class='ocrx_word' id='word_1_384' title='bbox 1857 2728 1955 2765; x_wconf 87' lang='lat' dir='ltr'>tam</span> <span class='ocrx_word' id='word_1_385' title='bbox 1979 2719 2219 2766; x_wconf 90' lang='lat' dir='ltr'>sincerum</span> <span class='ocrx_word' id='word_1_386' title='bbox 2239 2717 2442 2766; x_wconf 88' lang='lat' dir='ltr'>habere-</span> 
     </span>
     <span class='ocr_line' id='line_1_33' title="bbox 288 2790 2442 2864; baseline 0.005 -30"><span class='ocrx_word' id='word_1_387' title='bbox 288 2805 394 2835; x_wconf 88' lang='lat' dir='ltr'>mus</span> <span class='ocrx_word' id='word_1_388' title='bbox 418 2790 658 2850; x_wconf 85' lang='lat' dir='ltr'>affectum,</span> <span class='ocrx_word' id='word_1_389' title='bbox 681 2802 734 2839; x_wconf 89' lang='lat' dir='ltr'>ut</span> <span class='ocrx_word' id='word_1_390' title='bbox 760 2793 1030 2841; x_wconf 89' lang='lat' dir='ltr'>secundum</span> <span class='ocrx_word' id='word_1_391' title='bbox 1054 2795 1188 2859; x_wconf 91' lang='lat' dir='ltr'>quod</span> <span class='ocrx_word' id='word_1_392' title='bbox 1212 2796 1375 2844; x_wconf 88' lang='lat' dir='ltr'>bonus</span> <span class='ocrx_word' id='word_1_393' title='bbox 1396 2808 1466 2845; x_wconf 91' lang='lat' dir='ltr'>est</span> <span class='ocrx_word' id='word_1_394' title='bbox 1495 2799 1544 2845; x_wconf 91' lang='lat' dir='ltr'>in</span> <span class='ocrx_word' id='word_1_395' title='bbox 1568 2815 1617 2846; x_wconf 90' lang='lat' dir='ltr'>se</span> <span class='ocrx_word' id='word_1_396' title='bbox 1650 2799 1800 2864; x_wconf 85' lang='lat' dir='ltr'>magis</span> <span class='ocrx_word' id='word_1_397' title='bbox 1825 2816 1970 2864; x_wconf 85' lang='lat' dir='ltr'>quam</span> <span class='ocrx_word' id='word_1_398' title='bbox 2006 2799 2276 2847; x_wconf 89' lang='lat' dir='ltr'>secundum</span> <span class='ocrx_word' id='word_1_399' title='bbox 2305 2797 2442 2863; x_wconf 91' lang='lat' dir='ltr'>quod</span> 
     </span>
     <span class='ocr_line' id='line_1_34' title="bbox 290 2868 2443 2943; baseline 0.006 -30"><span class='ocrx_word' id='word_1_400' title='bbox 290 2868 430 2914; x_wconf 88' lang='lat' dir='ltr'>nobis</span> <span class='ocrx_word' id='word_1_401' title='bbox 453 2871 579 2916; x_wconf 91' lang='lat' dir='ltr'>utilis</span> <span class='ocrx_word' id='word_1_402' title='bbox 606 2882 693 2931; x_wconf 89' lang='lat' dir='ltr'>est,</span> <span class='ocrx_word' id='word_1_403' title='bbox 719 2889 831 2919; x_wconf 83' lang='lat' dir='ltr'>eum</span> <span class='ocrx_word' id='word_1_404' title='bbox 856 2873 1178 2937; x_wconf 83' lang='lat' dir='ltr'>diligeremus,</span> <span class='ocrx_word' id='word_1_405' title='bbox 1203 2886 1249 2923; x_wconf 91' lang='lat' dir='ltr'>et</span> <span class='ocrx_word' id='word_1_406' title='bbox 1268 2878 1311 2923; x_wconf 89' lang='lat' dir='ltr'>ei</span> <span class='ocrx_word' id='word_1_407' title='bbox 1335 2878 1468 2941; x_wconf 86' lang='lat' dir='ltr'>quod</span> <span class='ocrx_word' id='word_1_408' title='bbox 1493 2897 1635 2926; x_wconf 90' lang='lat' dir='ltr'>suum</span> <span class='ocrx_word' id='word_1_409' title='bbox 1654 2889 1724 2927; x_wconf 85' lang='lat' dir='ltr'>est</span> <span class='ocrx_word' id='word_1_410' title='bbox 1749 2890 1914 2927; x_wconf 86' lang='lat' dir='ltr'>nostra</span> <span class='ocrx_word' id='word_1_411' title='bbox 1933 2880 2118 2943; x_wconf 86' lang='lat' dir='ltr'>integre</span> <span class='ocrx_word' id='word_1_412' title='bbox 2135 2879 2318 2943; x_wconf 87' lang='lat' dir='ltr'>justitia</span> <span class='ocrx_word' id='word_1_413' title='bbox 2337 2895 2443 2926; x_wconf 87' lang='lat' dir='ltr'>ser-</span> 
     </span>
     <span class='ocr_line' id='line_1_35' title="bbox 290 2952 2442 3024; baseline 0.007 -31"><span class='ocrx_word' id='word_1_414' title='bbox 290 2959 438 3010; x_wconf 88' lang='lat' dir='ltr'>varet,</span> <span class='ocrx_word' id='word_1_415' title='bbox 465 2960 515 2996; x_wconf 89' lang='lat' dir='ltr'>ut</span> <span class='ocrx_word' id='word_1_416' title='bbox 537 2952 646 3014; x_wconf 90' lang='lat' dir='ltr'>quia</span> <span class='ocrx_word' id='word_1_417' title='bbox 671 2953 893 2999; x_wconf 87' lang='lat' dir='ltr'>videlicet</span> <span class='ocrx_word' id='word_1_418' title='bbox 915 2972 1102 3002; x_wconf 89' lang='lat' dir='ltr'>summe</span> <span class='ocrx_word' id='word_1_419' title='bbox 1129 2966 1198 3002; x_wconf 90' lang='lat' dir='ltr'>est</span> <span class='ocrx_word' id='word_1_420' title='bbox 1220 2956 1398 3016; x_wconf 87' lang='lat' dir='ltr'>bonus,</span> <span class='ocrx_word' id='word_1_421' title='bbox 1426 2976 1613 3007; x_wconf 92' lang='lat' dir='ltr'>summe</span> <span class='ocrx_word' id='word_1_422' title='bbox 1636 2961 1698 3009; x_wconf 88' lang='lat' dir='ltr'>ab</span> <span class='ocrx_word' id='word_1_423' title='bbox 1719 2960 1949 3008; x_wconf 84' lang='lat' dir='ltr'>omnibus</span> <span class='ocrx_word' id='word_1_424' title='bbox 1969 2960 2262 3024; x_wconf 85' lang='lat' dir='ltr'>diligeretur.</span> <span class='ocrx_word' id='word_1_425' title='bbox 2298 2958 2442 3017; x_wconf 90' lang='lat' dir='ltr'>Quod</span> 
     </span>
     <span class='ocr_line' id='line_1_36' title="bbox 290 3029 2444 3107; baseline 0.006 -31"><span class='ocrx_word' id='word_1_426' title='bbox 290 3040 450 3076; x_wconf 87' lang='lat' dir='ltr'>autem</span> <span class='ocrx_word' id='word_1_427' title='bbox 470 3029 622 3076; x_wconf 83' lang='lat' dir='ltr'>fidelis</span> <span class='ocrx_word' id='word_1_428' title='bbox 642 3033 802 3079; x_wconf 89' lang='lat' dir='ltr'>anima</span> <span class='ocrx_word' id='word_1_429' title='bbox 828 3035 1091 3098; x_wconf 81' lang='lat' dir='ltr'>supradixit</span> <span class='ocrx_word' id='word_1_430' title='bbox 1105 3036 1152 3082; x_wconf 91' lang='lat' dir='ltr'>in</span> <span class='ocrx_word' id='word_1_431' title='bbox 1177 3037 1367 3085; x_wconf 87' lang='lat' dir='ltr'>Psalmo</span> <span class='ocrx_word' id='word_1_432' title='bbox 1386 3056 1434 3086; x_wconf 88' lang='lat' dir='ltr'>se</span> <span class='ocrx_word' id='word_1_433' title='bbox 1449 3040 1728 3089; x_wconf 90' lang='lat' dir='ltr'>inclinatam</span> <span class='ocrx_word' id='word_1_434' title='bbox 1744 3043 1806 3090; x_wconf 87' lang='lat' dir='ltr'>ad</span> <span class='ocrx_word' id='word_1_435' title='bbox 1823 3042 1953 3089; x_wconf 84' lang='lat' dir='ltr'>bona</span> <span class='ocrx_word' id='word_1_436' title='bbox 1974 3058 2122 3107; x_wconf 89' lang='lat' dir='ltr'>opera</span> <span class='ocrx_word' id='word_1_437' title='bbox 2137 3041 2278 3088; x_wconf 87' lang='lat' dir='ltr'>fuisse</span> <span class='ocrx_word' id='word_1_438' title='bbox 2293 3057 2444 3106; x_wconf 91' lang='lat' dir='ltr'>prop-</span> 
     </span>
     <span class='ocr_line' id='line_1_37' title="bbox 289 3109 2436 3187; baseline 0.006 -33"><span class='ocrx_word' id='word_1_439' title='bbox 289 3118 360 3155; x_wconf 89' lang='lat' dir='ltr'>ter</span> <span class='ocrx_word' id='word_1_440' title='bbox 382 3109 765 3170; x_wconf 87' lang='lat' dir='ltr'>retributionem,</span> <span class='ocrx_word' id='word_1_441' title='bbox 805 3113 1169 3162; x_wconf 87' lang='lat' dir='ltr'>inchoationem</span> <span class='ocrx_word' id='word_1_442' title='bbox 1191 3116 1334 3164; x_wconf 82' lang='lat' dir='ltr'>bonae</span> <span class='ocrx_word' id='word_1_443' title='bbox 1360 3122 1672 3184; x_wconf 86' lang='lat' dir='ltr'>operationis,</span> <span class='ocrx_word' id='word_1_444' title='bbox 1704 3139 1804 3170; x_wconf 89' lang='lat' dir='ltr'>non</span> <span class='ocrx_word' id='word_1_445' title='bbox 1834 3122 2180 3187; x_wconf 83' lang='lat' dir='ltr'>perfectionem</span> <span class='ocrx_word' id='word_1_446' title='bbox 2207 3121 2436 3169; x_wconf 88' lang='lat' dir='ltr'>ostendit.</span> 
     </span>
    </p>
   </div>
   <div class='ocr_carea' id='block_1_3' title="bbox 332 3293 1762 3345">
    <p class='ocr_par' dir='ltr' id='par_1_3' title="bbox 332 3293 1762 3345">
     <span class='ocr_line' id='line_1_38' title="bbox 332 3293 1762 3345; baseline 0.009 -20"><span class='ocrx_word' id='word_1_447' title='bbox 332 3293 432 3326; x_wconf 70' lang='lat' dir='ltr'>*Male</span> <span class='ocrx_word' id='word_1_448' title='bbox 449 3293 542 3327; x_wconf 85' lang='lat' dir='ltr'>Amb.</span> <span class='ocrx_word' id='word_1_449' title='bbox 566 3295 639 3334; x_wconf 77' lang='lat' dir='ltr'>Qua</span> <span class='ocrx_word' id='word_1_450' title='bbox 661 3294 768 3327; x_wconf 59' lang='lat' dir='ltr'>(lebes.</span> <span class='ocrx_word' id='word_1_451' title='bbox 787 3296 844 3318; x_wconf 77' lang='lat'>—2</span> <span class='ocrx_word' id='word_1_452' title='bbox 863 3295 995 3330; x_wconf 81' lang='lat' dir='ltr'>Psalm.</span> <span class='ocrx_word' id='word_1_453' title='bbox 1015 3307 1123 3335; x_wconf 75' lang='lat' dir='ltr'>cxviii,</span> <span class='ocrx_word' id='word_1_454' title='bbox 1141 3309 1170 3333; x_wconf 78' lang='grc' dir='ltr'>ν.</span> <span class='ocrx_word' id='word_1_455' title='bbox 1197 3302 1268 3334; x_wconf 78' lang='lat'>112.</span> <span class='ocrx_word' id='word_1_456' title='bbox 1290 3320 1326 3325; x_wconf 95' lang='lat'><strong>—</strong></span> <span class='ocrx_word' id='word_1_457' title='bbox 1345 3303 1542 3344; x_wconf 69' lang='grc' dir='ltr'>3Ι’1ῑαν.ςαῐ.,</span> <span class='ocrx_word' id='word_1_458' title='bbox 1560 3304 1642 3345; x_wconf 80' lang='lat' dir='ltr'>vul,</span> <span class='ocrx_word' id='word_1_459' title='bbox 1661 3315 1690 3337; x_wconf 86' lang='lat' dir='ltr'>v.</span> <span class='ocrx_word' id='word_1_460' title='bbox 1710 3307 1762 3338; x_wconf 83' lang='lat'>85.</span> 
     </span>
    </p>
   </div>
  </div>
 </body>
</html>
