2638 3866
870 164 929 214 ΙΝ
961 166 1295 217 EPISTOLAM
1329 168 1410 218 AD
1445 170 1749 222 ROMANOS.
2293 181 2386 229 187

238 263 466 312 Ecclesia.
498 266 607 313 Haec
631 281 842 330 namque
864 267 929 314 ita
951 267 1219 333 intelligens
1246 271 1296 319 in
1317 272 1422 337 lege
1443 274 1635 340 scripta,
1670 285 1785 324 tunc
1807 275 2005 326 beatum
2031 277 2148 326 illud
2180 282 2388 346 Aposto-

236 342 395 392 lorum
418 346 679 394 concilium
703 346 993 396 decernebat
1014 348 1235 411 decreta,
1262 353 1498 402 Gentibus
1519 354 1734 403 scribens
1758 367 1810 404 ut
1834 356 2129 407 abstinerent
2150 377 2200 407 se
2222 377 2251 409 a
2275 379 2386 411 san-

235 426 380 488 guine
416 437 464 475 et
495 427 747 488 suffocato:
775 431 953 476 Verum
992 431 1208 495 requires
1241 433 1456 493 fortasse,
1495 436 1535 483 si
1572 436 1717 484 etiam
1746 437 1807 485 de
1843 438 2079 488 suffocato
2112 445 2386 492 communis

236 503 344 553 filiis
366 509 509 556 lsrael
532 525 644 556 cum
668 508 866 557 advenis
888 509 999 557 data
1020 510 1079 558 sit
1101 510 1205 559 lex?
1230 514 1378 562 Audi¹
1402 533 1412 562 :
1438 535 1462 563 «
1478 519 1657 577 Homo,
1680 518 1854 582 inquit,
1881 536 1940 567 ex
1963 519 2071 568 filiis
2090 523 2232 570 lsrael
2256 533 2303 571 et
2327 542 2383 573 ex

239 605 261 630 α
285 587 484 638 advenis
505 591 719 655 quisunt
741 591 790 638 in
816 590 973 652 vobis,
994 592 1275 659 quicunque
1300 607 1499 646 venatus
1523 597 1665 646 fuerit
1689 598 1839 646 feram
1863 610 1947 648 aut
1965 617 2102 649 avem
2122 619 2228 667 quae
2250 621 2385 653 man-

240 686 263 709 «
283 667 505 731 ducatur,
526 670 743 719 effundat
764 672 1046 736 sanguinem
1070 674 1171 738 ejus
1189 685 1237 723 et
1254 679 1501 744 cooperiat
1524 688 1719 740 terram,
1737 680 1851 743 quia
1874 681 2037 729 anima
2052 684 2211 732 omnis
2227 687 2383 734 carnis

240 766 262 791 «
282 751 475 815 sanguis
497 752 647 817 ipsius
668 762 754 800 est.
772 755 990 801 »Verum
1014 755 1129 819 quia
1150 756 1275 804 inter
1296 757 1378 806 illa
1395 776 1503 824 quae
1526 758 1587 807 de
1610 761 1811 807 Levitico
1833 762 2052 826 superius
2075 765 2378 828 protulimus,

234 830 377 878 etiam
398 832 494 880 hoc
512 833 762 882 refertur²z
783 854 805 878 α
823 836 979 883 Homo
1003 852 1062 883 ex
1083 835 1191 884 filiis
1212 838 1356 886 lsrael
1380 839 1453 889 vel
1475 857 1533 888 ex
1556 840 1757 888 advenis
1781 842 1866 906 qui
1888 852 2001 890 sunt
2018 844 2068 890 in
2092 844 2159 891 eis
2183 846 2383 910 quicun-

240 929 262 954 «
282 927 377 975 que
395 913 557 962 secerit
576 914 915 963 holocaustum
939 925 1024 964 aut
1043 917 1351 981 sacrificium,
1372 930 1420 968 et
1438 921 1502 968 ad
1522 921 1701 969 ostium
1714 921 2009 970 tabernaculi
2028 940 2128 971 non
2147 924 2383 974 addixerit

236 1010 259 1034 «
283 992 437 1043 facere
456 995 573 1044 illud
595 998 827 1056 Domino,
847 998 1241 1047 exterminabitur
1266 999 1327 1048 de
1350 1001 1537 1068 populo
1558 1018 1665 1050 suo.
1681 1021 1704 1047 υ
1727 1006 1784 1050 Et
1808 1020 1895 1069 per
1915 1003 2012 1052 hoc
2032 1005 2177 1053 etiam
2191 1006 2381 1054 videtur

229 1076 441 1126 Ecclesia
462 1094 518 1125 ex
550 1078 786 1126 Gentibus
813 1078 1107 1127 holocaustis
1130 1081 1344 1130 obnoxia
1373 1081 1491 1130 fieri.
1529 1086 1636 1131 Non
1662 1093 1715 1131 ut
1737 1084 1879 1133 faciat
1894 1085 2057 1150 jubet,
2089 1086 2174 1134 sed
2198 1087 2236 1135 si
2260 1087 2381 1136 forte

231 1155 411 1220 fecerit,
429 1160 681 1224 quomodo
704 1160 862 1209 facere
884 1160 1059 1210 debeat
1080 1162 1239 1210 docet.
1258 1166 1457 1212 Certum
1478 1174 1548 1212 est
1571 1166 1723 1225 enim,
1740 1166 1874 1231 quod
1897 1166 2014 1214 dum
2036 1168 2381 1233 Hierosolymis

237 1239 469 1304 templum
498 1252 766 1302 constaret,
799 1251 848 1290 et
877 1242 1047 1308 religio
1077 1243 1251 1292 tradita
1282 1245 1498 1311 patribus
1523 1238 1721 1310 vigeret,
1755 1246 1951 1312 plurimi
1977 1248 2123 1296 etiam
2150 1250 2379 1298 Gentium

230 1319 489 1370 veniebant
516 1323 577 1370 ad
610 1324 844 1389 templum
876 1324 1082 1373 adorare
1110 1334 1159 1372 et
1189 1325 1364 1374 offerre
1392 1325 1643 1375 sacrificia.
1668 1327 1763 1375 Sed
1795 1328 1891 1376 hoc
1921 1329 2155 1393 quoniam
2188 1330 2237 1377 in
2270 1330 2379 1378 loco

229 1415 328 1448 uno
360 1404 703 1452 tantummodo
735 1403 839 1453 fieri
869 1415 1162 1471 praeceptum
1194 1416 1283 1467 est,
1323 1406 1384 1454 de
1418 1424 1517 1472 quo
1540 1408 1685 1455 etiam
1719 1409 1867 1457 etiam
1896 1408 1976 1457 hic
2005 1410 2204 1458 mandat
2234 1420 2286 1458 ut
2316 1411 2379 1458 ad

229 1483 405 1530 ostium
432 1484 732 1534 tabernaculi
762 1486 1029 1552 jugulanda
1059 1487 1255 1536 victima
1286 1487 1571 1549 deducatur,
1598 1489 1783 1538 tamdiu
1818 1491 1976 1556 potuit
2007 1491 2218 1555 legitime
2247 1491 2376 1550 fieri,

224 1565 455 1627 quamdiu
488 1576 636 1614 status
660 1566 756 1615 loci
783 1568 1044 1633 permansit
1070 1569 1346 1617 incolumis.
1373 1570 1594 1635 Denique
1618 1579 1665 1618 et
1687 1570 1906 1618 Salvator
1930 1571 1994 1620 ad
2022 1571 2192 1619 decem
2218 1572 2378 1637 lepro-

226 1660 321 1703 sos,
345 1663 469 1711 quos
493 1648 829 1709 mundaverat,
858 1650 1043 1714 inquit³
1064 1667 1074 1695 :
1105 1669 1128 1695 «
1149 1653 1236 1710 Ite,
1262 1650 1502 1698 ostendite
1524 1668 1612 1698 vos
1634 1651 1995 1711 Sacerdotibus,
2023 1663 2071 1700 et
2090 1652 2259 1700 offerte
2290 1670 2377 1717 pro

228 1746 248 1767 «
271 1726 410 1775 vobis
438 1728 619 1777 hostias
644 1730 766 1778 sicut
789 1731 1005 1797 praecipit
1023 1733 1229 1796 Moyses.
1252 1750 1277 1776 »
1298 1734 1438 1779 Nunc
1455 1748 1573 1779 vero
1593 1733 1846 1797 quomodo
1864 1734 2139 1799 exposcitur
2154 1734 2217 1781 ab
2233 1733 2380 1782 adve-

221 1808 319 1867 nis,
342 1810 477 1873 quod
498 1809 727 1859 exhibere
749 1828 812 1859 ne
842 1813 1051 1878 propriis
1069 1812 1268 1878 quidem
1295 1812 1563 1861 cultoribus
1585 1813 1726 1861 licet?
1750 1816 1861 1862 Haec
1885 1813 2013 1862 dicta
2034 1824 2146 1862 sunt
2167 1831 2195 1862 a
2214 1814 2373 1877 nobis,

221 1898 275 1935 ut
309 1891 674 1939 ostenderemus
705 1893 947 1959 praecipue
982 1893 1043 1941 de
1071 1894 1451 1942 circumcisionis
1484 1905 1752 1960 praecepto,
1787 1894 1923 1959 quod
1957 1911 2059 1942 non
2094 1895 2200 1943 aliis
2230 1912 2377 1960 quam

219 1967 294 2017 his
330 1972 414 2035 qui
450 1989 507 2020 ex
543 1972 783 2022 Abraham
815 1991 967 2040 genus
1003 1974 1186 2022 ducant
1200 2011 1214 2036 ,
1251 1975 1622 2040 vernaculisque
1661 1992 1832 2023 eorum
1865 1975 1944 2023 vel
1981 1977 2138 2042 pretio
2172 1978 2346 2042 emptis
2361 2014 2373 2036 ,

220 2061 343 2099 esset
372 2053 675 2117 injunctum3
707 2055 886 2103 liberos
919 2072 1020 2104 esse
1050 2055 1112 2104 ab
1138 2055 1420 2120 hujusmodi
1452 2055 1639 2122 legibus
1662 2073 1747 2104 eos
1769 2057 1857 2120 qui
1880 2074 1967 2123 per
1990 2057 2238 2105 Christum
2271 2060 2375 2105 Deo

218 2148 275 2179 ex
298 2134 520 2198 gentibus
545 2135 766 2183 credunt.
793 2155 815 2181 n
841 2140 962 2184 Item
990 2155 1000 2183 :
1033 2156 1067 2197 (g
1078 2139 1379 2202 Recuperent
1401 2154 1516 2202 ergo
1540 2138 1674 2203 prius
1696 2147 1930 2185 statutum
1952 2137 2205 2203 templum,
2233 2147 2326 2186 etc.
2347 2157 2371 2183 »

286 2234 309 2257 α
328 2215 377 2263 Si
401 2226 564 2263 autem
586 2218 948 2281 cognominaris
970 2218 1179 2266 Judaeus.
1202 2238 1225 2262 >2
1251 2218 1483 2276 Gentiles,
1510 2219 1595 2283 qui
1617 2235 1644 2266 a
1668 2235 1843 2284 genere
1874 2228 2155 2266 sanctorum
2178 2221 2375 2267 Patrum

217 2294 492 2344 haereditate
525 2299 726 2357 remoti,
755 2315 785 2345 o
809 2298 988 2359 Judaee,
1017 2298 1105 2347 tibi
1128 2298 1372 2358 videntur,
1400 2316 1514 2347 cum
1543 2300 1673 2348 dicat
1700 2300 1943 2347 Dominus
1973 2298 2189 2359 Abrahae,
2220 2301 2376 2364 «quia

215 2375 263 2422 in
297 2379 429 2424 Isaac
464 2377 719 2426 vocabitur
753 2379 841 2427 tibi
875 2397 1060 2442 semen,
1085 2399 1108 2426 n
1139 2389 1187 2428 et
1208 2380 1408 2446 insuper
1437 2380 1543 2446 lege
1569 2381 1745 2447 scripta
1779 2397 1882 2429 non
1915 2390 2029 2428 sunt
2057 2381 2295 2441 instructi,
2327 2390 2376 2429 et

214 2456 280 2504 ita
307 2456 435 2506 bene
472 2469 764 2525 operantur3
795 2461 880 2509 sed
909 2462 958 2509 in
988 2471 1034 2509 te
1065 2470 1237 2510 contra
1273 2471 1362 2510 est.
1400 2462 1548 2521 Quod
1579 2479 1692 2510 cum
1723 2461 2131 2527 incompositione
2160 2460 2373 2526 quadam

213 2546 261 2583 et
290 2537 574 2605 improperii
606 2541 943 2606 indignatione
967 2542 1218 2609 proferens
1239 2553 1522 2608 exaggerat,
1550 2542 1717 2590 dicens
1747 2562 1758 2589 :
1792 2563 1815 2588 «
1844 2542 1894 2589 Si
1929 2553 1977 2589 tu
2011 2541 2373 2607 cognominaris

217 2618 424 2681 Judaeus,
444 2642 467 2665 ³>
486 2621 583 2671 hoc
605 2633 693 2685 est,
714 2641 815 2671 non
839 2623 917 2672 ille
934 2623 1123 2672 Judaeus
1147 2625 1399 2684 exsistenS,
1422 2624 1692 2672 imitatione
1710 2623 1893 2671 scilicet
1913 2623 2127 2670 fidelium
2153 2625 2368 2679 Patrum,

215 2699 299 2746 sed
321 2700 426 2749 solo
451 2705 653 2751 nomine
673 2705 1050 2769 cognominaris,
1078 2721 1106 2752 a
1123 2704 1247 2752 Juda
1268 2705 1448 2752 scilicet
1473 2704 1766 2762 Patriarcha,
1792 2720 1877 2751 seu
1901 2720 1929 2751 a
1951 2703 2075 2751 Juda
2094 2699 2371 2749 Machabaeo

212 2780 281 2827 sic
303 2783 511 2842 vocaris,
534 2793 625 2831 etc.
653 2785 886 2848 Origenes
909 2803 919 2831 ι
946 2804 970 2830 «
992 2785 1099 2832 Non
1127 2805 1150 2828 «
1175 2784 1367 2845 diceris,
1388 2803 1412 2829 »
1440 2785 1526 2832 sed
1554 2804 1577 2830 «
1602 2784 1987 2848 cognominaris3
2009 2801 2034 2827 »
2061 2781 2204 2830 docet
2225 2781 2275 2828 in
2298 2798 2370 2829 se-

215 2861 493 2925 quentibus,
522 2864 637 2928 quia
657 2881 770 2912 vere
794 2865 985 2913 Judaeus
1014 2865 1094 2912 ille
1122 2864 1200 2925 sit,
1226 2865 1311 2928 qui
1344 2865 1394 2911 in
1425 2865 1621 2912 occulto
1646 2863 1962 2911 circumcisus
1982 2872 2078 2925 est;
2101 2862 2186 2928 qui
2208 2871 2370 2911 autem

211 2941 261 2988 in
282 2942 554 3005 manifesto,
573 2954 625 2991 ut
643 2944 865 2993 videatur
890 2945 952 2992 ab
977 2943 1280 3003 hominibus,
1300 2961 1402 2992 non
1427 2955 1496 2993 est
1517 2961 1649 3005 vere,
1666 2943 1753 2992 sed
1768 2943 2144 3008 cognominatur
2154 2942 2365 2992 Judaeus.

216 3025 271 3069 Et
301 3023 350 3070 in
378 3024 700 3090 Apocalypsi*
719 3043 730 3072 z
760 3025 898 3084 «Qui
920 3025 1090 3072 dicunt
1110 3041 1162 3072 se
1183 3024 1374 3074 Judaeos
1393 3043 1511 3088 esse,
1538 3035 1585 3074 et
1608 3042 1710 3073 non
1733 3034 1863 3073 sunt.
1885 3044 1909 3068 »
1930 3025 2025 3083 Qui
2049 3040 2162 3072 vere
2178 3026 2202 3070 J
2208 3023 2369 3080 udaeus

254 3182 261 3199 ¹
278 3180 381 3213 Levit.
394 3204 403 3220 ,
417 3189 489 3221 cap.
507 3189 586 3219 xvn,
602 3189 631 3213 v.
652 3181 702 3213 18.
721 3198 762 3204 —
777 3181 787 3199 ²
803 3179 910 3219 lbid„
929 3189 958 3213 ν.
978 3183 997 3214 8
1016 3191 1025 3213 z
1044 3192 1059 3209 ι
1078 3179 1186 3212 Homo
1211 3181 1253 3213 de
1327 3180 1527 3213 tabernaculi
1554 3180 1731 3212 testimonii
1764 3188 1831 3211 non
1860 3179 2035 3212 adduxerit
2058 3187 2131 3211 eam
2158 3182 2195 3210 ut
2215 3177 2370 3210 offeratur

210 3234 311 3266 domo
333 3232 431 3266 lsrael
447 3238 480 3266 et
502 3235 543 3266 de
565 3235 700 3267 advenis
722 3235 779 3275 qui
801 3235 1053 3275 peregrinantur
1073 3235 1162 3276 apud
1183 3243 1255 3275 vos,
1327 3234 1481 3274 Domino,
1499 3234 1649 3267 interibit
1671 3235 1713 3266 de
1730 3234 1855 3274 populo
1870 3242 1942 3266 suo.
1958 3245 1976 3262 n
1995 3250 2033 3257 -
2051 3233 2063 3252 ³
2076 3231 2155 3265 Luc.
2162 3255 2172 3272 ,
2190 3239 2263 3270 cap.
2284 3236 2363 3268 xvn,

210 3288 265 3327 qui
287 3287 444 3321 obtulerit
467 3288 692 3321 holocaustum
718 3289 786 3321 sive
804 3290 966 3322 victimam
979 3313 989 3330 ,
1008 3293 1041 3322 et
1065 3290 1106 3322 ad
1132 3290 1253 3322 ostium
1327 3297 1357 3321 v.
1379 3290 1430 3323 14.
1446 3306 1487 3313 -
1502 3290 1514 3310 ⁴
1529 3291 1652 3331 Apoc„
1671 3298 1745 3330 cap.
1764 3297 1812 3327 ιιι,
1830 3297 1860 3320 ν.
1880 3289 1911 3321 9.
