2638 3866
844 203 1239 254 lNTRODucho
1274 202 1356 252 AD
1388 202 1794 251 THEOLOGIAM.
2329 204 2382 250 61

249 311 426 373 Papam
458 303 697 371 corporali
732 303 893 352 inedia
916 312 1209 352 maceratum
1238 302 1451 350 necavit:
1479 300 1699 366 duosque
1731 302 1957 349 senatorii
1997 301 2180 349 ordinis
2199 302 2327 349 viros
2347 315 2393 350 et

247 384 543 444 exconsules,
563 383 907 450 Symmachum
918 383 1139 432 videlicet
1155 392 1299 448 atque
1313 381 1569 430 Boethium
1584 382 1634 428 in
1655 397 1844 429 carcere
1860 381 2019 446 gladio
2035 382 2391 430 transverbera-

248 468 329 515 vit.
349 485 373 512 »
390 468 513 514 Cum
534 466 693 530 itaque
712 464 946 513 Dominus
962 473 1010 510 et
1028 479 1115 528 per
1132 462 1394 528 prophetas
1415 461 1605 520 Judaeis,
1622 471 1669 509 et
1684 478 1770 526 per
1786 472 2060 527 praestantes
2076 462 2392 529 philosophos

247 564 329 594 seu
354 555 484 594 vates
507 544 730 610 gentibus
751 542 1000 592 catholicae
1021 541 1135 592 fidei
1157 552 1378 591 tenorem
1400 541 1773 601 annuntiaverit,
1806 542 2151 592 inexcusabiles
2181 543 2393 591 reddun-

248 636 326 674 tur
353 635 451 674 tam
476 624 626 672 Judaei
650 639 798 688 quam
821 633 1001 687 gentes,
1027 623 1065 671 si
1088 639 1200 671 cum
1222 622 1313 671 hos
1336 623 1386 671 in
1408 622 1576 671 ceteris
1601 621 1826 670 doctores
1856 621 2089 684 habeant,
2115 625 2164 671 in
2189 624 2391 671 salutem

247 707 418 754 animae
437 704 574 769 cujus
597 714 668 752 est
690 703 1060 752 fundamentum
1079 702 1199 751 fides
1224 704 1355 768 ipsos
1380 719 1480 751 non
1498 702 1712 751 audiant.
1732 704 1791 749 Et
1811 702 2010 767 quidem
2034 704 2171 751 multi
2189 721 2245 751 ex
2269 721 2390 769 gen-

246 785 392 847 tibus,
418 783 640 832 nonnulli
665 800 721 832 ex
744 783 917 832 Judaeis
938 784 988 831 in
1008 783 1103 831 hoc
1122 800 1318 848 quoque
1342 799 1371 831 a
1389 782 1671 831 doctoribus
1695 782 1864 849 populi
1889 784 1963 831 sui
1985 784 2219 842 instructi,
2247 784 2391 831 fidem

246 875 419 913 sanctae
440 864 678 913 Trinitatis
702 873 1087 929 recognoverunt
1114 864 1164 911 in
1189 879 1288 911 uno
1310 880 1516 929 corpore
1533 863 1752 912 Ecclesiae
1775 864 1912 928 quasi
1931 864 2036 912 duo*
2053 865 2258 930 parietes
2280 881 2394 911 con-

240 946 413 1009 juncti.
452 948 522 993 Ex
556 944 778 1009 gentibus
814 943 1013 1009 quidem
1048 944 1207 1008 primo
1238 945 1416 1004 Graeci,
1453 961 1511 992 ex
1540 943 1717 1009 quibus
1750 944 1966 1009 praedicti
1988 944 2268 1009 philosophi
2293 945 2394 992 fue-

245 1035 384 1086 runt3
411 1035 522 1091 post
544 1027 735 1073 Graecos
757 1025 939 1086 Latini,
965 1024 1050 1089 qui
1070 1024 1192 1072 sicut
1215 1025 1264 1072 in
1297 1024 1560 1090 disciplinis
1581 1024 1871 1072 secularium
1898 1025 2070 1073 artium
2093 1025 2262 1072 imitati
2284 1036 2394 1072 sunt

247 1109 456 1167 Graeeos,
482 1106 548 1153 ita
566 1114 614 1153 et
638 1105 686 1153 in
713 1120 824 1153 vera
839 1103 951 1152 fidei
973 1104 1192 1152 doctrina
1225 1104 1286 1152 ab
1308 1105 1423 1170 ipsis
1445 1105 1664 1171 exempla
1687 1116 2013 1171 sumpserunt,
2039 1121 2150 1153 cum
2171 1121 2255 1152 eos
2272 1105 2394 1152 scili-

246 1195 322 1234 cet
341 1184 663 1234 Christianam
675 1184 821 1234 fidem
839 1185 1100 1251 suscepisse
1116 1184 1396 1246 audiissent,
1415 1201 1538 1248 quos
1556 1186 1860 1250 ingeniorum
1874 1185 2133 1234 subtilitate
2150 1186 2390 1250 praeditos,

249 1265 474 1313 omnibus
501 1264 817 1331 philosophiae
843 1265 1111 1313 rationibus
1134 1275 1344 1313 armatos
1368 1282 1470 1313 esse
1492 1275 1835 1328 cognoverant.
