2638 3866
217 218 315 267 2494
1024 210 1199 257 PETRI
1232 209 1548 257 ABAELARDl

217 336 318 366 non
342 318 405 366 ad
429 314 740 383 probandum
762 310 952 358 videtur
974 309 1109 374 quod
1135 309 1333 357 beatum
1355 311 1677 374 Augustinum
1709 313 2029 379 supradixisse
2065 333 2364 376 commemo-

215 399 426 446 ravimus
451 399 491 443 V
513 394 572 441 de
599 394 831 440 Trinitate
863 389 1011 449 libro,
1054 389 1212 455 capite
1249 405 1362 451 vm,
1395 399 1580 438 tantam
1618 391 1840 440 videlicet
1875 395 1974 441 vim
2011 412 2121 445 esse.
2146 397 2359 462 ejusdem

214 477 490 525 substantiae
510 475 560 520 in
579 477 715 520 Patre
734 480 780 519 et
798 471 916 518 Filio
941 480 985 518 et
1004 470 1181 535 Spiritu
1219 480 1406 530 sancto,
1438 475 1489 518 ut
1510 472 1750 537 quidquid
1772 473 1834 521 de
1858 474 2057 539 singulis
2088 477 2150 525 ad
2179 479 2361 543 seipsos

214 557 406 614 dicitur,
446 570 547 601 non
581 551 830 618 pluraliter
860 551 911 598 in
942 567 1148 610 summa,
1185 551 1271 598 sed
1302 552 1604 616 singulariter
1638 553 1916 618 accipiatur.
1954 556 2048 613 Qui
2076 558 2221 605 etiam
2251 575 2362 606 cum

212 636 394 683 ibidem
425 636 475 682 in
506 634 603 682 fine
626 632 941 699 praecedentis
969 631 1168 697 capituli
1201 631 1515 694 submisisset,
1543 635 1656 699 quia
1682 635 1804 682 sicut
1825 635 1967 683 Filius
1998 637 2061 684 ad
2084 636 2292 700 Patrem,
2315 636 2363 688 et

213 732 313 763 non
344 715 489 763 Filius
522 714 583 762 ad
611 731 714 761 non
745 716 935 761 Patrem
960 712 1180 773 refertur,
1218 712 1282 760 ita
1307 714 1495 777 genitus
1523 715 1586 762 ad
1610 716 1875 779 genitorem
1898 726 1946 764 et
1967 734 2069 765 non
2093 719 2281 782 genitus
2301 720 2363 768 ad

209 806 314 842 non
347 796 614 859 genitorem
638 794 871 842 referatur
892 809 1094 840 ¹necesse
1122 802 1220 853 est;
1253 794 1397 857 longe
1425 794 1562 842 aliter
1588 812 1739 860 quam>
1770 812 1861 854 nos
1893 797 2134 845 soleamus
2166 799 2362 854 relativa

212 875 347 933 dixit,
376 893 477 923 non
500 875 672 922 Filium
696 884 743 921 et
764 890 866 921 non
894 876 1102 934 Patrem,
1131 883 1178 920 et
1199 888 1301 920 non
1324 874 1539 937 genitum
1563 885 1611 922 et
1638 892 1739 922 non
1765 876 2051 938 genitorem,
2077 894 2190 924 cum
2214 879 2264 925 in
2286 879 2361 928 his

206 955 494 1003 nominibus
524 955 821 1018 abnegativis
850 954 1000 1018 magis
1032 953 1289 1001 relationes
1321 963 1683 1014 removeantur,
1721 971 1870 1019 quam
1905 955 2233 1018 conferantur,
2271 975 2361 1006 nec

209 1037 493 1083 naturaliter
511 1036 600 1084 ista
631 1035 772 1082 simul
795 1034 1006 1082 habeant
1031 1050 1149 1094 esse,
1185 1034 1307 1081 sicut
1330 1033 1391 1081 de
1422 1033 1632 1081 relativis
1657 1044 1861 1083 constat.
1887 1039 1995 1084 Non
2019 1038 2150 1085 enim
2169 1054 2361 1086 necesse

208 1126 283 1163 est
303 1125 356 1163 ut
379 1117 420 1163 si
443 1117 604 1180 aliqua
622 1132 697 1163 res
720 1115 780 1162 sit
802 1132 903 1163 non
928 1130 1180 1178 generans,
1203 1114 1263 1161 sit
1289 1114 1450 1178 aliqua
1468 1131 1569 1161 non
1592 1116 1767 1178 genita,
1796 1116 1872 1164 vel
1894 1133 1921 1164 e
1943 1133 2198 1166 converso.
2223 1121 2359 1176 Quo-

205 1196 325 1244 -dam
341 1197 503 1261 itaque
525 1195 673 1243 modo
687 1195 886 1243 abusive
902 1194 1004 1242 haec
1023 1210 1220 1259 quoque
1243 1194 1438 1242 relativa
1463 1193 1602 1256 dixit,
1621 1195 1891 1244 secundum
1915 1197 2046 1246 illam
2067 1197 2360 1246 relationum

209 1276 606 1339 significationem
641 1291 789 1340 quam
811 1275 1047 1322 remotive
1072 1283 1257 1335 tenent,
1283 1274 1409 1322 sicut
1429 1284 1477 1321 et
1499 1291 1600 1322 non
1624 1274 1776 1332 homo
1801 1276 2053 1325 hominem
2075 1277 2359 1344 perimendo

207 1355 476 1419 significare
498 1356 692 1417 dicitur,
718 1365 766 1402 et
787 1354 1043 1420 quodlibet
1062 1353 1306 1401 infinitum
1331 1371 1474 1402 suum
1497 1354 1704 1403 finitum.

275 1438 343 1483 Ne
384 1436 570 1483 mireris
606 1436 656 1482 in
698 1434 869 1483 eadem
916 1434 1080 1482 divina
1117 1433 1385 1482 substantia
1421 1445 1519 1482 tres
1556 1452 1789 1500 personas
1826 1436 2054 1502 distingui
2090 1439 2359 1488 secundum

209 1516 474 1579 expositam
496 1517 751 1576 rationem,
773 1532 883 1562 cum
908 1516 1054 1563 etiam
1073 1514 1340 1563 secundum
1358 1517 1722 1579 grammaticam
1737 1517 2107 1579 institutionem,
2133 1518 2359 1568 eumdem

209 1594 617 1642 hominem-tres.
638 1611 871 1660 personas
909 1611 1011 1642 esse
1047 1594 1373 1642 concedamus
1407 1613 1418 1642 :
1453 1597 1662 1661 primam
1700 1595 1925 1645 videlicet
1965 1597 2231 1646 secundum
2263 1599 2360 1647 hoc

211 1674 345 1738 quod
365 1675 598 1738 loquitur,
625 1685 672 1722 et
695 1674 962 1722 secundam
993 1675 1044 1721 in
1073 1691 1132 1722 eo
1155 1675 1292 1739 quod
1329 1675 1389 1723 ad
1421 1678 1583 1741 ipsum
1613 1692 1772 1723 sermo
1801 1676 2045 1741 dirigitur,
2082 1693 2276 1725 necnon
2311 1686 2360 1727 et

211 1756 401 1802 tertiam
427 1772 540 1802 cum
569 1755 630 1802 de
653 1755 759 1820 ipso
795 1755 915 1802 alter
942 1753 1004 1802 ad
1042 1753 1246 1802 alterum
1283 1755 1518 1819 loquitur.
1552 1759 1771 1813 Quarum
1807 1757 2006 1821 quidem
2042 1775 2360 1823 personarum

210 1833 458 1882 diversitas
478 1851 591 1882 cum
610 1834 781 1882 eadem
805 1834 864 1881 sit
887 1834 1101 1899 ipsarum
1125 1834 1409 1897 substantia,
1434 1852 1536 1882 non
1561 1836 1696 1883 aliter
1719 1836 1947 1900 distingui
1966 1848 2187 1902 possunt,
2210 1854 2359 1903 quam

209 1915 477 1962 secundum
499 1915 698 1980 propria
726 1927 897 1961 eorum
925 1931 1031 1978 quae
1056 1913 1426 1962 diffinitionibus
1449 1917 1800 1980 exprimuntur,
1834 1932 1947 1965 cum
1975 1916 2197 1965 videlicet
2226 1918 2358 1966 aliud

208 1995 270 2041 sit
298 1996 571 2060 proprium<
583 1995 844 2058 loquentis,
878 1994 928 2040 in
953 2010 1025 2040 eo.
1054 1993 1231 2041 scilicet
1253 1995 1338 2058 qui
1361 1995 1600 2059 loquitur,
1621 1995 1753 2043 aliud
1778 1995 2035 2059 audientis,
2061 1997 2138 2045 vel
2166 1997 2227 2044 de
2256 2012 2358 2062 ‘quo

207 2074 506 2123 locutionem
543 2074 661 2122 alter
687 2074 832 2122 habet
864 2073 930 2121 ad
959 2073 1183 2133 alterum,
1219 2074 1342 2121 sicut
1371 2084 1419 2122 et
1442 2075 1720 2123 divinarum
1753 2092 2071 2142 personarum
2105 2077 2357 2126 diversitas

206 2155 477 2202 secundum
499 2155 719 2220 proprias
744 2155 959 2220 ipsarum
993 2152 1309 2201 diffinitiones
1341 2164 1411 2202 est
1446 2155 1510 2203 ad
1532 2155 1814 2220 significata.
1856 2157 2003 2215 Quod
2019 2159 2031 2182 ¹
2064 2155 2104 2204 si
2123 2156 2220 2204 hoc
2243 2158 2355 2206 loco

207 2234 417 2283 diversas
443 2252 674 2301 personas
702 2235 861 2283 dicere
885 2251 986 2282 non
1018 2233 1274 2296 abhorres,
1301 2246 1502 2301 propter
1524 2235 1852 2285 diversitatem
1880 2237 2061 2285 scilicet
2082 2238 2358 2303 proprieta-

207 2325 328 2377 tum,
364 2332 475 2363 cum
505 2326 667 2364 tamen
697 2315 773 2362 hae
806 2332 1023 2380 personae
1057 2331 1158 2362 non
1188 2316 1283 2362 sint
1312 2333 1339 2363 a
1370 2334 1420 2364 se
1451 2334 1540 2382 per
1565 2317 1957 2382 praedicationem
1997 2317 2262 2382 disjunctae,
2305 2329 2357 2366 ut

207 2411 306 2441 non
341 2395 562 2444 videlicet
593 2396 688 2443 dici
719 2396 860 2442 liceat
891 2395 1099 2460 primam
1137 2412 1396 2460 personam
1428 2413 1530 2445 esse
1568 2397 1848 2455 secundam,
1892 2407 1938 2445 et
1972 2398 2236 2446 secundam
2266 2409 2356 2447 ter-

207 2476 342 2537 tiam,
373 2477 555 2542 quippe
584 2479 802 2525 Socrates
834 2477 934 2541 ipse
964 2478 1287 2541 grammaticis
1319 2479 1479 2524 omnis
1500 2494 1709 2542 persona
1736 2495 1838 2526 esse
1865 2479 2175 2526 conceditur:
2199 2480 2353 2527 multo

207 2557 356 2620 magis
381 2558 430 2604 in
456 2561 560 2605 Deo
577 2557 789 2606 diversas
812 2574 914 2605 esse
936 2573 1170 2623 personas
1193 2558 1396 2605 concedi
1415 2568 1626 2623 oportet,
1654 2574 1773 2623 quas
1795 2559 2134 2623 praedicatione
2157 2575 2354 2625 quoque

206 2652 233 2683 a
264 2654 314 2684 se
349 2637 609 2701 disjunctas
640 2637 995 2701 cognoscimus.
1027 2640 1259 2685 Praeterea
1287 2638 1411 2686 sicut
1442 2638 1492 2685 in
1528 2639 1837 2702 grammatica
1872 2655 1986 2686 cum
2017 2639 2224 2687 dicimus
2258 2649 2354 2688 tres

207 2733 436 2780 personas
467 2717 783 2766 determinate
818 2717 1125 2782 intelligimus
1156 2718 1456 2783 loquentem,
1484 2728 1532 2766 et
1554 2719 1617 2767 ad
1646 2735 1793 2784 quem
1826 2719 2060 2784 loquitur,
2088 2729 2135 2767 et
2162 2719 2225 2767 de
2252 2737 2352 2785 quo

206 2795 436 2859 loquitur,
479 2808 533 2845 ut
568 2815 713 2863 supra
742 2799 1052 2846 meminimus
1078 2817 1089 2846 ε
1125 2798 1192 2846 ita
1224 2815 1339 2846 cum
1367 2798 1573 2847 dicimus
1606 2800 1657 2846 in
1683 2799 1931 2848 divinitate
1969 2810 2062 2848 tres
2096 2817 2348 2866 personas,

203 2874 515 2924 determinate
544 2878 743 2943 intelligi
764 2880 993 2926 convenit
1021 2882 1210 2926 Patrem
1241 2889 1288 2927 et
1318 2879 1492 2926 Filium
1527 2889 1575 2927 et
1600 2879 1832 2946 Spiritum
1864 2890 2103 2941 sanctum,
2130 2890 2184 2928 ut
2205 2896 2350 2946 supra

202 2971 396 3018 quoque
431 2958 734 3020 astruximus,
766 2959 982 3024 alioquin
1008 2960 1205 3007 fortasse
1226 2959 1389 3025 plures
1410 2977 1641 3026 personas
1664 2976 1812 3025 quam
1833 2970 1929 3008 tres
1952 2960 2174 3008 videlicet
2195 2959 2349 3008 confi-

203 3034 293 3079 teri
313 3050 611 3097 cogeremur.
2111 3038 2129 3050 ⁶

271 3113 502 3161 Rhetores
528 3133 723 3181 quoque
751 3118 846 3165 alio
877 3119 1027 3166 modo
1057 3135 1206 3185 quam
1236 3119 1450 3184 theologi
1471 3121 1571 3167 sive
1600 3121 1896 3184 grammatici
1929 3134 2186 3185 personam
2222 3120 2349 3167 acci-

245 3273 253 3292 ·
267 3270 303 3303 ln
320 3272 416 3304 editis
432 3272 498 3312 Qui
513 3272 556 3304 si.
