2638 3866
248 214 344 261 486
1053 214 1226 261 PETRI
1260 213 1574 262 ABAELARDI

249 315 403 378 exigat
435 324 620 362 tantum
649 324 702 361 ut
736 314 796 360 sit
826 312 967 374 illud,
1005 323 1053 361 et
1081 330 1108 361 e
1131 331 1399 376 converso;
1433 325 1480 363 et
1510 315 1606 364 hoc
1638 316 1836 382 quidem
1871 315 2022 364 modo
2053 332 2154 363 non
2185 327 2385 381 possunt

248 397 343 444 dici
365 397 494 445 idem
513 396 778 445 substantia
795 406 843 443 et
864 413 1061 462 corpus,
1083 397 1159 445 vel
1183 398 1349 446 album
1371 409 1418 447 et
1440 398 1636 461 durum,
1659 400 1768 448 licet
1792 400 1887 448 sint
1903 399 2034 447 idem
2055 399 2380 447 essentialiter.

248 478 426 525 Omnia
466 494 579 542 ergo
616 494 721 543 quae
753 476 922 525 eadem
959 488 1071 525 sunt
1106 478 1421 541 diffinitione,
1459 480 1630 528 eadem
1659 491 1771 529 sunt
1809 481 2136 541 essentialiter,
2173 479 2258 527 sed
2286 496 2385 526 non

252 566 621 619 convertuntur3
651 568 697 606 et
720 557 987 606 secundum
1006 558 1093 607 has
1116 559 1314 624 quidem
1331 570 1518 608 tantum
1531 561 1657 609 duas
1679 561 2048 626 significationes
2065 560 2389 626 suprapositas

250 637 443 684 relative
465 639 675 704 supponi
702 639 822 687 solet
850 639 945 687 hoc
976 656 1250 705 pronomen
1280 641 1416 706 quod
1438 651 1509 689 est
1534 642 1721 706 «idem,
1743 661 1766 688 »
1788 643 1883 690 hoc
1912 652 1983 690 est
2015 640 2387 692 aut„secundum

251 715 549 765 identitatem
573 720 781 781 numeri,
810 729 892 767 aut
915 720 1183 768 secundum
1204 721 1500 770 identitatem
1525 722 1841 771 diffinitionis.
1866 725 1988 770 Cum
2011 722 2140 769 enim
2163 720 2386 778 dicimus,

254 798 463 845 «Mulier
484 798 730 848 damnavit
752 801 990 849 mundum
1007 811 1053 849 et
1071 802 1240 850 eadem
1261 804 1474 863 salvavit,
1494 823 1517 849 »
1545 803 1645 851 duo
1675 815 1786 852 sunt
1804 820 1972 851 sensus
1999 821 2010 850 ι
2036 817 2163 850 unus
2193 801 2389 866 quidem

250 877 396 926 falsus
415 916 426 938 ,
462 879 501 926 si
539 880 600 927 ad
630 880 929 929 identitatem
963 883 1154 930 numeri
1188 883 1272 931 fiat
1305 884 1498 946 relatio,
1538 895 1591 932 ut
1620 885 1842 932 videlicet
1876 883 2047 931 eadem
2078 881 2392 949 personaliter

251 975 306 1006 ac
328 975 543 1008 ‘numero
566 961 738 1010 mulier
762 962 1052 1027 intelligatur
1074 974 1122 1011 et
1142 963 1395 1013 damnasse
1417 974 1464 1012 et
1486 965 1716 1012 salvasse:
1744 966 1864 1013 alius
1887 981 2053 1012 sensus
2076 979 2235 1022 verus,
2263 963 2301 1009 si
2327 961 2391 1010 ad

251 1038 550 1089 identitatem
577 1042 877 1091 diffinitionis
902 1055 1203 1110 supponatur
1233 1065 1256 1091 «
1274 1045 1422 1107 idem,
1443 1067 1466 1090 >³
1492 1056 1545 1093 ut
1566 1045 1789 1094 videlicet
1811 1045 2116 1094 tantumdem
2139 1042 2388 1107 significet,

251 1131 486 1184 quantum
509 1138 689 1170 nomen
706 1123 918 1172 mulieris
934 1107 1214 1190 simpliciter
1230 1127 1488 1192 repetitum
1502 1164 1514 1187 ,
1539 1146 1561 1170 «
1581 1127 1751 1174 mulier
1769 1126 2044 1183 damnavit,
2061 1143 2085 1170 »
2111 1134 2159 1172 et
2183 1123 2393 1170 «mulier

250 1200 448 1248 salvavit
476 1220 487 1248 z
513 1223 536 1246 >2
570 1204 703 1267 quod
728 1204 926 1267 quidem
948 1222 1119 1253 verum
1142 1214 1212 1254 est
1233 1224 1319 1272 per
1340 1210 1488 1254 Evam
1513 1216 1560 1254 et
1582 1207 1800 1255 Mariam.

314 1280 449 1328 Idem
472 1299 588 1329 vero
618 1283 931 1332 similitudine
953 1285 1182 1333 dicuntur
1203 1287 1424 1351 quaelibet
1446 1286 1651 1335 discreta
1676 1286 2005 1345 essentialiter,
2033 1302 2138 1350 quae
2160 1285 2210 1331 in
2234 1284 2395 1348 aliquo

248 1361 455 1408 invicem
486 1363 656 1410 similia
688 1373 817 1425 sunt,
854 1375 907 1412 ut
937 1367 1120 1431 species
1155 1366 1285 1414 idem
1320 1377 1431 1414 sunt
1465 1368 1515 1414 in
1551 1383 1749 1431 genere,
1783 1367 1858 1414 vel
1896 1365 2147 1414 individua
2180 1365 2311 1412 idem
2345 1364 2394 1410 in

248 1442 423 1506 specie,
461 1444 560 1491 sive
589 1461 761 1506 unum,
799 1445 875 1493 vel
906 1445 1129 1510 quaelibet
1160 1447 1211 1494 in
1246 1447 1408 1513 aliquo
1445 1448 1784 1495 convenientia
1818 1446 1988 1495 eadem
2021 1445 2265 1507 dicuntur,
2301 1445 2398 1492 hoc

249 1532 318 1568 est
352 1523 541 1571 similia.
588 1525 727 1572 Unde
755 1526 1083 1591 Porphyrius:
1114 1529 1543 1594 «Pa1·ticipatione,
1580 1530 1753 1592 inquit,
1792 1528 1967 1594 speciei
1989 1526 2151 1592 plures
2173 1526 2397 1573 homines

251 1618 376 1648 unus
397 1621 408 1661 3
437 1620 562 1651 unus
585 1614 746 1652 autem
770 1616 817 1653 et
839 1608 1114 1655 communis
1136 1609 1502 1673 particularibus
1525 1609 1702 1675 plures.
1725 1629 1748 1653 )>

315 1683 530 1730 Dicimus
564 1684 708 1731 etiam
740 1685 870 1732 idem
893 1703 982 1751 pro
1014 1687 1443 1747 incommunicato,
1477 1700 1528 1737 ut
1552 1706 1743 1755 semper
1768 1688 1898 1737 idem
1922 1691 2053 1735 Deus
2083 1697 2172 1747 est,
2209 1687 2305 1734 hoc
2331 1697 2400 1734 est

249 1778 520 1827 numquam
539 1765 589 1811 in
615 1765 778 1830 aliquo
809 1766 1035 1814 alteratus
1060 1769 1133 1815 vel
1162 1780 1478 1834 permutatus,
1503 1771 1616 1834 quia
1643 1770 1762 1817 nihil
1785 1786 2015 1834 umquam
2039 1779 2211 1815 natura
2233 1768 2402 1815 divini-

250 1843 357 1890 tatis
394 1844 444 1890 in
476 1861 526 1891 se
554 1844 716 1907 habet,
745 1863 843 1911 quo
869 1847 1130 1912 aliquando
1160 1860 1345 1910 careat;
1373 1851 1448 1897 vel
1478 1860 1632 1908 caret,
1661 1850 1793 1914 quod
1818 1849 1993 1897 habeat
2023 1848 2244 1896 efficaciae
2266 1848 2400 1895 vale-

251 1924 486 1985 tudinem,
508 1927 630 1973 sicut
646 1926 840 1974 eadem¹
861 1945 967 1993 quae
991 1928 1122 1976 idem
1143 1926 1321 1977 Valent.
1354 1930 1485 1978 ldem
1508 1932 1670 1995 itaque
1693 1932 1789 1978 sive
1814 1946 1967 1978 unum
1991 1929 2207 1994 quinque
2229 1944 2398 1992 supra-

251 2004 390 2052 dictis
425 2005 582 2053 modis
609 2006 800 2068 dicitur,
840 2008 950 2057 licet
978 2026 1101 2075 saepe
1134 2009 1305 2058 eadem
1339 2028 1414 2058 res
1443 2011 1532 2058 sub
1565 2011 1784 2076 pluribus
1817 2027 1875 2059 ex
1908 2010 2007 2057 istis
2037 2009 2195 2056 modis
2228 2009 2399 2069 cadat,

253 2093 306 2130 ut
341 2085 559 2133 videlicet
594 2096 694 2134 tam
728 2088 825 2135 hoc
854 2105 1000 2153 quam
1031 2089 1114 2136 illo
1146 2090 1296 2137 modo
1319 2092 1470 2156 possit
1501 2091 1596 2138 dici
1627 2091 1798 2139 eadem
1821 2107 1935 2138 cum
1967 2089 2148 2154 aliquo.
2183 2088 2403 2135 Totidem

252 2165 396 2212 etiam
437 2166 596 2214 modis
632 2166 838 2215 dicimus
878 2168 1151 2231 diversum,
1197 2171 1295 2218 sive
1335 2171 1589 2229 differens,
1630 2188 1742 2219 cum
1771 2170 1992 2218 videlicet
2034 2168 2184 2216 modo
2216 2169 2405 2216 diversa

254 2245 477 2293 dicantur
511 2248 842 2310 essentialiter,
880 2249 930 2296 id
962 2260 1032 2297 est
1063 2267 1296 2312 numero,
1331 2251 1481 2299 modo
1519 2252 1829 2317 proprietate,
1866 2251 1942 2299 vel
1978 2249 2289 2309 diffinitione,
2329 2249 2403 2296 vel

255 2326 583 2386 similitudine,
613 2329 684 2376 vel
709 2330 995 2379 mutatione.

320 2408 536 2456 Dicimus
566 2419 730 2457 autem
753 2427 809 2457 ea
842 2410 903 2457 ab
930 2411 1139 2458 invicem
1169 2414 1483 2460 essentialiter
1515 2410 1720 2474 diversa,
1748 2427 2064 2476 quaecumque
2094 2411 2159 2458 ita
2189 2410 2251 2458 ab
2284 2411 2399 2457 invi-

256 2505 363 2535 cem
404 2489 652 2551 dissident,
693 2500 746 2538 ut
780 2491 877 2539 hoc
910 2508 1012 2538 non
1045 2492 1105 2539 sit
1141 2493 1286 2555 illud,
1325 2503 1377 2540 ut
1415 2496 1633 2541 Socrates
1670 2509 1771 2539 non
1808 2502 1878 2539 est
1917 2492 2066 2550 Plato,
2107 2507 2197 2537 nec
2236 2506 2407 2536 manus

257 2571 463 2617 Socratis
500 2573 738 2619 Socrates.
777 2572 853 2618 Sic
887 2572 1031 2619 etiam
1067 2573 1290 2637 quaelibet
1324 2574 1565 2639 disparata
1600 2574 1789 2621 diversa
1824 2571 2135 2620 essentialiter
2169 2571 2401 2629 dicimus,

256 2667 368 2696 cum
406 2651 627 2700 videlicet
663 2653 866 2700 essentia
900 2653 1043 2700 unius
1079 2671 1179 2701 non
1215 2655 1275 2701 sit
1310 2656 1514 2703 essentia
1550 2655 1764 2715 alterius,
1803 2653 2024 2718 quamvis
2059 2662 2220 2699 tamen
2253 2651 2314 2698 sit
2345 2650 2406 2697 de

258 2732 463 2779 essentia
483 2733 694 2794 alterius,
727 2744 782 2781 ut
803 2749 974 2781 manus
1000 2734 1060 2781 de
1087 2734 1303 2796 homine,
1336 2736 1411 2783 vel
1435 2736 1593 2801 paries
1617 2735 1677 2782 de
1701 2735 1868 2782 domo·
1902 2734 2033 2780 Sicut
2055 2749 2169 2797 ergo
2191 2734 2408 2778 Socrates

260 2811 390 2857 aliud
424 2823 495 2860 est
520 2815 830 2862 essentialiter
864 2831 1011 2879 quam
1041 2815 1203 2876 Plat03
1230 2817 1297 2865 ita
1325 2833 1497 2863 manus
1524 2816 1732 2863 Socratis
1763 2831 1910 2879 quam
1935 2815 2172 2874 Socrates,
2207 2823 2409 2876 et-quae·

261 2889 377 2937 libet
413 2909 522 2956 pars
556 2912 704 2958 quam
736 2913 878 2943 suum
908 2905 1084 2943 totum.
1115 2898 1392 2945 Secundum
1430 2914 1576 2961 quam
1608 2896 1806 2961 quidem
1840 2894 2172 2959 acceptionem
2205 2892 2408 2939 dicimus

263 2985 364 3015 rem
395 2971 538 3019 aliam
563 2976 848 3040 simplicem,
874 2976 1018 3023 aliam
1050 2978 1398 3043 compositam,
1438 2995 1550 3025 cum
1584 2977 1807 3024 videlicet
1831 2976 1878 3023 id
1905 2975 2040 3040 quod
2074 2972 2274 3038 simplex
2308 2980 2405 3030 est,

263 3065 363 3095 non
384 3051 443 3096 sit
466 3053 622 3116 ipsum
640 3057 992 3120 compositum3
1018 3044 1129 3105 licet
1150 3059 1211 3106 sit
1229 3059 1290 3106 de
1313 3060 1420 3124 ipso
1446 3060 1734 3123 composito.
1763 3056 1942 3103 Omnia
1963 3071 2077 3119 ergo
2101 3051 2411 3101 essentialiter

262 3129 447 3177 diversa
481 3132 704 3195 dicimus,
740 3153 845 3200 quae
881 3137 944 3184 ita
975 3138 1037 3185 ab
1072 3140 1277 3187 invicem
1307 3149 1417 3187 sunt
1451 3149 1654 3199 remota,
1695 3147 1746 3184 ut
1774 3138 1869 3184 hoc
1895 3152 1995 3183 non
2022 3136 2081 3182 sit
2109 3133 2244 3181 illud.
2279 3135 2410 3178 Hanc

304 3317 311 3334 t
330 3313 365 3346 ln
382 3314 481 3348 editis
496 3317 640 3349 easdem.
