2638 3866
290 177 386 226 806
1094 176 1269 223 PETRI
1302 177 1623 227 ABAELARDI

287 294 477 343 semper
512 276 608 323 hoc
644 275 786 323 vellet
820 291 922 323 esse
957 274 1133 339 quibus
1167 293 1357 341 semper
1391 278 1531 326 vellet
1567 279 1796 344 prodesse
1819 282 1902 346 qui
1929 299 2117 331 summe
2148 283 2307 333 bonus
2342 298 2429 350 est,

286 376 377 407 nec
402 358 462 405 de
495 357 590 404 hoc
620 357 828 403 fortassis
850 355 1067 404 humana
1094 357 1216 404 ratio
1241 357 1461 406 defuerit.
1490 361 1760 425 Oportebat
1786 363 1914 409 enim
1947 373 1998 410 ut
2029 381 2130 411 non
2165 366 2324 414 solum
2346 386 2435 434 per

285 449 527 497 naturam,
556 453 723 483 verum
756 445 803 483 et
840 452 928 501 per
968 437 1266 485 existentiam
1308 440 1598 504 praecederet
1637 458 1833 490 omnem
1876 455 2171 508 creaturam,
2211 457 2264 495 ut
2299 458 2434 498 tanto

287 518 478 583 dignior
497 525 767 582 appareret,
794 533 942 580 quam
964 518 1170 582 amplius
1194 519 1506 568 omnibus....
1575 519 1578 523 ’

352 598 505 646 Facile
529 608 689 645 tamen
721 607 883 663 posset
910 598 1168 647 existimari
1192 609 1243 647 ut
1272 601 1356 665 qui
1383 619 1483 649 non
1507 602 1796 668 praecederet
1818 621 1967 670 opera
1997 623 2082 654 sua
2106 623 2192 671 per
2223 607 2433 656 existen-

285 681 425 739 tiam,
455 695 555 726 non
582 677 872 743 praecederet
894 695 980 744 per
1004 689 1251 741 naturam;
1279 698 1392 728 cum
1416 682 1548 731 nulla
1577 693 1742 731 nostra
1766 685 2013 734 videamus
2037 703 2212 752 opera,
2239 689 2434 752 quinos
2506 720 2509 723 <

284 770 504 824 tempore
533 776 633 824 quo
663 775 753 806 nos
787 759 1139 823 praecedamUS‚
1175 771 1221 807 et
1251 762 1333 826 qui
1368 779 1480 809 cum
1514 779 1572 810 eo
1605 764 1671 810 sic
1707 775 1940 829 perpetua
1974 778 2343 832 permanerent,
2380 779 2435 817 ut

283 841 557 888 nullatenus
582 839 813 905 inciperet
838 838 899 887 ab
922 856 981 886 eo
1010 857 1106 888 suae
1125 857 1319 889 causam
1351 843 1608 891 existentiae
1627 861 1729 891 non
1748 843 1964 893 haberet.
1992 847 2085 893 Sed
2111 847 2229 895 dicis
2259 866 2270 895 ε
2298 851 2433 906 Quo-

283 921 434 968 modo
467 921 712 967 immensae
753 921 855 984 ejus
893 920 1100 968 bonitati
1141 921 1416 987 honorique
1457 935 1767 988 congrueret,
1816 935 1870 973 ut
1908 926 2179 976 nullatenus
2219 946 2434 994 unquam

282 1002 412 1050 solus
448 1018 548 1049 esse
580 1001 745 1062 vellet,
792 1012 875 1049 aut
906 1019 1001 1050 suae
1033 1002 1345 1051 beatitudinis
1373 1005 1573 1069 gratiam
1609 1022 1709 1053 non
1743 1006 2004 1072 impertiri,
2046 1025 2152 1073 quae
2182 1019 2316 1057 tanto
2344 1011 2433 1074 ju-

282 1082 491 1131 cundior
526 1092 574 1129 et
614 1092 746 1146 grata
784 1083 936 1146 magis
966 1084 1066 1137 sive
1105 1085 1270 1131 utilior
1301 1096 1450 1147 esset,
1486 1097 1670 1151 quanto
1706 1088 1912 1153 amplius
1951 1089 2315 1155 participaretur
2350 1091 2435 1154 qui

282 1164 436 1210 minui
459 1164 626 1211 nescit.
658 1163 798 1210 Unde
820 1173 868 1210 et
890 1164 1118 1211 Salomon
1144 1182 1153 1211 :
1183 1184 1206 1209 «
1230 1165 1472 1231 Sapientia
1496 1166 1730 1214 absconsa
1753 1177 1800 1214 et
1823 1167 2074 1216 thesaurus
2100 1169 2431 1230 absconditus,

281 1261 389 1309 quae
425 1244 599 1291 utilitas
635 1244 684 1291 in
718 1244 996 1308 utrisque.»
1031 1248 1090 1292 Et
1120 1246 1311 1293 Boetius
1347 1264 1357 1292 :
1399 1250 1630 1307 «Omne,
1661 1248 1834 1313 inquit,
1866 1248 2054 1296 bonum
2083 1267 2194 1298 cum
2218 1252 2266 1297 in
2293 1268 2432 1298 eom-

282 1342 429 1372 mune
460 1324 734 1384 deducitur,
762 1324 1011 1389 pulchrius
1034 1326 1286 1388 elucescit,
1315 1337 1407 1375 etc.
1429 1349 1452 1372 »
1479 1328 1573 1375 Sed
1597 1328 1707 1375 dico
1732 1329 1965 1392 quoniam
1989 1339 2037 1376 et
2058 1330 2155 1377 hoc
2176 1331 2239 1379 ad
2264 1331 2432 1379 hono-

281 1422 384 1452 rem
422 1406 523 1469 ejus
558 1405 773 1470 proficit,
813 1416 867 1452 ut
899 1406 1138 1466 diximus,
1180 1408 1313 1471 quod
1346 1408 1477 1455 solus
1511 1419 1621 1456 ante
1657 1410 1821 1456 omnia
1857 1411 2079 1468 extiterit,
2105 1428 2216 1458 cum
2250 1428 2307 1459 ex
2337 1411 2434 1460 hoc

280 1486 521 1551 praecipue
546 1486 893 1551 comprobetur
915 1496 1051 1561 tanto
1076 1487 1266 1552 dignior
1290 1490 1500 1551 cunctiS,
1528 1499 1710 1554 quanto
1735 1500 1908 1537 natura
1932 1501 1979 1537 et
2004 1492 2252 1539 existentia
2276 1493 2429 1558 prior,

281 1577 327 1614 et
352 1567 513 1614 minus
536 1566 628 1614 illis
651 1584 810 1631 egere,
827 1569 930 1615 sine
948 1568 1126 1632 quibus
1145 1570 1348 1617 omnino
1374 1570 1424 1617 in
1447 1588 1514 1632 se,
1542 1572 1591 1617 in
1616 1587 1701 1618 sua
1724 1571 1964 1636 perfectus
1987 1572 2250 1636 majestate,
2278 1572 2432 1621 voluit

281 1647 506 1708 existere3
535 1657 581 1694 et
604 1647 665 1695 ab
695 1664 754 1695 eo
785 1657 920 1695 tanto
950 1649 1278 1713 probabilius¹
1307 1661 1479 1699 cuncta
1515 1651 1640 1699 effici
1663 1652 1813 1712 credi,
1840 1662 2022 1717 quanto
2054 1652 2261 1719 amplius
2297 1669 2433 1702 more

282 1736 569 1774 cunctorum
595 1728 834 1775 artificum
863 1745 950 1775 sua
971 1730 1199 1793 praecedit
1223 1748 1387 1796 opera.
1415 1732 1509 1779 Sed
1541 1749 1630 1779 nec
1654 1742 1815 1780 tamen
1839 1735 2035 1799 proprie
2058 1733 2153 1780 dici
2177 1749 2434 1798 possumus

282 1807 486 1855 domum
499 1824 797 1874 componere
809 1809 886 1856 vel
900 1810 1079 1872 aliquid
1094 1809 1262 1869 facere,
1283 1811 1513 1875 quamdiu
1530 1813 1663 1876 quod
1677 1824 1930 1877 operatum
1946 1825 2032 1861 est.
2053 1814 2192 1861 Unde
2203 1815 2433 1862 Aristote-

280 1888 374 1936 les:
398 1889 532 1935 «Etsi
557 1888 610 1935 fit
632 1889 832 1953 aliquid,
851 1906 950 1936 non
975 1899 1045 1937 est
1069 1890 1214 1937 veluti
1237 1891 1276 1937 si
1290 1908 1422 1938 nunc
1442 1890 1540 1951 fiat,
1566 1892 1740 1939 domus
1761 1895 1925 1958 utique
1948 1894 2169 1940 nondum
2185 1895 2387 1959 estipsa.
2406 1912 2429 1938 n

346 1972 475 2016 Tunc
508 1970 689 2035 quippe
725 1968 778 2016 fit
810 1969 1018 2034 aliquid,
1048 1971 1245 2035 quando
1269 1971 1333 2019 ad
1362 1989 1463 2038 esse
1488 1972 1788 2037 perducitur,
1815 1983 1861 2020 et
1889 1973 1951 2022 ad
1985 1974 2080 2021 hoc
2110 1984 2160 2021 ut
2200 1974 2283 2034 sit,
2311 1990 2432 2039 prae-

280 2059 494 2114 paratur.
524 2049 670 2107 Quod
694 2066 810 2097 vero
834 2049 995 2097 adhuc
1017 2060 1329 2116 praeparatur,
1359 2052 1578 2116 profecto
1602 2053 1821 2100 nondum
1844 2063 1931 2114 est,
1956 2055 2069 2118 quia
2098 2053 2433 2118 imperfectum

282 2139 370 2177 est.
399 2132 563 2194 Neque
588 2131 718 2177 enim
741 2130 860 2176 dum
884 2129 935 2177 fit
961 2130 1155 2190 domus,
1180 2131 1341 2179 adhuc
1366 2133 1468 2197 ipsa
1486 2143 1573 2192 est,
1601 2133 1725 2181 sicut
1746 2135 1914 2199 utique
1936 2143 2006 2181 est
2028 2143 2285 2200 postquam
2311 2134 2435 2182 facta

281 2220 381 2269 est;
421 2228 511 2258 nec
545 2210 663 2257 dum
697 2211 970 2276 imperfecta
1001 2222 1071 2258 est
1100 2212 1293 2273 domus,
1332 2212 1491 2260 adhuc
1513 2213 1688 2261 domus
1712 2225 1812 2276 est;
1848 2215 1960 2280 quia
1984 2233 2042 2262 ex
2073 2213 2433 2280 imperfectione

281 2292 637 2338 constitutionis
670 2291 845 2338 domus
875 2309 974 2339 non
1007 2292 1203 2340 dicitur.
1241 2292 1335 2340 Sed
1370 2311 1460 2341 nec
1491 2294 1697 2342 bonitati
1731 2295 1833 2359 ejus
1865 2305 2153 2360 congrueret
2187 2294 2321 2360 quod
2353 2295 2434 2341 in-

281 2388 550 2435 congruum
587 2381 737 2432 esset,
777 2372 905 2436 ejus,
942 2382 996 2419 ut
1037 2372 1221 2420 dictum
1258 2384 1352 2436 est,
1393 2375 1595 2439 gloriam
1628 2375 1934 2423 minuendo:
1973 2375 2058 2423 sed
2093 2375 2313 2433 videlicet
2346 2391 2434 2440 per

282 2453 582 2500 existentiam
622 2470 819 2518 quoque
857 2454 1005 2519 ipsius
1042 2465 1217 2503 cuncta
1257 2456 1305 2502 is·
1333 2457 1648 2521 praecederet,
1687 2474 1835 2522 quem
1869 2467 2029 2504 tamen
2070 2456 2278 2522 amplius
2323 2455 2432 2521 plus

282 2532 523 2580 honorem
552 2551 693 2581 suum
724 2550 870 2599 quam
894 2544 1114 2582 nostrum
1143 2545 1336 2601 oportet
1370 2536 1617 2584 attendere
1646 2537 1918 2602 profectum
1944 2557 1954 2583 :
1982 2536 2197 2601 alioquin
2231 2537 2432 2600 injustus

282 2624 427 2673 esset,
463 2614 502 2660 si
526 2614 660 2678 quod
683 2615 864 2679 aequius
896 2625 988 2676 est,
1015 2616 1115 2663 imo
1140 2617 1492 2681 aequissimum,
1522 2619 1680 2664 minus
1708 2628 1916 2679 curaret,
1943 2617 2183 2665 honorem
2214 2616 2434 2664 videlicet

283 2711 448 2754 suum,
477 2711 623 2757 quam
653 2695 924 2760 profectum
952 2706 1189 2744 nostrum.
1219 2697 1314 2745 Sed
1338 2697 1548 2745 fortassis
1571 2699 1759 2763 inquies
1780 2698 1876 2746 hoc
1898 2697 1959 2746 ad
1983 2697 2260 2764 superbiam
2283 2697 2432 2761 magis

283 2790 431 2837 quam
462 2774 523 2822 ad
554 2774 822 2823 bonitatem
855 2777 1121 2841 pertinere,
1157 2787 1210 2824 ut
1239 2778 1323 2842 qui
1349 2795 1485 2825 suam
1512 2787 1692 2843 quaerat
1724 2778 1949 2842 gloriam3
1985 2788 2031 2825 et
2054 2780 2188 2842 juxta
2222 2780 2431 2843 Aposto-

282 2853 403 2913 lum,
439 2854 722 2902 charitatem
756 2856 910 2921 ipsam
942 2858 1143 2905 minime
1176 2874 1389 2922 quaerere
1414 2875 1520 2923 quae
1552 2875 1638 2906 sua
1669 2868 1799 2906 sunt.
1842 2863 1988 2906 Amor
2017 2859 2198 2924 quippe
2225 2857 2431 2923 propriae

284 2933 446 2996 gloriae
476 2935 699 3000 superbia
730 2936 934 2998 dicitur3
982 2938 1114 2985 unde
1139 2939 1424 3002 Augustinus
1450 2942 1607 3004 Super
1639 2942 1860 2986 Genesim
1904 2938 1972 2986 ad
2011 2939 2223 2986 litteram
2244 2955 2260 2985 .·
2290 2957 2314 2981 α
2339 2939 2432 3007 Su:

283 3013 473 3078 perbia,
510 3016 691 3079 inquit,
729 3026 799 3064 est
828 3034 966 3065 amor
1002 3018 1291 3066 excellentiae
1321 3020 1545 3085 propriae.
1570 3039 1593 3064 n
1632 3022 1733 3078 Est,
1767 3020 1990 3084 inquam,
2020 3019 2179 3066 omnis
2207 3017 2432 3083 superbia

284 3109 423 3141 amor
455 3096 661 3159 propriae
696 3096 883 3159 gloriae,
918 3098 1005 3145 sed
1040 3115 1141 3145 non
1171 3100 1510 3148 communiter.
1548 3102 1670 3147 Nam
1701 3109 1748 3147 et
1783 3100 1867 3165 qui
1899 3099 2101 3163 gloriam
2132 3098 2297 3164 adepti
2317 3106 2429 3144 sunt

327 3271 335 3291 ¹
363 3270 417 3303 Sic
431 3269 521 3302 Tosti
540 3276 595 3309 gat
612 3270 703 3303 locus
725 3276 812 3303 certe
828 3273 1034 3312 depravatus.
1051 3291 1094 3298 —-
1106 3275 1118 3293 ²
1141 3274 1230 3307 ‘rosti
1243 3275 1452 3317 probabiles.
