2638 3866
344 272 439 320 284
986 265 988 268 ’
1086 257 1089 259 v
1145 264 1314 311 PETRI
1355 255 1661 311 ABAELARDI

343 374 467 429 Jesu,
491 388 514 413 >›
550 368 597 415 id
631 376 701 415 est
729 382 814 432 per
851 365 1093 413 Christum
1123 365 1414 411 Salvatorem
1448 373 1667 412 nostrum
1699 353 1840 410 nobis
1874 361 2117 427 inspirata,
2138 354 2248 408 'sive
2272 351 2319 409 in
2345 364 2450 428 ipso

342 452 568 499 aedificata
589 450 734 514 atque
748 449 976 510 radicata,
1000 458 1046 495 et
1065 447 1276 494 fundata.

410 531 708 578 «Veritatem
745 529 874 576 dico.
899 547 921 573 »
947 527 1092 586 Quod
1112 527 1229 574 dixit
1253 543 1303 573 se
1326 536 1372 573 et
1396 525 1667 574 consimiles
1689 525 1764 572 sui
1791 522 1954 571 fideles
1978 539 2003 570 a
2027 524 2219 571 caritate
2240 526 2325 573 Dei
2356 542 2455 573 non

342 627 479 675 posse
501 609 655 669 avelli,
682 609 1008 674 experimento
1032 607 1229 672 proprio
1252 606 1351 653 vult
1372 606 1578 671 probare
1602 605 1764 653 dicens
1781 603 1999 651 videlicet
2021 619 2071 650 se
2088 602 2206 650 dum
2225 604 2458 652 maximus

342 690 560 738 Ecclesiae
583 698 859 754 persecutor
883 688 1118 745 existeret,
1146 686 1207 733 ad
1231 686 1326 733 hoc
1347 686 1602 747 laborasse,
1631 695 1684 732 ut
1705 700 1869 751 servos>
1889 683 1950 730 ad
1977 682 2122 730 fidem
2151 682 2326 732 Christi
2346 699 2459 732 con·

344 787 503 818 versos
533 769 647 816 inde
679 777 927 827 averteret,
964 777 1012 814 et
1043 776 1154 813 «est
1181 767 1230 813 in
1263 766 1450 814 Christo
1473 769 1611 826 Jesu,
1639 785 1662 810 υ
1689 765 1784 812 hoc
1815 773 1884 812 est
1910 778 1996 829 per
2027 763 2268 811 Christum
2297 767 2457 812 Jesum

337 851 503 913 jurans
522 849 752 897 veraciter
783 847 910 908 dieo,
940 856 1173 911 quantum
1204 846 1266 893 ad
1295 846 1443 912 ipsius
1474 847 1542 893 rei
1572 854 1814 906 eventum,
1849 853 1896 891 et
1925 844 1996 891 ita'
2013 860 2062 891 se
2082 842 2303 891 habet'ut
2325 843 2453 892 dico.

348 951 369 973 c<
390 934 448 977 Et
478 947 576 977 non
613 928 836 989 mentior,
865 927 1190 974 testimonium
1221 926 1339 973 mihi
1363 925 1645 991 perhibente
1667 924 1959 973 conscientia
1992 940 2113 983 mea,
2129 943 2151 966 ι)
2177 922 2227 970 id
2257 933 2329 971 est
2352 928 2459 972 reus

343 1010 580 1058 mendacii
612 1025 712 1055 non
736 1025 859 1068 sum,
884 1024 993 1054 cum
1017 1008 1083 1054 sic
1105 1006 1299 1054 credam
1324 1006 1459 1053 sicuti
1483 1005 1609 1052 dico.
1642 1008 1800 1052 Potest
1823 1004 2000 1069 quippe
2029 997 2200 1068 aliquis
2227 1012 2459 1068 quantum

345 1091 403 1139 ad
441 1091 511 1137 rei
545 1099 768 1136 eventum
795 1089 1039 1135 veritatem
1073 1087 1121 1133 in
1146 1086 1304 1134 verbis
1335 1103 1422 1151 per
1444 1085 1760 1149 ignorantiam
1787 1083 1993 1145 habere,
2023 1093 2070 1131 et
2100 1093 2260 1131 tamen
2294 1093 2461 1132 contra

285 1156 292 1162 ’
344 1170 683 1217 conscientiam
717 1168 864 1232 loqui,
893 1178 940 1214 et
962 1184 1048 1233 per
1069 1168 1165 1214 hoc
1187 1168 1431 1213 incurrere
1455 1164 1692 1213 mendacii
1716 1174 1918 1212 reatum.
1951 1164 2059 1211 Non
2083 1165 2211 1211 enim
2238 1165 2467 1212 mentitur

344 1250 473 1314 apud
493 1252 664 1306 Deum,
693 1248 742 1294 id
762 1258 831 1295 est
855 1264 961 1294 reus
982 1246 1216 1294 mendacii
1238 1263 1335 1293 non
1361 1255 1608 1311 reputatur
1625 1261 1651 1292 a
1674 1247 1794 1306 Deo,
1821 1244 1909 1291 nisi
1933 1245 2015 1307 qui
2034 1261 2119 1309 per
2137 1244 2462 1309 duplicitatem

342 1330 569 1393 loquitur.
601 1327 833 1392 Loquenti
862 1327 1154 1374 conscientia
1183 1343 1264 1373 sua
1294 1325 1515 1391 perhibet
1547 1325 1889 1386 testimonium,
1917 1325 2113 1389 quando
2145 1341 2244 1371 non
2269 1323 2463 1371 dissidet

344 1410 530 1456 animus
552 1425 579 1455 a
601 1407 776 1465 verbis,
803 1406 852 1453 id
874 1416 960 1465 est,
987 1406 1184 1471 quando
1207 1406 1417 1453 creditur
1436 1406 1496 1453 ab
1519 1406 1622 1471 ipso
1642 1406 1764 1453 sicut
1783 1405 1956 1452 dicitur
1983 1423 1993 1450 ε
2022 1404 2155 1466 Mihi,
2181 1405 2352 1469 inquit,
2379 1405 2464 1470 qui

345 1506 448 1536 eam
469 1490 601 1549 novi,
624 1488 706 1535 etsi
726 1503 823 1534 non
843 1486 997 1548 vobis,
1017 1487 1308 1534 conscientia
1329 1486 1438 1533 dico
1458 1502 1565 1533 mea
1579 1485 1899 1550 perhibente¹.
1923 1504 1946 1528 «
1966 1488 2019 1531 ln
2036 1485 2211 1550 Spiritu
2231 1494 2414 1543 sancto,
2438 1503 2460 1528 υ

345 1570 393 1615 id
426 1579 496 1615 est
533 1568 727 1614 fundata
767 1577 813 1613 et
848 1566 1054 1613 radicata
1091 1566 1138 1612 in
1177 1566 1367 1612 caritate
1397 1567 1502 1612 Dei.
1547 1568 1614 1612 Ex
1652 1581 1745 1628 qua
1783 1565 1961 1612 seilicet
2000 1564 2192 1611 caritate
2232 1563 2464 1630 pullulare

345 1648 649 1695 mendacium
685 1663 783 1693 non
817 1655 995 1711 potest3
1029 1645 1157 1692 unde
1189 1655 1235 1691 et
1254 1645 1378 1692 bene
1412 1645 1603 1710 spiritus
1625 1646 1833 1692 veritatis
1859 1644 2046 1691 dicitur.
2080 1647 2213 1691 Hanc
2245 1643 2465 1691 videlicet

346 1728 454 1774 dico
479 1728 723 1775 veritatem
747 1744 756 1771 ι
787 1745 807 1769 ε(
829 1726 1068 1783 Quoniam
1088 1725 1272 1771 tristitia
1295 1734 1364 1771 est
1387 1724 1505 1770 mihi
1526 1741 1737 1787 magna»
1755 1734 1989 1788 quantum
2008 1724 2070 1771 ad
2093 1723 2467 1789 computationis

345 1807 686 1872 quantitatem,
719 1827 739 1848 «
771 1816 817 1853 et
842 1805 1112 1852 continua»
1136 1813 1372 1868 quantum
1403 1803 1462 1850 ad
1491 1803 1871 1851 diuturnitatem.
1906 1824 1927 1847 ιι
1945 1803 2090 1850 Cordi
2118 1820 2246 1865 meo,
2267 1821 2290 1848 υ
2316 1803 2364 1850 id
2397 1813 2466 1851 est

345 1905 443 1934 non
477 1887 695 1935 simulata
726 1888 775 1933 in
808 1885 1028 1933 exteriori
1061 1883 1255 1945 habitu,
1293 1883 1376 1931 sed
1404 1900 1512 1931 vera
1537 1884 1584 1930 in
1622 1884 1726 1949 ipso
1761 1883 1906 1931 animi
1929 1882 2132 1942 affectu,
2171 1893 2216 1930 et
2252 1882 2384 1931 unde
2418 1899 2467 1930 se

346 1968 529 2014 tristitia
562 1968 811 2032 supponit,
838 1967 950 2031 quia
983 1964 1202 2011 videlicet
1231 1964 1499 2029 «optabam
1515 1984 1536 2006 >³
1565 1964 1699 2024 olim,
1729 1981 1827 2011 non
1853 1964 2020 2024 modo,
2063 1982 2085 2008 «
2106 1981 2193 2028 ego
2216 1965 2317 2029 ipse
2334 1983 2358 2008 »
2384 1966 2467 2028 qui

344 2047 491 2094 modo
516 2047 696 2111 aliquid
718 2047 877 2110 magni
901 2061 1002 2092 esse
1022 2044 1208 2104 videor,
1242 2045 1289 2090 et
1311 2061 1408 2109 prae
1431 2045 1610 2091 caeteris
1640 2044 1877 2091 adversari
1903 2044 2162 2103 Judaismo,
2186 2054 2233 2091 et
2261 2044 2468 2108 pristinae

345 2129 449 2174 vitae
484 2128 767 2187 contrarius,
808 2146 830 2169 a
857 2124 1100 2190 optabam,
1130 2145 1153 2168 >›
1182 2125 1407 2188 inquam,
1446 2144 1468 2168 κ
1486 2141 1574 2189 pro
1609 2123 1830 2171 fratribus
1866 2125 1983 2170 meis
2021 2140 2122 2171 esse
2154 2124 2407 2171 anathema
2439 2141 2467 2171 a

346 2207 550 2267 Christo,
577 2226 598 2251 υ
621 2207 670 2253 id
696 2216 766 2253 est
788 2205 973 2252 nitebar
995 2203 1153 2251 modis
1180 2203 1407 2250 omnibus
1431 2203 1533 2251 fieri
1555 2204 1790 2269 separatio
1813 2214 2097 2263 nostratum,
2120 2203 2170 2250 id
2192 2204 2262 2250 es't
2280 2203 2466 2251 Judaeo-

346 2304 453 2332 rum
485 2303 512 2333 a
542 2287 749 2345 Christo,
789 2295 839 2331 ut
863 2301 961 2330 non
985 2284 1139 2330 solum
1166 2283 1341 2330 scilieet
1374 2301 1462 2347 ego
1497 2293 1739 2348 separatus
1772 2300 1923 2331 essem
1947 2301 1974 2331 a
2004 2283 2210 2344 Christo,
2249 2282 2332 2330 sed
2364 2283 2466 2348 ipse

346 2368 550 2414 aliorum
574 2382 723 2413 essem
754 2365 1008 2429 separatio,
1041 2373 1087 2410 et
1108 2373 1204 2409 tam
1235 2363 1394 2410 verbis
1417 2380 1560 2427 quam
1590 2364 1721 2411 factis
1744 2381 1826 2411 eos
1848 2381 2059 2428 quoque,
2086 2364 2167 2428 qui
2197 2364 2238 2410 ei
2257 2363 2364 2426 jam
2381 2378 2464 2426 per

347 2447 492 2494 fidem
516 2446 827 2506 adhaeserant,
854 2444 914 2491 ab
939 2460 996 2490 eo
1020 2453 1299 2501 averterem,
1326 2444 1449 2489 sicut
1470 2444 1697 2507 scriptum
1719 2446 1813 2490 est²
1839 2462 1849 2490 ε
1878 2444 2081 2490 «Saulus
2105 2442 2263 2489 adhuc
2285 2443 2468 2506 spirans

347 2528 603 2586 minarum,
633 2535 723 2573 etc.
751 2545 773 2569 η
798 2525 886 2571 Vel
908 2525 972 2570 ita
995 2533 1048 2570 ut
1077 2523 1242 2570 fratres
1272 2538 1405 2569 meos
1430 2532 1690 2569 averterem
1715 2539 1740 2569 a
1764 2522 1969 2582 Christo,
1998 2539 2166 2570 omnes
2188 2521 2468 2586 generaliter

347 2617 558 2655 avertere
575 2606 846 2672 cupiebam,
873 2604 995 2651 sicut
1011 2603 1240 2668 scriptum
1265 2612 1352 2662 est,
1380 2611 1433 2648 ut
1453 2602 1492 2648 si
1517 2618 1638 2666 quos
1660 2602 1924 2649 invenirem
1939 2602 2083 2665 hujus
2099 2602 2186 2649 viae
2202 2603 2349 2660 viros,
2365 2617 2464 2648 non

347 2688 567 2735 videlicet
595 2686 752 2734 solum
776 2684 965 2732 Judaeos
990 2721 1001 2745 ,
1044 2693 1135 2730 etc.
1165 2682 1310 2740 Quod
1332 2692 1493 2730 autem
1527 2682 1692 2730 fratres
1728 2682 2010 2745 generaliter
2038 2681 2165 2729 dicat
2192 2682 2468 2746 quicunque

350 2767 408 2813 de
443 2784 529 2814 suo
571 2783 743 2829 genere
767 2774 893 2823 sunt,
929 2763 978 2810 id
1020 2773 1090 2810 est
1127 2762 1368 2826 quoslibet
1399 2761 1604 2824 Judaeos,
1641 2762 1850 2809 declarat
1886 2761 2137 2809 subdens:
2170 2781 2193 2804 α
2223 2762 2318 2819 Qui
2359 2766 2470 2807 sunt

351 2847 537 2906 cognati
570 2847 663 2892 mei
696 2843 961 2892 secundum
995 2838 1262 2903 carnem,*»
1295 2841 1346 2888 id
1383 2852 1453 2889 est
1484 2841 1544 2889 de
1579 2842 1864 2905 cognatione
1898 2858 2003 2888 mea
2041 2840 2248 2899 carnali,
2279 2849 2326 2887 et
2358 2839 2467 2885 ideo

351 2934 463 2970 tunc
494 2925 821 2971 vehementius
855 2924 1018 2970 animo
1047 2939 1157 2970 meo
1187 2923 1487 2980 inhaerentes,
1516 2932 1568 2969 ut
1591 2921 1852 2987 plurimum
1877 2939 1966 2986 pro
1999 2922 2065 2968 eis
2089 2937 2293 2985 agerem.
2329 2922 2388 2965 Et
2410 2936 2470 2965 ne

352 3012 537 3050 tantum
565 3019 644 3049 eos
672 3002 1004 3066 intelligamus,
1035 3003 1117 3066 qui
1142 3002 1203 3049 ad
1235 3001 1413 3048 tribum
1437 3001 1683 3064 Benjamin
1710 3002 1967 3066 pertinent,
1994 3000 2124 3047 unde
2146 3008 2246 3046 erat
2269 3001 2470 3063 Aposto-

351 3083 444 3139 lus,
482 3082 578 3127 imo
618 3081 894 3144 generaliter
930 3090 1085 3126 totum
1114 3097 1262 3143 genus
1285 3080 1577 3140 Judaeorum,
1617 3079 1767 3140 addit,
1799 3080 1915 3143 «qui
1938 3089 2048 3127 sunt
2070 3079 2302 3139 Israelitae,
2329 3077 2379 3124 id
2401 3087 2470 3124 est

353 3161 412 3207 de
444 3176 615 3223 genere
638 3159 783 3206 Jacob
811 3159 1106 3220 Patriarchae,
1135 3161 1215 3223 qui
1245 3161 1376 3223 prius
1395 3159 1543 3207 Jacob
1571 3175 1599 3206 a
1620 3159 1916 3223 parentibus,
1945 3159 2255 3223 postmodum
2279 3156 2420 3206 lsrael
2444 3173 2469 3202 a

399 3341 535 3374 =Forsan
552 3342 596 3374 ita
611 3341 794 3381 legendum.
814 3339 908 3372 Amb.
930 3339 1143 3373 Conscientia
1160 3348 1233 3372 mea
1250 3340 1405 3373 existens.
1425 3359 1466 3365 —
1483 3342 1569 3374 2Αοε.
1593 3343 1719 3383 Aposl.,
1736 3351 1807 3383 cap.
1826 3351 1871 3382 ix,
1889 3351 1920 3375 v.
1944 3344 1972 3375 1.
