2638 3866
896 201 955 250 ΙΝ
991 201 1324 250 EPISTOLAM
1359 202 1436 250 AD
1473 201 1776 249 ROMANOS.
2322 204 2419 253 269

259 302 559 369 gnificamuS.
584 302 805 369 Alioquin
830 320 941 351 cum
962 303 1077 352 dicit
1102 305 1312 353 Veritas¹
1338 324 1347 351 :
1380 325 1402 349 «
1426 304 1663 363 Quotiens
1682 304 1815 351 volui
1831 320 2123 370 congregare
2140 304 2265 353 filios
2288 315 2415 367 tuos,

258 393 305 433 et
326 384 540 446 noluisti,
561 402 585 430 »
605 385 681 432 vel
702 385 956 452 Apostolus
979 387 994 410 ²
1013 403 1023 432 ε
1057 406 1079 430 «
1101 387 1194 445 Qui
1224 386 1342 447 vult,
1360 405 1384 431 »
1411 386 1589 452 inquit,
1627 404 1650 431 «
1670 402 1841 434 omnes
1864 386 2019 434 salvos
2043 386 2165 445 fieri,
2197 396 2245 434 et
2263 389 2419 435 nerni-

257 482 370 514 nem
397 467 577 532 perire3
606 487 628 511 n
655 476 701 515 et
725 483 891 514 rursus
913 466 1163 514 Psalmista
1183 468 1197 492 ³
1220 485 1230 513 ε
1263 488 1285 511 «
1313 470 1626 533 Quaecunque
1651 466 1807 515 voluit
1831 467 1961 527 fecit3
1987 487 2008 511 υ
2039 467 2113 515 vel
2134 467 2264 516 idem
2290 473 2416 535 Apo—

254 547 404 595 stolus
427 550 470 596 *ι
502 547 793 596 «Voluntati
816 548 948 596 enim
985 547 1087 613 ejus
1121 549 1229 614 quis
1255 549 1463 597 resistit?
1484 569 1507 595 η
1538 548 1798 596 maximam
1832 548 2186 597 incurreremus
2214 561 2414 599 contro-

255 628 475 676 versiam.
504 631 557 676 In
582 628 915 696 superioribus
938 629 1100 694 itaque
1132 628 1327 677 duobus
1356 630 1477 677 locis
1501 629 1621 678 velle
1648 629 1733 678 Dei
1767 629 2038 695 approbare
2070 630 2262 694 dicitur,
2290 642 2343 680 ut
2364 634 2410 682 id

251 707 475 757 videlicet
507 709 643 776 quod
678 709 918 777 approbat
951 727 1035 759 seu
1063 710 1274 758 consulit
1299 721 1352 758 ut
1390 710 1491 771 fiat,
1527 720 1574 759 et
1607 709 1741 775 quod
1780 710 1818 758 si
1854 710 2034 758 factum
2060 712 2138 773 sit,
2180 722 2412 779 tanquam

250 787 342 836 sibi
363 790 594 856 placitum
627 801 924 853 remunerat,
947 791 1070 839 velle
1090 791 1294 839 dicatur.
1328 792 1539 857 Reliquis
1566 808 1682 839 vero
1711 790 1906 839 duobus
1936 792 2245 840 inferioribus
2272 793 2407 856 locis,

250 870 371 918 velle
400 872 502 936 ejus
533 871 791 938 disponere
828 871 1038 933 dicitur,
1074 882 1219 938 atque
1260 873 1393 939 apud
1424 890 1474 921 se
1514 871 1727 920 stabilire
1762 873 1896 938 quod
1927 873 2138 920 facturus
2172 884 2259 921 est.
2294 879 2411 935 Quae

248 952 446 1015 quidem
478 953 702 1002 voluntas
723 970 978 1019 nunquam
994 954 1169 1002 effectu
1186 954 1386 1017 carebit,
1414 971 1504 1003 nec
1522 955 1565 1002 ei
1586 953 1647 1001 ab
1674 954 1837 1019 aliquo
1858 955 2121 1002 resistetur.

317 1055 340 1078 «
359 1037 496 1082 Nunc
519 1045 698 1084 autem.
723 1055 745 1081 »
775 1039 1037 1102 Postquam
1058 1036 1121 1084 ita
1144 1036 1367 1085 videlicet
1396 1036 1489 1101 legi
1521 1036 1774 1084 consentio
1797 1053 1885 1101 per
1910 1038 2166 1098 rationem,
2201 1048 2249 1086 et
2278 1056 2305 1087 a
2332 1057 2410 1089 me

242 1115 350 1181 ipso
368 1116 578 1165 dissideo
595 1134 682 1183 per
703 1118 854 1184 ipsam
880 1118 1137 1181 rationem,
1164 1128 1211 1166 et
1233 1135 1322 1185 per
1344 1118 1585 1167 carnalem
1601 1118 2062 1184 concupiscentiam,
2083 1119 2202 1167 dum
2216 1122 2408 1187 spiritus

242 1196 464 1261 videlicet
489 1199 718 1248 adversus
755 1216 972 1260 carnem,
1016 1210 1063 1248 et
1096 1217 1211 1248 caro
1245 1200 1475 1248 adversus
1500 1201 1723 1267 spiritum
1753 1201 2071 1265 concupiscit.
2109 1222 2131 1245 «
2160 1204 2266 1250 Jam
2306 1222 2406 1253 non

242 1292 332 1342 ego
356 1278 518 1327 illud»
548 1280 730 1337 malum
758 1298 998 1348 «operor,
1022 1281 1107 1329 sed
1126 1291 1397 1348 peccatum,
1431 1302 1453 1326 >2
1491 1282 1540 1329 id
1573 1292 1643 1329 est
1679 1297 1827 1348 prava
1861 1283 2271 1348 concupiscentia.
2298 1289 2405 1334 Non

239 1356 355 1407 dicit
379 1361 676 1427 simpliciter,
708 1380 852 1411 «non
875 1379 965 1427 ego
991 1363 1110 1411 illud
1137 1380 1333 1429 operor,
1355 1383 1378 1408 »
1413 1362 1496 1411 sed
1527 1363 1589 1410 ita
1621 1362 1755 1424 dicit,
1793 1381 1816 1407 ι(
1839 1379 1940 1410 non
1967 1380 2076 1428 ego,
2113 1364 2199 1412 sed
2233 1383 2406 1432 pecca-

238 1448 342 1489 tum
366 1460 376 1489 z
399 1463 422 1486 >³
450 1443 585 1508 quod
603 1454 674 1492 est
697 1444 856 1493 dicere
876 1464 886 1493 :
909 1448 1014 1492 Non
1041 1444 1103 1493 ad
1126 1444 1224 1492 hoc
1250 1462 1305 1493 ex
1330 1454 1517 1507 natura,
1543 1444 1627 1492 sed
1647 1461 1703 1492 ex
1730 1445 1846 1492 vitio
1869 1453 2052 1492 naturae
2068 1445 2170 1510 jam
2182 1447 2224 1494 ei
2243 1448 2401 1496 domi-

235 1533 383 1571 nante
408 1524 683 1589 pertrahor,
707 1526 859 1574 immo
896 1542 951 1574 ex
987 1535 1177 1589 natura,
1214 1542 1301 1592 per
1321 1543 1466 1592 quam
1491 1526 1739 1573 rationalis
1758 1543 1866 1573 sum
1890 1542 1919 1574 a
1952 1529 2058 1575 Deo
2093 1539 2298 1591 creatus,
2329 1547 2402 1578 re-

234 1600 392 1651 luctor
417 1607 837 1672 concupiscentiae,
866 1612 914 1655 et
933 1624 1040 1655 eam
1058 1607 1240 1656 damno
1263 1608 1427 1674 potius
1449 1623 1594 1671 quam
1618 1608 1888 1654 consentio.
1910 1610 2032 1654 Cum
2057 1608 2190 1672 dicit,
2224 1629 2248 1655 «
2265 1613 2402 1676 quod

232 1680 486 1733 habitatin
513 1704 592 1736 me
616 1697 889 1754 peccatum,
919 1708 942 1733 >³
971 1698 1018 1736 et
1043 1705 1144 1736 non
1169 1687 1300 1746 dicit,
1329 1687 1464 1753 quod
1490 1698 1561 1736 est
1583 1688 1632 1735 in
1664 1705 1759 1749 me,
1794 1689 1930 1753 quasi
1961 1688 2300 1739 advenientem
2334 1693 2402 1740 in-

231 1764 528 1829 colam,non
552 1769 823 1818 naturalem
846 1770 1001 1817 civem
1024 1769 1185 1836 ipsum
1219 1768 1537 1830 demonstrat,
1576 1779 1623 1817 et
1655 1770 1756 1834 jam
1790 1769 2122 1818 habitaculum
2154 1771 2204 1818 in
2239 1790 2289 1820 se
2317 1773 2400 1823 ha-

229 1842 428 1896 bentem
452 1866 539 1915 per
561 1849 799 1898 diutinam
827 1850 1252 1911 consuetudinem,
1277 1867 1378 1898 non
1400 1851 1673 1898 transitum.
1706 1871 1728 1894 «
1750 1851 1860 1898 Scio
1885 1851 2032 1898 enim.
2056 1872 2078 1894 »
2101 1854 2154 1899 In
2184 1870 2262 1901 me
2276 1855 2395 1918 jam,

229 1937 283 1975 ut
305 1928 491 1978 dictum
514 1941 601 1994 est,
629 1932 811 1980 carnali
852 1932 980 1980 facto
1011 1939 1266 1998 peccatum
1299 1932 1555 1995 inhabitat,
1594 1932 1645 1980 id
1674 1942 1745 1980 est
1781 1931 1970 1980 assidue
2003 1943 2184 1994 manet,
2219 1945 2273 1983 ut
2295 1937 2396 2001 jam

227 2010 364 2074 quasi
389 2011 437 2058 in
460 2011 686 2060 habitum
711 2013 771 2060 sit
795 2013 917 2060 mihi
946 2030 1257 2061 conversum.
1295 2034 1318 2058 <c
1350 2013 1496 2072 Quod
1526 2013 1733 2074 bonum,
1758 2032 1782 2059 »
1816 2012 1866 2062 id
1899 2023 1970 2061 est
2004 2014 2153 2062 virtus
2188 2033 2295 2081 quae
2327 2029 2397 2067 est

226 2091 440 2156 optimus
459 2093 609 2141 animi
630 2093 846 2156 habitus,
867 2095 970 2159 jam
990 2112 1091 2142 non
1116 2105 1280 2143 manet
1301 2096 1350 2143 in
1376 2112 1454 2143 me
1476 2096 1656 2143 carnali
1690 2095 1834 2157 facto,
1865 2094 2000 2160 quod
2023 2096 2259 2160 significat
2282 2116 2394 2147 cum

224 2171 342 2221 dicit
363 2191 372 2220 :
393 2195 414 2217 «
429 2177 535 2222 Hoc
558 2185 630 2223 est
651 2176 700 2223 in
723 2192 868 2224 carne
892 2192 1017 2224 mea.
1035 2179 1156 2223 Nam
1171 2176 1313 2238 velle,
1333 2186 1424 2224 etc.
1449 2198 1471 2220 ³>
1492 2176 1671 2224 Probat
1691 2193 1741 2224 se
1757 2176 1935 2224 virtute
1951 2175 2255 2239 destitutum,
2278 2196 2391 2228 cum

222 2251 412 2302 bonum
448 2256 584 2320 quod
607 2257 727 2319 vult,
756 2256 807 2304 id
830 2266 900 2304 est
930 2273 1017 2322 per
1049 2258 1290 2305 rationem
1324 2257 1601 2305 faciendum
1638 2274 1740 2305 esse
1771 2257 2029 2323 approbat,
2069 2258 2270 2325 implere
2305 2279 2392 2328 per

221 2333 550 2384 infirmitatem
589 2337 793 2386 carnalis
830 2339 1236 2404 concupiscentiae
1267 2356 1367 2386 non
1406 2348 1568 2404 queat.
1616 2338 1848 2387 Perficere
1882 2339 2089 2402 bonum,
2140 2353 2211 2389 est
2247 2342 2390 2392 bonae

220 2415 457 2465 voluntati
484 2418 664 2467 factum
684 2419 948 2485 adjungere
974 2438 984 2466 :
1014 2420 1149 2485 quod
1174 2421 1222 2467 in
1245 2437 1341 2481 me,
1369 2421 1545 2487 inquit,
1568 2438 1669 2469 non
1706 2421 1920 2479 invenio,
1962 2422 2001 2470 si
2035 2421 2161 2471 bene
2194 2441 2272 2473 me
2296 2427 2389 2473 cir-

220 2499 554 2566 cumspiciam,
578 2510 625 2548 et
647 2500 903 2566 diligenter
924 2501 1200 2551 discutiam.
1223 2501 1359 2550 Velle
1382 2502 1544 2568 itaque
1567 2501 1688 2550 mihi
1712 2502 1997 2551 naturaliter
2031 2504 2232 2569 adJacet,
2275 2508 2387 2571 quia

219 2595 278 2627 ex
301 2596 378 2628 me
401 2581 508 2647 ipso
535 2590 584 2630 et
604 2583 808 2649 propria
831 2583 1076 2631 creatione
1098 2584 1339 2631 rationem
1358 2583 1539 2647 habeo,
1575 2600 1663 2650 per
1699 2600 1849 2649 quam
1883 2583 2070 2632 bonum
2110 2585 2384 2636 faciendum

218 2676 320 2708 esse
344 2662 586 2728 approbo,
615 2663 699 2711 sed
733 2680 790 2711 ex
825 2681 901 2711 me
937 2664 1056 2712 illud
1079 2663 1312 2731 perficere
1350 2682 1451 2713 non
1482 2664 1663 2724 habeo,
1694 2665 1787 2712 nisi
1817 2664 2044 2713 videlicet
2076 2682 2133 2713 ex
2165 2669 2383 2733 apposita

216 2740 338 2788 mihi
367 2744 534 2807 gratia.
566 2763 589 2789 «
608 2747 716 2792 Non
737 2746 867 2793 enim
889 2746 1042 2811 quod.
1062 2765 1083 2791 2»
1104 2748 1169 2793 Ac
1195 2746 1233 2792 si
1257 2745 1439 2794 diceret
1462 2764 1472 2792 :
1498 2749 1606 2793 Non
1624 2746 1821 2793 invenio
1840 2763 1918 2793 me
1942 2747 2175 2812 perficere
2191 2749 2381 2797 bonum

219 2843 240 2866 «
263 2822 399 2887 quod
426 2823 557 2886 volo,
580 2843 604 2870 »
629 2825 743 2890 quia
765 2844 820 2874 ex
847 2827 1093 2874 contrario
1119 2826 1238 2873 illud
1270 2825 1478 2886 dimitto,
1515 2837 1561 2874 et
1591 2827 1774 2874 malum
1810 2827 1950 2890 facio,
1980 2839 2027 2876 et
2052 2829 2133 2892 ita,
2162 2840 2215 2877 ut
2237 2848 2383 2897 supra

213 2916 412 2966 quoque
447 2902 685 2963 meminit,
717 2922 739 2947 α
767 2903 853 2952 sed
888 2903 1023 2967 quod
1056 2904 1173 2951 nolo
1209 2903 1328 2951 illud
1365 2904 1507 2952 facio.
1549 2907 1656 2952 Non
1693 2921 1784 2969 ego
1822 2922 2016 2971 operor,
2053 2919 2144 2956 etc.
2180 2909 2380 2956 Invenio

212 2980 373 3046 igitur.
409 3002 432 3028 »
467 2982 881 3049 Quandoquidem
916 2984 1009 3047 lex,
1042 2995 1096 3033 ut
1131 3002 1279 3052 supra
1313 2986 1498 3033 dictum
1535 2995 1623 3047 est,
1667 2986 1996 3052 cognitionem
2033 2991 2219 3055 peccati
2260 2990 2379 3038 mihi

211 3062 386 3125 attulit,
413 3081 501 3131 per
521 3082 670 3130 quam
687 3065 887 3131 quidem
911 3067 1243 3131 cognitionem
1267 3068 1382 3115 volo
1406 3066 1594 3115 bonum
1617 3067 1790 3130 facere,
1819 3069 1952 3134 quod
1985 3071 2087 3137 ipsa
2119 3071 2294 3130 docet;
2330 3082 2377 3119 et

210 3143 254 3191 ei
276 3161 364 3209 per
385 3145 625 3194 rationem
649 3147 921 3209 consentio,
960 3146 1072 3195 licet
1097 3147 1211 3196 inde
1241 3158 1496 3215 peccatum
1530 3149 1839 3197 occasionem
1878 3153 2134 3218 acceperit.
2179 3173 2203 3197 α
2229 3154 2376 3217 Igitur

253 3332 262 3351 ¹
278 3329 345 3363 Luc
364 3355 375 3373 ‚
390 3341 461 3373 cap.
481 3342 538 3366 xm
552 3359 560 3374 ‚
577 3343 606 3366 v.
627 3335 679 3368 34.
700 3352 736 3358 -—
754 3335 766 3354 ²
785 3334 867 3368 Tlm.
885 3334 912 3376 1,
933 3345 1006 3378 cap.
1025 3344 1061 3377 ιι,
1080 3346 1110 3370 v.
1129 3336 1160 3370 4.
1179 3355 1217 3360 -
1234 3337 1246 3357 ³
1263 3337 1394 3371 Psalm.
1414 3346 1510 3379 exui,
1530 3347 1560 3372 v.
1576 3341 1606 3372 3.
1626 3339 1687 3363 —⁴
1703 3340 1815 3379 Rom,
1833 3348 1904 3381 cap.
1924 3349 1970 3380 ix,
1988 3348 2017 3372 v.
2041 3342 2089 3373 19.
