2638 3866
346 224 362 267 1
377 222 438 268 92
1148 214 1318 262 PETRI
1355 213 1670 262 ABAELARDI

341 323 408 366 Tu
449 318 606 366 dixisti
631 317 1050 364 circumcisionem
1075 316 1276 363 transire
1301 315 1349 361 in
1381 315 1686 380 praeputium,
1711 323 1756 362 et
1781 313 2064 379 praeputium
2087 315 2289 362 transire
2312 315 2362 362 in
2386 315 2478 363 cir-

343 400 702 447 cumcisionem.
732 399 856 461 Ergo
881 397 999 462 quid
1020 397 1225 462 amplius
1247 398 1270 442 J
1277 395 1411 442 udaeo
1424 411 1569 459 quarn
1594 393 1771 441 Gentili
1793 403 1862 441 θεῖ
1878 393 1897 439 Ρ
1912 396 2028 451 Quae
2042 394 2225 458 majora
2245 394 2478 443 beneficia

343 480 544 528 contulit
567 478 739 526 Judaeis
762 496 908 544 quam
934 479 1220 540 Gentilibus,
1258 477 1340 542 qui
1375 476 1661 524 dicebantur
1683 490 1826 522 canes
1856 485 1902 522 et
1930 475 2169 523 immundi
2195 476 2216 523 ⁴?
2258 479 2349 524 Aut
2373 493 2480 542 quae

345 561 517 607 utilitas
537 559 932 621 circumcisionis,
959 559 1010 607 id
1034 569 1103 607 est
1126 558 1521 606 circumcisorum
1545 556 1564 602 Ρ
1592 558 1696 602 Ηο0
1719 554 1917 619 quidem
1941 556 2079 620 quasi
2107 556 2342 621 expositio
2367 572 2481 622 prae-

343 640 555 688 cedentis
580 639 818 687 subditur.
848 643 1073 687 Poterant
1095 640 1274 704 quippe
1306 654 1416 685 cum
1442 637 1523 698 ait,
1556 656 1578 681 «
1599 635 1765 683 Judaeo
1786 636 1895 696 soli,
1920 657 1942 679 »
1979 635 2176 700 intelligi
2209 636 2277 683 illi
2305 637 2390 701 qui
2418 637 2479 684 ad

342 721 520 768 tribum
558 720 689 767 Judae
715 721 974 786 pertinent,
1011 736 1040 767 a
1073 736 1171 784 quo
1201 719 1317 766 dicti
1349 727 1460 765 sunt
1491 716 1658 764 Judaei.
1699 718 1753 764 Et
1782 714 1914 780 quod
1946 716 2137 778 dicitur,
2182 737 2204 760 (ι
2239 716 2356 781 quid
2378 732 2479 763 am-

343 802 483 865 plius,
507 821 529 845 »
556 811 743 866 poterat
770 811 868 848 tam
887 801 949 848 ad
968 799 1156 847 bonum
1182 816 1327 864 quam
1351 798 1413 846 ad
1445 796 1625 844 malum
1656 812 1706 843 se
1729 795 1924 855 habere,
1952 805 2000 844 et
2024 796 2219 844 sortasse
2246 797 2396 860 magis
2419 797 2480 844 ad

344 880 540 944 malum,
569 898 680 928 cum
709 881 898 928 Judaeos
934 882 983 927 in
1025 880 1247 945 proximo
1275 875 1480 926 maxime
1507 878 1835 941 vituperasset.
1875 879 1956 923 Est
1986 886 2148 924 autem
2180 876 2481 924 consuetudo

343 961 570 1026 Apostoli,
599 962 719 1008 sicut
742 978 828 1027 per
849 962 1137 1027 praeputium
1163 962 1359 1018 Gentes,
1386 959 1452 1005 ita
1474 974 1561 1022 per
1588 957 2005 1004 circumcisionem
2024 955 2211 1005 Judaeos
2240 957 2476 1022 accipere.

348 1041 588 1089 «Multum
609 1062 631 1085 >³
662 1041 880 1090 videlicet
900 1041 1107 1107 amplius
1135 1040 1349 1087 utilitatis
1371 1038 1536 1086 Judaeo
1572 1054 1718 1101 quam
1753 1037 1930 1084 Gentili
1963 1037 2079 1085 olim
2103 1054 2130 1085 a
2154 1038 2367 1084 Domino
2386 1037 2483 1084 col-

341 1120 490 1167 latum
515 1131 599 1168 est.
634 1141 655 1165 c<
679 1125 767 1168 Per
790 1138 987 1169 omnem
1010 1120 1231 1182 modum,
1258 1139 1279 1164 »
1308 1119 1357 1167 id
1380 1128 1466 1179 θεῖ,
1503 1117 1659 1166 modis
1692 1117 1934 1178 omnibus,
1960 1117 2063 1182 lege
2095 1117 2272 1165 scilicet
2297 1133 2380 1165 eos
2409 1117 2481 1164 in-

343 1201 657 1262 struendo,'et
679 1202 920 1250 miraculis
942 1202 1226 1258 innumeris,
1248 1211 1295 1248 et
1318 1199 1561 1248 beneficiis
1580 1198 1937 1260 confirmandO,
1962 1208 2008 1246 et
2025 1198 2087 1246 ad
2109 1215 2327 1246 amorem
2340 1213 2482 1246 suum

342 1282 672 1344 provocando.
705 1302 727 1327 «
746 1281 840 1329 Sed
860 1282 955 1329 hoc
978 1283 1206 1348 primum,
1229 1302 1251 1325 n
1280 1281 1328 1328 id
1353 1290 1441 1341 est,
1469 1280 1730 1327 maximum
1760 1277 1881 1325 illud
1914 1278 2001 1326 fuit
2039 1278 2161 1326 inter
2194 1277 2327 1326 bona
2361 1278 2478 1337 Dei,

341 1361 470 1424 qnod
510 1362 665 1426 legem
688 1363 755 1410 eis
781 1362 950 1422 dedit3
989 1372 1041 1410 ut
1081 1379 1182 1410 non
1208 1362 1365 1409 solum
1403 1360 1611 1408 naturali
1645 1360 1766 1407 sicut
1804 1359 2031 1419 Gentiles,
2079 1375 2246 1407 verum
2287 1358 2483 1423 insuper

342 1442 517 1507 scripta
538 1443 640 1506 lege
664 1444 1026 1491 instruerentur.
1055 1446 1114 1490 Et
1133 1443 1228 1490 1100
1251 1452 1322 1490 θεῖ
1345 1441 1479 1506 quod
1503 1441 1570 1488 ait
1597 1461 1620 1484 ιι
1636 1440 1848 1505 primum
1865 1459 1888 1483 >2
1912 1439 1962 1486 id
1987 1448 2073 1502 est,
2102 1439 2364 1486 maximum
2394 1438 2483 1485 fuit

342 1521 458 1568 illud
481 1522 789 1584 beneficium,
818 1524 953 1588 quod
977 1534 1088 1571 sunt
1113 1523 1201 1570 illis
1235 1522 1475 1584 «credita,
1497 1542 1519 1565 >³
1547 1520 1597 1568 id
1626 1530 1697 1567 est
1720 1520 1993 1581 commissa,
2025 1540 2048 1564 κ
2081 1519 2276 1583 eloquia
2306 1519 2394 1566 Dei
2433 1519 2480 1565 in

343 1601 443 1665 lege
467 1612 512 1649 et
535 1603 802 1668 Prophetis.
824 1622 845 1648 »
871 1603 1014 1661 Quod
1033 1602 1232 1667 quidem
1256 1602 1442 1649 donum
1472 1611 1518 1648 et
1554 1617 1637 1648 eos
1660 1600 1870 1659 erudire,
1898 1610 1946 1647 et
1979 1600 2029 1647 in
2059 1609 2346 1665 perpetuum
2379 1599 2485 1646 reti-

343 1698 456 1729 nere
481 1693 654 1748 potest.
679 1687 802 1730 Nota
824 1693 984 1731 tamen
1009 1683 1143 1748 qnod
1162 1699 1264 1729 non
1283 1683 1348 1729 ait
1370 1682 1642 1742 commissa,
1670 1682 1754 1728 sed
1776 1680 1956 1728 credita
1985 1699 1998 1741 3
2039 1681 2174 1744 quasi
2204 1679 2266 1727 ad
2295 1689 2484 1746 tempus

343 1762 409 1808 eis
435 1763 491 1809 sit
515 1762 616 1810 haec
641 1763 863 1810 doctrina
886 1763 1283 1824 accommodata3
1321 1779 1521 1827 quaeque
1554 1761 1615 1808 ad
1654 1778 1744 1808 nos
1782 1777 1867 1825 per
1898 1760 2194 1825 spiritualem
2229 1770 2275 1807 et
2307 1770 2484 1808 rectam

339 1841 444 1904 ‘ejus
469 1843 830 1907 intelligentiam
848 1845 1104 1891 transitura
1128 1853 1246 1902 erat,
1270 1854 1316 1891 et
1339 1844 1388 1889 111
1413 1841 1684 1890 carnalibus
1719 1841 1820 1905 ejus
1859 1840 2193 1901 observantiis,
2227 1841 2276 1888 in
2309 1840 2486 1905 quibus

347 1923 553 1971 maxime
589 1923 902 1972 confidebant
933 1924 1099 1985 Judaei,
1136 1933 1391 1971 cessatura.
1428 1923 1576 1981 Quasi
1606 1932 1651 1969 et
1688 1920 1897 1968 creditor
1940 1921 2245 1985 eloquiorum
2286 1937 2485 1968 suorum

346 2005 472 2050 Deus
507 2003 699 2062 dicitur,
735 2020 825 2069 pro
856 2003 1030 2069 quibus
1066 2003 1127 2051 ab
1167 2003 1242 2050 his
1271 2003 1449 2068 quibus
1484 2019 1539 2050 ea
1574 2002 1742 2061 credit,
1770 2001 2134 2066 quasipretium
2158 2000 2485 2048 obedientiam

346 2069 571 2147 requirat.
627 2084 784 2132 Verba
824 2086 912 2131 Dei
948 2085 1140 2149 eloquia
1173 2084 1316 2143 dicit,
1365 2083 1502 2148 quasi
1541 2093 1672 2130 extra
1712 2081 1806 2128 alia
1839 2081 2144 2128 locutionum
2186 2097 2361 2145 genera
2400 2096 2486 2146 per

342 2163 687 2223 excellentiam,
720 2183 741 2209 ι(
769 2175 966 2230 propter
986 2181 1172 2224 eorum,
1194 2183 1216 2209 υ
1241 2164 1291 2213 id
1315 2174 1400 2226 est,
1429 2162 1713 2212 obedientiae
1740 2160 1946 2208 fructum
1985 2171 2032 2209 et
2068 2160 2361 2209 salutiferam
2394 2160 2483 2208 do-

342 2253 559 2291 ctrinam.

412 2345 433 2367 «
453 2324 580 2382 Quid
603 2325 750 2372 enim.
769 2344 792 2370 »
819 2328 923 2383 Qua
948 2343 1106 2388 causa,
1131 2327 1310 2374 diceret
1335 2327 1505 2392 aliquis
1528 2326 1588 2374 de
1610 2327 1813 2392 eloquiis
1842 2324 2017 2373 divinis
2039 2323 2162 2371 datis
2194 2322 2260 2371 illi
2280 2320 2481 2393 populo,

344 2414 502 2451 tamen
535 2415 733 2470 propter
768 2406 1147 2455 incredulitatem
1188 2408 1290 2471 ejus
1327 2408 1459 2455 bona
1494 2408 1584 2474 ipsi
1610 2409 1849 2472 promissa
1871 2410 2002 2453 Deus
2025 2422 2126 2452 non
2151 2403 2480 2468 compleverit,

344 2486 443 2533 sive
467 2485 527 2532 de
551 2487 851 2551 reparatione
875 2486 1075 2535 hnmani
1101 2488 1285 2551 generis
1305 2505 1390 2553 per
1412 2488 1583 2535 Filium
1606 2505 1764 2548 suum,
1786 2488 1883 2535 sive
1903 2487 1963 2533 de
1986 2484 2353 2551 quibuscunque
2375 2499 2486 2548 pro-

343 2565 681 2614 missionibus?
714 2567 859 2625 Quod
894 2568 1090 2631 quidem
1125 2568 1317 2615 duobus
1356 2568 1515 2616 modis
1553 2567 1722 2615 refellit
1759 2567 2012 2633 Apostolus
2050 2564 2352 2613 ostendendo
2383 2579 2484 2610 non

344 2662 513 2693 omnes
536 2648 583 2693 in
604 2647 788 2712 populo
817 2647 960 2695 fuisse
993 2648 1285 2710 incredulos,
1309 2659 1362 2695 ut
1383 2649 1572 2714 penitus
1599 2647 1668 2695 illi
1705 2647 1891 2713 populo
1913 2647 2151 2711 promissa
2173 2653 2482 2709 negarentur,

345 2742 432 2772 nec
455 2729 628 2788 Deum,
655 2728 768 2790 quia
790 2744 931 2775 verax
953 2737 1041 2787 est,
1068 2729 1412 2793 promissiones
1440 2745 1549 2776 suas
1573 2745 1714 2793 posse
1736 2743 1939 2775 cessare.
1965 2727 2042 2773 Sic
2066 2726 2168 2790 lege
2196 2743 2206 2771 t
2235 2728 2362 2772 Bene
2386 2722 2484 2770 dixi

345 2807 605 2854 maximum
631 2808 748 2856 illud
772 2825 873 2855 esse
893 2808 953 2855 de
975 2809 1177 2873 eloquiis
1200 2809 1389 2869 divinis,
1423 2826 1510 2875 per
1547 2826 1653 2873 quae
1688 2807 1779 2855 sibi
1814 2807 2026 2855 alliceret
2061 2806 2299 2873 populum
2322 2821 2482 2852 suum.

343 2887 460 2931 Nam
480 2887 597 2950 quid
619 2888 821 2952 impedit
843 2890 1147 2953 propositum
1166 2889 1384 2938 divinum
1404 2891 1423 2938 Ρ
1445 2911 1467 2933 κ
1489 2890 1538 2936 Si
1562 2888 1760 2954 quidam
1775 2882 1968 2936 illorum
1991 2904 2091 2935 non
2115 2885 2439 2945 crediderunt,
2458 2903 2481 2929 »

343 2964 431 3011 illis
455 2967 672 3030 eloquiis,
699 2967 793 3014 hoc
818 2978 890 3015 est
921 2968 995 3015 his
1024 2987 1129 3033 quae
1154 2968 1222 3016 ibi
1245 2970 1648 3035 promittebantur
1670 2969 1744 3016 vel
1768 2967 2168 3035 praedicebantur,
2210 2986 2232 3009 α
2263 2964 2484 3029 nunquid

344 3045 648 3093 incredulitas
671 3046 881 3107 illorum,
903 3067 926 3092 »
952 3050 1036 3113 qui
1061 3049 1283 3096 videlicet
1302 3067 1402 3097 non
1427 3049 1737 3097 crediderunt
1755 3087 1768 3110 ,
1801 3070 1824 3093 «x
1851 3048 1995 3096 fidem
2020 3047 2127 3105 Dei,
2159 3065 2182 3090 n
2209 3045 2259 3092 id
2284 3054 2371 3104 est,
2397 3061 2483 3109 per

344 3141 489 3187 quam
507 3128 610 3173 Deo
629 3127 953 3187 crediderunt,
976 3148 998 3171 <c
1019 3131 1283 3190 evacuavit,
1308 3150 1329 3173 »
1350 3141 1401 3178 ut
1418 3130 1637 3178 videlicet
1655 3147 1755 3177 non
1776 3130 1988 3176 evenerit
2004 3126 2137 3191 quod
2157 3126 2257 3190 ipse
2275 3126 2478 3190 Moyses,

343 3207 485 3251 Josue
509 3216 555 3252 et
578 3208 730 3254 caeteri
765 3207 928 3254 fideles
964 3209 1305 3257 crediderunt?
1345 3230 1367 3255 «
1391 3210 1539 3269 Absit,
1558 3208 1593 3253 '»
1634 3220 1687 3256 nt
1720 3210 1899 3256 scilicet
1935 3224 2106 3255 eorum
2137 3205 2256 3252 fides
2284 3206 2343 3252 sit
2374 3221 2482 3252 eva-

345 3297 499 3345 cuata,
524 3287 572 3333 id
598 3297 685 3348 est,
713 3287 936 3336 frustrata
960 3290 1007 3335 in
1031 3289 1104 3336 his
1129 3291 1375 3354 promissis
1394 3290 1460 3336 ibi
1476 3289 1711 3354 praedictis
1723 3306 1827 3353 quae
1840 3288 2164 3335 crediderunt.
2183 3306 2205 3332 «
2227 3289 2306 3333 Est
2323 3295 2481 3333 autem
