2638 3866
756 242 1013 290 EPlTOME
1047 239 1414 288 THEOLOGIAE
1454 239 1844 288 CHRlSTIANAE.
2284 243 2369 292 591

229 351 341 393 hanc
372 360 499 406 super
527 345 614 387 hoc
642 343 898 387 sententiam
932 341 1119 402 profert,
1150 340 1270 400 quod
1300 339 1467 383 nullum
1498 352 1560 385 est
1588 343 1851 387 manifestius
1886 342 2094 387 indicium
2124 344 2383 387 remissionis

229 413 394 475 peccati
411 426 542 471 quam
562 410 778 469 lacrymae,
797 409 897 468 quia
920 423 973 451 ex
996 422 1082 466 quo
1100 422 1188 466 prae
1211 406 1346 449 nimio
1370 405 1520 451 dolore
1536 410 1701 468 peccati
1723 409 1767 451 in
1789 409 1998 469 lacrymas
2014 410 2108 468 quis
2124 410 2381 469 prorumpit,

231 490 396 525 certum
419 489 483 521 est
501 477 542 520 ei
564 486 792 536 peccatum
815 490 905 518 esse
930 473 1168 516 dimissum.
1185 471 1437 537 Notandum
1460 484 1622 529 tamen,
1647 475 1766 534 quod
1785 476 1819 519 si
1841 475 1983 536 pudor
2004 476 2075 519 ille
2095 475 2151 519 ad
2166 477 2386 536 propriam

231 560 463 607 personam
484 543 716 595 referatur,
742 540 942 601 superbia
960 549 1037 590 est,
1065 539 1099 580 si
1119 553 1222 580 vero
1246 536 1302 580 ad
1326 537 1565 594 ecclesiam,
1591 540 1853 601 dispensatio
1873 542 2069 585 salubris.
2093 541 2223 584 Unde
2246 543 2280 584 si
2303 541 2386 584 ali-

233 612 327 672 quis
350 626 451 654 cum
472 624 608 653 uxore
633 607 836 670 principis
857 614 1087 666 peccasset,
1113 602 1182 645 vel
1209 603 1294 645 tale
1318 602 1480 662 aliquid
1512 605 1678 650 fecisset
1692 640 1703 661 ,
1739 607 1859 666 quod
1884 609 1918 650 si
1940 608 2064 651 sciret
2086 607 2262 650 eeclesia
2285 607 2387 650 inde

234 676 485 721 scandalum
524 685 768 735 pateretur,
811 684 854 717 et
894 668 1155 715 conscientia
1191 683 1266 710 sua
1305 668 1345 711 ei
1377 679 1624 728 testaretur,
1671 674 1791 733 quod
1827 674 1861 716 si
1904 674 2167 734 parochiano
2205 690 2282 716 suo
2316 673 2385 716 di-

234 754 352 786 ceret
381 742 448 785 vel
481 742 613 784 etiam
650 740 776 783 alicui
808 739 938 783 celari
968 751 1057 780 non
1089 744 1259 794 posset,
1293 734 1327 776 si
1353 734 1453 788 hac,
1486 737 1679 797 inquam,
1712 739 2028 799 dispensatione
2055 740 2274 794 reticeret,
2302 755 2389 782 non

234 819 411 868 propter
431 808 516 850 hoc
541 806 797 850 aeternaliter
826 805 1065 866 puniretur.
1085 800 1128 843 Si
1142 814 1245 842 vero
1264 811 1441 859 propter
1468 818 1589 847 suam
1615 806 1835 865 propriam
1863 821 2092 865 personam
2107 806 2191 848 hoc
2215 806 2388 858 faceret,

235 889 288 916 ne
311 873 470 917 scilicet
485 873 656 916 infamis
679 883 723 915 et
743 869 1051 916 contemtibilis
1074 865 1191 926 apud
1212 864 1318 908 alios
1339 864 1475 923 fieret,
1494 871 1696 930 superbia
1712 870 1906 931 quidem,
1932 883 1976 914 et
1996 871 2122 914 valde
2146 871 2392 914 damnabile

236 950 362 983 esset.

1021 1154 1268 1214 CAPUT
1322 1156 1609 1216 XXXVII.

1047 1301 1108 1338 De
1127 1312 1291 1352 operum
1311 1299 1586 1340 satisfactione.

296 1428 401 1471 Viso
431 1427 486 1470 de
517 1426 660 1470 cordis
695 1425 978 1479 contritione,
1005 1423 1060 1468 de
1095 1425 1181 1468 oris
1210 1424 1502 1480 confessione,
1535 1424 1590 1468 de
1620 1440 1803 1484 operum
1829 1424 2115 1467 satisfactione
2149 1423 2395 1478 videamus,

241 1509 338 1553 quae
369 1495 518 1553 utique
552 1491 791 1535 admodum
825 1490 939 1534 utilis
970 1501 1034 1534 est
1072 1501 1249 1551 propter
1276 1491 1559 1551 temporalem
1599 1506 1799 1550 poenam,
1837 1507 1932 1549 quae
1972 1500 2181 1533 remanet.
2219 1490 2399 1533 AEterna

240 1575 429 1618 namque
465 1574 592 1619 poena
624 1559 814 1601 relaxata
833 1589 844 1611 ,
891 1557 1141 1617 temporalis
1178 1557 1461 1616 relinquitur,
1493 1567 1542 1599 ut
1585 1556 1704 1615 quod
1744 1557 1898 1599 animae
1934 1556 2080 1598 illicita
2115 1555 2401 1600 delectatione

242 1641 315 1668 seu
348 1626 479 1668 etiam
512 1623 674 1667 carnali
707 1622 928 1683 voluptate
958 1623 1234 1666 commissum
1265 1633 1342 1675 est,
1376 1622 1674 1665 satisfactionis
1708 1622 1990 1665 amaritudine
2022 1621 2151 1682 digne
2180 1633 2398 1681 purgetur.

242 1690 371 1734 Unde
406 1701 449 1734 et
481 1691 669 1733 Joannes
691 1689 868 1733 :Facite
896 1689 1051 1749 dignos
1085 1689 1247 1731 fructus
1278 1689 1560 1748 poenitentiae.
1595 1689 1718 1730 Tunc
1754 1688 1908 1748 dignos
1946 1687 2106 1730 fructus
2139 1688 2402 1746 poenitentiae

243 1756 443 1810 facimus,
473 1754 650 1815 quando
679 1754 799 1814 quod
821 1754 934 1797 male
964 1755 1239 1797 commissum
1260 1764 1324 1797 est
1354 1754 1400 1796 in
1422 1754 1622 1813 praesenti
1650 1754 1709 1796 sic
1726 1754 1948 1814 expiatur,
1974 1765 2023 1796 ut
2052 1753 2159 1796 nihil
2184 1754 2230 1795 in
2258 1754 2403 1796 futuro

242 1821 507 1881 expiandum
542 1821 827 1880 relinquatur.
865 1820 1259 1879 Quantumcunque
1288 1819 1504 1878 siquidem
1538 1819 1682 1862 futura
1712 1836 1841 1879 poena
1874 1835 2006 1879 parva
2037 1819 2260 1873 subsistat,
2294 1836 2405 1878 qua-

243 1887 350 1930 libet
377 1898 525 1930 tamen
553 1888 679 1944 hujus
702 1886 801 1929 vitae
834 1886 1080 1947 gravissima
1111 1887 1283 1946 gravior
1314 1901 1402 1929 esse
1424 1886 1716 1929 contenditur.
1744 1886 1966 1941 Quantum
1995 1886 2124 1946 igitur
2153 1886 2277 1942 hujus
2306 1888 2405 1928 vitae

243 1953 474 1996 satisfactio
512 1952 752 1995 necessaria
790 1952 844 1995 sit
860 1984 871 2004 ,
908 1967 963 1995 ex
1002 1952 1218 2012 praedictis
1260 1952 1444 2011 pleniter
1479 1952 1712 2011 probatum
1752 1967 1842 1995 esse
1885 1952 2098 1994 existimo.
2139 1951 2269 2006 Quod
2302 1967 2405 1994 vero

244 2019 457 2078 gehenna,
481 2018 657 2061 remissa
678 2033 824 2077 poena,
847 2018 1144 2077 temporaliter
1161 2019 1331 2072 existat,
1356 2019 1401 2060 in
1424 2018 1681 2077 baptismate
1704 2017 1930 2060 manifeste
1951 2028 2152 2076 apparet,
2185 2017 2283 2075 quia
2307 2033 2406 2060 cum

245 2084 306 2126 ibi
344 2086 543 2144 gehenna
588 2099 685 2142 quae
722 2099 803 2143 pro
846 2084 1044 2143 originali
1077 2094 1255 2143 peccato
1307 2083 1480 2126 dimissa
1524 2083 1577 2125 sit
1597 2115 1608 2134 ,
1653 2094 1800 2125 manet
1845 2094 1992 2125 tamen
2035 2082 2257 2125 dissolutio
2303 2098 2403 2124 cor-

244 2156 378 2214 poris,
415 2166 564 2198 manet
594 2166 638 2198 et
668 2169 900 2197 numerosa
931 2154 1180 2197 defectuum
1201 2153 1454 2197 multitudo.
1479 2154 1608 2196 Unde
1631 2154 1891 2213 Augustinus
1920 2154 1974 2196 de
2004 2154 2167 2213 origine
2200 2155 2364 2212 peccati
2393 2170 2402 2197 z

242 2222 429 2274 Transit,
455 2222 611 2279 inquit,
637 2231 778 2274 reatu,
793 2230 939 2262 manet
963 2230 1076 2262 actu.
1097 2219 1229 2274 Quod
1253 2235 1343 2262 non
1366 2219 1507 2262 solum
1529 2220 1587 2262 ob
1605 2221 1696 2276 jam
1721 2219 1882 2262 dictam
1902 2235 2075 2263 causam
2089 2220 2282 2279 contigit,
2308 2219 2401 2272 sed,

246 2298 295 2329 ut
324 2287 444 2330 idem
475 2287 534 2328 ait
564 2286 851 2346 Augustinus,
877 2301 1007 2345 poena
1028 2285 1109 2328 ista
1136 2285 1185 2328 fit
1212 2286 1393 2328 materia
1425 2285 1678 2329 exercendae
1699 2286 1883 2328 virtutis.
1915 2285 2066 2328 Omnis
2095 2286 2251 2345 quippe
2273 2286 2406 2328 virtus

246 2352 292 2394 in
316 2352 563 2395 infirmitate
585 2351 819 2412 perficitur.
842 2352 1057 2394 Remanet
1083 2367 1256 2410 quoque
1284 2352 1367 2394 hac
1397 2351 1452 2394 de
1475 2367 1598 2394 causa
1615 2384 1627 2404 ,
1651 2362 1700 2393 ut
1722 2351 1781 2394 ait
1801 2351 1919 2394 idem
1941 2352 2225 2411 Augustinus,
2251 2367 2306 2394 ne
2330 2351 2407 2394 ali—

248 2413 341 2471 quis
357 2412 413 2455 ad
431 2412 636 2472 baptismi
658 2422 974 2454 sacramentum
995 2410 1070 2453 ut²
1097 2411 1153 2454 ad
1186 2412 1408 2471 praesentis
1436 2412 1533 2454 vitae
1569 2411 1937 2454 immortalitatem
1979 2412 2202 2455 accederet
2239 2422 2282 2455 et
2317 2428 2402 2454 non

247 2489 424 2538 propter
432 2479 590 2532 Deum,
602 2488 646 2521 et
662 2477 721 2520 sic
737 2492 818 2520 nec
834 2477 962 2519 istam
977 2477 1110 2519 vitam
1128 2476 1258 2537 digne
1279 2477 1478 2531 haberet,
1496 2493 1577 2520 nec
1598 2477 1655 2520 ad
1674 2488 1881 2519 aeternam
1896 2478 2150 2537 perveniret.
2172 2478 2403 2520 Sciendum

247 2560 418 2603 quoque
441 2544 561 2603 quod
594 2560 649 2586 an
672 2554 850 2603 peccata
876 2543 993 2602 prius
1017 2542 1191 2586 dimissa
1212 2553 1363 2602 postea
1384 2543 1582 2598 redeant,
1608 2559 1632 2586 a
1646 2542 1661 2565 ²
1687 2542 1900 2602 plerisque
1923 2543 2174 2603 ambiguum
2196 2543 2364 2585 videtur
2391 2558 2400 2585 z

249 2611 369 2668 quod
391 2610 568 2669 quidem
597 2626 650 2653 ex
672 2609 743 2652 illa
767 2609 1015 2668 parabolica
1038 2608 1317 2652 similitudine
1345 2608 1522 2667 quidam
1546 2609 1760 2651 affirmare
1783 2609 1978 2651 nituntur
2005 2624 2013 2651 :
2040 2609 2168 2651 Serve
2191 2624 2377 2667 nequam
2391 2641 2402 2659 ,

251 2690 380 2718 omne
409 2675 606 2718 debitum
629 2675 772 2718 dimisi
794 2674 889 2717 tibi.
922 2675 1060 2734 Super
1078 2675 1194 2717 hunc
1217 2673 1430 2733 siquidem
1455 2674 1601 2716 locum
1622 2675 1682 2716 ait
1701 2675 2018 2733 Hieronymus:
2043 2674 2086 2716 Si
2109 2690 2198 2716 non
2229 2674 2406 2716 dimise-

250 2741 383 2783 rimus
399 2756 451 2784 ex
466 2741 615 2795 corde,
632 2740 751 2799 quod
773 2741 819 2782 in
840 2740 967 2782 nobis
990 2740 1271 2798 delinquitur,
1296 2750 1339 2782 et
1354 2740 1440 2782 hoc
1457 2740 1851 2799 perlpoenitentiam
1873 2740 2093 2782 dimissum
2113 2750 2220 2790 erat,
2239 2755 2263 2781 a
2280 2740 2407 2783 nobis

253 2809 451 2868 exigitur.
477 2808 601 2852 Idem
623 2824 795 2867 quoque
826 2808 977 2850 beatus
1005 2808 1237 2867 Gregorius
1258 2808 1304 2849 in
1327 2807 1517 2866 quadam
1537 2807 1715 2850 homilia
1747 2808 1821 2850 ait.
1847 2807 1932 2850 Sed
1957 2808 2017 2850 sic
2046 2807 2178 2851 debet
2199 2808 2402 2868 intelligi,

253 2874 373 2932 quod
384 2874 533 2917 dicunt
543 2874 597 2917 de
608 2873 749 2917 reditu
764 2873 948 2933 peccati:
962 2873 1169 2916 Peccator
1178 2872 1242 2927 fit,
1259 2874 1367 2916 sicut
1381 2873 1498 2932 prius
1509 2884 1616 2926 erat,
1641 2884 1685 2915 et
1701 2872 1755 2916 de
1773 2872 2080 2933 ingratitudine
2098 2873 2405 2917 misericordiae

253 2939 335 2982 sibi
356 2941 560 2999 impensae
589 2939 724 2999 magis
751 2954 848 2982 reus
870 2937 1068 2981 efficitur.
1093 2938 1149 2980 Et
1170 2939 1255 2980 hoc
1278 2949 1363 2992 est,
1393 2938 1513 2996 quod
1535 2938 1593 2980 ait
1614 2939 1660 2981 in
1682 2937 1754 2981 illa
1777 2938 1984 2998 parabola
2005 2955 2015 2982 ε
2036 2939 2195 2983 Nonne
2215 2941 2407 2999 oportuit

254 3016 298 3048 et
318 3016 360 3048 te
382 3002 574 3048 misereri
606 3005 801 3048 conservi
831 3004 895 3046 tui
915 3035 925 3052 ‚
950 3004 1058 3047 sicut
1090 3013 1134 3046 et
1156 3019 1237 3064 ego
1269 3005 1332 3046 tui
1363 3005 1558 3046 misertus
1589 3020 1685 3046 sum
1703 3036 1715 3058 ,
1740 3005 1860 3062 quasi
1881 3003 2043 3047 diceret
2069 3021 2079 3048 ε
2113 3005 2407 3049 misericordia

253 3071 448 3131 impensa
490 3072 681 3131 ingratus
703 3070 899 3123 extitisti,
926 3079 970 3112 et
994 3069 1095 3112 ideo
1123 3085 1214 3112 non
1242 3069 1378 3112 exibis
1408 3069 1525 3124 hinc,
1552 3069 1694 3113 donec
1724 3070 1882 3113 reddas
1913 3071 2158 3114 universum
2192 3071 2403 3115 debitum.

254 3137 513 3180 Universum
545 3137 722 3196 quidem
754 3135 952 3179 debitum
984 3134 1110 3188 dicit,
1148 3150 1238 3177 non
1269 3134 1377 3178 illud
1409 3134 1528 3194 quod
1558 3137 1649 3192 jam
1684 3135 1979 3179 condonatum
2009 3148 2125 3188 erat,
2159 3137 2236 3180 sed
2267 3139 2407 3197 potius

256 3203 592 3246 misericordiam
614 3218 742 3262 quam
773 3202 864 3244 aliis
891 3199 1144 3260 impendere
1174 3199 1326 3243 debuit
1345 3216 1426 3260 pro
1443 3216 1514 3255 eo,
1540 3200 1659 3259 quod
1683 3217 1708 3244 a
1730 3201 1910 3244 domino
1932 3202 2267 3246 misericordiam
2293 3218 2409 3245 acce-

301 3351 306 3368 ¹
317 3349 356 3382 Ut
366 3350 529 3391 supplevit
538 3349 739 3384 Rheinwald.
749 3369 791 3375 —
801 3351 813 3371 ²
820 3349 1015 3384 Rheinwald
1024 3350 1199 3383 delendum
1210 3359 1233 3383 a
1246 3349 1481 3382 existImat.—³
1488 3349 1683 3383 Rhelnwald
1693 3350 1937 3384 miserico-rdiae
1945 3351 2118 3394 imperas-{13
2126 3353 2221 3391 male,
2232 3357 2267 3383 ut
2276 3353 2404 3392 opinor.
