2638 3866
322 197 418 245 294
1131 190 1301 239 PETRI
1336 191 1649 240 ABAELARDI

322 315 380 346 eo
407 297 553 346 deleri
579 304 888 343 mererentur.
917 298 1037 343 Vasa
1059 295 1138 341 irae
1161 294 1275 341 dicit
1296 310 1396 352 eos»,
1426 295 1509 358 qui
1535 294 1763 342 omnibus
1792 294 1918 342 vitiis
1953 294 2082 360 pleni
2115 304 2242 356 sunt,
2278 292 2452 361 quibus

322 379 477 426 statim
501 375 804 424 irascendum
818 383 903 422 est.
920 379 977 423 Et
999 375 1094 423 hoc
1116 383 1185 422 est
1205 374 1340 439 quod
1357 373 1522 422 subdit
1544 374 1888 435 determinans,
1915 383 2062 441 «apta
2080 376 2129 422 in
2149 376 2411 437 interi-tum,
2426 394 2448 420 υ

323 458 368 504 id
394 467 461 505 est
483 457 625 519 digna
650 455 841 520 penitus
867 455 1033 503 deleri.
1066 455 1358 513 «Sustinuit,
1390 455 1606 518 inquam,
1639 473 1664 499 »
1701 471 1803 503 non
1833 456 1934 503 sine
1966 471 2125 517 causa,
2152 456 2236 504 sed
2258 465 2454 521 propter

324 539 417 585 hoc
440 546 491 583 ut
516 534 780 582 secundum
803 535 898 583 hoc
920 535 1053 600 quod
1069 535 1283 583 abundat
1303 535 1628 600 oppressi-onis
1651 536 1848 597 malitia,
1869 535 2134 584 abundaret
2153 537 2202 583 in
2217 536 2456 601 oppressis

322 617 492 663 divinae
519 615 836 662 miserationis
864 616 1095 680 potentia,
1125 631 1222 680 qua
1248 632 1361 663 suos
1392 626 1526 664 eruat
1564 616 1625 664 ad
1665 616 2061 682 glorificationem
2092 617 2183 664 sui.
2213 636 2236 660 «
2261 615 2456 664 Divitias

322 697 479 759 gloriae
499 733 511 757 ,
550 717 572 739 »
607 695 657 743 id
692 705 762 742 est
806 696 1131 744 excellentiam
1161 697 1385 762 potentiae
1427 713 1521 745 suae
1539 734 1551 757 ,
1589 714 1684 763 qua
1716 698 2021 763 glorificetur.
2064 717 2086 743 «
2119 699 2241 745 Vasa
2281 697 2457 744 miseri-

321 777 510 838 cordiae,
538 796 561 820 »
589 775 638 823 id
673 786 742 824 est
761 792 872 841 erga
892 776 1069 824 electos
1099 793 1230 836 suos,
1268 793 1390 843 quos
1419 778 1790 827 misericorditer
1821 789 2091 839 conservat,
2117 794 2179 825 ne
2200 777 2457 825 adversita·

321 856 445 904 tibus
466 858 739 920 frangantur
761 875 770 902 :
798 856 924 904 bene
948 872 1059 905 vasa
1078 858 1156 908 irae
1178 868 1225 906 et
1245 875 1358 907 vasa
1381 859 1717 907 misericordiae
1736 859 1851 907 dicit
1872 859 2137 909 secundum
2158 858 2455 924 propositam

320 938 380 985 de
407 939 529 985 vasis
558 937 688 1001 figuli
726 937 1104 986 similitudinem.
1145 942 1262 997 Quae
1295 940 1474 988 scilicet
1506 957 1619 989 vasa
1655 940 1995 989 misericordiae
2037 961 2058 984 c<
2088 939 2372 1005 praeparavit
2407 939 2454 986 in

320 1018 535 1080 gloriam,
557 1038 578 1061 »
617 1017 661 1064 id
699 1024 786 1079 est,
821 1018 1174 1083 praedestinavit
1207 1019 1270 1068 ad
1302 1030 1486 1068 aeternae
1519 1022 1625 1068 vitae
1661 1020 2024 1082 beatitudinem,
2064 1019 2137 1068 vel
2171 1019 2221 1066 in
2257 1018 2455 1082 gloriam

321 1115 472 1158 suam,
501 1107 551 1145 ut
575 1106 620 1145 et
645 1097 734 1163 ipsi
758 1115 869 1146 eum
891 1099 1138 1147 laudando
1175 1099 1235 1148 de
1268 1101 1598 1149 misericordia
1620 1110 1847 1168 percepta
1880 1100 2162 1165 glorificent.
2205 1119 2227 1143 «
2245 1101 2380 1157 Quos
2411 1109 2456 1147 et

319 1180 522 1226 vocavit.
544 1198 566 1222 »
593 1180 731 1226 Juxta
753 1179 822 1226 rei
842 1179 1259 1243 significationem,
1285 1198 1386 1229 non
1412 1182 1642 1247 praemissi
1674 1182 1886 1230 nominis
1909 1182 2270 1247 proprietatem,
2295 1178 2457 1227 ‘relati-

321 1275 430 1306 vum
450 1275 628 1306 nomen
649 1261 878 1324 supponit
893 1260 1058 1308 dicens
1075 1281 1097 1306 «
1116 1278 1256 1327 quos,
1276 1263 1584 1310 »masculino
1599 1275 1791 1326 genere,
1810 1267 1910 1310 non
1930 1282 1952 1306 t<
1970 1277 2075 1327 quae
2094 1282 2117 1305 »
2136 1270 2329 1321 neutro,
2345 1275 2456 1308 cum

321 1349 475 1386 tamen
498 1339 793 1404 praemissum
812 1357 991 1389 nomen
1013 1341 1147 1406 quod
1165 1350 1234 1389 est
1253 1343 1313 1389 sit
1335 1361 1355 1387 <t
1375 1359 1505 1402 vasa,
1525 1363 1547 1387 ³)
1567 1342 1630 1391 ad
1649 1342 1783 1408 quod
1807 1342 1973 1391 relatio
1996 1343 2057 1390 sit
2074 1341 2230 1389 neutri
2252 1340 2453 1404 generis.

318 1419 425 1466 Tale
450 1428 520 1467 est
540 1429 585 1467 et
608 1419 737 1486 apud
764 1421 1012 1484 Virgilium
1037 1423 1239 1471 mutatio
1263 1422 1448 1486 generis
1472 1423 1741 1471 secundum
1757 1422 2173 1488 significationem,
2204 1437 2320 1470 cum
2340 1420 2458 1469 dici-

321 1510 395 1547 tur
416 1519 425 1547 :
453 1519 476 1546 α
493 1503 727 1549 Praeneste
747 1501 837 1549 sub
864 1503 984 1569 ipsa.
1008 1522 1028 1549 n
1059 1507 1194 1562 Quos
1219 1504 1397 1552 scilicet
1420 1514 1467 1552 et
1491 1505 1592 1571 ipse
1615 1505 1824 1565 vocavit,
1850 1504 1900 1552 id
1936 1513 2008 1552 est
2041 1504 2228 1551 interna
2262 1501 2460 1567 inspira-

320 1582 448 1651 tione
468 1581 530 1629 ad
554 1597 604 1630 se
625 1583 784 1643 traxit,
805 1600 905 1630 non
930 1601 1016 1649 per
1037 1601 1087 1632 se
1110 1584 1173 1632 ad
1198 1602 1308 1632 cum
1335 1595 1585 1643 venerunt,
1613 1586 1820 1634 maxime
1837 1595 1886 1633 et
1907 1586 1957 1632 in
1977 1585 2079 1632 istis
2100 1598 2207 1649 quae
2234 1581 2459 1629 omnibus

320 1661 547 1724 exhibuit,
575 1661 637 1710 de
663 1662 912 1711 Pharaone
933 1664 1191 1726 miraculis,
1218 1666 1340 1712 sicut
1361 1666 1692 1731 supradictum
1711 1674 1798 1727 est,
1826 1675 1923 1712 «ut
1948 1664 2259 1712 annuntietur
2278 1677 2456 1710 nomen

321 1759 480 1789 meum
503 1744 551 1789 in
572 1743 795 1791 universa
810 1752 951 1792 terra.
972 1764 994 1788 υ
1017 1765 1040 1788 κ
1056 1747 1162 1792 Νοι]
1184 1745 1341 1792 solum
1363 1763 1422 1793 ex
1440 1749 1463 1792 J
1469 1746 1613 1793 udaeis
1629 1767 1650 1789 »
1667 1747 1868 1810 inquam
1886 1745 2075 1792 vocavit
2092 1760 2192 1804 eos,
2213 1741 2297 1790 sed
2316 1740 2458 1790 etiam

324 1843 345 1865 «
365 1839 422 1870 ex
441 1823 690 1885 Gentibus,
710 1844 733 1867 »
758 1841 870 1872 cum
892 1824 1111 1873 videlicet
1130 1824 1375 1873 audissent
1391 1826 1604 1874 Gentiles
1620 1835 1857 1891 quantum
1874 1840 2074 1872 manum
2093 1824 2142 1871 in
2159 1822 2458 1870 Pharaonem

321 1904 621 1965 exercuisset,
652 1904 774 1952 sicut
795 1914 843 1952 et
865 1905 1030 1954 Rahab
1049 1906 1252 1971 receptis
1274 1906 1658 1972 exploratoribus
1682 1905 1980 1953 confitetur¹.
2005 1923 2027 1950 «
2046 1905 2177 1952 Sicut
2198 1903 2248 1950 in
2265 1904 2406 1961 Osee,
2432 1922 2453 1945 n

320 1983 368 2030 id
395 1994 485 2045 est,
513 2001 599 2050 per
621 1987 745 2032 Osee
766 1986 1057 2052 Prophetam
1080 1987 1197 2034 dicit
1219 1987 1348 2052 ipse,
1376 1988 1556 2035 scilicet
1580 1987 1834 2034 Dominus.
1860 1976 1931 2034 De
1953 1986 2207 2033 vocatione
2230 1983 2458 2030 Gentium

319 2065 476 2128 primo
494 2064 823 2114 testimonium
835 2067 1037 2125 inducit,
1055 2076 1280 2133 praeterea
1295 2067 1356 2115 de
1369 2067 1645 2116 Judaeorum
1659 2067 1726 2114 ibi
1745 2085 1755 2113 ε
1778 2087 1800 2111 α
1822 2068 1965 2114 lsaias
1977 2076 2155 2126 autem,
2172 2073 2262 2112 etc.
2284 2084 2308 2107 »
2329 2083 2352 2107 α
2366 2065 2459 2111 Vo-

319 2144 456 2204 cabo,
481 2165 504 2190 >2
525 2145 574 2193 id
598 2155 668 2194 est
691 2147 921 2207 Gentiles,
945 2148 1028 2212 qui
1051 2149 1185 2213 prius
1209 2148 1325 2195 mihi
1352 2148 1554 2212 subjecti
1578 2148 1850 2195 nullatenus
1883 2156 2037 2206 erant,
2079 2146 2254 2193 timore
2279 2142 2461 2191 terribi-

319 2225 436 2273 lium
459 2226 578 2274 mihi
601 2227 887 2292 subjugabO,
915 2229 1032 2293 quia
1053 2229 1242 2276 initium
1280 2229 1523 2294 sapientiae
1557 2228 1703 2275 timor
1733 2228 1949 2288 Domini,
1986 2226 2068 2274 sed
2106 2224 2458 2273 consummatio

320 2307 502 2367 caritas,
525 2324 637 2356 cum
657 2307 719 2355 de
733 2308 878 2355 servis
896 2308 1020 2356 fiunt
1036 2310 1194 2369 amici,
1216 2309 1339 2356 sicut
1358 2319 1405 2356 et
1419 2326 1530 2356 mox
1552 2309 1769 2373 adjungit
1780 2308 1973 2355 dicens:
1996 2327 2019 2350 «
2037 2310 2093 2354 Et
2111 2322 2211 2353 non
2235 2304 2458 2352 dilectam

321 2386 559 2448 dilectam,
585 2407 608 2432 υ
635 2387 684 2435 id
705 2398 794 2450 est,
818 2389 1132 2454 postmodum
1155 2406 1239 2437 eos
1271 2390 1332 2437 de
1370 2391 1517 2438 servis
1548 2390 1597 2437 iu
1629 2389 1812 2436 amicos
1847 2387 2147 2445 transferam,
2186 2385 2307 2432 sicut
2337 2384 2459 2431 scri—

319 2476 455 2529 ptum
480 2470 604 2515 est²z
632 2471 776 2515 «Jam
794 2485 894 2516 non
920 2469 1075 2518 dicam
1109 2486 1197 2517 vos
1219 2486 1398 2531 servos,
1426 2480 1518 2517 etc.
1540 2489 1564 2515 »
1590 2468 1805 2528 Vocabo,
1845 2467 1894 2515 id
1930 2477 2000 2515 est
2037 2466 2265 2514 veraciter
2297 2465 2458 2511 vocari

320 2547 514 2609 faciam,
559 2567 582 2594 «
620 2556 669 2596 et
707 2565 807 2596 non
852 2549 1231 2598 misericordiam
1271 2560 1581 2598 consecutam
1596 2587 1609 2609 ,
1653 2548 2030 2596 misericordiam
2073 2553 2397 2594 consecutam.
2431 2563 2454 2588 υ

319 2628 467 2676 Multo
491 2628 599 2695 plus
618 2638 689 2677 est
711 2628 864 2677 filium
894 2630 997 2679 fieri
1021 2647 1168 2697 quam
1197 2631 1573 2679 misericordiam
1599 2630 1850 2695 consequi.
1886 2627 2011 2675 lllud
2044 2627 2224 2692 quippe
2263 2624 2460 2672 inchoa-

321 2708 462 2755 tionis
497 2719 583 2768 est,
620 2710 716 2758 hoc
752 2721 822 2758 est
850 2711 1172 2777 perfectionis·
1218 2712 1591 2759 Misericordiam
1624 2710 1969 2775 consequimur
2000 2724 2112 2756 cum
2141 2723 2231 2754 nos
2252 2708 2356 2752 Deo
2373 2721 2458 2752 vo—

322 2797 475 2849 cante,
498 2799 542 2836 et
565 2791 654 2838 nisi
678 2802 1019 2840 convertamur
1040 2793 1383 2854 comminante,
1410 2792 1473 2840 ad
1495 2793 1653 2858 ipsum
1673 2790 2019 2850 convertimur,
2051 2803 2111 2835 ne
2140 2787 2202 2835 ab
2232 2786 2337 2851 ipso
2370 2801 2458 2850 pu·

323 2865 527 2914 niamur.
548 2870 650 2917 Filii
672 2888 787 2919 vero
812 2872 1047 2921 efficimur
1069 2885 1182 2921 cum
1198 2874 1297 2937 jam
1317 2873 1526 2938 perfecta
1549 2873 1721 2920 caritas
1742 2871 1866 2919 foras
1886 2870 2028 2918 mittit
2051 2869 2183 2916 hunc
2215 2867 2452 2914 timorem.

324 2945 522 2993 Duobus
551 2948 711 3012 itaque
741 2954 1009 3017 praemissis,
1043 2954 1144 3002 duo
1177 2953 1278 3000 haec
1310 2953 1547 3017 sigillatim
1582 2953 1869 3011 reseruntur,
1905 2950 2041 3015 quasi
2076 2945 2378 2996 confirmatio
2408 2954 2456 2991 et

324 3026 556 3089 expositio
578 3032 949 3091 praemissorum.
982 3056 1003 3079 ε(
1023 3038 1075 3083 In
1094 3036 1223 3094 loco,
1248 3055 1269 3079 >2
1298 3034 1348 3081 id
1374 3035 1512 3082 estin
1539 3044 1663 3082 terra
1684 3033 1965 3092 Gentilium,
1987 3029 2070 3078 ubi
2086 3044 2174 3076 nec
2200 3025 2334 3092 plebs
2350 3039 2455 3071 mea

326 3104 545 3168 primitus
569 3116 686 3168 erat,
711 3110 806 3159 hoe
831 3124 899 3161 est
923 3132 1012 3163 nec
1039 3117 1183 3164 etiam
1211 3132 1297 3182 per
1318 3116 1542 3163 timorem
1573 3113 1690 3161 mihi
1717 3112 1917 3176 subjecti
1948 3129 1970 3156 «
1992 3110 2091 3170 filii,
2120 3127 2144 3153 »
2166 3107 2214 3154 id
2238 3114 2307 3154 est
2328 3103 2454 3152 filiali

367 3292 374 3310 ¹
392 3288 502 3331 Josur,
519 3301 589 3333 cap.
610 3301 657 3334 ιιι,
677 3302 707 3325 v.
727 3296 756 3327 6.
779 3314 813 3319 -
830 3298 840 3315 ²
856 3296 968 3339 leam,
988 3309 1056 3341 cap.
1076 3311 1129 3342 xv,
1149 3311 1178 3335 v.
1199 3304 1248 3336 15.
