<?xml version="1.0" encoding="UTF-8"?>
<!DOCTYPE html PUBLIC "-//W3C//DTD XHTML 1.0 Transitional//EN"
    "http://www.w3.org/TR/xhtml1/DTD/xhtml1-transitional.dtd">
<html xmlns="http://www.w3.org/1999/xhtml" xml:lang="en" lang="en">
 <head>
  <title>
</title>
<meta http-equiv="Content-Type" content="text/html;charset=utf-8" />
  <meta name='ocr-system' content='tesseract 3.04.00' />
  <meta name='ocr-capabilities' content='ocr_page ocr_carea ocr_par ocr_line ocrx_word'/>
</head>
<body>
  <div class='ocr_page' id='page_1' title='image "./operahactenusseo00abeluoft_0563.png"; bbox 0 0 2638 3866; ppageno 0'>
   <div class='ocr_carea' id='block_1_1' title="bbox 1017 226 2460 281">
    <p class='ocr_par' dir='ltr' id='par_1_1' title="bbox 1017 226 2460 281">
     <span class='ocr_line' id='line_1_1' title="bbox 1017 226 2460 281; baseline 0.006 -10"><span class='ocrx_word' id='word_1_1' title='bbox 1017 226 1361 275; x_wconf 84' lang='lat' dir='ltr'><strong>THEOLOGlA</strong></span> <span class='ocrx_word' id='word_1_2' title='bbox 1394 227 1764 278; x_wconf 81' lang='lat' dir='ltr'><strong>CHRISTIANA.</strong></span> <span class='ocrx_word' id='word_1_3' title='bbox 2365 232 2460 281; x_wconf 86' lang='lat'><strong>553</strong></span> 
     </span>
    </p>
   </div>
   <div class='ocr_carea' id='block_1_2' title="bbox 306 322 2464 3215">
    <p class='ocr_par' dir='ltr' id='par_1_2' title="bbox 306 322 2464 3215">
     <span class='ocr_line' id='line_1_2' title="bbox 311 322 2461 399; baseline 0.006 -30"><span class='ocrx_word' id='word_1_4' title='bbox 311 340 399 389; x_wconf 91' lang='lat' dir='ltr'><strong>per</strong></span> <span class='ocrx_word' id='word_1_5' title='bbox 421 340 476 372; x_wconf 85' lang='lat' dir='ltr'><strong>ea</strong></span> <span class='ocrx_word' id='word_1_6' title='bbox 501 340 606 389; x_wconf 84' lang='lat' dir='ltr'><strong>quae</strong></span> <span class='ocrx_word' id='word_1_7' title='bbox 629 332 728 372; x_wconf 86' lang='lat' dir='ltr'><strong>tam</strong></span> <span class='ocrx_word' id='word_1_8' title='bbox 751 322 1031 372; x_wconf 88' lang='lat' dir='ltr'><strong>mirabiliter</strong></span> <span class='ocrx_word' id='word_1_9' title='bbox 1053 336 1101 373; x_wconf 89' lang='lat' dir='ltr'><strong>et</strong></span> <span class='ocrx_word' id='word_1_10' title='bbox 1123 326 1233 375; x_wconf 78' lang='lat' dir='ltr'><strong>facit</strong></span> <span class='ocrx_word' id='word_1_11' title='bbox 1255 337 1303 376; x_wconf 89' lang='lat' dir='ltr'><strong>et</strong></span> <span class='ocrx_word' id='word_1_12' title='bbox 1325 324 1537 392; x_wconf 85' lang='lat' dir='ltr'><strong>ordinat,</strong></span> <span class='ocrx_word' id='word_1_13' title='bbox 1565 346 1622 377; x_wconf 84' lang='lat' dir='ltr'><strong>ex</strong></span> <span class='ocrx_word' id='word_1_14' title='bbox 1645 330 1760 396; x_wconf 90' lang='lat' dir='ltr'><strong>ipsis</strong></span> <span class='ocrx_word' id='word_1_15' title='bbox 1794 331 1892 378; x_wconf 90' lang='lat' dir='ltr'><strong>suis</strong></span> <span class='ocrx_word' id='word_1_16' title='bbox 1915 341 2125 395; x_wconf 90' lang='lat' dir='ltr'><strong>quantus</strong></span> <span class='ocrx_word' id='word_1_17' title='bbox 2149 333 2209 380; x_wconf 85' lang='lat' dir='ltr'><strong>sit</strong></span> <span class='ocrx_word' id='word_1_18' title='bbox 2230 332 2461 399; x_wconf 90' lang='lat' dir='ltr'><strong>operibus</strong></span> 
     </span>
     <span class='ocr_line' id='line_1_3' title="bbox 312 404 2461 475; baseline 0.005 -24"><span class='ocrx_word' id='word_1_19' title='bbox 312 404 568 465; x_wconf 80' lang='lat' dir='ltr'><strong>indicaret3</strong></span> <span class='ocrx_word' id='word_1_20' title='bbox 611 405 724 470; x_wconf 89' lang='lat' dir='ltr'><strong>quia</strong></span> <span class='ocrx_word' id='word_1_21' title='bbox 753 414 800 453; x_wconf 92' lang='lat' dir='ltr'><strong>et</strong></span> <span class='ocrx_word' id='word_1_22' title='bbox 824 421 914 470; x_wconf 87' lang='lat' dir='ltr'><strong>pro</strong></span> <span class='ocrx_word' id='word_1_23' title='bbox 948 406 1173 470; x_wconf 83' lang='lat' dir='ltr'><strong>qualitate</strong></span> <span class='ocrx_word' id='word_1_24' title='bbox 1202 425 1405 475; x_wconf 89' lang='lat' dir='ltr'><strong>operum</strong></span> <span class='ocrx_word' id='word_1_25' title='bbox 1439 427 1545 475; x_wconf 84' lang='lat' dir='ltr'><strong>quae</strong></span> <span class='ocrx_word' id='word_1_26' title='bbox 1574 410 1817 469; x_wconf 86' lang='lat' dir='ltr'><strong>videntur,</strong></span> <span class='ocrx_word' id='word_1_27' title='bbox 1857 411 2068 460; x_wconf 88' lang='lat' dir='ltr'><strong>absentis</strong></span> <span class='ocrx_word' id='word_1_28' title='bbox 2096 413 2290 462; x_wconf 84' lang='lat' dir='ltr'><strong>artificis</strong></span> <span class='ocrx_word' id='word_1_29' title='bbox 2321 414 2461 462; x_wconf 90' lang='lat' dir='ltr'><strong>indu-</strong></span> 
     </span>
     <span class='ocr_line' id='line_1_4' title="bbox 313 485 2458 559; baseline 0.005 -27"><span class='ocrx_word' id='word_1_30' title='bbox 313 486 476 534; x_wconf 88' lang='lat' dir='ltr'><strong>striam</strong></span> <span class='ocrx_word' id='word_1_31' title='bbox 509 485 847 552; x_wconf 83' lang='lat' dir='ltr'><strong>dijudicamus.</strong></span> <span class='ocrx_word' id='word_1_32' title='bbox 886 488 990 534; x_wconf 91' lang='lat' dir='ltr'><strong>Hoc</strong></span> <span class='ocrx_word' id='word_1_33' title='bbox 1023 487 1223 552; x_wconf 90' lang='lat' dir='ltr'><strong>quidem</strong></span> <span class='ocrx_word' id='word_1_34' title='bbox 1255 490 1403 541; x_wconf 86' lang='lat' dir='ltr'><strong>modo</strong></span> <span class='ocrx_word' id='word_1_35' title='bbox 1437 500 1485 538; x_wconf 89' lang='lat' dir='ltr'><strong>et</strong></span> <span class='ocrx_word' id='word_1_36' title='bbox 1516 491 1617 556; x_wconf 91' lang='lat' dir='ltr'><strong>ipse</strong></span> <span class='ocrx_word' id='word_1_37' title='bbox 1652 491 1873 557; x_wconf 87' lang='lat' dir='ltr'><strong>perhibet</strong></span> <span class='ocrx_word' id='word_1_38' title='bbox 1912 494 2165 559; x_wconf 83' lang='lat' dir='ltr'><strong>Apostolus</strong></span> <span class='ocrx_word' id='word_1_39' title='bbox 2196 498 2352 543; x_wconf 89' lang='lat' dir='ltr'><strong>Deum</strong></span> <span class='ocrx_word' id='word_1_40' title='bbox 2387 496 2458 543; x_wconf 91' lang='lat' dir='ltr'><strong>sui</strong></span> 
     </span>
     <span class='ocr_line' id='line_1_5' title="bbox 316 566 2461 636; baseline 0.005 -23"><span class='ocrx_word' id='word_1_41' title='bbox 316 567 534 614; x_wconf 84' lang='lat' dir='ltr'><strong>notitiam</strong></span> <span class='ocrx_word' id='word_1_42' title='bbox 560 566 780 632; x_wconf 84' lang='lat' dir='ltr'><strong>reprobis</strong></span> <span class='ocrx_word' id='word_1_43' title='bbox 802 583 999 632; x_wconf 90' lang='lat' dir='ltr'><strong>quoque</strong></span> <span class='ocrx_word' id='word_1_44' title='bbox 1022 567 1282 616; x_wconf 89' lang='lat' dir='ltr'><strong>contulisse</strong></span> <span class='ocrx_word' id='word_1_45' title='bbox 1311 587 1320 615; x_wconf 90' lang='lat'>:</span> <span class='ocrx_word' id='word_1_46' title='bbox 1343 570 1478 633; x_wconf 85' lang='lat' dir='ltr'><strong>juxta</strong></span> <span class='ocrx_word' id='word_1_47' title='bbox 1500 571 1634 636; x_wconf 92' lang='lat' dir='ltr'><strong>quod</strong></span> <span class='ocrx_word' id='word_1_48' title='bbox 1662 572 1723 620; x_wconf 91' lang='lat' dir='ltr'><strong>ad</strong></span> <span class='ocrx_word' id='word_1_49' title='bbox 1748 575 1991 622; x_wconf 86' lang='lat' dir='ltr'><strong>Romanos</strong></span> <span class='ocrx_word' id='word_1_50' title='bbox 2012 574 2242 635; x_wconf 90' lang='lat' dir='ltr'><strong>scribens,</strong></span> <span class='ocrx_word' id='word_1_51' title='bbox 2269 577 2461 624; x_wconf 89' lang='lat' dir='ltr'><strong>inexcu-</strong></span> 
     </span>
     <span class='ocr_line' id='line_1_6' title="bbox 314 646 2460 723; baseline 0.006 -29"><span class='ocrx_word' id='word_1_52' title='bbox 314 646 513 695; x_wconf 89' lang='lat' dir='ltr'><strong>sabilem</strong></span> <span class='ocrx_word' id='word_1_53' title='bbox 537 664 732 697; x_wconf 90' lang='lat' dir='ltr'><strong>omnem</strong></span> <span class='ocrx_word' id='word_1_54' title='bbox 758 648 1009 696; x_wconf 89' lang='lat' dir='ltr'><strong>hominem</strong></span> <span class='ocrx_word' id='word_1_55' title='bbox 1034 665 1134 696; x_wconf 89' lang='lat' dir='ltr'><strong>esse</strong></span> <span class='ocrx_word' id='word_1_56' title='bbox 1157 650 1417 713; x_wconf 89' lang='lat' dir='ltr'><strong>convincit,</strong></span> <span class='ocrx_word' id='word_1_57' title='bbox 1444 662 1491 700; x_wconf 89' lang='lat' dir='ltr'><strong>et</strong></span> <span class='ocrx_word' id='word_1_58' title='bbox 1513 653 1575 700; x_wconf 89' lang='lat' dir='ltr'><strong>de</strong></span> <span class='ocrx_word' id='word_1_59' title='bbox 1595 663 1843 702; x_wconf 91' lang='lat' dir='ltr'><strong>contemtu</strong></span> <span class='ocrx_word' id='word_1_60' title='bbox 1869 656 1942 703; x_wconf 91' lang='lat' dir='ltr'><strong>sui</strong></span> <span class='ocrx_word' id='word_1_61' title='bbox 1967 656 2235 705; x_wconf 85' lang='lat' dir='ltr'><strong>conditoris</strong></span> <span class='ocrx_word' id='word_1_62' title='bbox 2258 673 2460 723; x_wconf 86' lang='lat' dir='ltr'><strong>arguen-</strong></span> 
     </span>
     <span class='ocr_line' id='line_1_7' title="bbox 313 727 2461 797; baseline 0.006 -23"><span class='ocrx_word' id='word_1_63' title='bbox 313 727 430 776; x_wconf 91' lang='lat' dir='ltr'><strong>dum</strong></span> <span class='ocrx_word' id='word_1_64' title='bbox 446 767 458 790; x_wconf 91' lang='lat'><strong>,</strong></span> <span class='ocrx_word' id='word_1_65' title='bbox 487 745 601 776; x_wconf 91' lang='lat' dir='ltr'><strong>cum</strong></span> <span class='ocrx_word' id='word_1_66' title='bbox 624 729 724 794; x_wconf 87' lang='lat' dir='ltr'><strong>ejus</strong></span> <span class='ocrx_word' id='word_1_67' title='bbox 746 729 966 777; x_wconf 83' lang='lat' dir='ltr'><strong>notitiam</strong></span> <span class='ocrx_word' id='word_1_68' title='bbox 988 730 1062 777; x_wconf 88' lang='lat' dir='ltr'><strong>lex</strong></span> <span class='ocrx_word' id='word_1_69' title='bbox 1098 730 1202 796; x_wconf 88' lang='lat' dir='ltr'><strong>ipsa</strong></span> <span class='ocrx_word' id='word_1_70' title='bbox 1223 732 1474 794; x_wconf 86' lang='lat' dir='ltr'><strong>naturalis,</strong></span> <span class='ocrx_word' id='word_1_71' title='bbox 1503 750 1609 797; x_wconf 89' lang='lat' dir='ltr'><strong>quae</strong></span> <span class='ocrx_word' id='word_1_72' title='bbox 1632 734 1682 782; x_wconf 93' lang='lat' dir='ltr'><strong>in</strong></span> <span class='ocrx_word' id='word_1_73' title='bbox 1713 736 1898 783; x_wconf 89' lang='lat' dir='ltr'><strong>ratione</strong></span> <span class='ocrx_word' id='word_1_74' title='bbox 1920 737 2158 793; x_wconf 85' lang='lat' dir='ltr'><strong>consistit,</strong></span> <span class='ocrx_word' id='word_1_75' title='bbox 2192 738 2334 785; x_wconf 90' lang='lat' dir='ltr'><strong>etiam</strong></span> <span class='ocrx_word' id='word_1_76' title='bbox 2358 739 2461 786; x_wconf 90' lang='lat' dir='ltr'><strong>sine</strong></span> 
     </span>
     <span class='ocr_line' id='line_1_8' title="bbox 312 808 2456 884; baseline 0.006 -30"><span class='ocrx_word' id='word_1_77' title='bbox 312 808 492 874; x_wconf 89' lang='lat' dir='ltr'><strong>scripto</strong></span> <span class='ocrx_word' id='word_1_78' title='bbox 532 809 580 855; x_wconf 92' lang='lat' dir='ltr'><strong>in</strong></span> <span class='ocrx_word' id='word_1_79' title='bbox 618 810 722 875; x_wconf 77' lang='lat' dir='ltr'><strong>ipsa</strong></span> <span class='ocrx_word' id='word_1_80' title='bbox 761 825 965 875; x_wconf 91' lang='lat' dir='ltr'><strong>operum</strong></span> <span class='ocrx_word' id='word_1_81' title='bbox 1000 810 1101 875; x_wconf 90' lang='lat' dir='ltr'><strong>ejus</strong></span> <span class='ocrx_word' id='word_1_82' title='bbox 1135 811 1432 860; x_wconf 83' lang='lat' dir='ltr'><strong>exhibitione</strong></span> <span class='ocrx_word' id='word_1_83' title='bbox 1469 814 1700 863; x_wconf 91' lang='lat' dir='ltr'><strong>omnibus</strong></span> <span class='ocrx_word' id='word_1_84' title='bbox 1735 815 1941 864; x_wconf 78' lang='lat' dir='ltr'><strong>afferret.</strong></span> <span class='ocrx_word' id='word_1_85' title='bbox 1981 818 2053 864; x_wconf 86' lang='lat' dir='ltr'><strong>Ait</strong></span> <span class='ocrx_word' id='word_1_86' title='bbox 2100 819 2279 884; x_wconf 87' lang='lat' dir='ltr'><strong>quippe</strong></span> <span class='ocrx_word' id='word_1_87' title='bbox 2314 820 2408 866; x_wconf 90' lang='lat' dir='ltr'><strong>sic¹</strong></span> <span class='ocrx_word' id='word_1_88' title='bbox 2446 838 2456 865; x_wconf 74' lang='grc' dir='ltr'>ε</span> 
     </span>
     <span class='ocr_line' id='line_1_9' title="bbox 317 888 2459 961; baseline 0.006 -27"><span class='ocrx_word' id='word_1_89' title='bbox 317 908 339 931; x_wconf 87' lang='lat'>«</span> <span class='ocrx_word' id='word_1_90' title='bbox 365 888 616 937; x_wconf 86' lang='lat' dir='ltr'><strong>Revelatur</strong></span> <span class='ocrx_word' id='word_1_91' title='bbox 639 890 710 937; x_wconf 91' lang='lat' dir='ltr'><strong>ira</strong></span> <span class='ocrx_word' id='word_1_92' title='bbox 739 891 828 938; x_wconf 88' lang='lat' dir='ltr'><strong>Dei</strong></span> <span class='ocrx_word' id='word_1_93' title='bbox 854 890 915 939; x_wconf 94' lang='lat' dir='ltr'><strong>de</strong></span> <span class='ocrx_word' id='word_1_94' title='bbox 937 891 1061 939; x_wconf 90' lang='lat' dir='ltr'><strong>coelo</strong></span> <span class='ocrx_word' id='word_1_95' title='bbox 1084 908 1229 958; x_wconf 91' lang='lat' dir='ltr'><strong>super</strong></span> <span class='ocrx_word' id='word_1_96' title='bbox 1249 909 1445 941; x_wconf 89' lang='lat' dir='ltr'><strong>omnem</strong></span> <span class='ocrx_word' id='word_1_97' title='bbox 1469 895 1762 961; x_wconf 86' lang='lat' dir='ltr'><strong>impietatem</strong></span> <span class='ocrx_word' id='word_1_98' title='bbox 1778 934 1791 957; x_wconf 92' lang='lat'>‚</span> <span class='ocrx_word' id='word_1_99' title='bbox 1827 907 1875 945; x_wconf 92' lang='lat' dir='ltr'><strong>et</strong></span> <span class='ocrx_word' id='word_1_100' title='bbox 1897 897 2176 961; x_wconf 88' lang='lat' dir='ltr'><strong>injustitiam</strong></span> <span class='ocrx_word' id='word_1_101' title='bbox 2204 898 2459 947; x_wconf 86' lang='lat' dir='ltr'><strong>hominum</strong></span> 
     </span>
     <span class='ocr_line' id='line_1_10' title="bbox 314 970 2460 1042; baseline 0.005 -26"><span class='ocrx_word' id='word_1_102' title='bbox 314 985 484 1017; x_wconf 88' lang='lat' dir='ltr'><strong>eorum</strong></span> <span class='ocrx_word' id='word_1_103' title='bbox 513 970 597 1035; x_wconf 89' lang='lat' dir='ltr'><strong>qui</strong></span> <span class='ocrx_word' id='word_1_104' title='bbox 615 971 864 1018; x_wconf 88' lang='lat' dir='ltr'><strong>veritatem</strong></span> <span class='ocrx_word' id='word_1_105' title='bbox 887 973 977 1019; x_wconf 90' lang='lat' dir='ltr'><strong>Dei</strong></span> <span class='ocrx_word' id='word_1_106' title='bbox 1001 973 1049 1020; x_wconf 92' lang='lat' dir='ltr'><strong>in</strong></span> <span class='ocrx_word' id='word_1_107' title='bbox 1075 972 1301 1037; x_wconf 87' lang='lat' dir='ltr'><strong>injustitia</strong></span> <span class='ocrx_word' id='word_1_108' title='bbox 1326 973 1543 1023; x_wconf 87' lang='lat' dir='ltr'><strong>detinent</strong></span> <span class='ocrx_word' id='word_1_109' title='bbox 1568 995 1579 1023; x_wconf 71' lang='grc' dir='ltr'><em>ε</em></span> <span class='ocrx_word' id='word_1_110' title='bbox 1607 978 1720 1042; x_wconf 91' lang='lat' dir='ltr'><strong>quia</strong></span> <span class='ocrx_word' id='word_1_111' title='bbox 1744 977 1878 1042; x_wconf 88' lang='lat' dir='ltr'><strong>quod</strong></span> <span class='ocrx_word' id='word_1_112' title='bbox 1900 988 2073 1026; x_wconf 92' lang='lat' dir='ltr'><strong>notum</strong></span> <span class='ocrx_word' id='word_1_113' title='bbox 2098 989 2169 1026; x_wconf 87' lang='lat' dir='ltr'><strong>cst</strong></span> <span class='ocrx_word' id='word_1_114' title='bbox 2194 980 2281 1026; x_wconf 91' lang='lat' dir='ltr'><strong>Dei</strong></span> <span class='ocrx_word' id='word_1_115' title='bbox 2308 981 2460 1028; x_wconf 87' lang='lat' dir='ltr'><strong>mani-</strong></span> 
     </span>
     <span class='ocr_line' id='line_1_11' title="bbox 314 1049 2461 1124; baseline 0.005 -27"><span class='ocrx_word' id='word_1_116' title='bbox 314 1049 485 1098; x_wconf 89' lang='lat' dir='ltr'><strong>festum</strong></span> <span class='ocrx_word' id='word_1_117' title='bbox 517 1061 588 1099; x_wconf 87' lang='lat' dir='ltr'><strong>est</strong></span> <span class='ocrx_word' id='word_1_118' title='bbox 620 1051 728 1099; x_wconf 91' lang='lat' dir='ltr'><strong>illis.</strong></span> <span class='ocrx_word' id='word_1_119' title='bbox 765 1055 895 1100; x_wconf 92' lang='lat' dir='ltr'><strong>Deus</strong></span> <span class='ocrx_word' id='word_1_120' title='bbox 926 1054 1057 1101; x_wconf 88' lang='lat' dir='ltr'><strong>enim</strong></span> <span class='ocrx_word' id='word_1_121' title='bbox 1082 1053 1173 1102; x_wconf 92' lang='lat' dir='ltr'><strong>illis</strong></span> <span class='ocrx_word' id='word_1_122' title='bbox 1195 1054 1532 1103; x_wconf 85' lang='lat' dir='ltr'><strong>manifestavit.</strong></span> <span class='ocrx_word' id='word_1_123' title='bbox 1559 1056 1819 1106; x_wconf 89' lang='lat' dir='ltr'><strong>Invisibilia</strong></span> <span class='ocrx_word' id='word_1_124' title='bbox 1847 1058 1978 1105; x_wconf 91' lang='lat' dir='ltr'><strong>enim</strong></span> <span class='ocrx_word' id='word_1_125' title='bbox 2009 1059 2156 1124; x_wconf 90' lang='lat' dir='ltr'><strong>ipsius</strong></span> <span class='ocrx_word' id='word_1_126' title='bbox 2188 1075 2216 1106; x_wconf 92' lang='lat' dir='ltr'><strong>a</strong></span> <span class='ocrx_word' id='word_1_127' title='bbox 2247 1070 2461 1108; x_wconf 89' lang='lat' dir='ltr'><strong>creatura</strong></span> 
     </span>
     <span class='ocr_line' id='line_1_12' title="bbox 314 1130 2462 1205; baseline 0.005 -28"><span class='ocrx_word' id='word_1_128' title='bbox 314 1130 484 1178; x_wconf 89' lang='lat' dir='ltr'><strong>mundi</strong></span> <span class='ocrx_word' id='word_1_129' title='bbox 515 1149 602 1197; x_wconf 91' lang='lat' dir='ltr'><strong>per</strong></span> <span class='ocrx_word' id='word_1_130' title='bbox 631 1148 688 1180; x_wconf 92' lang='lat' dir='ltr'><strong>ea</strong></span> <span class='ocrx_word' id='word_1_131' title='bbox 719 1149 825 1197; x_wconf 88' lang='lat' dir='ltr'><strong>quae</strong></span> <span class='ocrx_word' id='word_1_132' title='bbox 854 1132 977 1181; x_wconf 87' lang='lat' dir='ltr'><strong>facta</strong></span> <span class='ocrx_word' id='word_1_133' title='bbox 1002 1143 1114 1181; x_wconf 92' lang='lat' dir='ltr'><strong>sunt</strong></span> <span class='ocrx_word' id='word_1_134' title='bbox 1143 1134 1381 1183; x_wconf 90' lang='lat' dir='ltr'><strong>intellecta</strong></span> <span class='ocrx_word' id='word_1_135' title='bbox 1413 1137 1795 1203; x_wconf 88' lang='lat' dir='ltr'><strong>conspiciuntur,</strong></span> <span class='ocrx_word' id='word_1_136' title='bbox 1829 1139 2116 1204; x_wconf 88' lang='lat' dir='ltr'><strong>sempiterna</strong></span> <span class='ocrx_word' id='word_1_137' title='bbox 2141 1156 2337 1205; x_wconf 92' lang='lat' dir='ltr'><strong>quoque</strong></span> <span class='ocrx_word' id='word_1_138' title='bbox 2360 1141 2462 1204; x_wconf 87' lang='lat' dir='ltr'><strong>ejus</strong></span> 
     </span>
     <span class='ocr_line' id='line_1_13' title="bbox 313 1211 2459 1283; baseline 0.005 -26"><span class='ocrx_word' id='word_1_139' title='bbox 313 1211 464 1258; x_wconf 87' lang='lat' dir='ltr'><strong>virtus</strong></span> <span class='ocrx_word' id='word_1_140' title='bbox 489 1221 535 1259; x_wconf 89' lang='lat' dir='ltr'><strong>et</strong></span> <span class='ocrx_word' id='word_1_141' title='bbox 559 1212 800 1275; x_wconf 80' lang='lat' dir='ltr'><strong>divinitas,</strong></span> <span class='ocrx_word' id='word_1_142' title='bbox 827 1214 891 1262; x_wconf 88' lang='lat' dir='ltr'><strong>ita</strong></span> <span class='ocrx_word' id='word_1_143' title='bbox 914 1224 969 1261; x_wconf 90' lang='lat' dir='ltr'><strong>ut</strong></span> <span class='ocrx_word' id='word_1_144' title='bbox 991 1215 1084 1262; x_wconf 92' lang='lat' dir='ltr'><strong>sint</strong></span> <span class='ocrx_word' id='word_1_145' title='bbox 1108 1215 1455 1264; x_wconf 88' lang='lat' dir='ltr'><strong>inexcusabiles</strong></span> <span class='ocrx_word' id='word_1_146' title='bbox 1483 1235 1493 1263; x_wconf 91' lang='lat'>:</span> <span class='ocrx_word' id='word_1_147' title='bbox 1522 1219 1634 1283; x_wconf 90' lang='lat' dir='ltr'><strong>quia</strong></span> <span class='ocrx_word' id='word_1_148' title='bbox 1659 1236 1771 1266; x_wconf 90' lang='lat' dir='ltr'><strong>cum</strong></span> <span class='ocrx_word' id='word_1_149' title='bbox 1794 1220 2134 1283; x_wconf 85' lang='lat' dir='ltr'><strong>cognovissent</strong></span> <span class='ocrx_word' id='word_1_150' title='bbox 2156 1222 2331 1281; x_wconf 90' lang='lat' dir='ltr'><strong>Deum,</strong></span> <span class='ocrx_word' id='word_1_151' title='bbox 2359 1237 2459 1269; x_wconf 90' lang='lat' dir='ltr'><strong>non</strong></span> 
     </span>
     <span class='ocr_line' id='line_1_14' title="bbox 313 1291 2461 1367; baseline 0.006 -30"><span class='ocrx_word' id='word_1_152' title='bbox 313 1291 434 1338; x_wconf 89' lang='lat' dir='ltr'><strong>sicut</strong></span> <span class='ocrx_word' id='word_1_153' title='bbox 468 1295 627 1339; x_wconf 90' lang='lat' dir='ltr'><strong>Deum</strong></span> <span class='ocrx_word' id='word_1_154' title='bbox 667 1293 1080 1357; x_wconf 86' lang='lat' dir='ltr'><strong>glorificaverunt,</strong></span> <span class='ocrx_word' id='word_1_155' title='bbox 1122 1307 1204 1344; x_wconf 90' lang='lat' dir='ltr'><strong>aut</strong></span> <span class='ocrx_word' id='word_1_156' title='bbox 1235 1298 1407 1362; x_wconf 77' lang='lat' dir='ltr'><strong>gratIas</strong></span> <span class='ocrx_word' id='word_1_157' title='bbox 1431 1309 1646 1362; x_wconf 86' lang='lat' dir='ltr'><strong>egerunt.</strong></span> <span class='ocrx_word' id='word_1_158' title='bbox 1673 1321 1695 1344; x_wconf 83' lang='lat'><strong>&gt;›</strong></span> <span class='ocrx_word' id='word_1_159' title='bbox 1732 1303 1788 1347; x_wconf 91' lang='lat' dir='ltr'><strong>Et</strong></span> <span class='ocrx_word' id='word_1_160' title='bbox 1820 1310 1930 1365; x_wconf 92' lang='lat' dir='ltr'><strong>post</strong></span> <span class='ocrx_word' id='word_1_161' title='bbox 1962 1301 2183 1366; x_wconf 75' lang='lat' dir='ltr'><strong>aliqua¹t</strong></span> <span class='ocrx_word' id='word_1_162' title='bbox 2215 1320 2235 1346; x_wconf 88' lang='lat'>«</span> <span class='ocrx_word' id='word_1_163' title='bbox 2261 1305 2461 1367; x_wconf 77' lang='lat' dir='ltr'><strong>Propter</strong></span> 
     </span>
     <span class='ocr_line' id='line_1_15' title="bbox 312 1373 2462 1447; baseline 0.005 -28"><span class='ocrx_word' id='word_1_164' title='bbox 312 1373 445 1436; x_wconf 88' lang='lat' dir='ltr'><strong>quod</strong></span> <span class='ocrx_word' id='word_1_165' title='bbox 477 1374 812 1423; x_wconf 85' lang='lat' dir='ltr'><strong>inexcusabilis</strong></span> <span class='ocrx_word' id='word_1_166' title='bbox 845 1393 912 1438; x_wconf 87' lang='lat' dir='ltr'><strong>es,</strong></span> <span class='ocrx_word' id='word_1_167' title='bbox 940 1392 970 1423; x_wconf 93' lang='lat' dir='ltr'><strong>o</strong></span> <span class='ocrx_word' id='word_1_168' title='bbox 993 1376 1144 1425; x_wconf 88' lang='lat' dir='ltr'><strong>homo</strong></span> <span class='ocrx_word' id='word_1_169' title='bbox 1167 1379 1345 1436; x_wconf 89' lang='lat' dir='ltr'><strong>omnis,</strong></span> <span class='ocrx_word' id='word_1_170' title='bbox 1372 1379 1454 1444; x_wconf 92' lang='lat' dir='ltr'><strong>qui</strong></span> <span class='ocrx_word' id='word_1_171' title='bbox 1475 1380 1689 1444; x_wconf 83' lang='lat' dir='ltr'><strong>judicas,</strong></span> <span class='ocrx_word' id='word_1_172' title='bbox 1714 1400 1738 1426; x_wconf 89' lang='lat'>»</span> <span class='ocrx_word' id='word_1_173' title='bbox 1763 1381 1859 1429; x_wconf 88' lang='lat' dir='ltr'><strong>hoc</strong></span> <span class='ocrx_word' id='word_1_174' title='bbox 1891 1392 1961 1429; x_wconf 91' lang='lat' dir='ltr'><strong>est</strong></span> <span class='ocrx_word' id='word_1_175' title='bbox 1988 1384 2071 1447; x_wconf 83' lang='lat' dir='ltr'><strong>qui</strong></span> <span class='ocrx_word' id='word_1_176' title='bbox 2095 1383 2292 1430; x_wconf 89' lang='lat' dir='ltr'><strong>rationis</strong></span> <span class='ocrx_word' id='word_1_177' title='bbox 2318 1384 2462 1430; x_wconf 87' lang='lat' dir='ltr'><strong>uteris</strong></span> 
     </span>
     <span class='ocr_line' id='line_1_16' title="bbox 306 1452 2460 1526; baseline 0.006 -27"><span class='ocrx_word' id='word_1_178' title='bbox 306 1452 491 1516; x_wconf 89' lang='lat' dir='ltr'><strong>judicio</strong></span> <span class='ocrx_word' id='word_1_179' title='bbox 528 1454 576 1500; x_wconf 90' lang='lat' dir='ltr'><strong>in</strong></span> <span class='ocrx_word' id='word_1_180' title='bbox 607 1454 751 1503; x_wconf 90' lang='lat' dir='ltr'><strong>bonis</strong></span> <span class='ocrx_word' id='word_1_181' title='bbox 781 1466 829 1503; x_wconf 88' lang='lat' dir='ltr'><strong>et</strong></span> <span class='ocrx_word' id='word_1_182' title='bbox 854 1456 991 1503; x_wconf 89' lang='lat' dir='ltr'><strong>malis</strong></span> <span class='ocrx_word' id='word_1_183' title='bbox 1023 1457 1376 1519; x_wconf 89' lang='lat' dir='ltr'><strong>discernendis,</strong></span> <span class='ocrx_word' id='word_1_184' title='bbox 1411 1469 1555 1524; x_wconf 89' lang='lat' dir='ltr'><strong>atque</strong></span> <span class='ocrx_word' id='word_1_185' title='bbox 1579 1462 1626 1507; x_wconf 87' lang='lat' dir='ltr'><strong>in</strong></span> <span class='ocrx_word' id='word_1_186' title='bbox 1660 1461 1774 1526; x_wconf 89' lang='lat' dir='ltr'><strong>ipsis</strong></span> <span class='ocrx_word' id='word_1_187' title='bbox 1799 1464 2026 1510; x_wconf 89' lang='lat' dir='ltr'><strong>creatoris</strong></span> <span class='ocrx_word' id='word_1_188' title='bbox 2053 1473 2101 1510; x_wconf 89' lang='lat' dir='ltr'><strong>et</strong></span> <span class='ocrx_word' id='word_1_189' title='bbox 2134 1473 2460 1511; x_wconf 88' lang='lat' dir='ltr'><strong>creaturarum</strong></span> 
     </span>
     <span class='ocr_line' id='line_1_17' title="bbox 312 1533 2462 1610; baseline 0.006 -30"><span class='ocrx_word' id='word_1_190' title='bbox 312 1533 642 1583; x_wconf 88' lang='lat' dir='ltr'><strong>discernendis</strong></span> <span class='ocrx_word' id='word_1_191' title='bbox 680 1538 879 1585; x_wconf 87' lang='lat' dir='ltr'><strong>naturis.</strong></span> <span class='ocrx_word' id='word_1_192' title='bbox 921 1538 1060 1586; x_wconf 89' lang='lat' dir='ltr'><strong>Unde</strong></span> <span class='ocrx_word' id='word_1_193' title='bbox 1098 1549 1145 1586; x_wconf 94' lang='lat' dir='ltr'><strong>et</strong></span> <span class='ocrx_word' id='word_1_194' title='bbox 1175 1539 1405 1587; x_wconf 78' lang='lat' dir='ltr'><strong>Salomon</strong></span> <span class='ocrx_word' id='word_1_195' title='bbox 1443 1541 1707 1589; x_wconf 89' lang='lat' dir='ltr'><strong>nonnullos</strong></span> <span class='ocrx_word' id='word_1_196' title='bbox 1743 1543 1913 1590; x_wconf 90' lang='lat' dir='ltr'><strong>mundi</strong></span> <span class='ocrx_word' id='word_1_197' title='bbox 1952 1545 2190 1610; x_wconf 88' lang='lat' dir='ltr'><strong>sapientes</strong></span> <span class='ocrx_word' id='word_1_198' title='bbox 2228 1561 2277 1591; x_wconf 91' lang='lat' dir='ltr'><strong>se</strong></span> <span class='ocrx_word' id='word_1_199' title='bbox 2317 1544 2462 1592; x_wconf 85' lang='lat' dir='ltr'><strong>vehe-</strong></span> 
     </span>
     <span class='ocr_line' id='line_1_18' title="bbox 312 1617 2464 1688; baseline 0.005 -28"><span class='ocrx_word' id='word_1_200' title='bbox 312 1624 502 1662; x_wconf 90' lang='lat' dir='ltr'><strong>menter</strong></span> <span class='ocrx_word' id='word_1_201' title='bbox 538 1617 703 1664; x_wconf 89' lang='lat' dir='ltr'><strong>mirari</strong></span> <span class='ocrx_word' id='word_1_202' title='bbox 738 1619 973 1679; x_wconf 88' lang='lat' dir='ltr'><strong>insinuat,</strong></span> <span class='ocrx_word' id='word_1_203' title='bbox 1010 1619 1261 1685; x_wconf 88' lang='lat' dir='ltr'><strong>quomodo</strong></span> <span class='ocrx_word' id='word_1_204' title='bbox 1292 1621 1471 1668; x_wconf 88' lang='lat' dir='ltr'><strong>scilicet</strong></span> <span class='ocrx_word' id='word_1_205' title='bbox 1504 1622 1743 1670; x_wconf 90' lang='lat' dir='ltr'><strong>mundum</strong></span> <span class='ocrx_word' id='word_1_206' title='bbox 1777 1624 1964 1671; x_wconf 89' lang='lat' dir='ltr'><strong>ratione</strong></span> <span class='ocrx_word' id='word_1_207' title='bbox 1987 1624 2302 1688; x_wconf 87' lang='lat' dir='ltr'><strong>vestigarent,</strong></span> <span class='ocrx_word' id='word_1_208' title='bbox 2328 1635 2464 1672; x_wconf 88' lang='lat' dir='ltr'><strong>natu-</strong></span> 
     </span>
     <span class='ocr_line' id='line_1_19' title="bbox 312 1697 2462 1765; baseline 0.005 -24"><span class='ocrx_word' id='word_1_209' title='bbox 312 1710 511 1760; x_wconf 89' lang='lat' dir='ltr'><strong>ramque</strong></span> <span class='ocrx_word' id='word_1_210' title='bbox 532 1697 683 1761; x_wconf 87' lang='lat' dir='ltr'><strong>ipsius</strong></span> <span class='ocrx_word' id='word_1_211' title='bbox 706 1714 792 1763; x_wconf 91' lang='lat' dir='ltr'><strong>per</strong></span> <span class='ocrx_word' id='word_1_212' title='bbox 811 1699 1023 1763; x_wconf 85' lang='lat' dir='ltr'><strong>singulas</strong></span> <span class='ocrx_word' id='word_1_213' title='bbox 1042 1699 1144 1763; x_wconf 91' lang='lat' dir='ltr'><strong>ejus</strong></span> <span class='ocrx_word' id='word_1_214' title='bbox 1169 1709 1329 1765; x_wconf 89' lang='lat' dir='ltr'><strong>partes</strong></span> <span class='ocrx_word' id='word_1_215' title='bbox 1352 1700 1584 1748; x_wconf 88' lang='lat' dir='ltr'><strong>disserere</strong></span> <span class='ocrx_word' id='word_1_216' title='bbox 1612 1703 1773 1750; x_wconf 89' lang='lat' dir='ltr'><strong>conati</strong></span> <span class='ocrx_word' id='word_1_217' title='bbox 1796 1704 1908 1764; x_wconf 89' lang='lat' dir='ltr'><strong>sint,</strong></span> <span class='ocrx_word' id='word_1_218' title='bbox 1949 1704 2172 1752; x_wconf 92' lang='lat' dir='ltr'><strong>nondum</strong></span> <span class='ocrx_word' id='word_1_219' title='bbox 2197 1714 2462 1752; x_wconf 88' lang='lat' dir='ltr'><strong>creatorem</strong></span> 
     </span>
     <span class='ocr_line' id='line_1_20' title="bbox 311 1774 2459 1849; baseline 0.005 -28"><span class='ocrx_word' id='word_1_220' title='bbox 311 1774 459 1839; x_wconf 86' lang='lat' dir='ltr'><strong>ipsius</strong></span> <span class='ocrx_word' id='word_1_221' title='bbox 487 1777 949 1842; x_wconf 86' lang='lat' dir='ltr'><strong>animadvertentes,</strong></span> <span class='ocrx_word' id='word_1_222' title='bbox 993 1796 1139 1844; x_wconf 88' lang='lat' dir='ltr'><strong>quem</strong></span> <span class='ocrx_word' id='word_1_223' title='bbox 1178 1779 1363 1828; x_wconf 86' lang='lat' dir='ltr'><strong>facilius</strong></span> <span class='ocrx_word' id='word_1_224' title='bbox 1392 1781 1580 1828; x_wconf 87' lang='lat' dir='ltr'><strong>ratione</strong></span> <span class='ocrx_word' id='word_1_225' title='bbox 1616 1782 1864 1848; x_wconf 89' lang='lat' dir='ltr'><strong>percipere</strong></span> <span class='ocrx_word' id='word_1_226' title='bbox 1898 1794 2140 1849; x_wconf 91' lang='lat' dir='ltr'><strong>poterant.</strong></span> <span class='ocrx_word' id='word_1_227' title='bbox 2186 1785 2459 1845; x_wconf 73' lang='lat' dir='ltr'><strong>«Si‘enim,</strong></span> 
     </span>
     <span class='ocr_line' id='line_1_21' title="bbox 310 1855 2463 1930; baseline 0.005 -29"><span class='ocrx_word' id='word_1_228' title='bbox 310 1855 506 1920; x_wconf 80' lang='lat' dir='ltr'><strong>inquit³,</strong></span> <span class='ocrx_word' id='word_1_229' title='bbox 533 1867 724 1906; x_wconf 88' lang='lat' dir='ltr'><strong>tantum</strong></span> <span class='ocrx_word' id='word_1_230' title='bbox 748 1868 1013 1924; x_wconf 89' lang='lat' dir='ltr'><strong>potuerunt</strong></span> <span class='ocrx_word' id='word_1_231' title='bbox 1043 1860 1189 1921; x_wconf 88' lang='lat' dir='ltr'><strong>scire,</strong></span> <span class='ocrx_word' id='word_1_232' title='bbox 1219 1869 1272 1907; x_wconf 93' lang='lat' dir='ltr'><strong>ut</strong></span> <span class='ocrx_word' id='word_1_233' title='bbox 1295 1871 1490 1926; x_wconf 88' lang='lat' dir='ltr'><strong>possent</strong></span> <span class='ocrx_word' id='word_1_234' title='bbox 1512 1862 1746 1910; x_wconf 80' lang='lat' dir='ltr'><strong>aestimare</strong></span> <span class='ocrx_word' id='word_1_235' title='bbox 1770 1864 2014 1925; x_wconf 66' lang='lat' dir='ltr'><strong>saeculum,</strong></span> <span class='ocrx_word' id='word_1_236' title='bbox 2043 1863 2292 1929; x_wconf 91' lang='lat' dir='ltr'><strong>quomodo</strong></span> <span class='ocrx_word' id='word_1_237' title='bbox 2315 1865 2463 1930; x_wconf 92' lang='lat' dir='ltr'><strong>ipsius</strong></span> 
     </span>
     <span class='ocr_line' id='line_1_22' title="bbox 309 1936 2462 1992; baseline 0.005 -10"><span class='ocrx_word' id='word_1_238' title='bbox 309 1936 481 1983; x_wconf 89' lang='lat' dir='ltr'><strong>mundi</strong></span> <span class='ocrx_word' id='word_1_239' title='bbox 518 1940 673 1985; x_wconf 91' lang='lat' dir='ltr'><strong>Deum</strong></span> <span class='ocrx_word' id='word_1_240' title='bbox 712 1948 760 1987; x_wconf 91' lang='lat' dir='ltr'><strong>et</strong></span> <span class='ocrx_word' id='word_1_241' title='bbox 798 1949 1068 1988; x_wconf 88' lang='lat' dir='ltr'><strong>creatorem</strong></span> <span class='ocrx_word' id='word_1_242' title='bbox 1107 1957 1208 1988; x_wconf 89' lang='lat' dir='ltr'><strong>non</strong></span> <span class='ocrx_word' id='word_1_243' title='bbox 1247 1940 1430 1989; x_wconf 85' lang='lat' dir='ltr'><strong>facilius</strong></span> <span class='ocrx_word' id='word_1_244' title='bbox 1469 1943 1832 1991; x_wconf 81' lang='lat' dir='ltr'><strong>invenerunt?»</strong></span> <span class='ocrx_word' id='word_1_245' title='bbox 1875 1946 1981 1991; x_wconf 91' lang='lat' dir='ltr'><strong>Hoc</strong></span> <span class='ocrx_word' id='word_1_246' title='bbox 2017 1953 2065 1991; x_wconf 90' lang='lat' dir='ltr'><strong>et</strong></span> <span class='ocrx_word' id='word_1_247' title='bbox 2086 1943 2164 1992; x_wconf 90' lang='lat' dir='ltr'><strong>ille</strong></span> <span class='ocrx_word' id='word_1_248' title='bbox 2182 1945 2462 1992; x_wconf 88' lang='lat' dir='ltr'><strong>Latinorum</strong></span> 
     </span>
     <span class='ocr_line' id='line_1_23' title="bbox 308 2018 2462 2091; baseline 0.005 -28"><span class='ocrx_word' id='word_1_249' title='bbox 308 2018 545 2066; x_wconf 86' lang='lat' dir='ltr'><strong>maximus</strong></span> <span class='ocrx_word' id='word_1_250' title='bbox 579 2018 988 2086; x_wconf 87' lang='lat' dir='ltr'><strong>philosophorum</strong></span> <span class='ocrx_word' id='word_1_251' title='bbox 1021 2021 1200 2069; x_wconf 89' lang='lat' dir='ltr'><strong>Tullius</strong></span> <span class='ocrx_word' id='word_1_252' title='bbox 1238 2021 1492 2085; x_wconf 82' lang='lat' dir='ltr'><strong>diligenter</strong></span> <span class='ocrx_word' id='word_1_253' title='bbox 1536 2025 1761 2086; x_wconf 88' lang='lat' dir='ltr'><strong>intuitus,</strong></span> <span class='ocrx_word' id='word_1_254' title='bbox 1800 2041 1913 2071; x_wconf 93' lang='lat' dir='ltr'><strong>cum</strong></span> <span class='ocrx_word' id='word_1_255' title='bbox 1946 2041 2045 2071; x_wconf 91' lang='lat' dir='ltr'><strong>non</strong></span> <span class='ocrx_word' id='word_1_256' title='bbox 2088 2025 2244 2073; x_wconf 90' lang='lat' dir='ltr'><strong>solum</strong></span> <span class='ocrx_word' id='word_1_257' title='bbox 2282 2027 2462 2091; x_wconf 91' lang='lat' dir='ltr'><strong>optime</strong></span> 
     </span>
     <span class='ocr_line' id='line_1_24' title="bbox 311 2097 2462 2171; baseline 0.004 -26"><span class='ocrx_word' id='word_1_258' title='bbox 311 2097 515 2159; x_wconf 80' lang='lat' dir='ltr'><strong>sactum,</strong></span> <span class='ocrx_word' id='word_1_259' title='bbox 550 2116 720 2148; x_wconf 90' lang='lat' dir='ltr'><strong>verum</strong></span> <span class='ocrx_word' id='word_1_260' title='bbox 753 2102 1106 2167; x_wconf 88' lang='lat' dir='ltr'><strong>etiam-optime</strong></span> <span class='ocrx_word' id='word_1_261' title='bbox 1130 2102 1324 2167; x_wconf 93' lang='lat' dir='ltr'><strong>disponi</strong></span> <span class='ocrx_word' id='word_1_262' title='bbox 1351 2104 1591 2150; x_wconf 90' lang='lat' dir='ltr'><strong>mundum</strong></span> <span class='ocrx_word' id='word_1_263' title='bbox 1619 2105 1944 2169; x_wconf 81' lang='lat' dir='ltr'><strong>conspiceret3</strong></span> <span class='ocrx_word' id='word_1_264' title='bbox 1973 2105 2276 2170; x_wconf 90' lang='lat' dir='ltr'><strong>providentia</strong></span> <span class='ocrx_word' id='word_1_265' title='bbox 2302 2106 2350 2152; x_wconf 91' lang='lat' dir='ltr'><strong>id</strong></span> <span class='ocrx_word' id='word_1_266' title='bbox 2378 2124 2462 2171; x_wconf 92' lang='lat' dir='ltr'><strong>po-</strong></span> 
     </span>
     <span class='ocr_line' id='line_1_25' title="bbox 308 2179 2459 2249; baseline 0.004 -24"><span class='ocrx_word' id='word_1_267' title='bbox 308 2179 402 2227; x_wconf 90' lang='lat' dir='ltr'><strong>tius</strong></span> <span class='ocrx_word' id='word_1_268' title='bbox 436 2180 511 2243; x_wconf 86' lang='lat' dir='ltr'><strong>agi</strong></span> <span class='ocrx_word' id='word_1_269' title='bbox 536 2196 684 2244; x_wconf 88' lang='lat' dir='ltr'><strong>quam</strong></span> <span class='ocrx_word' id='word_1_270' title='bbox 707 2181 1265 2243; x_wconf 76' lang='lat' dir='ltr'><strong>fortuitu‘confirmans,</strong></span> <span class='ocrx_word' id='word_1_271' title='bbox 1310 2193 1407 2230; x_wconf 90' lang='lat' dir='ltr'><strong>tam</strong></span> <span class='ocrx_word' id='word_1_272' title='bbox 1447 2200 1585 2231; x_wconf 91' lang='lat' dir='ltr'><strong>suam</strong></span> <span class='ocrx_word' id='word_1_273' title='bbox 1621 2183 1764 2231; x_wconf 91' lang='lat' dir='ltr'><strong>nobis</strong></span> <span class='ocrx_word' id='word_1_274' title='bbox 1795 2185 1844 2231; x_wconf 93' lang='lat' dir='ltr'><strong>in</strong></span> <span class='ocrx_word' id='word_1_275' title='bbox 1879 2184 1975 2232; x_wconf 93' lang='lat' dir='ltr'><strong>hoc</strong></span> <span class='ocrx_word' id='word_1_276' title='bbox 2009 2201 2156 2249; x_wconf 91' lang='lat' dir='ltr'><strong>quam</strong></span> <span class='ocrx_word' id='word_1_277' title='bbox 2188 2195 2459 2233; x_wconf 84' lang='lat' dir='ltr'><strong>ceterorum</strong></span> 
     </span>
     <span class='ocr_line' id='line_1_26' title="bbox 309 2260 2460 2329; baseline 0.003 -23"><span class='ocrx_word' id='word_1_278' title='bbox 309 2260 546 2307; x_wconf 89' lang='lat' dir='ltr'><strong>rationem</strong></span> <span class='ocrx_word' id='word_1_279' title='bbox 570 2263 790 2326; x_wconf 89' lang='lat' dir='ltr'><strong>exposuit</strong></span> <span class='ocrx_word' id='word_1_280' title='bbox 811 2262 1235 2329; x_wconf 89' lang='lat' dir='ltr'><strong>philosophorum.</strong></span> <span class='ocrx_word' id='word_1_281' title='bbox 1252 2263 1392 2311; x_wconf 91' lang='lat' dir='ltr'><strong>Unde</strong></span> <span class='ocrx_word' id='word_1_282' title='bbox 1413 2263 1533 2311; x_wconf 92' lang='lat' dir='ltr'><strong>illud</strong></span> <span class='ocrx_word' id='word_1_283' title='bbox 1562 2265 1611 2311; x_wconf 88' lang='lat' dir='ltr'><strong>in</strong></span> <span class='ocrx_word' id='word_1_284' title='bbox 1635 2264 1793 2329; x_wconf 89' lang='lat' dir='ltr'><strong>primo</strong></span> <span class='ocrx_word' id='word_1_285' title='bbox 1810 2264 2069 2312; x_wconf 68' lang='lat' dir='ltr'><strong>Rhetoricae</strong></span> <span class='ocrx_word' id='word_1_286' title='bbox 2087 2285 2103 2311; x_wconf 91' lang='lat'><strong>.·</strong></span> <span class='ocrx_word' id='word_1_287' title='bbox 2120 2284 2143 2311; x_wconf 91' lang='lat'>«</span> <span class='ocrx_word' id='word_1_288' title='bbox 2162 2265 2349 2327; x_wconf 89' lang='lat' dir='ltr'><strong>Melius,</strong></span> <span class='ocrx_word' id='word_1_289' title='bbox 2375 2267 2460 2314; x_wconf 88' lang='lat' dir='ltr'><strong>in—</strong></span> 
     </span>
     <span class='ocr_line' id='line_1_27' title="bbox 311 2340 2454 2410; baseline 0.002 -22"><span class='ocrx_word' id='word_1_290' title='bbox 311 2340 413 2405; x_wconf 89' lang='lat' dir='ltr'><strong>quit</strong></span> <span class='ocrx_word' id='word_1_291' title='bbox 423 2342 453 2403; x_wconf 76' lang='lat'><strong>⁴,</strong></span> <span class='ocrx_word' id='word_1_292' title='bbox 477 2353 765 2391; x_wconf 89' lang='lat' dir='ltr'><strong>accurantur</strong></span> <span class='ocrx_word' id='word_1_293' title='bbox 781 2361 886 2409; x_wconf 87' lang='lat' dir='ltr'><strong>quae</strong></span> <span class='ocrx_word' id='word_1_294' title='bbox 909 2344 1112 2392; x_wconf 89' lang='lat' dir='ltr'><strong>consilio</strong></span> <span class='ocrx_word' id='word_1_295' title='bbox 1131 2354 1379 2409; x_wconf 87' lang='lat' dir='ltr'><strong>geruntur,</strong></span> <span class='ocrx_word' id='word_1_296' title='bbox 1400 2361 1547 2410; x_wconf 91' lang='lat' dir='ltr'><strong>quam</strong></span> <span class='ocrx_word' id='word_1_297' title='bbox 1570 2362 1675 2410; x_wconf 86' lang='lat' dir='ltr'><strong>quae</strong></span> <span class='ocrx_word' id='word_1_298' title='bbox 1701 2346 1804 2393; x_wconf 90' lang='lat' dir='ltr'><strong>sine</strong></span> <span class='ocrx_word' id='word_1_299' title='bbox 1824 2345 2026 2393; x_wconf 91' lang='lat' dir='ltr'><strong>consilio</strong></span> <span class='ocrx_word' id='word_1_300' title='bbox 2043 2345 2454 2394; x_wconf 86' lang='lat' dir='ltr'><strong>administrantur.</strong></span> 
     </span>
     <span class='ocr_line' id='line_1_28' title="bbox 312 2421 2459 2491; baseline 0.003 -24"><span class='ocrx_word' id='word_1_301' title='bbox 312 2421 556 2470; x_wconf 85' lang='lat' dir='ltr'><strong>Exercitus</strong></span> <span class='ocrx_word' id='word_1_302' title='bbox 580 2423 619 2471; x_wconf 94' lang='lat' dir='ltr'><strong>is</strong></span> <span class='ocrx_word' id='word_1_303' title='bbox 647 2425 724 2471; x_wconf 89' lang='lat' dir='ltr'><strong>cui</strong></span> <span class='ocrx_word' id='word_1_304' title='bbox 757 2426 1042 2491; x_wconf 80' lang='lat' dir='ltr'><strong>praepositus</strong></span> <span class='ocrx_word' id='word_1_305' title='bbox 1070 2435 1141 2473; x_wconf 87' lang='lat' dir='ltr'><strong>est</strong></span> <span class='ocrx_word' id='word_1_306' title='bbox 1159 2426 1363 2491; x_wconf 57' lang='lat' dir='ltr'><strong>*sapiens</strong></span> <span class='ocrx_word' id='word_1_307' title='bbox 1388 2435 1435 2473; x_wconf 92' lang='lat' dir='ltr'><strong>et</strong></span> <span class='ocrx_word' id='word_1_308' title='bbox 1460 2425 1660 2473; x_wconf 90' lang='lat' dir='ltr'><strong>callidus</strong></span> <span class='ocrx_word' id='word_1_309' title='bbox 1684 2426 1962 2490; x_wconf 89' lang='lat' dir='ltr'><strong>imperator,</strong></span> <span class='ocrx_word' id='word_1_310' title='bbox 1995 2425 2223 2473; x_wconf 91' lang='lat' dir='ltr'><strong>omnibus</strong></span> <span class='ocrx_word' id='word_1_311' title='bbox 2247 2427 2459 2491; x_wconf 91' lang='lat' dir='ltr'><strong>partibus</strong></span> 
     </span>
     <span class='ocr_line' id='line_1_29' title="bbox 310 2504 2452 2572; baseline 0.002 -23"><span class='ocrx_word' id='word_1_312' title='bbox 310 2504 617 2553; x_wconf 87' lang='lat' dir='ltr'><strong>commodius</strong></span> <span class='ocrx_word' id='word_1_313' title='bbox 647 2507 843 2571; x_wconf 88' lang='lat' dir='ltr'><strong>regitur,</strong></span> <span class='ocrx_word' id='word_1_314' title='bbox 874 2523 1020 2571; x_wconf 93' lang='lat' dir='ltr'><strong>quam</strong></span> <span class='ocrx_word' id='word_1_315' title='bbox 1053 2507 1093 2554; x_wconf 91' lang='lat' dir='ltr'><strong>is</strong></span> <span class='ocrx_word' id='word_1_316' title='bbox 1117 2507 1201 2572; x_wconf 90' lang='lat' dir='ltr'><strong>qui</strong></span> <span class='ocrx_word' id='word_1_317' title='bbox 1225 2507 1491 2555; x_wconf 87' lang='lat' dir='ltr'><strong>temeritate</strong></span> <span class='ocrx_word' id='word_1_318' title='bbox 1520 2516 1602 2555; x_wconf 89' lang='lat' dir='ltr'><strong>aut</strong></span> <span class='ocrx_word' id='word_1_319' title='bbox 1625 2506 1819 2554; x_wconf 87' lang='lat' dir='ltr'><strong>stultitia</strong></span> <span class='ocrx_word' id='word_1_320' title='bbox 1851 2507 2050 2572; x_wconf 89' lang='lat' dir='ltr'><strong>alicujus</strong></span> <span class='ocrx_word' id='word_1_321' title='bbox 2080 2507 2452 2555; x_wconf 85' lang='lat' dir='ltr'><strong>administratur.</strong></span> 
     </span>
     <span class='ocr_line' id='line_1_30' title="bbox 311 2584 2458 2654; baseline 0.002 -23"><span class='ocrx_word' id='word_1_322' title='bbox 311 2584 491 2632; x_wconf 92' lang='lat' dir='ltr'><strong>Eadem</strong></span> <span class='ocrx_word' id='word_1_323' title='bbox 514 2587 690 2652; x_wconf 87' lang='lat' dir='ltr'><strong>navigii</strong></span> <span class='ocrx_word' id='word_1_324' title='bbox 716 2589 839 2637; x_wconf 91' lang='lat' dir='ltr'><strong>ratio</strong></span> <span class='ocrx_word' id='word_1_325' title='bbox 862 2598 947 2637; x_wconf 87' lang='lat' dir='ltr'><strong>est.</strong></span> <span class='ocrx_word' id='word_1_326' title='bbox 971 2608 994 2632; x_wconf 92' lang='lat'>»</span> <span class='ocrx_word' id='word_1_327' title='bbox 1024 2592 1127 2636; x_wconf 91' lang='lat' dir='ltr'><strong>Hoc</strong></span> <span class='ocrx_word' id='word_1_328' title='bbox 1150 2589 1312 2652; x_wconf 90' lang='lat' dir='ltr'><strong>itaque</strong></span> <span class='ocrx_word' id='word_1_329' title='bbox 1333 2589 1586 2654; x_wconf 85' lang='lat' dir='ltr'><strong>proposito</strong></span> <span class='ocrx_word' id='word_1_330' title='bbox 1612 2588 1870 2636; x_wconf 91' lang='lat' dir='ltr'><strong>collatione</strong></span> <span class='ocrx_word' id='word_1_331' title='bbox 1891 2588 2259 2636; x_wconf 87' lang='lat' dir='ltr'><strong>similitudinum</strong></span> <span class='ocrx_word' id='word_1_332' title='bbox 2281 2605 2458 2636; x_wconf 88' lang='lat' dir='ltr'><strong>conve-</strong></span> 
     </span>
     <span class='ocr_line' id='line_1_31' title="bbox 310 2665 2454 2734; baseline 0.002 -23"><span class='ocrx_word' id='word_1_333' title='bbox 310 2665 499 2713; x_wconf 91' lang='lat' dir='ltr'><strong>nienter</strong></span> <span class='ocrx_word' id='word_1_334' title='bbox 514 2677 743 2729; x_wconf 91' lang='lat' dir='ltr'><strong>astructo,</strong></span> <span class='ocrx_word' id='word_1_335' title='bbox 769 2670 1114 2717; x_wconf 84' lang='lat' dir='ltr'><strong>assumtionem</strong></span> <span class='ocrx_word' id='word_1_336' title='bbox 1135 2670 1292 2717; x_wconf 91' lang='lat' dir='ltr'><strong>statim</strong></span> <span class='ocrx_word' id='word_1_337' title='bbox 1316 2685 1578 2733; x_wconf 86' lang='lat' dir='ltr'><strong>aggregans</strong></span> <span class='ocrx_word' id='word_1_338' title='bbox 1593 2669 1871 2734; x_wconf 85' lang='lat' dir='ltr'><strong>syllogismi,</strong></span> <span class='ocrx_word' id='word_1_339' title='bbox 1900 2691 1921 2713; x_wconf 91' lang='lat'>«</span> <span class='ocrx_word' id='word_1_340' title='bbox 1940 2669 2063 2716; x_wconf 89' lang='lat' dir='ltr'><strong>Nihil</strong></span> <span class='ocrx_word' id='word_1_341' title='bbox 2078 2679 2258 2729; x_wconf 89' lang='lat' dir='ltr'><strong>autem,</strong></span> <span class='ocrx_word' id='word_1_342' title='bbox 2281 2669 2454 2734; x_wconf 87' lang='lat' dir='ltr'><strong>inquit,</strong></span> 
     </span>
     <span class='ocr_line' id='line_1_32' title="bbox 312 2746 2453 2814; baseline 0.003 -24"><span class='ocrx_word' id='word_1_343' title='bbox 312 2746 533 2792; x_wconf 91' lang='lat' dir='ltr'><strong>omnium</strong></span> <span class='ocrx_word' id='word_1_344' title='bbox 554 2763 716 2795; x_wconf 89' lang='lat' dir='ltr'><strong>rerum</strong></span> <span class='ocrx_word' id='word_1_345' title='bbox 749 2749 936 2810; x_wconf 91' lang='lat' dir='ltr'><strong>melius,</strong></span> <span class='ocrx_word' id='word_1_346' title='bbox 963 2766 1110 2814; x_wconf 91' lang='lat' dir='ltr'><strong>quam</strong></span> <span class='ocrx_word' id='word_1_347' title='bbox 1136 2750 1294 2796; x_wconf 88' lang='lat' dir='ltr'><strong>omnis</strong></span> <span class='ocrx_word' id='word_1_348' title='bbox 1316 2749 1530 2797; x_wconf 89' lang='lat' dir='ltr'><strong>mundus</strong></span> <span class='ocrx_word' id='word_1_349' title='bbox 1551 2749 1926 2797; x_wconf 89' lang='lat' dir='ltr'><strong>administratur.</strong></span> <span class='ocrx_word' id='word_1_350' title='bbox 1960 2752 2081 2797; x_wconf 90' lang='lat' dir='ltr'><strong>Nam</strong></span> <span class='ocrx_word' id='word_1_351' title='bbox 2109 2759 2157 2796; x_wconf 91' lang='lat' dir='ltr'><strong>et</strong></span> <span class='ocrx_word' id='word_1_352' title='bbox 2179 2749 2425 2814; x_wconf 86' lang='lat' dir='ltr'><strong>signorum</strong></span> <span class='ocrx_word' id='word_1_353' title='bbox 2441 2788 2453 2810; x_wconf 94' lang='lat'><strong>,</strong></span> 
     </span>
     <span class='ocr_line' id='line_1_33' title="bbox 311 2825 2458 2894; baseline 0.003 -24"><span class='ocrx_word' id='word_1_354' title='bbox 311 2825 491 2889; x_wconf 88' lang='lat' dir='ltr'><strong>inquit,</strong></span> <span class='ocrx_word' id='word_1_355' title='bbox 521 2831 655 2874; x_wconf 90' lang='lat' dir='ltr'><strong>ortus</strong></span> <span class='ocrx_word' id='word_1_356' title='bbox 692 2827 946 2876; x_wconf 83' lang='lat' dir='ltr'><strong>definitum</strong></span> <span class='ocrx_word' id='word_1_357' title='bbox 980 2829 1244 2894; x_wconf 87' lang='lat' dir='ltr'><strong>quemdam</strong></span> <span class='ocrx_word' id='word_1_358' title='bbox 1268 2829 1491 2877; x_wconf 90' lang='lat' dir='ltr'><strong>ordinem</strong></span> <span class='ocrx_word' id='word_1_359' title='bbox 1515 2838 1732 2890; x_wconf 89' lang='lat' dir='ltr'><strong>servant,</strong></span> <span class='ocrx_word' id='word_1_360' title='bbox 1771 2840 1818 2876; x_wconf 90' lang='lat' dir='ltr'><strong>et</strong></span> <span class='ocrx_word' id='word_1_361' title='bbox 1852 2846 2023 2877; x_wconf 85' lang='lat' dir='ltr'><strong>annuae</strong></span> <span class='ocrx_word' id='word_1_362' title='bbox 2057 2830 2458 2878; x_wconf 82' lang='lat' dir='ltr'><strong>commutationes</strong></span> 
     </span>
     <span class='ocr_line' id='line_1_34' title="bbox 311 2905 2460 2974; baseline 0.003 -23"><span class='ocrx_word' id='word_1_363' title='bbox 311 2921 411 2952; x_wconf 91' lang='lat' dir='ltr'><strong>non</strong></span> <span class='ocrx_word' id='word_1_364' title='bbox 444 2905 596 2953; x_wconf 91' lang='lat' dir='ltr'><strong>modo</strong></span> <span class='ocrx_word' id='word_1_365' title='bbox 632 2907 843 2971; x_wconf 88' lang='lat' dir='ltr'><strong>quadam</strong></span> <span class='ocrx_word' id='word_1_366' title='bbox 877 2925 935 2956; x_wconf 82' lang='lat' dir='ltr'><strong>ex</strong></span> <span class='ocrx_word' id='word_1_367' title='bbox 959 2910 1239 2957; x_wconf 86' lang='lat' dir='ltr'><strong>necessitate</strong></span> <span class='ocrx_word' id='word_1_368' title='bbox 1262 2925 1452 2974; x_wconf 89' lang='lat' dir='ltr'><strong>semper</strong></span> <span class='ocrx_word' id='word_1_369' title='bbox 1477 2908 1651 2956; x_wconf 91' lang='lat' dir='ltr'><strong>eodem</strong></span> <span class='ocrx_word' id='word_1_370' title='bbox 1685 2909 1836 2957; x_wconf 88' lang='lat' dir='ltr'><strong>modo</strong></span> <span class='ocrx_word' id='word_1_371' title='bbox 1868 2908 2015 2972; x_wconf 83' lang='lat' dir='ltr'><strong>fiunt3</strong></span> <span class='ocrx_word' id='word_1_372' title='bbox 2046 2926 2214 2958; x_wconf 90' lang='lat' dir='ltr'><strong>verum</strong></span> <span class='ocrx_word' id='word_1_373' title='bbox 2243 2910 2306 2958; x_wconf 91' lang='lat' dir='ltr'><strong>ad</strong></span> <span class='ocrx_word' id='word_1_374' title='bbox 2330 2910 2460 2958; x_wconf 90' lang='lat' dir='ltr'><strong>utili-</strong></span> 
     </span>
     <span class='ocr_line' id='line_1_35' title="bbox 312 2988 2460 3056; baseline 0.003 -24"><span class='ocrx_word' id='word_1_375' title='bbox 312 2995 431 3033; x_wconf 90' lang='lat' dir='ltr'><strong>tates</strong></span> <span class='ocrx_word' id='word_1_376' title='bbox 466 3003 663 3051; x_wconf 88' lang='lat' dir='ltr'><strong>quoque</strong></span> <span class='ocrx_word' id='word_1_377' title='bbox 693 3004 852 3035; x_wconf 91' lang='lat' dir='ltr'><strong>rerum</strong></span> <span class='ocrx_word' id='word_1_378' title='bbox 878 2990 1098 3037; x_wconf 91' lang='lat' dir='ltr'><strong>omnium</strong></span> <span class='ocrx_word' id='word_1_379' title='bbox 1128 2999 1239 3037; x_wconf 92' lang='lat' dir='ltr'><strong>sunt</strong></span> <span class='ocrx_word' id='word_1_380' title='bbox 1271 2989 1675 3051; x_wconf 79' lang='lat' dir='ltr'><strong>accommodatae,</strong></span> <span class='ocrx_word' id='word_1_381' title='bbox 1712 2999 1759 3037; x_wconf 88' lang='lat' dir='ltr'><strong>et</strong></span> <span class='ocrx_word' id='word_1_382' title='bbox 1793 2988 1976 3037; x_wconf 84' lang='lat' dir='ltr'><strong>diurnae</strong></span> <span class='ocrx_word' id='word_1_383' title='bbox 2016 3000 2363 3056; x_wconf 85' lang='lat' dir='ltr'><strong>nocturnaeque</strong></span> <span class='ocrx_word' id='word_1_384' title='bbox 2386 2993 2460 3038; x_wconf 82' lang='lat' dir='ltr'><strong>vi·</strong></span> 
     </span>
     <span class='ocr_line' id='line_1_36' title="bbox 312 3066 2458 3136; baseline 0.003 -24"><span class='ocrx_word' id='word_1_385' title='bbox 312 3066 614 3115; x_wconf 88' lang='lat' dir='ltr'><strong>cissitudines</strong></span> <span class='ocrx_word' id='word_1_386' title='bbox 644 3068 777 3116; x_wconf 90' lang='lat' dir='ltr'><strong>nulla</strong></span> <span class='ocrx_word' id='word_1_387' title='bbox 798 3068 856 3133; x_wconf 67' lang='lat' dir='ltr'><strong>⁸in</strong></span> <span class='ocrx_word' id='word_1_388' title='bbox 880 3086 933 3117; x_wconf 92' lang='lat' dir='ltr'><strong>re</strong></span> <span class='ocrx_word' id='word_1_389' title='bbox 956 3086 1186 3134; x_wconf 91' lang='lat' dir='ltr'><strong>umquam</strong></span> <span class='ocrx_word' id='word_1_390' title='bbox 1212 3079 1403 3118; x_wconf 88' lang='lat' dir='ltr'><strong>mutatae</strong></span> <span class='ocrx_word' id='word_1_391' title='bbox 1438 3070 1698 3134; x_wconf 88' lang='lat' dir='ltr'><strong>quicquam</strong></span> <span class='ocrx_word' id='word_1_392' title='bbox 1719 3080 2016 3129; x_wconf 89' lang='lat' dir='ltr'><strong>nocuerunt,</strong></span> <span class='ocrx_word' id='word_1_393' title='bbox 2043 3087 2150 3136; x_wconf 86' lang='lat' dir='ltr'><strong>quae</strong></span> <span class='ocrx_word' id='word_1_394' title='bbox 2184 3071 2322 3135; x_wconf 88' lang='lat' dir='ltr'><strong>signo</strong></span> <span class='ocrx_word' id='word_1_395' title='bbox 2350 3082 2458 3119; x_wconf 91' lang='lat' dir='ltr'><strong>sunt</strong></span> 
     </span>
     <span class='ocr_line' id='line_1_37' title="bbox 314 3147 2460 3215; baseline 0.002 -22"><span class='ocrx_word' id='word_1_396' title='bbox 314 3147 476 3194; x_wconf 90' lang='lat' dir='ltr'><strong>omnia</strong></span> <span class='ocrx_word' id='word_1_397' title='bbox 517 3163 618 3195; x_wconf 92' lang='lat' dir='ltr'><strong>non</strong></span> <span class='ocrx_word' id='word_1_398' title='bbox 657 3148 889 3197; x_wconf 91' lang='lat' dir='ltr'><strong>mediocri</strong></span> <span class='ocrx_word' id='word_1_399' title='bbox 921 3149 1135 3215; x_wconf 89' lang='lat' dir='ltr'><strong>quodam</strong></span> <span class='ocrx_word' id='word_1_400' title='bbox 1174 3150 1376 3198; x_wconf 89' lang='lat' dir='ltr'><strong>consilio</strong></span> <span class='ocrx_word' id='word_1_401' title='bbox 1410 3159 1633 3198; x_wconf 88' lang='lat' dir='ltr'><strong>naturam</strong></span> <span class='ocrx_word' id='word_1_402' title='bbox 1668 3148 1841 3198; x_wconf 89' lang='lat' dir='ltr'><strong>mundi</strong></span> <span class='ocrx_word' id='word_1_403' title='bbox 1877 3150 2387 3210; x_wconf 43' lang='lat' dir='ltr'><strong>administrarisQuod</strong></span> <span class='ocrx_word' id='word_1_404' title='bbox 2421 3153 2460 3198; x_wconf 86' lang='lat' dir='ltr'><strong>si</strong></span> 
     </span>
    </p>
   </div>
   <div class='ocr_carea' id='block_1_3' title="bbox 360 3330 2417 3377">
    <p class='ocr_par' dir='ltr' id='par_1_3' title="bbox 360 3330 2417 3377">
     <span class='ocr_line' id='line_1_38' title="bbox 360 3330 2417 3377; baseline 0.002 -15"><span class='ocrx_word' id='word_1_405' title='bbox 360 3330 366 3348; x_wconf 91' lang='lat'><strong>¹</strong></span> <span class='ocrx_word' id='word_1_406' title='bbox 388 3330 499 3372; x_wconf 85' lang='lat' dir='ltr'><strong>Rom.‚</strong></span> <span class='ocrx_word' id='word_1_407' title='bbox 531 3341 603 3374; x_wconf 86' lang='lat' dir='ltr'><strong>cap.</strong></span> <span class='ocrx_word' id='word_1_408' title='bbox 628 3343 652 3373; x_wconf 89' lang='lat'><strong>1,</strong></span> <span class='ocrx_word' id='word_1_409' title='bbox 670 3343 699 3369; x_wconf 88' lang='lat' dir='ltr'><strong>v.</strong></span> <span class='ocrx_word' id='word_1_410' title='bbox 722 3335 771 3369; x_wconf 86' lang='lat'><strong>18.</strong></span> <span class='ocrx_word' id='word_1_411' title='bbox 793 3352 830 3359; x_wconf 93' lang='lat'>-</span> <span class='ocrx_word' id='word_1_412' title='bbox 847 3336 984 3376; x_wconf 85' lang='lat' dir='ltr'><strong>²R0m.‚</strong></span> <span class='ocrx_word' id='word_1_413' title='bbox 999 3344 1071 3377; x_wconf 84' lang='lat' dir='ltr'><strong>cap.</strong></span> <span class='ocrx_word' id='word_1_414' title='bbox 1098 3344 1133 3376; x_wconf 80' lang='grc' dir='ltr'><strong>ιι,</strong></span> <span class='ocrx_word' id='word_1_415' title='bbox 1159 3345 1190 3367; x_wconf 84' lang='lat' dir='ltr'><strong>v.</strong></span> <span class='ocrx_word' id='word_1_416' title='bbox 1215 3336 1243 3369; x_wconf 91' lang='lat'><strong>1.</strong></span> <span class='ocrx_word' id='word_1_417' title='bbox 1264 3352 1302 3360; x_wconf 91' lang='lat'>-</span> <span class='ocrx_word' id='word_1_418' title='bbox 1318 3334 1452 3377; x_wconf 83' lang='lat' dir='ltr'><strong>³sap.‚</strong></span> <span class='ocrx_word' id='word_1_419' title='bbox 1478 3343 1551 3375; x_wconf 82' lang='lat' dir='ltr'><strong>cap.</strong></span> <span class='ocrx_word' id='word_1_420' title='bbox 1574 3343 1645 3375; x_wconf 83' lang='lat' dir='ltr'><strong>xm,</strong></span> <span class='ocrx_word' id='word_1_421' title='bbox 1669 3343 1700 3369; x_wconf 77' lang='lat' dir='ltr'><strong>v.</strong></span> <span class='ocrx_word' id='word_1_422' title='bbox 1724 3337 1758 3369; x_wconf 84' lang='grc'><strong>9.</strong></span> <span class='ocrx_word' id='word_1_423' title='bbox 1781 3353 1824 3360; x_wconf 91' lang='grc'>-</span> <span class='ocrx_word' id='word_1_424' title='bbox 1846 3335 1857 3356; x_wconf 84' lang='lat'><strong>⁴</strong></span> <span class='ocrx_word' id='word_1_425' title='bbox 1878 3335 2105 3377; x_wconf 59' lang='lat' dir='ltr'><strong>Invenae.‚⁴nb.</strong></span> <span class='ocrx_word' id='word_1_426' title='bbox 2135 3335 2171 3376; x_wconf 87' lang='lat' dir='ltr'><strong>I,</strong></span> <span class='ocrx_word' id='word_1_427' title='bbox 2209 3345 2280 3376; x_wconf 77' lang='lat' dir='ltr'><strong>cap.</strong></span> <span class='ocrx_word' id='word_1_428' title='bbox 2306 3343 2417 3367; x_wconf 75' lang='lat' dir='ltr'><strong>xxxiv.</strong></span> 
     </span>
    </p>
   </div>
   <div class='ocr_carea' id='block_1_4' title="bbox 530 3407 2328 3442">
    <p class='ocr_par' dir='ltr' id='par_1_4' title="bbox 530 3407 2328 3442">
     <span class='ocr_line' id='line_1_39' title="bbox 530 3407 2328 3442; baseline 0.001 -2"><span class='ocrx_word' id='word_1_429' title='bbox 530 3417 561 3440; x_wconf 86' lang='lat'><strong>11</strong></span> <span class='ocrx_word' id='word_1_430' title='bbox 2278 3407 2328 3442; x_wconf 83' lang='lat'><strong>70</strong></span> 
     </span>
    </p>
   </div>
  </div>
 </body>
</html>
