2638 3866
739 188 1135 239 lNTRODUCTIO
1171 189 1251 238 AD
1285 189 1696 238 THEOLOGIAM.
2227 196 2321 244 143

159 294 355 361 quidem
386 293 435 340 in
471 308 571 358 quo
610 291 928 359 hypothetica
959 290 1195 356 disjuncta
1232 301 1302 340 est
1345 290 1484 354 falsa,
1511 308 1567 340 ac
1591 293 1630 340 si
1650 293 1716 342 ita
1739 293 2011 343 diceremus
2029 332 2042 356 ,
2067 300 2321 345 necessarii

158 391 338 425 nomen
365 374 438 422 bis
468 384 712 441 ponentes
735 389 746 421 :
774 375 974 421 Necesse
998 382 1068 421 est
1089 372 1259 422 navale
1283 372 1470 422 bellum
1499 390 1606 422 cras
1630 391 1732 423 esse
1757 376 1998 435 futurum,
2027 377 2102 425 vel
2129 394 2324 426 necesse

158 467 228 506 est
263 473 363 505 non
391 472 494 504 esse
520 472 628 505 cras
654 455 869 503 futurum
897 472 908 501 :
933 453 1081 502 alium
1102 471 1219 502 vero
1252 455 1302 502 in
1339 471 1438 520 quo
1470 456 1739 519 categorica
1765 467 1836 505 est
1852 474 1990 517 vera,
2013 457 2202 507 habens
2227 460 2324 506 dis-

153 523 379 602 junctum
402 536 697 602 subjectum,
712 546 759 584 et
769 535 903 601 quasi
923 534 1213 600 disjunctam
1234 536 1283 583 in
1305 534 1526 601 subjecto
1543 536 1771 602 positam,
1797 548 1845 586 et
1862 540 2117 587 necessarii
2140 557 2322 588 nornen

157 619 302 667 semel
324 619 541 684 positum
569 618 618 665 in
644 616 919 684 praedicato.
946 619 1010 664 Ac
1033 616 1071 663 si
1093 615 1318 665 videlicet
1338 617 1403 666 ita
1427 616 1673 665 dicamus:
1694 619 1870 666 Navale
1888 618 2072 667 bellum
2096 637 2201 669 cras
2223 638 2325 669 esse

158 700 391 761 futurum,
418 699 500 747 vel
530 715 630 748 non
652 715 755 747 esse
779 698 1011 760 futurum,
1033 697 1128 746 hoc
1154 697 1377 746 videlicet
1402 706 1557 746 totum
1582 715 1777 747 necesse
1795 708 1883 761 est,
1906 699 2003 748 hoc
2024 711 2111 763 est,
2130 719 2325 751 necesse

157 790 227 828 est
248 790 301 828 ut
324 781 485 847 ipsum
519 796 628 828 cras
651 780 735 828 fiat
760 779 835 827 vel
858 795 957 826 non
983 778 1082 827 fiat.
1104 783 1163 827 Et
1182 778 1279 827 hoc
1299 779 1501 844 quidem
1519 779 1671 828 modo
1689 781 1946 829 necessarii
1971 798 2152 829 nomen
2177 784 2323 831 semel

157 862 368 928 positum
393 872 441 909 et
463 861 690 910 absolute
729 861 1043 927 praedicatum
1069 876 1235 909 veram
1259 860 1417 909 reddit
1440 862 1825 910 enuntiationem
1845 880 1858 923 ;
1885 872 1932 910 et
1957 864 2245 927 generaliter
2264 866 2323 911 ad

156 942 394 1009 quaslibet
428 942 781 992 affirmationes
808 952 857 990 et
885 942 1165 1006 negationes
1197 959 1364 991 earum
1406 942 1684 1009 praedicatio
1717 943 1867 1010 ipsius
1902 945 2138 992 veraciter
2171 946 2325 1011 appli-

157 1034 293 1073 catur
323 1043 333 1072 z
360 1034 414 1072 ut
446 1024 677 1073 videlicet
701 1024 762 1073 de
781 1024 979 1088 singulis
1002 1023 1246 1084 dicamus,
1273 1024 1389 1089 quia
1410 1023 1540 1072 hanc
1560 1025 1637 1072 vel
1663 1023 1796 1073 illam
1820 1041 1921 1074 esse
1939 1042 2102 1074 veram
2133 1036 2204 1073 est
2241 1043 2325 1073 ne-

156 1123 318 1169 cesse,
350 1105 486 1172 quod
519 1106 798 1156 Aristoteles
828 1105 1061 1154 intellexit
1092 1122 1207 1154 cum
1234 1107 1585 1172 proprietatem
1616 1107 1879 1171 assignaret
1907 1107 2321 1156 contradictionis.

144 1191 265 1237 ‚Non
307 1198 469 1236 tamen
521 1187 633 1236 ideo
683 1189 820 1236 alteri
866 1204 1035 1236 earum
1079 1187 1337 1235 necessarii
1382 1187 1776 1254 praedicationem
1811 1188 2034 1237 absolute
2069 1205 2326 1255 possumus

157 1269 421 1335 applicare,
448 1279 505 1317 ut
528 1269 767 1318 veraciter
796 1268 1018 1317 dicamus
1040 1269 1154 1334 quia
1179 1268 1252 1316 vel
1278 1268 1408 1317 hanc
1431 1286 1627 1318 necesse
1646 1278 1717 1317 est
1742 1286 1847 1317 esse
1876 1286 2041 1317 veram
2057 1306 2069 1329 ‚
2094 1269 2171 1317 vel
2195 1269 2323 1317 illam

157 1367 352 1398 necesse
369 1359 440 1398 est
465 1367 570 1398 esse
589 1350 770 1399 falsam.
800 1350 915 1398 Ideo
945 1360 1106 1398 autem
1138 1349 1359 1398 absolute
1395 1350 1645 1412 addimus,
1690 1350 1806 1415 quia
1845 1349 2216 1399 determinatam
2245 1367 2326 1398 ne·

158 1432 349 1479 cessarii
373 1431 770 1498 praedicationem
801 1431 1029 1479 omnibus
1054 1430 1339 1495 hujusmodi
1362 1432 1489 1480 veris
1514 1431 1931 1498 propositionibus
1957 1431 2191 1497 applicari
2224 1432 2325 1497 ipse

158 1510 339 1560 ibidem
365 1512 565 1575 edocet,
595 1513 760 1561 dicens
792 1531 802 1560 ε
836 1533 858 1556 «
887 1513 1035 1576 Igitur
1055 1528 1158 1559 esse
1180 1512 1296 1577 quid
1329 1522 1423 1575 est,
1450 1512 1650 1578 quando
1680 1523 1776 1573 est,
1799 1529 1996 1561 necesse
2019 1521 2090 1560 est
2118 1530 2128 1558 :
2159 1521 2207 1559 et
2225 1528 2324 1559 non

158 1610 260 1641 esse
296 1593 432 1659 quod
467 1610 569 1641 non
611 1604 700 1654 est,
742 1593 942 1659 quando
974 1610 1076 1641 non
1108 1602 1197 1654 est,
1240 1610 1436 1642 necesse
1474 1603 1601 1642 est.»
1639 1593 1735 1642 Sed
1764 1610 1865 1641 non
1901 1592 2014 1640 ideo
2046 1592 2326 1658 simpliciter

158 1674 274 1722 dicit
307 1675 419 1741 quia
455 1692 652 1724 necesse
682 1676 758 1723 sit.
793 1679 900 1723 Non
931 1675 1061 1723 enim
1093 1675 1160 1726 sic
1181 1675 1501 1724 determinata
1537 1675 1793 1722 necessarii
1827 1673 2104 1740 praedicatio
2140 1673 2328 1738 simpli-

158 1757 275 1804 citer
308 1755 476 1815 infert,
512 1766 579 1804 ut>
605 1756 720 1820 quia
748 1754 974 1803 videlicet
1007 1771 1203 1803 necesse
1238 1765 1310 1803 est
1333 1771 1436 1803 esse
1461 1755 1577 1802 dum
1606 1764 1703 1815 est,
1736 1754 1846 1803 ideo
1871 1754 2076 1802 concedi
2106 1763 2328 1821 oporteat

159 1847 212 1885 ut
232 1847 279 1885 et
299 1836 580 1904 simpliciter
600 1837 789 1885 dicatur
815 1837 929 1902 quia
951 1854 1145 1885 necesse
1173 1846 1245 1885 est
1270 1854 1397 1899 esse,
1425 1837 1524 1885 hoc
1547 1846 1641 1897 est,
1676 1837 1879 1884 omnino
1909 1835 2185 1884 inevitabile
2208 1838 2325 1900 quin

159 1918 256 1966 sit¹.
287 1921 351 1966 Ex
376 1935 477 1984 quo
503 1919 705 1984 quidem
735 1918 855 1967 tanti
878 1917 1158 1985 philosophi
1182 1928 1317 1967 tanto
1349 1918 1648 1967 documento
1677 1929 1723 1966 et
1751 1928 1848 1966 tam
1874 1916 2179 1976 rationabili,
2209 1916 2326 1963 illud

158 2016 305 2066 supra
328 2009 655 2049 memoratum
674 2038 685 2061 ,
711 2000 847 2066 quod
874 1999 936 2047 de
959 1999 1122 2048 divina
1142 2000 1450 2067 providentia
1472 1999 1620 2064 objici
1647 2000 1790 2059 solet,
1820 1998 1956 2047 facile
1977 1997 2126 2045 refelli
2149 2007 2324 2063 potest.

158 2083 356 2129 Constat
378 2120 390 2144 ,
436 2082 698 2148 inquiunt,
750 2082 964 2130 divinam
1011 2082 1372 2148 providentiam
1416 2080 1512 2129 falli
1554 2097 1656 2128 non
1701 2096 1844 2146 posse
1865 2118 1877 2141 ,
1920 2089 1968 2126 et
2010 2079 2174 2126 omnia
2221 2096 2325 2143 qua²

159 2163 414 2224 eveniunt,
451 2163 516 2211 ita
549 2161 637 2230 [ut]
677 2164 911 2211 eveniunt
949 2163 1010 2211 ab
1047 2180 1107 2210 eo
1140 2180 1241 2211 esse
1272 2162 1499 2229 provisa3
1541 2178 1657 2227 ergo
1695 2161 1762 2209 ita
1793 2170 1846 2208 ut
1877 2160 2108 2208 eveniunt
2139 2159 2326 2223 singula

159 2244 351 2291 evenire
375 2261 574 2293 necesse
600 2255 696 2307 est,
738 2261 849 2293 cum
873 2243 1095 2292 videlicet
1123 2245 1245 2293 sicut
1274 2244 1336 2293 ab
1361 2260 1421 2292 eo
1444 2244 1640 2309 provisa
1664 2252 1794 2304 sunt,
1824 2258 1881 2290 ea
1910 2241 2104 2289 evenire
2136 2256 2328 2288 necesse

158 2325 219 2371 sit
244 2343 255 2371 ε
284 2342 383 2373 non
414 2327 543 2373 enim
566 2326 670 2374 fieri
692 2335 854 2393 potest
875 2334 929 2373 ut
949 2326 1052 2392 ipse
1067 2326 1235 2391 aliqua
1258 2325 1531 2392 provideat,
1556 2334 1604 2372 et
1630 2341 1731 2372 non
1753 2324 1846 2383 ita,
1875 2332 1930 2370 ut
1961 2323 2064 2388 ipse
2092 2320 2325 2388 providit,

159 2409 398 2457 eveniant.
440 2413 567 2458 Cum
608 2427 724 2475 ergo
762 2410 948 2475 singula
983 2409 1235 2476 provideat
1271 2410 1465 2458 evenire
1505 2410 1569 2457 ita
1609 2419 1664 2456 ut
1706 2408 1966 2465 eveniunt,
2005 2406 2224 2472 profecto
2266 2406 2329 2451 ita

158 2490 262 2555 ipsa
294 2489 490 2540 evenire
524 2509 720 2540 necesse
758 2501 848 2540 est.
887 2490 1033 2540 Verbi
1067 2492 1240 2556 gratia,
1279 2490 1494 2558 providit
1535 2490 1597 2539 ab
1633 2501 1840 2551 aeterno,
1883 2488 1932 2535 id
1962 2498 2031 2535 est
2063 2486 2325 2553 praescivit,

158 2571 290 2619 hunc
321 2573 405 2637 qui
430 2572 744 2621 damnandus
768 2582 859 2631 est,
887 2573 1042 2621 facere
1072 2588 1158 2638 per
1187 2589 1294 2636 quae
1325 2572 1600 2620 damnetur.
1639 2571 1787 2635 Igitur
1823 2586 1935 2616 cum
1965 2570 2029 2615 ita
2059 2565 2330 2633 praeviderit

162 2651 288 2713 fieri,
325 2669 526 2702 necesse
549 2664 650 2716 est,
682 2655 937 2720 inquiunt,
970 2655 1032 2701 ita
1058 2653 1181 2701 fieri.
1213 2656 1265 2700 Et
1289 2669 1379 2701 nos
1402 2652 1605 2718 quidem
1621 2690 1633 2713 ,
1664 2667 1810 2715 quam
1832 2649 2040 2697 diximus
2065 2645 2329 2694 Aristotelis

160 2734 450 2782 sententiam
487 2744 768 2801 sequentes,
806 2733 1121 2782 concedimus
1157 2733 1219 2781 de
1257 2732 1484 2797 singulis,
1524 2733 1636 2796 quia
1674 2746 1869 2778 necesse
1903 2738 1972 2776 est
2006 2728 2071 2775 ita
2105 2727 2324 2785 evenire,

160 2830 273 2860 cum
296 2814 399 2880 ipse
424 2815 487 2862 ita
513 2815 707 2863 evenire
730 2814 1015 2881 providerit3
1039 2830 1140 2862 non
1167 2823 1328 2861 tamen
1354 2812 1466 2860 ideo
1491 2812 1771 2877 simpliciter
1795 2808 2065 2858 concedere
2086 2808 2324 2872 cogimur,

161 2894 271 2958 quia
299 2911 496 2943 necesse
518 2905 589 2943 est
625 2896 690 2943 ita
727 2896 944 2954 evenire,
981 2911 1093 2942 cum
1124 2892 1375 2954 videlicet,
1406 2902 1459 2940 ut
1491 2892 1676 2940 dictum
1711 2900 1805 2953 est,
1834 2889 2036 2955 simplex
2071 2890 2327 2937 necessarii

161 2974 439 3039 praedicatio
480 2991 789 3042 nequaquam
833 2984 1160 3040 consequatur
1194 2974 1528 3022 determinata.
1569 2973 1701 3020 Sicut
1734 2972 1889 3033 enim,
1931 2969 2067 3036 quod
2103 2978 2201 3031 est,
2242 2986 2328 3017 ne-

163 3072 292 3104 cesse
316 3063 387 3105 est
409 3073 511 3105 esse
535 3056 736 3122 quando
760 3065 856 3118 est,
882 3056 985 3119 vel,
1014 3055 1151 3122 quod
1173 3054 1251 3117 fit,
1277 3071 1473 3104 necesse
1495 3064 1565 3103 est
1588 3053 1693 3102 fieri
1717 3052 1912 3118 quando
1937 3051 2015 3112 fit3
2050 3068 2142 3100 nec
2166 3061 2326 3100 tamen

207 3267 396 3301 ¹Hactenus
424 3268 537 3302 Codex
563 3270 750 3304 Victorinus
773 3275 807 3304 et
838 3272 939 3304 editio
974 3270 1202 3304 Amboesiana.
1230 3269 1354 3304 Caetera
1385 3279 1457 3311 quae
1490 3273 1673 3310 sequuntur
1701 3276 1719 3300 e
1748 3267 1861 3300 codice
1892 3264 2068 3298 Oxonienst
2100 3262 2180 3295 Coll.
2214 3259 2323 3292 Baliol·

167 3329 252 3353 nunc
274 3323 418 3363 primum
446 3329 558 3365 eruta,
585 3325 690 3357 lucem
717 3325 839 3358 vident.
