2638 3866
278 196 368 244 166
1081 191 1253 239 PETRI
1286 190 1602 239 ABAELARDI

342 317 366 344 «
392 296 629 345 Omnibus
650 296 732 360 qui
753 304 863 343 sunt
884 296 1059 342 Romae.
1082 312 1106 338 »
1126 297 1384 357 Hucusque
1397 292 1553 340 littera
1572 302 1672 340 tota
1687 293 1929 358 praemissa
1949 291 2093 358 huJus
2114 292 2410 343 salutationis

273 377 549 444 suspensiva
573 386 668 436 est,
695 375 827 439 quasi
860 373 1047 422 dicatur
1069 374 1278 439 repetitis
1314 373 1541 420 omnibus
1563 373 1815 439 praemissis
1842 391 1854 420 :
1887 372 2062 422 Paulus
2092 389 2282 432 servuS,
2314 384 2404 422 etc.

275 457 485 516 mandat,
514 454 716 503 subaudi
734 455 846 515 hoc,
871 454 1097 501 omnibus
1115 454 1198 518 qui
1217 462 1329 500 sunt
1354 455 1532 513 Romae,
1550 453 1735 501 dilectis
1755 454 1859 510 Dei,
1875 454 2056 500 vocatis
2077 453 2270 511 sanctis,
2291 454 2407 513 hoc,

273 541 492 602 inquam,
512 534 707 582 mandat
722 570 734 594 ,
756 534 958 581 «Gratia
976 534 1036 581 sit
1060 532 1196 581 vobis
1221 543 1268 580 et
1290 549 1410 598 pax,
1437 543 1527 581 etc.
1552 533 1745 581 Dilectis
1765 534 1870 582 Dei.
1892 552 1915 578 »
1935 535 1998 581 Ac
2010 534 2048 581 si
2071 533 2282 581 diceret:
2304 537 2410 582 Non
2490 536 2493 537 ⁷

273 619 381 665 dico
403 615 676 680 simpliciter
701 613 926 661 omuibus
949 614 1032 679 qui
1054 624 1167 661 sunt
1188 615 1371 675 Romae,
1389 623 1490 660 tam
1509 613 1733 661 fidelibus
1751 614 1928 662 scilicet
1949 630 2097 679 quam
2115 613 2406 674 infidelibus,

272 709 366 745 tam
389 696 545 743 electis
562 711 706 759 quam
728 693 975 760 reprobis:
1000 692 1085 741 sed
1108 693 1183 740 his
1205 703 1392 741 tantum
1410 694 1495 758 qui
1522 711 1609 759 per
1630 695 1997 742 conversionem
2013 711 2150 742 suam
2164 694 2265 759 jam
2289 697 2409 742 ami-

271 778 426 823 citiam
447 792 555 823 cum
574 778 676 823 Deo
699 775 931 835 inierunt,
957 774 1159 838 subjecti
1179 774 1280 838 jam
1304 775 1348 822 ei
1367 791 1503 823 more
1529 775 1936 835 Christianorum,
1963 774 2012 822 id
2036 785 2136 834 est,
2163 791 2217 822 ex
2244 779 2410 822 amore

271 859 427 922 potius
458 873 601 921 quam
637 856 836 914 timore3
858 855 1034 920 quibus
1069 855 1267 920 quidem
1302 855 1485 904 dictum
1509 856 1628 904 illud
1651 857 1877 905 convenit
1906 875 1916 904 :
1945 877 1968 901 (ι
1993 860 2099 904 Jam
2122 873 2223 903 non
2250 856 2410 904 dicam

271 954 357 984 vos
380 953 557 984 servos.
579 956 602 980 »
627 939 683 982 Et
706 937 876 982 iterum
903 952 912 981 :
938 954 961 981 «
990 938 1088 983 Vos
1113 945 1274 984 autem
1295 935 1395 983 dixi
1417 937 1614 984 amicos.
1643 955 1667 982 »
1692 937 1776 985 Vel
1801 956 1826 982 «
1849 937 2033 985 dilectis
2051 937 2165 997 Dei,
2194 954 2219 981 »
2246 935 2297 983 id
2320 946 2407 997 aet,

269 1035 297 1065 a
314 1021 435 1078 Deo,
461 1018 542 1081 qui
566 1033 647 1064 eos
666 1017 796 1081 prior
818 1016 1003 1077 dilexit,
1031 1026 1084 1064 ut
1103 1017 1424 1082 praeveniente
1449 1018 1598 1082 gratia
1621 1018 1741 1082 ejus,
1765 1035 1866 1066 non
1891 1019 2074 1066 meritis
2095 1034 2268 1065 eorum
2283 1017 2412 1082 ipsos

271 1099 476 1161 eligeret.
500 1118 521 1143 «
540 1098 729 1144 Vocatis
749 1097 939 1144 sanctis.
962 1117 985 1141 2>
1005 1099 1108 1144 Hoc
1125 1106 1212 1158 est,
1237 1098 1418 1145 vocatis
1434 1115 1521 1163 per
1538 1099 1900 1163 inspirationem
1913 1100 2153 1146 internam
2166 1135 2179 1159 ,
2197 1115 2280 1146 seu
2292 1114 2411 1163 prae·

270 1178 518 1225 dicationis
537 1178 701 1241 gratia,
724 1177 781 1225 ad
812 1177 906 1224 hoc
929 1187 982 1224 ut
1006 1178 1158 1225 sancti
1180 1178 1298 1225 sint.¹
1312 1180 1438 1226 Cum
1460 1179 1576 1226 dicit
1597 1195 1681 1226 eos
1700 1189 1899 1227 vocatos
1922 1196 1950 1227 a
1973 1182 2076 1227 Deo
2099 1195 2218 1240 esse,
2250 1179 2411 1244 potius

271 1274 413 1322 quam
438 1275 520 1306 eos
542 1260 803 1305 Dominum
820 1260 1068 1306 invocasse
1084 1294 1096 1318 ,
1124 1259 1325 1323 gratiam
1346 1259 1436 1307 Dei
1459 1269 1709 1324 exaggerat
1723 1297 1735 1319 ,
1753 1277 1858 1325 quae
1877 1275 2234 1324 nonnunquam
2252 1258 2411 1306 invitis

269 1338 341 1386 vel
366 1355 464 1386 non
490 1338 757 1404 petentibus
780 1337 1014 1386 beneficia
1039 1348 1243 1403 praestat.

332 1419 424 1466 Sed
446 1435 555 1466 cum
578 1419 678 1466 haec
700 1418 922 1467 salutatio
945 1418 1006 1466 ad
1037 1435 1209 1467 omnes
1230 1419 1338 1467 illos
1361 1419 1625 1486 pertineat,
1652 1421 1714 1468 ad
1749 1438 1872 1486 quos
1910 1420 2124 1486 Epistola
2161 1420 2407 1483 dirigitur,

268 1500 514 1563 quomodo
540 1500 654 1547 dicit
675 1520 696 1543 <c
716 1499 902 1547 dilectis
919 1499 1009 1548 Dei
1030 1500 1106 1547 vel
1121 1501 1299 1548 vocatis
1322 1501 1513 1562 sanctis,
1530 1519 1553 1546 »
1571 1517 1686 1549 cum
1703 1503 1911 1549 maxime
1934 1500 1996 1549 ad
2020 1517 2103 1549 eos
2120 1499 2195 1548 vel
2217 1509 2412 1565 propter

266 1597 348 1626 eos
371 1580 678 1644 corrigendos
704 1580 911 1645 Epistola
932 1581 991 1627 sit
1021 1580 1225 1640 directa,
1253 1581 1336 1645 qui
1367 1581 1576 1647 superba
1599 1582 1937 1644 contentione,
1960 1591 2015 1629 ut
2037 1581 2221 1629 dictum
2243 1589 2335 1641 est,
2361 1596 2411 1627 se

266 1661 325 1706 ad
348 1660 624 1708 alterutrum
648 1677 928 1726 praeponere
957 1660 1215 1709 volebant?
1238 1662 1418 1727 quippe
1440 1663 1523 1727 qui
1549 1662 1756 1727 superbe
1778 1672 1950 1726 agunt,
1978 1661 2229 1725 quomodo
2252 1659 2412 1708 dilecti

264 1741 353 1787 Dei
375 1741 634 1788 dicuntur?
661 1741 887 1806 Nunquid
922 1751 1123 1807 propter
1146 1758 1318 1789 eorum
1356 1741 1744 1791 benevolentiam
1776 1742 2065 1808 captandam
2101 1741 2295 1788 mentiri
2331 1749 2412 1788 aut

269 1821 436 1868 falsum
470 1821 674 1869 scribere
702 1821 884 1886 aliquid
907 1822 1194 1887 Apostolum
1220 1822 1528 1887 oportuerit?
1562 1823 1656 1870 Sed
1683 1823 1898 1889 profecto
1930 1823 1995 1870 ad
2024 1838 2193 1870 omnes
2212 1819 2411 1885 quidem

265 1902 363 1948 haec
395 1902 614 1950 salutatio
641 1903 874 1967 pertinet,
907 1902 1016 1950 licet
1041 1919 1143 1950 non
1167 1919 1336 1950 omnes
1357 1902 1518 1951 adhuc
1541 1904 1636 1951 sint
1656 1904 1817 1952 dilecti
1836 1904 1955 1951 Dei:
1982 1913 2036 1951 ut
2058 1919 2172 1950 cum
2189 1899 2410 1948 videlicet

265 1998 345 2029 eos
370 1991 556 2029 tantum
581 1983 750 2030 salutet
769 1984 853 2047 qui
869 1993 980 2030 sunt
999 1982 1159 2031 dilecti
1172 1984 1285 2044 Dei,
1306 1999 1390 2031 eos
1411 1993 1600 2032 tantum
1616 1984 1903 2032 salutatione
1916 2000 2003 2031 sua
2021 1983 2196 2047 dignos
2208 1981 2408 2046 judicet,

265 2061 475 2126 aliosque
501 2063 562 2110 ad
587 2064 903 2111 imitationem
926 2064 1145 2129 ipsorum
1168 2063 1338 2111 invitet
1354 2099 1367 2123 ,
1405 2073 1456 2112 ut
1492 2074 1540 2112 et
1568 2065 1660 2130 ipsi
1686 2065 1866 2112 scilicet
1896 2064 2058 2112 dilecti
2090 2063 2178 2110 Dei
2204 2078 2307 2109 csse
2333 2060 2410 2108 ni-

264 2151 441 2189 tantur.
468 2145 819 2192 Convenienter
842 2146 1013 2206 etiam,
1040 2145 1127 2192 etsi
1163 2144 1388 2208 nonnulli
1421 2143 1492 2192 ibi
1521 2155 1680 2193 essent
1711 2146 1800 2193 Dei
1821 2145 2011 2204 dilecti,
2038 2143 2200 2191 dicere
2222 2157 2307 2190 eos
2327 2140 2412 2189 vdi·-

266 2222 409 2275 lectos
432 2224 518 2270 Dei
541 2226 725 2289 potuit,
745 2226 881 2289 juxta
903 2241 1075 2272 eorum
1104 2225 1388 2291 opinionem
1419 2225 1617 2290 quidem
1640 2226 1724 2290 qui
1746 2226 1842 2274 hoc
1861 2224 1923 2272 de
1955 2241 2006 2272 se
2031 2222 2408 2289 profitebantur,

265 2301 385 2348 sicut
409 2304 549 2350 etiam
572 2305 793 2352 nonnulli
815 2306 999 2353 ironice
1023 2305 1318 2369 quandoque
1334 2305 1619 2370 loquuntur.
1638 2309 1746 2354 Non
1765 2307 1893 2354 enim
1909 2303 2218 2353 mendacium
2233 2339 2246 2363 ,
2266 2302 2409 2350 beato

265 2390 512 2431 attestante
538 2387 845 2450 Augustino¹,
872 2385 1072 2444 dicitur,
1099 2386 1191 2432 nisi
1229 2385 1344 2433 falsa
1377 2386 1661 2450 significatio
1697 2402 1808 2434 cum
1840 2386 2088 2433 voluntate
2115 2381 2406 2452 decipiendi.

266 2460 350 2507 Hic
373 2478 484 2510 vero
509 2465 762 2530 Apostolus
783 2482 886 2513 non
908 2464 1130 2531 decipere
1143 2501 1156 2526 ,
1173 2465 1258 2513 sed
1269 2464 1537 2514 admonere
1558 2465 1784 2513 intendit.
1805 2484 1829 2510 «
1845 2465 2010 2512 Gratia
2026 2464 2165 2512 vobis
2187 2472 2233 2510 et
2250 2478 2361 2527 pax.
2382 2482 2406 2505 »

265 2541 474 2590 Gratiam
495 2544 610 2592 dicit
632 2545 819 2594 donum
842 2546 1101 2610 gratuitum
1114 2583 1129 2607 ,
1158 2546 1210 2593 id
1230 2555 1300 2593 est
1314 2583 1327 2605 ,
1347 2562 1446 2595 non
1472 2562 1529 2594 ex
1554 2546 1734 2593 meritis
1755 2543 2138 2611 praecedentibus
2158 2542 2406 2591 collatum.

266 2621 422 2669 Gratia
440 2633 485 2670 et
502 2641 615 2688 pax,
637 2626 687 2672 id
710 2636 797 2686 est,
824 2626 1010 2674 donum
1024 2627 1154 2691 pacis
1169 2663 1181 2686 ,
1203 2642 1298 2690 qua
1321 2626 1409 2692 ipsi
1434 2627 1519 2691 qui
1543 2625 1846 2673 contendunt
1867 2623 2074 2690 superbe
2089 2661 2102 2683 ,
2130 2623 2339 2671 invicem
2362 2632 2410 2670 et

268 2715 376 2746 cum
398 2702 501 2766 ipso
524 2707 627 2754 Deo
652 2706 1040 2755 reconcilientur.
1069 2706 1166 2765 Qui
1189 2707 1320 2755 enim
1343 2707 1620 2772 proximum
1657 2722 1804 2770 quem
1826 2704 1958 2753 videt
1980 2721 2083 2752 non
2106 2703 2284 2767 diligit,
2309 2704 2411 2750 Do·

269 2779 451 2828 minum
464 2799 607 2846 quem
623 2803 722 2833 non
737 2787 868 2835 videt
884 2787 1136 2853 quomodo
1152 2796 1312 2854 potest
1330 2786 1558 2851 diligere?
1577 2806 1602 2834 «
1624 2788 1661 2834 Α
1671 2789 1775 2834 Deo
1789 2789 1927 2834 Patre
1943 2795 2111 2833 nostro
2129 2794 2177 2832 et
2191 2783 2406 2832 Domino

116 2870 188 2891 ‘ff'
266 2860 377 2931 Jesu
400 2860 602 2911 Christo.
634 2885 657 2910 »
685 2870 882 2914 Donum
905 2869 1021 2930 Dei,
1043 2868 1178 2932 quod
1207 2869 1409 2932 gratiam
1431 2867 1572 2930 dicit,
1599 2867 1804 2932 Spiritus
1825 2875 2018 2914 sanctus
2042 2865 2235 2913 dicitur.
2268 2861 2408 2910 Unde

266 2948 313 2984 et
347 2956 459 2985 cum
499 2941 822 3007 septiformem
857 2948 1077 3013 spiritum
1122 2948 1350 3008 dicimus,
1391 2947 1470 2996 vel
1501 2957 1685 3013 septem
1716 2948 1920 3013 Spiritus
1950 2947 2042 2995 Dei
2071 2945 2403 3002 nominamus,

269 3028 450 3084 septem
474 3021 644 3070 divinae
669 3027 825 3087 gratiae
845 3028 975 3076 dona
998 3029 1402 3077 demonstramus.
1430 3031 1572 3076 Recte
1596 3045 1711 3092 ergo
1730 3028 1918 3075 donum
1941 3027 2029 3074 Dei
2054 3024 2187 3090 quod
2207 3023 2406 3088 Spiritus

270 3108 464 3147 sanctus
485 3100 683 3163 dicitur,
711 3121 737 3152 a
760 3109 894 3154 Patre
917 3118 962 3155 et
996 3109 1113 3158 Filio
1144 3110 1285 3157 simul
1319 3108 1424 3158 dari
1454 3109 1690 3174 postulat,
1717 3125 1744 3157 a
1767 3107 1944 3172 quibus
1967 3107 2110 3155 simul
2144 3103 2407 3170 procedere

315 3286 320 3302 ¹
341 3284 469 3318 Contra
490 3286 722 3327 mendacium,
741 3297 812 3330 cap.
830 3298 887 3323 xu.
906 3291 1006 3334 Opp.,
1027 3298 1052 3325 t.
1072 3293 1127 3335 vl,
1140 3296 1202 3328 col.
1223 3297 1294 3330 779.
