2638 3866
233 215 329 262 478
1037 207 1208 254 PETRI
1242 206 1558 255 ABAELARDI

234 317 354 363 sicut
390 316 436 377 in
468 310 751 377 corporibus
789 308 882 356 alia
916 307 1018 355 aliis
1044 307 1294 355 subtiliora
1325 317 1453 369 sunt,
1495 315 1663 372 utpote
1695 323 1819 372 aqua
1849 292 1993 371 qnam
2030 316 2176 369 terra,
2212 318 2259 356 et
2289 326 2371 357 aer

234 412 379 460 quam
415 408 554 457 aqua,
594 401 641 437 et.
662 389 782 453 ignis
811 405 956 451 quam
987 404 1068 435 aer
1095 406 1105 434 ε
1133 389 1198 436 ita
1222 388 1366 452 longe
1395 397 1443 435 et
1465 387 1811 454 inexplicabili¹
1849 387 1998 435 modo
2028 389 2258 436 omnium
2279 390 2371 455 spi-

235 477 411 522 rituum
438 482 660 519 naturam
698 470 764 516 ita
800 469 1006 534 propriae
1041 468 1322 516 sinceritatis
1353 467 1611 516 subtilitate
1644 469 1869 516 divinitas
1899 469 2207 527 transcendit,
2242 479 2295 516 ut
2322 470 2370 516 in

233 552 591 618 comparatione
624 551 723 614 ejus
759 565 928 596 omnes
958 549 1036 596 alii
1071 549 1263 614 spiritus
1298 549 1435 613 quasi
1475 549 1742 614 corpulenti
1782 565 1866 596 seu
1910 565 2116 614 corpora
2153 547 2372 614 quaedam

234 635 424 683 dicendi
460 635 571 681 sint.
624 633 762 681 Unde
793 632 1074 680 Gennadius
1103 631 1162 678 de
1196 631 1473 679 Ortkodoxa
1504 630 1661 696 fidffi:
1699 653 1721 676 ι(
1740 632 1892 692 Nihil,
1930 633 2108 697 inquit,
2147 634 2374 698 incorpo-

234 732 367 762 reum
393 725 438 762 ct
462 714 698 762 invisibile
721 714 771 760 in
795 723 967 760 natura
991 711 1288 760 credendum
1309 722 1396 774 est,
1424 712 1514 759 nisi
1538 712 1695 759 solum
1718 715 1875 760 Deum
1899 715 2088 760 Patrem
2112 722 2159 760 et
2180 713 2369 772 Filium,

232 804 279 842 et
298 795 526 860 Spiritum
553 804 794 854 sanctum3
825 794 906 857 qui
929 810 988 840 ex
1013 810 1071 841 eo
1090 793 1406 859 incorporeus
1428 792 1655 854 creditur,
1683 793 1795 857 quia
1814 792 1994 858 ubique
2021 803 2109 851 est,
2136 804 2183 840 et
2208 794 2374 841 omnia

233 876 416 940 implet,
453 886 596 939 atque
621 875 905 938 constringit
934 892 944 921 :
975 884 1022 922 et
1048 873 1158 922 ideo
1187 873 1436 922 invisibilis
1465 874 1696 922 omnibus
1728 874 1973 933 creaturis,
2006 873 2119 938 quia
2150 875 2376 940 incorpo-

233 973 342 1003 reus
371 967 457 1004 est.
486 959 714 1004 Creatura
743 956 901 1002 omnis
923 970 1176 1020 corporea,
1202 954 1358 1019 angeli
1380 964 1428 1002 et
1449 971 1619 1002 omnes
1641 954 1854 1002 coelestes
1878 956 2073 1002 virtutes
2097 970 2340 1020 corporeae
2359 992 2371 1016 ,

234 1036 342 1084 licet
390 1031 509 1085 non¹
533 1054 676 1085 carne
718 1036 990 1084 subsistant.
1042 1039 1110 1083 Ex
1149 1053 1207 1083 eo
1247 1046 1407 1084 autem
1449 1038 1731 1101 corporeas³
1761 1036 2000 1084 credimus
2037 1035 2376 1083 intellectuales

233 1127 450 1179 naturas,
493 1118 606 1182 quia
639 1117 854 1165 localiter
889 1116 1365 1176 circumscribuntur,
1405 1117 1524 1163 sicut
1561 1126 1608 1164 et
1642 1117 1802 1164 anima
1838 1117 2053 1164 humana
2092 1131 2198 1180 quae
2234 1132 2378 1164 carne

232 1197 488 1257 clauditur,
524 1208 570 1245 et
607 1198 850 1245 daemones
887 1198 970 1262 qui
998 1214 1085 1262 per
1116 1197 1433 1244 substantiam
1466 1197 1688 1260 angelicae
1722 1207 1903 1245 naturae
1933 1206 2063 1256 sunt,
2089 1212 2374 1261 corporea.»

234 1280 301 1323 Ex
324 1277 398 1325 his
422 1278 583 1343 itaque
603 1278 848 1343 liquidum
864 1287 934 1324 est
953 1287 1142 1340 quantae
1165 1276 1436 1324 subtilitatis
1459 1276 1519 1324 sit
1538 1276 1701 1325 divina
1721 1276 1986 1325 substantia
2009 1286 2153 1340 atque
2175 1278 2374 1336 anima⁴,

234 1374 258 1403 a
285 1367 453 1405 natura
480 1375 743 1424 corporum
780 1357 1014 1420 disjuncta
1031 1394 1044 1416 ,
1082 1366 1128 1404 et
1151 1373 1177 1404 a
1200 1357 1366 1420 vigore
1390 1366 1665 1404 nostrorum
1700 1374 1927 1405 sensuum
1951 1357 2141 1422 penitus
2174 1366 2376 1405 remota.

235 1440 304 1483 De
327 1455 422 1502 qua
443 1438 478 1485 si
506 1439 622 1502 quid
643 1438 767 1486 forte
784 1437 1064 1503 philosophi
1095 1436 1254 1484 dicere
1275 1437 1472 1484 animati
1494 1446 1624 1496 sunt,
1650 1436 1712 1484 ad
1736 1437 2071 1485 similitudines
2089 1447 2137 1484 et
2164 1437 2380 1502 exempla

234 1535 283 1564 se
306 1520 632 1574 contulerunt,
667 1520 804 1583 quasi
835 1517 1226 1584 praesumtionem
1258 1534 1394 1565 suam
1424 1518 1656 1575 velantes,
1693 1516 1828 1582 quod
1856 1517 1917 1565 de
1940 1516 2171 1565 ineffabili
2199 1517 2283 1564 fari
2317 1517 2383 1564 vi-

235 1598 465 1646 derentur
494 1617 503 1645 ε
531 1599 667 1662 cujus
691 1599 892 1663 gloriam
918 1599 968 1646 in
998 1599 1230 1646 creaturis
1255 1615 1450 1662 quoque
1477 1597 1628 1645 modo
1653 1615 1754 1645 non
1777 1598 1880 1663 ipsa
1901 1597 2212 1661 vestigabant,
2239 1605 2382 1662 atque

233 1694 321 1743 per
340 1679 465 1744 ipsas
481 1679 801 1744 assignabant,
820 1680 940 1726 sicut
958 1678 1018 1726 de
1043 1678 1240 1726 Platone
1264 1695 1407 1743 supra
1431 1678 1756 1738 meminimus,
1773 1678 1835 1726 ad
1856 1678 2219 1725 similitudinem
2239 1677 2379 1737 Solis,

235 1775 348 1809 cum
383 1759 443 1805 de
478 1762 582 1807 Deo
615 1759 748 1824 loqui
774 1767 1103 1824 praesumeret,
1132 1757 1424 1806 recurrente.
1453 1758 1599 1816 Quod
1629 1767 1790 1805 autem
1829 1757 1896 1804 illi
1932 1774 2129 1822 quoque
2161 1758 2384 1805 doctores

235 1840 418 1898 nostri,
457 1841 541 1903 qui
564 1840 769 1886 maxime
803 1838 1064 1887 intendunt
1087 1839 1288 1902 Logicae,
1322 1839 1451 1886 illam
1477 1854 1717 1885 summam
1736 1838 2051 1902 majestatem,
2077 1854 2224 1901 quam
2245 1840 2385 1902 Igno-

236 1928 338 1966 tum
372 1922 527 1967 Deum
564 1937 664 1967 esse
702 1918 1005 1984 profitentur,
1041 1919 1243 1966 omnino
1276 1919 1378 1967 ausi
1412 1935 1511 1966 non
1548 1928 1659 1966 sunt
1697 1918 1946 1982 attingere,
1987 1927 2069 1964 aut
2103 1918 2152 1964 in
2179 1934 2384 1965 numero

238 2015 399 2047 rerum
436 1999 874 2065 comprehendere,
909 2016 967 2046 ex
1001 1999 1218 2064 ipsorum
1251 1999 1439 2065 scriptis
1469 1998 1711 2063 liquidum
1746 2008 1833 2045 est.
1861 2000 1983 2044 Cum
2024 2001 2155 2045 enim
2188 2014 2386 2046 omnem

239 2096 338 2126 rem
374 2091 456 2128 aut
487 2080 765 2128 substantiae
803 2089 886 2128 aut
919 2080 1061 2127 alicui
1093 2080 1298 2128 aliorum
1329 2079 1794 2144 generalissimorum
1827 2078 2116 2143 subjiciant:
2153 2079 2317 2143 utique
2340 2088 2387 2126 et

238 2163 413 2221 Deum,
450 2161 490 2207 si
514 2161 639 2208 inter
668 2178 745 2209 res
767 2161 925 2226 ipsum
947 2159 1436 2225 comprehenderent,
1462 2168 1545 2206 aut
1582 2158 1876 2220 substantiis,
1915 2169 1999 2206 aut
2021 2157 2382 2223 quantitatibus,

238 2251 319 2288 aut
352 2251 623 2288 ceterorum
659 2241 1142 2307 praedicamentorum
1181 2241 1324 2288 rebus
1362 2249 1797 2300 connumerarent,
1858 2239 1992 2304 quod
2027 2240 2145 2287 nihil
2184 2239 2387 2308 omnino

240 2338 341 2370 esse
370 2339 424 2368 ex
450 2322 563 2386 ipsis
593 2323 914 2369 convincitur.
940 2323 1121 2368 Omnes
1144 2322 1325 2386 quippe
1347 2337 1439 2382 res,
1474 2330 1646 2386 praeter
1669 2319 1974 2381 substautias,
2002 2337 2088 2385 per
2119 2336 2168 2367 se
2190 2320 2388 2367 existere

240 2418 340 2448 non
374 2412 595 2467 possunt,
628 2403 718 2448 nisi
749 2401 926 2449 scilicet
954 2400 1227 2448 substantiis
1257 2410 1600 2461 sustententur,
1627 2410 1680 2447 ut
1710 2399 1882 2447 albedo
1905 2399 2037 2448 nulla
2071 2400 2259 2448 ratione
2287 2415 2389 2447 esse

242 2491 415 2546 potest,
460 2482 550 2528 nisi
584 2482 634 2528 in
668 2481 884 2545 subjecto
923 2497 1147 2544 corpore,
1186 2490 1268 2527 aut
1304 2481 1455 2544 pietas
1494 2480 1587 2526 nisi
1620 2480 1670 2525 in
1713 2480 1891 2540 anima,
1934 2490 2016 2527 aut
2055 2480 2279 2544 quaelibet
2313 2495 2389 2526 res

242 2578 419 2610 novem
456 2562 939 2627 praedicamentorum
974 2561 1064 2607 nisi
1099 2559 1324 2624 subjectis
1358 2559 1634 2607 substantiis
1668 2560 1832 2606 insint.
1869 2559 2151 2607 Substantiae
2190 2575 2303 2607 vero
2337 2559 2387 2606 in

243 2643 436 2708 propria
472 2652 644 2690 natura
668 2659 753 2708 per
784 2641 962 2707 seipsas
993 2639 1248 2687 subsistere
1284 2657 1338 2686 ac
1373 2656 1678 2705 perseverare
1711 2649 1916 2704 possunt
1948 2640 2176 2687 omnibus
2206 2648 2254 2687 et
2288 2639 2389 2686 aliis

243 2722 385 2769 rebus
422 2722 693 2770 destructis.
729 2720 870 2768 Unde
905 2730 952 2770 et
986 2720 1263 2767 substantiae
1298 2720 1434 2784 quasi
1465 2719 1783 2768 subsistentiae
1814 2719 1952 2767 dictae
1983 2730 2113 2781 sunt,
2148 2729 2196 2767 et
2222 2720 2390 2766 ceteris

246 2801 387 2849 rebus
420 2820 524 2867 quae
553 2804 620 2850 eis
650 2802 903 2862 assistunt,
940 2818 1040 2848 non
1067 2817 1153 2865 per
1182 2818 1231 2848 se
1255 2799 1537 2858 subsistunt,
1565 2799 1846 2848 naturaliter
1870 2800 2057 2865 priores
2084 2810 2211 2848 sunt.
2235 2798 2390 2846 ‘Unde

245 2881 480 2944 liquidum
514 2893 585 2930 est
617 2886 791 2941 Deum,
829 2882 911 2945 qui
943 2881 1164 2928 omnium
1199 2896 1362 2928 rerum
1395 2890 1468 2928 est
1498 2880 1697 2928 unicum
1732 2890 1780 2927 et
1808 2880 2046 2944 singulare
2079 2879 2386 2945 principium,

247 2961 381 3007 nullo
406 2962 555 3009 modo
580 2964 628 3010 in
662 2979 720 3010 eo
748 2978 909 3009 rerum
937 2976 1142 3012 numero
1174 2961 1431 3019 contineri,
1459 2977 1566 3025 quae
1590 2959 1865 3008 substantiae
1889 2977 1990 3007 non
2016 2971 2127 3008 sunt
2157 2978 2169 3007 t
2195 2959 2280 3007 sed
2300 2974 2390 3005 nec

248 3038 539 3102 substantiae,
574 3042 841 3090 secundum
871 3058 973 3103 eOS,
1000 3041 1291 3108 supponitur
1328 3043 1472 3103 Deus,
1511 3041 1622 3089 licet
1641 3041 1744 3107 ipse
1782 3041 1988 3089 maxime
2019 3041 2084 3088 -sit
2114 3056 2189 3089 res
2221 3055 2306 3104 per
2340 3053 2391 3085 se

298 3249 303 3264 ¹
324 3245 378 3277 Sic
411 3246 519 3278 forsan
555 3246 741 3284 tegendum.
782 3244 818 3276 ln
849 3246 946 3277 editis
975 3246 1212 3280 inexcusabili.
1247 3264 1284 3270 -
1352 3246 1581 3288 incorporeas.
1607 3262 1645 3269 —
1663 3244 1721 3278 ⁴1n
1742 3246 1839 3278 editis
1860 3244 2073 3286 substantia,
2097 3247 2197 3285 atque
2218 3243 2344 3277 animoe
2369 3252 2391 3274 a

273 3298 481 3340 Gennadius,
501 3307 572 3338 cap.
589 3306 636 3330 x1.
657 3315 694 3320 —
711 3297 784 3329 ³Sic
801 3299 888 3338 apud
904 3297 1121 3333 Gennadium.
1141 3300 1176 3332 ln
1192 3302 1288 3333 editis
1355 3304 1494 3333 natura.
