2638 3866
260 254 354 299 416
1076 250 1237 298 PETRI
1271 248 1516 299 ABAELAR
1523 248 1576 298 DI

261 362 394 414 gata,
445 361 495 397 ut
534 350 859 414 unusquisque
899 351 1062 397 omnia
1100 366 1205 415 quae
1240 349 1404 409 habet,
1443 349 1703 397 tam-filios
1738 365 1884 414 quam
1922 337 2238 418 quaecumque
2273 353 2382 413 alia,

264 432 455 478 nonnisi
484 430 545 477 ad
578 446 887 476 communem
921 431 1140 477 omnium
1173 430 1424 478 utilitatem
1453 430 1696 496 possidere
1731 440 1937 496 appetat.
1970 432 2115 490 Quod
2137 432 2387 497 diligenter

262 510 339 557 ille
371 509 673 568 attendebat,
704 509 764 556 de
797 527 895 574 quo
914 509 1129 557 Valerius
1159 511 1392 557 Maximus
1421 511 1544 557 inter
1579 519 1734 558 cetera
1767 522 2128 570 commemorat,
2155 513 2342 560 dicens¹
2371 532 2382 559 ε

266 590 451 637 «Aulus
481 589 672 636 Fulvius
701 589 854 636 filium
882 607 1022 637 suum
1047 607 1195 655 pravo
1227 591 1429 639 consilio
1467 590 1721 638 amicitiam
1744 590 1962 638 Catilinae
1975 602 2208 652 secutum,
2240 593 2389 657 inque

261 677 412 724 castra
459 667 559 730 ejus
592 668 847 715 temerario
882 669 1062 733 impetu
1097 678 1346 727 ruentem,
1390 668 1548 714 medio
1588 668 1755 715 itinere
1794 668 2113 729 abstractum,
2153 669 2388 735 supplicio

261 747 426 793 mortis
465 747 639 806 affecit,
678 748 897 813 praefatus
931 765 1030 795 non
1068 766 1118 795 se
1152 748 1286 795 illum
1321 747 1530 795 Catilinae
1568 747 1794 796 adversus
1832 750 2065 813 patriam,
2103 748 2187 796 sed
2226 750 2388 814 patriae

260 826 486 874 adversus
532 828 785 876 Catilinam
828 829 1061 892 genuisse.
1081 849 1103 872 2>
1131 831 1186 875 Et
1223 828 1315 875 hos
1338 828 1536 876 fortasse
1575 845 1743 876 omnes
1783 828 1896 875 tales
1944 845 2082 876 veros
2118 827 2388 892 reipublicae

262 916 467 954 rectores
499 908 743 968 intellexit,
780 910 863 973 qui
896 925 950 955 ea
983 907 1161 955 scilicet
1193 926 1299 973 quae
1326 908 1572 974 possidere
1604 908 1845 967 videntur,
1877 925 1974 955 non
2006 907 2119 969 sibi,
2148 907 2230 955 sed
2262 925 2390 954 com·

262 987 396 1033 muni
430 988 662 1052 deputant
705 989 909 1036 utilitati.
954 992 1009 1036 Et
1048 989 1149 1036 haec
1188 988 1384 1053 quidem
1425 1005 1534 1035 vere
1568 987 1772 1036 dicenda
1812 997 1882 1035 est
1920 988 2215 1053 respublica,
2256 990 2390 1052 cujus

259 1066 606 1114 administratio
641 1068 703 1115 ad
735 1086 1045 1116 communem
1081 1069 1257 1133 geritur
1284 1068 1534 1115 utilitatem
1562 1086 1572 1114 ε
1610 1078 1656 1115 et
1684 1068 1734 1115 hi
1767 1085 1878 1116 vere
1911 1068 2101 1115 dicendi
2129 1078 2245 1126 §unt
2277 1085 2390 1115 con-

260 1148 402 1208 cives,
437 1148 521 1211 qui
551 1149 617 1195 sic
640 1149 689 1195 in
714 1166 865 1196 unum
890 1160 988 1196 tam
1017 1166 1221 1214 corpore
1246 1161 1391 1213 quam
1428 1148 1686 1195 devotione
1707 1147 1992 1205 inhabitant,
2020 1157 2067 1194 ut
2092 1148 2139 1194 in
2166 1147 2232 1194 eis
2256 1163 2390 1194 com-

259 1227 441 1290 pletum
468 1227 697 1286 videatur,
738 1229 872 1293 quod
894 1230 953 1276 de
976 1230 1269 1294 perfectione
1293 1228 1540 1293 primitivae
1561 1228 1792 1289 Ecclesiae,
1822 1244 1967 1293 quam
1992 1244 2120 1274 nunc
2145 1236 2390 1274 monaste·

261 1308 441 1353 riorum
473 1318 738 1355 conventus
762 1310 1027 1369 imitantur,
1062 1326 1148 1374 per
1174 1307 1474 1355 psalmistam
1502 1308 1702 1355 dicitur²
1726 1326 1736 1354 ε
1769 1327 1791 1353 «
1811 1311 1930 1355 Ecce
1963 1324 2106 1372 quam
2134 1307 2321 1354 bonum
2346 1316 2392 1353 et

260 1403 406 1449 quam
426 1388 697 1451 jucundum
724 1388 940 1436 habitare
964 1389 1129 1436 fratres
1154 1388 1202 1435 in
1230 1405 1397 1435 unum.
1422 1407 1444 1431 »
1473 1390 1531 1435 Et
1551 1387 1667 1435 hinc
1691 1405 1859 1436 eorum
1883 1388 2122 1435 unanimis
2146 1388 2392 1434 convictus

261 1477 384 1514 recte
417 1468 581 1514 civitas
612 1479 678 1516 est
714 1469 1045 1535 appellandus,
1072 1468 1157 1515 ubi
1188 1485 1275 1533 par
1303 1468 1534 1532 aequitatis
1568 1485 1770 1516 censura
1798 1469 2057 1533 unicnique
2087 1468 2219 1533 quod
2253 1485 2392 1515 suum

259 1557 328 1592 ost
359 1557 532 1607 servat,
567 1559 614 1595 et
642 1550 690 1595 in
717 1549 943 1596 omnibus
974 1565 1109 1612 aequa
1141 1549 1431 1615 dispensatio
1463 1558 1667 1609 tenetur,
1694 1559 1739 1596 et
1761 1558 1908 1614 prout
1943 1549 2116 1613 cuique
2150 1565 2274 1613 opus
2303 1558 2390 1605 est,

261 1636 303 1672 ct
344 1627 539 1674 facultas
574 1630 826 1693 permittit,
869 1630 1032 1676 omnia
1075 1629 1428 1694 dispensantur,
1467 1639 1513 1676 et
1553 1628 1615 1677 ad
1652 1646 1804 1676 unum
1846 1629 2050 1688 exitum,
2090 1628 2187 1675 boc
2223 1637 2294 1675 est
2332 1627 2394 1676 ad

261 1723 571 1753 communem
602 1709 803 1755 civitatis
837 1710 1238 1770 incolumitatem,
1276 1725 1381 1773 quae
1412 1710 1575 1756 omnia
1607 1708 1728 1755 fiunt
1757 1708 2090 1770 intenduntur,
2129 1718 2181 1754 ut
2209 1709 2256 1754 in
2290 1724 2395 1754 om·-

260 1785 402 1831 nibus
437 1787 537 1833 sine
574 1790 953 1837 murmuratione
989 1790 1174 1837 sincera
1205 1790 1375 1836 caritas
1405 1792 1765 1835 conservetur⁵.
1799 1788 1937 1835 Unde
1963 1788 2182 1836 Clemens
2220 1787 2282 1835 ad
2317 1790 2396 1834 Ja-

261 1865 438 1912 cobum
493 1867 707 1922 scribens
737 1878 788 1915 ut
817 1869 866 1915 in
902 1869 1151 1916 communi
1198 1868 1460 1916 vivendum
1513 1885 1612 1915 esse
1665 1867 2002 1915 adhortaretur
2039 1886 2048 1913 :
2098 1886 2118 1912 α
2143 1867 2392 1931 Denique,

263 1945 432 2008 inquit,
459 1949 736 1996 Graecorum
772 1949 969 2014 quidam
1002 1950 1374 2015 sapientissimus
1406 1949 1508 1996 haec
1545 1950 1610 1996 ita
1643 1949 1794 1996 sciens
1826 1965 1946 2010 esse,
1982 1948 2046 1995 ait
2082 1965 2092 1993 z
2130 1948 2260 1994 Sicut
2295 1964 2395 1994 non

262 2036 416 2088 potest
452 2043 532 2073 aer
570 2027 736 2087 dividi,
780 2043 937 2094 neque
971 2029 1200 2094 splendor
1228 2029 1372 2089 solis3
1413 2029 1479 2076 ita
1500 2045 1589 2076 nec
1620 2028 1819 2093 reliqua,
1851 2045 1956 2093 quae
1989 2028 2310 2075 communiter
2346 2028 2394 2073 in

260 2105 444 2151 mundo
478 2106 572 2153 hoc
596 2102 823 2156 omnibus
855 2110 966 2156 data
991 2120 1104 2156 sunt
1127 2109 1187 2156 ad
1215 2109 1494 2157 habendum
1526 2109 1676 2155 dividi
1706 2108 1900 2169 debere,
1932 2108 2016 2156 scd
2047 2106 2270 2155 habenda
2296 2123 2396 2153 esse

259 2186 550 2232 communia.
575 2187 793 2252 Alioquin
817 2206 916 2236 non
941 2199 1012 2242 est
1027 2190 1076 2236 in
1102 2190 1375 2254 proximum
1400 2190 1571 2236 caritas
1594 2188 1826 2254 perfecta,
1850 2206 1954 2254 quae
1978 2205 2077 2235 non
2106 2187 2270 2251 quaerit
2292 2203 2397 2251 quae

258 2279 343 2310 sua
366 2274 501 2324 sunt,
529 2266 612 2313 sed
638 2267 780 2314 amici
813 2269 887 2315 sui
917 2268 1192 2316 commoda.
1223 2290 1246 2311 »

325 2343 395 2390 Ad
425 2344 550 2392 hanc
578 2347 794 2411 profecto
826 2349 1060 2413 aequitatis
1088 2365 1340 2396 censuram
1367 2349 1448 2396 illa
1475 2349 1722 2396 civitatum
1749 2347 1967 2396 definitio
1995 2357 2192 2413 spectat,
2220 2346 2280 2393 de
2302 2363 2397 2410 qua

260 2422 403 2469 verba
444 2425 581 2472 Tullii
616 2428 887 2475 Macrobius
923 2445 1168 2493 exponens
1204 2430 1270 2476 ait
1303 2448 1312 2475 ε
1355 2448 1378 2474 «
1407 2429 1490 2476 Illa
1527 2438 1688 2476 autem
1724 2428 2005 2475 definitione
2039 2427 2157 2490 quid
2190 2427 2396 2491 pressius

260 2511 418 2564 potest
440 2521 557 2565 esse,
586 2507 702 2570 quid
726 2509 912 2555 cautius
936 2508 996 2555 de
1020 2510 1219 2555 nomine
1242 2509 1510 2569 civitatum,
1538 2525 1683 2572 quam
1706 2508 1924 2566 concilia,
1952 2507 2124 2572 inquit,
2151 2516 2396 2570 coetusque

260 2581 515 2631 hominum
551 2586 657 2656 jure
696 2589 878 2649 sociati,
921 2605 1026 2652 quae
1059 2590 1269 2637 civitates
1302 2588 1682 2654 appellantur?»
1709 2587 1983 2635 Secundum
2019 2602 2167 2652 quam
2201 2585 2397 2650 quidem

320 2746 333 2764 ⁸
361 2743 649 2802 Hieronymus
679 2745 734 2788 ad
764 2745 1048 2789 Heliodorum
1081 2746 1327 2806 episcopum
1349 2746 1393 2788 in
1415 2745 1645 2805 Epitaphio
1680 2744 1943 2803 Nepotiani:
1975 2741 2126 2797 «Quid
2157 2754 2397 2784 memorem

267 2807 482 2850 Romanos
515 2810 664 2863 duces,
697 2827 882 2869 quorum
910 2812 1150 2864 virtutibus,
1185 2811 1303 2870 quasi
1332 2810 1589 2870 quibusdam
1616 2809 1766 2863 stellis,
1804 2809 1965 2851 Latinae
1991 2809 2152 2850 micant
2183 2805 2397 2849 historiae?

268 2870 470 2914 Pulvillus
502 2876 763 2934 Capitolium
792 2876 1015 2930 dedicans,
1046 2888 1264 2919 mortuum
1285 2887 1333 2918 ut
1351 2876 1635 2919 nunciabatur
1658 2874 1816 2928 filium,
1843 2874 1984 2917 subito
2010 2889 2054 2916 se
2071 2873 2195 2929 jussit
2223 2871 2398 2913 absente

269 2935 450 2998 sepeliri.
499 2940 653 2987 Lucius
696 2940 850 2982 Paulus
884 2952 1046 3000 septem
1088 2942 1238 2985 diebus
1280 2942 1391 2984 inter
1431 2942 1616 2984 duorum
1653 2940 1853 2998 exequias
1895 2937 2079 2982 filiorum
2115 2937 2395 2995 triumphans,

265 2999 428 3042 Urbem
458 3002 669 3061 ingressus
691 3004 796 3048 est⁸.

315 3217 320 3232 “
339 3213 411 3247 Val.
430 3214 531 3255 Max„
558 3217 615 3249 lib.
636 3216 673 3256 V,
697 3227 724 3249 c.
744 3219 775 3251 8.
793 3218 996 3251 —2Psalm.
1022 3227 1144 3258 cxxxii,
1162 3229 1191 3252 v.
1218 3223 1247 3253 1.
1261 3238 1298 3243 —
1373 3227 1415 3253 ex·
1429 3222 1542 3254 ordine
1561 3222 1763 3259 inseruntur,
1785 3220 1842 3251 sed
1862 3218 2012 3258 leguntur
2029 3218 2162 3249 adversa
2182 3219 2288 3255 parte,
2303 3215 2396 3269 guasi

277 3268 288 3287 ³
305 3267 340 3298 ln
357 3269 469 3301 codiee
486 3269 666 3302 Turonensi
680 3279 777 3311 quem
797 3272 935 3303 fideliter
952 3271 1151 3305 Benedictini
1167 3282 1299 3314 expres.-
1371 3277 1519 3316 qnaedam
1547 3275 1691 3307 auctoris
1725 3273 1943 3305 additamenta
1964 3283 1973 3309 ς
2003 3278 2086 3311 quos
2116 3269 2248 3310 quidem
2283 3276 2399 3300 omnes

272 3328 389 3365 serunt
416 3324 572 3365 editorcS,
589 3325 678 3356 locus
698 3325 757 3356 iste
774 3330 806 3356 et
822 3326 952 3366 quidam
968 3326 1020 3358 alii
1039 3335 1105 3358 non
1122 3327 1184 3367 ipsi
1197 3328 1299 3359 textui
1366 3331 1490 3369 ‚cuique
1517 3329 1660 3368 paginae,
1679 3333 1715 3358 ut
1734 3329 1927 3366 occurrunt,
1950 3323 2158 3363 subjecimus.
