2638 3866
330 251 423 299 406
1129 247 1299 295 PETRI
1334 245 1648 294 ABAELARDI

327 351 412 398 sed
423 355 557 414 Juxta
579 350 780 396 formam
805 347 1182 414 incorporalium
1199 356 1479 394 naturarum
1496 356 1543 393 et
1558 344 1764 392 maxime
1776 344 2033 404 Trinitatis,
2050 360 2146 410 qua
2160 346 2455 395 voluntatem

326 447 461 478 suam
477 430 646 494 ingerit
669 430 716 475 in
741 429 888 476 corda
911 428 1226 476 credentium.
1249 448 1271 471 2>
1299 430 1419 475 Item
1439 446 1449 473 :
1481 446 1503 471 «
1522 425 1724 491 Spiritus
1747 435 1936 472 sanctus
1958 425 2039 490 qui
2065 435 2135 473 est
2152 427 2353 492 Spiritus
2378 445 2457 475 ve-

325 511 496 571 ritatis,
517 509 813 575 Spiritusque
832 509 1089 574 sapientiae,
1113 525 1213 555 non
1230 517 1387 573 potest
1407 506 1587 564 audire,
1610 506 1728 553 Filio
1751 505 2002 570 loquente,
2027 523 2131 571 quae
2154 508 2320 567 nescit,
2346 525 2457 555 cum

327 589 420 636 hoc
461 591 617 654 ipsum
651 589 708 636 sit
737 589 867 653 quod
903 589 1145 654 profertur
1171 604 1200 635 a
1223 587 1362 648 Filio,
1389 586 1438 633 id
1468 596 1538 633 est
1560 584 1824 652 procedens
1854 588 1983 633 Deus
2013 587 2073 635 de
2100 589 2220 649 De0,
2256 588 2458 653 Spiritus

325 670 532 717 veritatis
555 670 824 735 procedens
837 686 864 717 a
878 670 1103 731 Veritate,
1132 668 1408 716 consolator
1430 683 1630 715 manens
1655 666 1716 714 de
1738 667 2053 715 consolatore.
2072 687 2095 712 »
2115 671 2232 726 Quae
2254 668 2453 733 quidem

324 749 495 797 veritas
519 767 624 814 quae
646 750 723 808 sit,
748 767 776 797 a
808 766 903 814 qua
939 751 1040 814 ipse
1071 748 1307 814 procedit,
1334 747 1607 812 symbolum
1646 746 1867 813 Ephesini
1891 747 2109 809 Concilii,
2146 748 2280 812 quod
2306 750 2450 797 etiam

326 832 601 877 Graecorum
635 830 775 877 fuisse
810 839 1013 891 constat,
1052 829 1298 877 manifeste
1327 828 1402 875 his
1429 826 1589 875 verbis
1617 826 1934 875 determinat:
1974 848 1995 872 «
2025 829 2256 887 Quamvis
2280 829 2330 876 in
2363 847 2449 877 sua

324 909 585 957 substantia
609 910 668 956 sit
690 910 892 975 Spiritus
924 909 1044 970 Filii,
1072 918 1118 957 et
1148 908 1437 973 intelligatur
1464 908 1513 955 in
1539 923 1747 974 persona
1766 908 2050 973 proprietas,
2074 913 2211 974 Juxta
2245 909 2296 956 id
2321 910 2456 974 quod

324 989 522 1054 Spiritus
544 999 630 1049 est,
656 999 702 1037 et
719 1006 820 1036 non
838 989 998 1051 Filius,
1014 1006 1115 1036 non
1140 999 1211 1037 est
1229 999 1387 1036 tamen
1408 988 1593 1036 alienus
1617 987 1796 1054 abipso
1814 1006 1824 1034 :
1843 1004 1957 1035 nam
1973 989 2174 1054 Spiritus
2190 989 2457 1055 appellatur

323 1070 546 1129 veritatis,
577 1079 624 1116 et
659 1070 830 1117 veritas
874 1069 1088 1117 Christus
1128 1079 1213 1117 est.
1254 1088 1277 1114 »
1318 1072 1437 1117 Item
1471 1068 1674 1133 Cyrillus
1707 1068 1970 1134 Episcopus
2017 1068 2362 1117 Alexandrinus
2406 1072 2457 1116 ιή

322 1151 475 1213 Epist.
508 1153 608 1197 VIII
633 1150 850 1196 Nestorio
868 1149 1066 1212 directa,
1096 1167 1201 1215 quae
1224 1150 1291 1197 sic
1315 1150 1482 1214 incipit
1512 1167 1522 1195 ε
1551 1148 1964 1197 Reverendissimo
1989 1159 2036 1197 et
2057 1151 2268 1198 Domino
2289 1167 2454 1198 aman-

323 1230 523 1288 tissimo,
558 1240 646 1277 etc.
679 1230 773 1276 «Si
807 1240 894 1291 est,
934 1231 1107 1296 inquit,
1141 1232 1190 1278 in
1223 1230 1485 1278 substantia
1517 1231 1716 1295 Spiritus
1746 1229 1963 1295 speciali,
1987 1230 2062 1278 vel
2083 1241 2210 1279 certe
2233 1241 2281 1278 et
2315 1231 2453 1279 intel·

320 1309 501 1372 ligitur¹
523 1326 610 1374 per
635 1326 684 1356 se
703 1310 971 1357 secundum
991 1310 1124 1375 quod
1148 1311 1350 1375 Spiritus
1369 1321 1437 1358 est
1462 1321 1509 1358 et
1529 1327 1626 1358 non
1654 1311 1810 1371 Filius,
1831 1311 1914 1359 sed
1938 1321 2098 1359 tamen
2125 1323 2195 1360 est
2223 1329 2324 1360 non
2348 1313 2455 1361 alie-

322 1404 411 1435 nus
434 1388 495 1436 ab
520 1405 595 1436 eo.
621 1390 820 1454 Spiritus
835 1391 962 1436 enim
979 1390 1189 1437 veritatis
1214 1390 1490 1437 nominatur
1525 1400 1572 1438 et
1593 1391 1790 1456 profluit
1822 1391 1884 1439 ab
1909 1409 1987 1454 eo,
2026 1393 2146 1441 sicut
2167 1393 2375 1457 denique
2397 1411 2454 1441 ex

319 1470 421 1515 Deo
448 1472 598 1516 Patre.
625 1490 646 1511 >³
675 1473 882 1516 Joannes
906 1469 1276 1534 Chrysostomus
1308 1470 1522 1517 Homilia
1546 1473 1695 1519 xxvn’
1712 1471 1774 1519 de
1797 1473 2096 1539 expositione
2119 1473 2325 1539 symboli
2349 1491 2454 1539 quae

317 1548 383 1594 sic
406 1548 596 1613 incipit:
618 1549 906 1596 Universalis
923 1549 1130 1597 Ecclesia
1153 1550 1443 1613 congaudet.
1474 1572 1496 1596 α
1520 1554 1610 1598 Iste
1628 1561 1698 1599 est
1721 1553 1922 1618 Spiritus
1945 1554 2214 1620 procedens
2232 1554 2294 1602 de
2314 1558 2453 1602 Patre

319 1637 364 1673 et
387 1627 521 1689 Filio,
545 1629 626 1693 qui
649 1629 818 1676 dividit
835 1630 1032 1695 propria
1054 1629 1185 1677 dona
1208 1640 1260 1677 ut
1284 1630 1441 1676 vult.»
1465 1631 1596 1678 ldem
1625 1635 1832 1681 Homilia
1851 1637 2079 1697 xxxvuffl,
2110 1635 2159 1682 in
2190 1636 2280 1683 alia
2304 1652 2454 1701 expo-

317 1708 489 1754 sitione
512 1708 612 1771 ejus
638 1708 842 1773 symboli
867 1726 972 1774 quae
996 1710 1062 1756 sic
1085 1709 1251 1775 incipit
1281 1728 1291 1757 :
1330 1729 1351 1754 «
1389 1712 1543 1776 Super
1578 1711 1810 1760 fabricam
1843 1715 1988 1761 totius
2021 1715 2259 1763 Ecclesiae.
2292 1719 2454 1780 ltaque

317 1786 610 1834 credendum
643 1798 713 1835 est
740 1789 970 1853 Spiritum
998 1798 1217 1836 sanctum
1245 1790 1393 1836 Patris
1425 1807 1527 1838 esse
1556 1801 1603 1838 et
1625 1791 1744 1839 Filii.
1773 1813 1796 1836 »
1827 1797 1943 1841 ltem
1967 1812 1976 1840 :
2009 1799 2195 1842 «Istum
2221 1796 2450 1862 Spiritum

317 1878 535 1914 sanctum
559 1868 762 1915 dicimus
777 1870 902 1916 Patri
920 1878 967 1916 et
982 1868 1099 1916 Filio
1123 1885 1224 1916 esse
1243 1870 1552 1933 coaequalem,
1577 1882 1622 1919 et
1641 1873 1982 1937 procedentem
2007 1875 2067 1923 de
2086 1879 2224 1924 Patre
2249 1885 2294 1923 et
2313 1876 2448 1924 Filio.

316 1949 419 1994 Hoc
462 1948 642 1996 credite
685 1965 746 1995 ne
789 1948 1033 2013 colloquia
1077 1949 1202 1997 mala
1239 1962 1553 2016 corrumpant
1588 1969 1745 2001 mores
1781 1964 1965 2003 vestros
2004 1956 2180 2004 bonos.
2233 1979 2255 1999 2»
2296 1960 2415 2005 Item
2439 1977 2446 2002 :

319 2045 341 2071 «
371 2027 537 2076 Videte
563 2028 740 2093 ubique
763 2039 1116 2078 sacramentum
1139 2030 1395 2092 TrinitatiS,
1420 2048 1529 2079 ecce
1553 2042 1598 2080 et
1621 2034 1669 2081 in
1696 2035 1926 2100 Spiritum
1949 2047 2168 2085 sanctum
2192 2037 2448 2099 credimus,

314 2108 396 2171 qui
416 2108 617 2172 Spiritus
637 2108 903 2173 procedens
919 2110 978 2157 de
997 2112 1133 2158 Patre
1156 2120 1202 2157 et
1219 2110 1336 2157 Filio
1361 2110 1591 2160 charitate
1611 2115 1936 2181 conjungitur.
1968 2136 1991 2162 »
2021 2120 2307 2183 Augustinus
2325 2117 2450 2166 libro

318 2189 638 2246 Quaestionum
656 2188 724 2244 ad
740 2191 977 2247 Orosiam,
1003 2207 1108 2255 cap.
1128 2207 1160 2237 11
1181 2209 1190 2237 z
1212 2211 1235 2234 «
1253 2191 1454 2256 Spiritus
1473 2194 1711 2242 Dominus
1733 2205 1898 2244 noster
1914 2197 1991 2245 ille
2012 2197 2231 2246 Christus
2250 2209 2359 2264 post
2375 2216 2449 2247 re-

313 2268 657 2315 surrectionem
677 2286 830 2329 suam,
854 2280 906 2317 ut
930 2270 1204 2318 ostenderet
1221 2287 1249 2318 a
1267 2288 1316 2318 se
1338 2273 1602 2337 procedere
1615 2276 1845 2340 Spiritum
1863 2287 2084 2325 sanctum
2106 2279 2227 2326 sicut
2246 2296 2275 2326 a
2291 2283 2446 2338 Patre,

312 2347 559 2395 insufflans
581 2349 629 2395 in
649 2348 910 2414 discipulos
933 2367 1046 2397 suos
1070 2351 1133 2397 ait
1148 2352 1190 2397 ⁴:
1235 2370 1257 2395 «
1296 2353 1508 2418 Accipite
1532 2355 1761 2419 Spiritum
1788 2367 2025 2405 sanctum.
2061 2378 2084 2403 υ
2118 2358 2252 2406 Idem
2275 2359 2359 2406 lib.
2389 2363 2450 2406 IV

311 2425 367 2472 de
385 2429 622 2481 ΥΤνὶηίιιιιε
633 2429 669 2474 ⁵:
691 2449 713 2472 ι(
734 2432 828 2476 Nec
848 2446 1103 2494 possumus
1125 2430 1300 2491 dicere,
1326 2432 1457 2496 quod
1474 2434 1675 2498 Spiritus
1694 2446 1885 2484 sanctus
1902 2455 1927 2485 a
1944 2438 2061 2485 Filio
2076 2455 2175 2485 non
2192 2439 2448 2504 procedat;

310 2523 399 2554 nec
417 2509 545 2554 enim
564 2508 735 2556 frustra
751 2509 879 2556 idem
903 2511 1107 2575 Spiritus
1130 2521 1176 2558 et
1200 2512 1350 2559 Patris
1374 2522 1421 2560 et
1439 2513 1541 2560 Filii
1565 2524 1611 2562 et
1632 2516 1834 2581 Spiritus
1854 2517 2045 2581 dicitur,
2061 2536 2149 2566 nec
2171 2519 2311 2583 video
2333 2520 2449 2584 quid

313 2584 440 2633 aliud
463 2587 731 2651 significare
758 2589 980 2652 voluerit,
1007 2608 1117 2638 cum
1133 2591 1328 2639 sufflans
1348 2593 1435 2640 ait:
1460 2614 1480 2635 α
1495 2595 1702 2661 Accipite
1727 2598 1958 2663 Spiritum
1982 2610 2219 2647 sanctum.
2243 2619 2265 2644 »
2286 2603 2450 2665 Neque

312 2665 440 2710 enim
463 2664 599 2713 flatus
631 2668 709 2715 ille
732 2686 993 2735 corporeus
1024 2670 1291 2719 substantia
1309 2674 1514 2738 Spiritus
1539 2677 1691 2723 sancti
1715 2677 1819 2740 fuit,
1842 2678 1925 2726 sed
1949 2679 2314 2741 demonstratiO,
2342 2690 2388 2728 et
2423 2698 2451 2727 a

313 2743 427 2789 Filio
443 2745 703 2808 procedere
716 2750 944 2812 Spiritum
960 2761 1195 2799 sanctum.
1219 2771 1242 2796 »
1259 2756 1375 2800 Item
1389 2754 1437 2800 in
1454 2754 1579 2803 libro
1594 2755 1651 2803 de
1670 2759 1906 2806 Trz'nz'tate
1918 2761 1954 2806 ⁶:
1978 2780 2000 2803 <c
2013 2760 2143 2807 Sicut
2157 2761 2448 2807 unicumDei

312 2822 513 2869 verbum
537 2827 732 2890 proprie
751 2844 982 2876 vocamus
1019 2832 1215 2879 nomine
1250 2834 1510 2898 sapientiae,
1538 2853 1648 2884 cum
1685 2838 1744 2884 sit
1777 2840 2125 2899 universaliter,
2169 2850 2216 2887 et
2248 2840 2448 2905 Spiritus

311 2912 518 2959 sanctuS,
542 2914 588 2951 et
612 2908 744 2952 Pater
768 2908 871 2972 ipsa
890 2910 1139 2973 sapientia,
1166 2913 1231 2960 ita
1254 2915 1457 2979 Spiritus
1479 2918 1674 2982 proprie
1698 2929 1896 2967 vocatur
1918 2920 2158 2968 vocabulo
2186 2919 2444 2978 charitatis,

310 2998 419 3029 cum
445 2983 504 3029 sit
541 2993 587 3030 et
612 2987 748 3032 Pater
780 2996 827 3032 et
852 2988 994 3035 Filius
1015 2991 1344 3040 universaliter
1368 2994 1591 3044 charitas.
1616 3017 1638 3042 »
1662 3001 1734 3046 De
1760 3010 1966 3065 utroque
1989 3010 2149 3048 autem
2183 2999 2446 3065 procedere

309 3062 377 3108 sic
391 3061 608 3123 docetur,
627 3065 739 3127 quia
756 3066 856 3129 ipse
872 3068 1014 3114 Filius
1034 3071 1098 3116 ait
1113 3073 1126 3095 ⁷
1143 3089 1151 3116 :
1171 3091 1191 3114 «
1210 3075 1280 3119 De
1296 3077 1432 3121 Patre
1453 3078 1691 3140 procedit,
1712 3098 1732 3120 »ι
1750 3090 1795 3127 et
1813 3080 2060 3145 discipulis
2079 3081 2176 3127 suis
2193 3079 2448 3128 insufflavit

349 3270 591 3311 'Intellviqitum
604 3271 694 3303 deest
706 3272 801 3304 Amb.
818 3275 866 3295 —2
881 3274 1006 3306 Romu.
1029 3285 1115 3309 xxvi.
1133 3280 1190 3301 ——3
1207 3279 1335 3312 Homil.
1413 3287 1436 3313 t.
1453 3281 1611 3322 Vl11‚col.
1631 3287 1702 3318 829.
1718 3303 1754 3309 -
1774 3287 1785 3305 ⁶
1799 3286 1870 3318 Lib.
1886 3286 1954 3327 XV,
1973 3297 2045 3328 cap.
2066 3296 2147 3320 xv11.
2177 3288 2284 3329 0p1).,
2306 3293 2328 3320 t.
2355 3288 2423 3319 vm
2436 3313 2443 3326 ‚

308 3332 417 3356 xxvm.
443 3342 483 3347 --
503 3326 512 3344 ⁴
530 3324 638 3364 Joan.,
663 3335 733 3366 cap.
760 3335 824 3365 xx,
851 3337 879 3360 ν.
909 3331 958 3362 22.
980 3348 1016 3353 -—
1034 3333 1043 3351 ⁵
1059 3331 1137 3372 Cap.
1160 3342 1214 3372 xx,
1235 3333 1335 3375 opp..
1411 3337 1474 3369 col.
1499 3338 1571 3370 989.
1600 3355 1639 3362 —-
1664 3338 1794 3379 7Joan„
1818 3350 1890 3382 cap.
1919 3351 1975 3381 xv,
1994 3351 2023 3373 v.
2051 3343 2103 3374 26.
2119 3359 2160 3366 —
