2638 3866
795 246 1189 305 INTRODUCTIO
1223 253 1304 302 AD
1336 252 1746 302 THEOLOGIAM.
2281 254 2342 303 63

199 360 271 407 los
291 367 340 407 et
360 372 546 422 ungues
566 356 785 422 corporis
807 353 1154 422 amputandOS,
1187 362 1236 402 et
1256 354 1325 403 sic
1345 368 1453 402 eam
1489 351 1763 401 habendam
1787 352 2032 419 conjugio.
2067 351 2199 412 Quid
2228 368 2343 418 ergo

200 439 375 488 mirum
388 474 403 500 ,
427 437 468 486 si
493 447 539 486 et
560 453 651 503 ego
683 435 969 503 sapientiam
993 433 1258 484 secularem
1271 470 1284 496 ‚
1313 442 1510 500 propter
1533 432 1711 498 eloquii
1745 442 2069 495 venustatem,
2099 432 2344 482 membro-

198 534 307 567 rum
338 516 773 584 pulchritudinem,
808 514 870 564 de
901 514 1073 564 ancilla
1111 523 1256 580 atque
1291 514 1480 580 captiva
1514 513 1772 562 israelitam
1810 513 1967 563 facere
2000 514 2180 580 cupio?
2218 516 2278 562 Et
2306 515 2343 562 si

198 596 438 664 quidquid
469 599 519 646 in
555 613 614 646 ea
647 605 897 645 mortuum
917 604 1015 655 est,
1040 594 1351 653 idololatriae,
1388 594 1675 660 voluptatis,
1711 595 1918 654 erroris,
1959 593 2214 643 libidinum
2232 630 2244 654 ‚
2269 594 2344 642 vel

197 677 406 744 praecido
438 677 515 727 vel
545 676 691 738 rad0,
733 684 782 724 et
820 675 995 724 mixtus
1022 675 1279 742 purissimo
1313 674 1508 741 corpori
1545 673 1828 722 vernaculos
1860 689 1917 722 ex
1950 690 2007 722 ea
2037 689 2214 737 genero
2244 676 2347 722 Do-

197 758 564 807 nnino?»1tem¹
591 775 604 805 :
634 756 966 822 «Cyprianus,
994 755 1068 803 vir
1090 754 1375 820 eloquentiae
1396 753 1602 821 pollens,
1629 763 1676 802 et
1688 754 1921 818 Martyrio
1942 753 2343 803 Formiano’nar-

197 846 332 888 rante
353 836 629 897 mordetur,
656 852 744 884 cur
764 834 995 884 adversus
1027 835 1392 884 Demetrianum
1422 834 1637 883 scribens
1674 834 1959 882 testimoniis
1981 849 2098 882 usus
2130 834 2190 882 sit
2228 837 2344 882 Pro-

195 917 452 982 phetarum
472 927 524 965 et
545 914 913 983 Apostolorum,
951 931 1058 980 quae
1087 914 1192 963 ille-³
1220 914 1330 974 ficta
1353 926 1402 964 et
1429 914 1760 964 commentitia
1777 930 1882 962 esse
1904 912 2112 962 ducebat
2128 951 2141 975 ,
2175 923 2222 962 et
2247 930 2345 962 non

196 998 358 1062 potius
382 997 788 1064 philosophorum
811 1006 859 1045 et
882 1006 1155 1062 poetarum,
1187 1012 1399 1062 quorum
1433 997 1731 1058 auctoritati,
1759 1005 1813 1044 ut
1837 995 2084 1057 ethnicus,⁴
2109 996 2348 1043 contraire

197 1093 297 1126 non
319 1076 545 1144 poterat?
571 1095 596 1123 >2
622 1080 772 1125 Item:
803 1095 827 1122 κ
852 1076 1093 1142 Josephus
1115 1075 1240 1125 duos
1263 1077 1415 1128 libros
1437 1075 1602 1125 scribit
1625 1085 1795 1124 contra
1818 1076 2051 1141 Apionem
2072 1073 2348 1123 Alexandri-

195 1174 340 1220 num,
364 1168 414 1207 et
437 1166 570 1207 tanta
592 1156 880 1206 secularium
902 1157 1088 1224 profert
1109 1158 1408 1220 testimonia,
1446 1168 1499 1206 ut
1523 1157 1653 1205 mihi·
1674 1156 1961 1205 miraculum
1996 1156 2189 1218 subeat,
2226 1172 2346 1221 quo-

195 1237 346 1287 modo
369 1238 443 1287 vir
457 1237 700 1300 Hebraeus,
727 1237 790 1287 ab
807 1238 1014 1286 infantia·
1037 1238 1180 1287 saeris
1207 1239 1356 1287 literis
1374 1237 1610 1298 eruditus,
1633 1247 1858 1285 cunctam
1876 1239 2156 1285 Graecorum
2175 1235 2349 1283 biblio-

197 1317 386 1367 thecam
413 1319 663 1367 evolverit.
689 1337 715 1364 »
745 1321 864 1367 Item
887 1336 899 1367 t
928 1338 951 1363 (ι
978 1321 1175 1367 Exstant
1196 1328 1244 1366 et
1267 1321 1290 1365 J
1297 1317 1444 1366 uliani
1461 1317 1668 1366 Africani
1691 1316 1803 1364 libri
1833 1326 1882 1366 et
1910 1316 2225 1376 Theodoreti‚
2261 1317 2348 1363 viri

195 1398 577 1463 apostolicorum
611 1400 860 1464 signorum
893 1415 950 1447 ac
982 1399 1248 1458 virtutum,
1278 1408 1326 1446 et
1359 1397 1579 1462 Dionysii
1603 1397 1909 1445 Alexandrini
1932 1397 2145 1463 episcopi
2168 1434 2180 1458 ‚
2223 1399 2346 1444 Ana·

195 1478 299 1526 tolii
353 1495 549 1545 quoque
570 1515 582 1540 ‚
631 1480 896 1546 Pamphili,
949 1479 1115 1537 Pierii,
1175 1478 1402 1540 Luciani,
1453 1477 1759 1539 MalchioniS,
1809 1477 2003 1526 Eusebii
2050 1477 2348 1525 Caesariensis

196 1559 439 1624 episcopi,
465 1569 580 1620 etc„
618 1560 704 1625 qui
725 1576 897 1609 omnes
918 1560 968 1607 in
1000 1569 1189 1607 tantum
1222 1558 1631 1624 philosophorum
1668 1557 1902 1606 doctrinis
1934 1563 2077 1623 atque
2103 1558 2349 1604 sententiis

195 1654 308 1686 suos
338 1638 632 1687 referserunt
654 1638 830 1698 libros,
869 1649 923 1688 ut
952 1639 1137 1687 nescias
1161 1638 1280 1704 quid
1307 1639 1356 1686 in
1388 1638 1489 1685 istis
1510 1638 1730 1703 primum-
1758 1637 1984 1687 admirari
2007 1636 2183 1684 debeas
2199 1673 2211 1695 ‚
2237 1652 2348 1683 eru-

194 1718 431 1767 ditionem
445 1735 508 1766 an
531 1719 819 1766 sententiam
831 1718 1095 1767 literarum.
1118 1739 1142 1763 »
1158 1718 1293 1766 Idem
1311 1717 1374 1766 ad
1395 1716 1703 1782 Vigilantiam
1724 1717 2106 1783 presbyterum⁴2
2128 1715 2347 1763 «Eadem

194 1798 380 1847 absenti
401 1798 619 1862 significo
639 1835 652 1861 ,
680 1815 787 1864 quae
809 1800 1029 1865 praesenti
1050 1815 1247 1865 quoque
1275 1799 1466 1847 loeutus
1488 1814 1623 1859 sum,
1660 1813 1751 1846 nec
1779 1798 1845 1846 ita
1883 1798 2144 1862 Origenem
2183 1796 2349 1859 legisse

193 1877 271 1927 vel
306 1878 464 1943 legere
480 1915 494 1939 ‚
527 1889 611 1927 aut
652 1879 1003 1946 Apollinarem,
1036 1890 1122 1929 aut
1147 1889 1346 1928 caeteros
1385 1888 1690 1940 tractatores,
1723 1895 1934 1943 quorum
1973 1879 2022 1926 in
2057 1876 2347 1943 quibusdam

192 1958 343 2008 libros
366 1958 578 2007 Ecclesia
596 1976 698 2008 non
720 1960 914 2027 recipit,
951 1960 1064 2027 quia
1091 1961 1251 2026 operis
1283 1960 1379 2008 mei
1412 1968 1462 2007 et
1489 1958 1635 2007 studii
1672 1969 1745 2007 est
1775 1958 1953 2007 multos
1984 1959 2164 2022 legere,
2203 1966 2258 2004 ut
2289 1974 2345 2004 ex

192 2040 414 2104 plurimis
435 2041 617 2090 multos
650 2041 795 2090 flores
828 2058 1052 2108 carpam,
1089 2057 1191 2090 non
1222 2043 1348 2090 tam⁵
1370 2039 1663 2106 probaturus
1689 2040 1882 2100 omnia,
1918 2055 2191 2105 quam-quae
2214 2037 2345 2086 bona

192 2129 305 2167 sunt
330 2120 587 2169 electurus.
610 2122 810 2170 Assumo
834 2121 1014 2170 multos
1038 2122 1088 2169 in
1110 2137 1257 2169 manu
1273 2158 1285 2180 ‚
1310 2129 1366 2167 ut
1390 2136 1447 2168 ex
1472 2120 1634 2168 multis
1657 2119 1807 2168 multa
1832 2134 2146 2184 cognoscam,
2174 2135 2346 2166 secun-

193 2198 311 2248 dum
345 2201 482 2264 quod
522 2201 755 2267 scripturn
789 2203 883 2249 est⁶
908 2221 920 2247 z
963 2220 988 2247 α
1025 2202 1204 2249 Omnia
1237 2201 1475 2266 legentes,
1509 2200 1645 2265 quod
1689 2200 1877 2248 bonum
1908 2209 1977 2248 est
2010 2199 2284 2247 retinentes.
2319 2219 2341 2240 n

194 2278 334 2328 Unde
356 2280 468 2328 satis
491 2281 641 2328 miror
665 2291 711 2329 te
730 2281 940 2330 voluisse
961 2282 1183 2344 Origenis
1207 2280 1327 2328 mihi
1344 2279 1554 2346 objicere
1576 2280 1819 2346 dogmata.
1843 2280 2074 2344 Origenes
2096 2278 2345 2326 haereticus

193 2358 321 2422 quid'
332 2359 396 2408 ad
411 2376 507 2421 me,
528 2361 613 2425 qui
633 2359 770 2408 ill-um
790 2362 841 2408 in
859 2361 1102 2427 plerisque
1120 2361 1400 2410 haereticum
1417 2377 1519 2408 non
1538 2377 1663 2425 nego
1676 2361 1696 2407 ἱ)
1709 2361 1897 2410 Erravit
1917 2360 1980 2408 de
1998 2359 2344 2408 resurrectione

192 2439 435 2504 corporis,
461 2439 525 2487 de
556 2450 681 2489 statu
716 2441 1015 2502 animarum,
1054 2441 1116 2489 de
1151 2441 1346 2489 Diaboli
1380 2441 1664 2508 poenitentia
1695 2451 1743 2489 et
1780 2440 1914 2506 quod
1949 2440 2025 2487 his
2060 2439 2211 2503 majus
2244 2448 2339 2497 est,

191 2518 363 2568 Filium
385 2533 434 2568 et
457 2516 689 2586 Spiritu'm
723 2531 943 2569 sanctum
975 2523 1025 2569 in
1055 2521 1425 2570 Commentariis
1447 2521 1577 2570 Isaiae
1603 2521 1856 2587 Seraphim
1889 2529 2179 2568 contestatus
2201 2527 2287 2566 est.
2317 2539 2338 2561 n

192 2601 311 2647 Item
341 2618 352 2645 ε
380 2620 402 2644 «
428 2602 594 2665 Neque
616 2601 748 2649 enim
766 2601 1001 2650 debemus
1021 2602 1154 2650 bona
1174 2603 1275 2666 ejus
1297 2602 1512 2667 recipere
1527 2636 1540 2658 ,
1579 2611 1631 2649 ut
1660 2601 1784 2649 mala
1806 2616 2001 2665 quoque
2029 2600 2241 2663 recipere
2262 2615 2341 2645 co-

193 2693 376 2742 gamur.
406 2680 455 2727 Si
477 2696 591 2744 ergo
615 2698 722 2745 quae
743 2681 876 2729 bona
898 2691 1032 2743 sunt,
1056 2682 1302 2741 transtuli,
1324 2678 1390 2729 [et
1427 2681 1552 2728 mala
1578 2698 1684 2745 quae
1706 2680 1951 2746 amputavi
1975 2679 2049 2727 vel
2071 2679 2199 2727 tacui
2221 2716 2233 2740 ‚
2269 2680 2341 2725 vel

192 2760 401 2820 correxi,
459 2761 732 2824 arguendus
781 2779 888 2811 sum
904 2798 917 2822 ,
975 2778 1062 2809 cur
1107 2778 1208 2808 non
1267 2777 1355 2825 per
1393 2777 1471 2808 me
1520 2761 1672 2807 Latini
1713 2760 1842 2807 hona
1882 2759 1983 2823 ejus
2019 2758 2254 2818 habeant,
2297 2769 2343 2805 et

191 2839 417 2901 ignorent
440 2839 603 2888 mala?
634 2841 683 2887 Si
704 2840 800 2888 hoc
822 2842 1005 2889 crimen
1030 2851 1126 2901 est,
1151 2840 1606 2905 arguaturHilarius
1631 2840 1894 2900 confessor,
1924 2840 2009 2906 qui
2042 2839 2340 2887 psalmorum

191 2918 636 2984 interpretationem
657 2930 704 2968 et
726 2921 958 2969 Homilias
980 2923 1030 2968 in
1060 2919 1152 2968 Job
1182 2937 1241 2968 ex
1270 2919 1404 2968 libris
1436 2921 1539 2984 ejus
1568 2921 1824 2968 transtulit.
1863 2921 1931 2968 Sit
1959 2921 2009 2967 in
2048 2919 2191 2986 culpa
2220 2922 2339 2966 Ver-

192 2998 409 3048 cellensis
444 3000 704 3063 Eusebius,
745 3001 831 3065 qui
866 3001 1087 3048 omnium
1123 3001 1422 3065 i’salmorum
1459 3001 1832 3054 commentarios
1877 3000 2083 3049 haeretici
2128 3000 2340 3048 hominis

191 3079 334 3127 vertit
355 3080 404 3127 in
428 3089 651 3129 nostrum
675 3081 948 3145 eloquium,
972 3080 1084 3129 licet
1105 3081 1327 3130 haeretica
1354 3082 1735 3147 praettermitens.
1764 3100 1788 3127 n
1811 3083 1915 3129 Hoc
1936 3080 2132 3146 quidem
2158 3090 2203 3128 et
2228 3080 2339 3126 nie-

234 3281 241 3299 ·
259 3278 363 3319 Epist.
380 3281 434 3320 83,
451 3280 551 3322 0pp.,
572 3286 598 3313 t.
625 3280 680 3321 lv,
696 3291 731 3323 p.
751 3284 785 3316 11
799 3306 808 3324 ,
826 3284 890 3316 col.
910 3284 1056 3317 654.—²
1073 3284 1125 3317 Sic
1144 3283 1227 3316 cod.
1300 3284 1371 3317 Illa
1388 3283 1485 3316 Amb.
1505 3301 1543 3306 -
1556 3283 1567 3302 ¹
1584 3283 1689 3324 Epist.
1710 3284 1763 3323 36,
1782 3284 1882 3324 opp„
1900 3281 1998 3322 t.1v,
2014 3291 2048 3322 p.
2067 3282 2116 3320 11,
2129 3280 2191 3313 col.
2210 3281 2336 3312 276.-

192 3330 274 3364 Viet.
291 3332 462 3366 Formano
476 3333 570 3366 Amb.
590 3334 677 3368 Alias
689 3336 929 3370 Firmiano.--
943 3337 1029 3370 ³Sic.
1047 3337 1129 3371 Cod.
1143 3337 1243 3371 Vict.·
1302 3335 1376 3369 ‘Sic
1386 3335 1560 3370 Cod.Vict.
1575 3337 1652 3370 Non
1662 3338 1755 3368 deest
1764 3337 1909 3369 Amb.—
1919 3335 1950 3367 ⁰1
1964 3334 2090 3373 Thess„
2104 3342 2176 3373 cap.
2188 3342 2221 3373 v,
2232 3342 2261 3364 v.
2277 3334 2327 3365 21.
