2638 3866
951 219 1294 270 THEOLOGlA
1341 222 1707 274 CHRlSTlANA.
2304 224 2400 271 375

250 321 530 389 'arguendus
562 323 639 386 sit,
671 326 773 372 aut'
794 323 1173 386 convincendus,
1211 335 1258 373 et
1281 325 1358 374 ille
1394 326 1542 373 nimia
1574 323 1858 372 confusione
1887 332 2184 387 conteratur,
2210 325 2292 390 qui
2315 342 2401 391 per

255 400 425 453 eadem
447 404 672 467 vincitur,
701 420 788 470 per
809 419 916 469 quae
936 403 1130 452 vincere
1152 405 1411 455 nitebatur.

319 484 640 552 Philosophos
677 490 837 533 autem
883 500 1035 532 unum
1074 485 1412 534 tantummodo
1459 490 1616 534 Deum
1653 501 1974 550 cognoscere,
2015 503 2142 534 unus
2188 502 2246 535 ex
2284 486 2399 553 ipsis

251 565 430 615 Tullius
465 567 513 614 iu
548 566 708 633 primo
745 565 1103 613 Rhetoricoram
1140 567 1361 632 perhibet
1394 567 1559 616 dicens
1587 584 1598 615 x
1643 586 1667 610 (ι
1690 569 1783 614 Eos
1817 566 1899 631 qui
1932 565 2248 633 philosophiae
2279 566 2399 616 dant

252 662 451 713 operam
474 663 573 695 non
598 646 818 695 arbitrari
842 648 969 694 Deos
991 662 1148 707 esse,»
1177 663 1234 694 ac
1256 647 1294 694 si
1319 657 1482 713 aperte
1513 647 1642 696 dicat
1669 664 1680 694 :
1709 646 1860 694 immo
1890 649 2046 695 Deum
2081 664 2260 710 unum,
2295 664 2395 696 non

250 727 368 776 deos
401 727 577 794 plures.
619 730 691 776 De
723 727 900 793 quibus
927 727 1071 774 etiam
1103 727 1380 794 Apostolus,
1411 738 1530 777 teste
1562 729 1846 792 Augustino,
1884 745 1996 775 cum
2027 729 2396 779 Atheniensibus

248 807 451 873 loquens
473 825 574 856 rem
601 824 826 873 magnam
849 806 1062 868 dixisset,
1089 818 1137 855 et
1159 815 1312 873 quae‘a
1341 809 1504 874 paucis
1529 815 1689 875 posset
1722 807 1938 874 intelligi,
1967 808 2103 874 quod
2126 810 2175 857 in
2198 809 2284 857 illo
2310 813 2395 859 sci·

247 888 356 937 licet
389 909 410 935 «
430 889 653 951 vivimus,
675 905 929 937 movemur
947 897 993 936 et
1007 905 1192 951 sumus,
1211 907 1233 934 υ
1262 889 1451 953 adjecit,
1477 890 1637 937 «sicut
1655 898 1703 937 et
1721 890 1863 937 vestri
1879 888 2076 953 quidam
2095 889 2390 938 dixerunt¹.»

245 970 318 1017 De
341 969 517 1019 talibus
538 987 729 1019 rursum
752 970 880 1018 idem
902 969 1156 1036 Apostolus
1174 970 1236 1018 ad
1261 972 1507 1019 Romanos
1532 970 1717 1019 scribit’
1742 989 1752 1018 z
1784 991 1807 1015 «
1828 969 1974 1030 Quod
1999 980 2169 1019 notum
2194 981 2266 1019 est
2283 973 2389 1031 Dei,

247 1051 553 1100 manifestum
594 1053 663 1100 est
698 1052 790 1100 illis
820 1055 983 1100 :Deus
1018 1052 1148 1099 enim
1186 1051 1276 1099 illis
1315 1051 1632 1100 manifestavit
1673 1069 1684 1098 :
1727 1051 1984 1100 invisibilia
2020 1053 2149 1100 enim
2181 1052 2329 1118 ipsius
2366 1070 2392 1101 a

244 1142 462 1181 creatura
497 1132 669 1180 mundi
710 1150 796 1199 per
843 1150 899 1181 ea
937 1149 1043 1199 quae
1080 1133 1202 1181 facta
1244 1143 1353 1180 sunt
1395 1132 1635 1181 intellecta
1672 1133 2057 1199 conspiciuntur,
2105 1133 2393 1199 sempiterna

243 1224 440 1279 quoque
473 1214 622 1264 virtus
651 1220 752 1281 ejus
782 1216 830 1262 et
852 1214 1077 1262 divinitas
1104 1231 1114 1260 :
1144 1214 1207 1262 ita
1241 1223 1294 1261 ut
1315 1214 1410 1262 sint
1440 1213 1819 1274 inexcusabileS‚
1849 1214 1963 1279 quia
1990 1230 2101 1262 cum
2135 1217 2390 1279 cognovis-

242 1299 346 1342 sent
367 1298 544 1358 Deum,
565 1313 666 1344 non
687 1297 810 1344 sicut
832 1299 987 1344 Deum
1009 1284 1414 1360 glorificaverunt,
1442 1306 1524 1343 aut
1547 1296 1719 1361 gratias
1738 1305 1960 1360 egerunt3
1987 1295 2070 1345 sed
2091 1308 2389 1345 evanuerunt

240 1376 291 1422 in'
315 1376 690 1440 cogitationibus
713 1378 868 1425 suis.»
898 1380 994 1425 Nec
1023 1377 1199 1424 mirum
1220 1394 1330 1425 cum
1354 1386 1402 1424 et
1430 1376 1702 1424 Salomonis
1726 1377 1804 1424 illa
1832 1377 2062 1443 sapientia
2092 1394 2178 1443 per
2207 1394 2389 1426 concu-

239 1456 521 1521 piscentiam
558 1458 871 1524 carnalesque
895 1458 1167 1524 voluptates
1200 1457 1403 1518 devicta,
1442 1456 1673 1505 idolatriae
1685 1457 2007 1520 consenserit,
2042 1457 2207 1505 divino
2233 1459 2383 1521 cultu,

239 1547 384 1601 quem
418 1538 465 1585 in
490 1539 587 1586 suis
617 1549 663 1586 et
695 1538 902 1587 docebat
931 1548 978 1586 et
1011 1538 1320 1605 praedicabat,
1353 1537 1599 1586 derelicto.
1638 1537 1708 1585 Ad
1739 1555 1885 1603 quem
1919 1538 2064 1586 etiam
2089 1538 2271 1586 cultum
2299 1541 2388 1587 Dei

240 1618 682 1683 magnificandum,
720 1620 822 1686 ipse
853 1619 986 1685 jussu
1025 1620 1115 1668 Dei
1152 1619 1386 1685 templum
1423 1618 1692 1679 aedificavit,
1730 1635 1759 1667 a
1792 1636 1890 1684 quo
1928 1619 2203 1684 paterejus
2231 1621 2386 1683 justus

237 1699 470 1748 inhibitus
501 1700 604 1748 fuit.
639 1703 768 1749 Deus
790 1710 948 1750 autem
982 1700 1202 1766 reprobis
1226 1701 1369 1747 etiam
1396 1709 1443 1747 et
1473 1699 1750 1747 infidelibus
1774 1696 2143 1765 nonnumquam
2179 1701 2386 1749 maxima

238 1778 368 1829 dona
387 1780 646 1844 distribuit,
677 1798 782 1846 quae
805 1781 1013 1829 aliorum
1037 1781 1268 1829 doctrinae
1293 1780 1368 1828 vel
1392 1780 1501 1828 usui
1524 1781 1791 1828 necessaria
1813 1780 1914 1828 fore
1933 1779 2082 1841 videt,
2121 1797 2314 1829 necnon
2338 1792 2386 1830 et

237 1877 321 1926 per
339 1861 577 1927 reprobos
602 1861 752 1910 multa
777 1862 1006 1909 miracula
1029 1871 1275 1927 operatur,
1303 1861 1364 1908 de
1387 1859 1565 1927 quibus
1589 1861 1637 1907 in
1673 1860 1931 1924 Evangelio
1955 1862 2178 1921 Veritas³,
2214 1862 2384 1911 «Multi

235 1940 397 1990 dicent
420 1942 540 1990 mihi
563 1943 612 1990 in
635 1942 715 1990 illa
744 1942 849 1990 die:
878 1942 1107 2004 Domine,
1135 1943 1361 2004 Domine,
1391 1948 1557 1989 nonne
1578 1942 1624 1988 in
1651 1942 1850 1990 nomine
1875 1952 1960 1990 tuo
1989 1942 2383 2008 prophetavimus

232 2032 278 2070 et
300 2023 349 2071 in
375 2025 573 2072 nomine
602 2034 686 2072 tuo
707 2024 944 2072 daemonia
969 2024 1214 2089 ejecimus,
1243 2033 1290 2071 et
1309 2024 1358 2071 in
1392 2024 1592 2071 nomine
1618 2033 1704 2071 tuo
1726 2024 1927 2071 virtutes
1950 2023 2125 2070 multas
2152 2023 2381 2072 fecimus?

233 2098 290 2152 Et
315 2113 431 2153 tunc
451 2104 725 2153 confitebor
749 2104 857 2168 illis,
880 2106 993 2171 quia
1014 2122 1115 2153 non
1140 2105 1255 2152 novi
1278 2121 1383 2152 vos.
1402 2104 1644 2152 Discedite
1667 2121 1691 2152 a
1715 2121 1791 2151 me
1816 2104 1898 2169 qui
1912 2104 2182 2169 operamini
2204 2105 2379 2169 iniqui·

231 2192 395 2234 tatem.
421 2205 443 2232 υ
479 2189 602 2234 Cum
631 2195 792 2234 autem
823 2203 911 2252 per
944 2185 1180 2252 reprobos
1208 2187 1338 2233 Deus
1362 2194 1446 2233 aut
1471 2184 1703 2232 miracula
1728 2184 1954 2241 ostendit,
1988 2194 2071 2232 aut
2104 2184 2380 2250 prophetias

230 2260 460 2331 loquitur,
504 2276 586 2315 aut
627 2266 851 2331 quaelibet
893 2282 1066 2330 magna
1103 2273 1349 2332 operatur,
1411 2282 1511 2313 non
1550 2265 1612 2313 ad
1653 2265 1901 2313 utilitatem
1943 2265 2159 2331 ipsorum
2204 2266 2375 2329 agitur,

229 2347 406 2412 quibus
439 2347 588 2395 utitur
620 2357 868 2413 tamquam
897 2347 1250 2407 instrumentis;
1289 2345 1371 2394 sed
1408 2346 1569 2412 potius
1604 2346 1828 2406 aliorum,
1863 2361 1988 2410 quos
2023 2345 2257 2393 instruere
2293 2363 2379 2412 per

229 2428 344 2475 istos
377 2427 613 2488 intendat,
649 2428 734 2493 qui
770 2437 818 2475 et
855 2444 943 2494 per
974 2427 1200 2492 indignos
1235 2427 1481 2475 ministros
1519 2428 1679 2490 gratiae
1710 2442 1806 2473 suae
1843 2425 1972 2473 dona
2019 2441 2119 2472 non
2156 2425 2379 2474 deserens

227 2508 443 2573 quotidie
475 2519 772 2557 sacramenta
811 2508 1030 2557 Ecclesiae
1062 2508 1125 2556 ad
1152 2508 1511 2556 invocationem
1547 2507 1620 2554 sui
1653 2506 1863 2553 nominis
1887 2507 2151 2571 specialiter
2183 2506 2377 2554 conficit

226 2587 291 2654 i'n-
310 2589 513 2638 salutem
544 2589 864 2639 credentium.
894 2593 1020 2637 Bene
1042 2598 1202 2636 autem
1232 2598 1278 2635 et
1299 2604 1387 2654 per
1410 2587 1634 2652 indignos
1660 2603 1746 2634 seu
1766 2586 1983 2634 infideles
2016 2588 2223 2634 maxima
2247 2590 2375 2634 Deus

226 2683 471 2737 operatur,
504 2674 588 2738 qui
618 2673 775 2721 verbis
803 2673 925 2720 asini
951 2672 1239 2738 prophetam
1266 2671 1469 2733 docuit⁴,
1496 2687 1558 2718 ne
1584 2671 1622 2717 si
1650 2686 1737 2735 per
1763 2686 1963 2733 magnos
1990 2663 2374 2732 tantum'magna'

224 2763 522 2817 operaretur,
562 2753 818 2801 virtutibus
859 2753 1134 2818 meritisque
1168 2751 1380 2799 hominis
1415 2750 1565 2814 magis
1600 2756 1745 2814 quam
1782 2749 1954 2797 divinae
1977 2751 2135 2813 gratiae
2168 2749 2269 2798 haec
2291 2751 2372 2797 tri·

222 2829 502 2883 buercntur.

288 2917 476 2965 Primus
522 2926 682 2965 autem
724 2934 855 2964 nunc
907 2916 986 2965 ille
1024 2915 1383 2980 antiquissimus
1429 2914 1835 2981 philosophorum
1874 2924 1920 2963 et
1960 2916 2121 2980 magni
2160 2915 2373 2963 nominis

222 3008 444 3046 occurrat
463 2999 742 3058 Mercurius,
770 3014 916 3063 quem
940 2995 1257 3063 praecellentia
1288 3011 1373 3043 sua
1405 2998 1562 3044 Deum
1584 3012 1779 3061 quoque
1807 2996 2170 3062 appellaverunt
2198 3014 2209 3043 ε
2237 2996 2373 3060 cujus

220 3078 418 3142 quidem
446 3079 776 3127 testimonium
808 3077 870 3126 de
900 3077 1209 3143 generatione
1237 3075 1379 3126 Verbi
1412 3077 1698 3142 Augustinus
1731 3079 1913 3125 Contra
1937 3078 2144 3143 quinque
2173 3076 2373 3147 haereses

263 3291 269 3309 ¹
286 3290 356 3322 Act.
374 3290 505 3331 Apost...
521 3299 593 3332 cap.
611 3300 690 3332 xvu,
707 3300 736 3324 v.
756 3291 809 3324 28.
827 3289 1011 3332 -2Rom.,
1027 3299 1099 3332 cap.
1115 3298 1139 3331 ι,
1157 3299 1187 3323 v.
1208 3290 1260 3324 19.
1278 3288 1478 3329 —³Mauh.,
1495 3298 1567 3332 cap.
1585 3297 1643 3331 vu,
1659 3297 1690 3322 v.
1707 3283 2039 3331 22.'—⁴Num.,eap.
2055 3296 2136 3327 xxti,
2149 3296 2176 3321 v.
2191 3285 2348 3327 28.Sc;ip

221 3348 294 3376 tura
310 3343 447 3376 ariolum
464 3349 576 3387 vocat,
595 3354 660 3378 non
681 3345 888 3387 prophetam.
