2638 3866
829 254 1172 304 THEOLOGlA
1208 255 1576 304 CHRISTlANA.
2184 251 2277 300 527

132 375 291 424 neque
316 358 460 406 Filius
491 365 563 405 est
584 358 740 416 Pater,
765 354 861 403 hoc
883 365 954 402 est
976 358 1106 403 Deus
1127 355 1271 404 Filius
1295 357 1482 420 genitor
1499 357 1572 404 sui
1596 356 1743 422 ipsius
1768 375 1778 403 :
1804 355 1940 422 quod
1973 365 2097 404 esset
2117 354 2280 402 dicere

131 441 284 505 ipsam
314 438 528 486 divinam
553 436 820 503 potentiam
845 452 947 483 esse
971 452 1031 483 ex
1049 437 1233 502 seipsa;
1261 436 1334 484 vel
1362 437 1516 502 ipsam
1540 436 1755 484 divinam
1778 436 2074 502 Sapientiam
2095 452 2199 483 esse
2222 451 2279 482 ex

132 521 309 586 seipsa,
347 519 431 568 sed
459 516 770 567 solummodo
802 516 906 582 ipsa
936 517 1179 582 Sapientia
1210 527 1281 565 est
1312 535 1369 566 ex
1403 519 1508 584 ipsa
1544 519 1779 577 Potentia,
1808 518 1932 565 sicut
1963 527 2032 566 est
2061 517 2282 565 determi-

133 610 330 648 natum:
357 598 774 666 quemadmodum
797 597 957 661 imago
983 614 1041 645 ex
1065 614 1192 660 cera,
1220 614 1320 645 non
1342 599 1501 663 imago
1524 615 1580 645 ex
1606 615 1675 658 se,
1700 598 1775 645 vel
1801 614 1911 646 cera
1935 615 1990 646 ex
2012 615 2078 656 se,
2102 599 2203 646 sive
2226 615 2280 646 ex

132 682 364 745 imagine,
397 681 507 728 licet
534 679 665 727 idem
692 679 752 726 sit
775 694 883 726 cera
909 678 1014 743 ipsa
1036 678 1170 743 quod
1199 679 1358 743 imago
1394 679 1474 726 illa
1500 697 1510 724 t
1544 680 1666 727 sicut
1694 678 1824 727 idem
1851 688 1923 726 est
1955 681 2115 739 Pater,
2149 680 2281 744 quod

136 762 277 809 Filius
300 760 569 809 secundum
587 758 924 820 substantiam,
945 758 1030 806 sed
1050 775 1151 806 non
1176 759 1444 807 secundum
1464 761 1810 825 proprietatem
1827 760 1903 807 vel
1923 759 2279 818 diffinitionem,

134 852 182 890 et
205 843 308 908 ipse
338 845 466 889 Deus
492 840 804 907 omnipotens
828 841 887 887 sit
909 839 1099 904 sapiens
1126 840 1225 887 sive
1253 839 1508 905 benignus,
1535 850 1581 888 et
1610 858 1636 888 e
1669 857 1924 889 converso.
1956 844 2014 887 Et
2042 841 2282 905 quemad-

137 923 337 971 modum
362 921 584 987 ibiquod
606 938 664 969 ex
692 920 890 968 materia
919 929 990 967 est
1017 920 1066 968 id
1090 920 1225 985 quod
1255 931 1324 968 est
1348 921 1649 980 materiatum
1671 938 1729 968 ex
1753 937 1828 982 ea,
1858 930 2026 987 utpote
2053 938 2163 969 cera
2184 923 2285 987 ipsa

135 1013 207 1051 est
239 1019 379 1051 cerea
411 1004 591 1067 imago,
617 1001 694 1049 vel
718 1018 745 1049 e
771 1017 1033 1062 convers03
1060 1018 1150 1048 nec
1173 1011 1335 1049 tamen
1368 1001 1478 1049 ideo
1503 1002 1603 1067 ipsa
1629 1001 1829 1049 materia
1856 1011 1928 1048 est
1957 1002 2203 1050 materiata
2230 1020 2285 1050 ex

135 1101 202 1144 se,
229 1084 305 1132 vel
329 1084 488 1149 ipsum
512 1083 819 1131 materiatum
843 1091 915 1129 est
943 1082 1140 1130 materia
1162 1082 1237 1129 sui
1264 1099 1274 1128 :
1301 1082 1368 1130 ita
1389 1092 1437 1129 et
1460 1082 1538 1130 hic
1567 1082 1617 1129 id
1643 1082 1779 1147 quod
1810 1086 1948 1130 Pater
1976 1092 2065 1141 est,
2098 1082 2147 1130 id
2179 1085 2286 1148 qui-

135 1165 249 1213 dem
282 1174 354 1212 est
383 1165 544 1225 Filius,
577 1173 626 1212 et
656 1180 683 1211 e
708 1179 974 1223 converso;
1001 1179 1092 1211 nec
1115 1173 1276 1211 tamen
1318 1166 1454 1211 Pater
1487 1173 1557 1211 est
1586 1163 1731 1211 Filius
1759 1164 1836 1211 vel
1865 1180 1892 1211 e
1925 1180 2177 1211 converso.
2214 1164 2285 1212 lbi

134 1246 316 1311 quippe
350 1244 626 1293 substantiae
649 1242 927 1310 praedicatio
952 1243 1022 1305 fit,
1061 1261 1174 1292 cum
1203 1243 1426 1292 videlicet
1449 1244 1625 1291 dicitur
1648 1261 1658 1291 :
1690 1247 1769 1291 Est
1802 1244 1853 1291 id
1877 1244 2011 1309 quod
2041 1254 2111 1292 est
2136 1255 2286 1293 mate-

136 1328 329 1387 riatum,
355 1326 432 1374 vel
451 1325 586 1391 quod
609 1336 680 1373 est
699 1325 843 1373 Filius
867 1344 877 1373 :
906 1325 986 1373 hic
1003 1342 1120 1373 vero
1143 1325 1450 1391 proprietatis
1472 1342 1585 1372 cum
1610 1324 1812 1372 dicitur:
1836 1328 1918 1372 Est
1941 1327 2188 1375 materiata
2213 1329 2286 1375 vel

138 1418 208 1456 est
240 1407 401 1455 Filius.
438 1406 715 1454 Substantia
736 1423 854 1454 vero
886 1406 1058 1455 eadem
1079 1416 1168 1467 est,
1202 1406 1520 1471 proprietates
1542 1423 1660 1453 vero
1686 1407 2001 1471 impermixtae
2028 1418 2155 1455 sunt.
2194 1412 2290 1473 Ap-

138 1498 276 1554 paret
298 1490 462 1554 itaque
481 1488 750 1536 secundum
775 1489 1074 1554 propositam
1099 1487 1334 1535 rationem
1356 1503 1453 1551 qua
1476 1487 1664 1535 ratione
1680 1487 1840 1534 divina
1861 1488 2080 1536 Potentia
2104 1489 2291 1537 dicatur

139 1573 297 1629 Pater,
325 1579 407 1617 aut
432 1569 596 1616 divina
623 1569 866 1634 Sapientia
887 1568 1050 1627 Filius,
1078 1567 1211 1633 quod
1235 1577 1306 1615 est
1329 1566 1456 1615 hanc
1479 1584 1536 1615 ex
1561 1567 1641 1615 illa
1670 1583 1790 1629 esse,
1818 1577 1870 1614 ut
1897 1584 2041 1634 supra
2067 1569 2291 1617 distinxi-

140 1667 277 1710 mus3
313 1660 361 1697 et
394 1666 489 1715 qua
520 1650 710 1698 ratione
739 1649 831 1696 sibi
862 1650 1063 1697 nomina
1094 1648 1446 1715 proprietatum
1484 1647 1791 1696 relativarum
1829 1649 2061 1713 conjungi
2094 1650 2292 1698 minime

138 1746 226 1796 per
246 1730 639 1796 praedicationem
660 1730 818 1777 liceat.

205 1813 252 1859 Si
270 1811 378 1876 quis
394 1819 556 1859 autem
578 1820 758 1875 quaerat
781 1819 947 1858 utrum
968 1809 1236 1857 secundum
1254 1810 1397 1857 istum
1416 1808 1738 1873 generationis
1755 1808 1959 1857 modum
1982 1811 2290 1876 assignatum,

139 1893 238 1957 ipsa
276 1891 440 1939 divina
477 1891 695 1938 Potentia
722 1884 875 1956 possit
901 1889 998 1937 dici
1034 1890 1234 1937 materia
1265 1890 1440 1937 divinae
1473 1889 1743 1955 Sapientiae,
1780 1890 1878 1938 hoc
1911 1901 1982 1938 est
2008 1895 2146 1941 Pater
2170 1893 2291 1953 Filii,

138 1989 222 2019 seu
260 1988 403 2020 causa
436 1987 519 2018 seu
557 1971 872 2036 principium,
907 1981 991 2018 aut
1022 1971 1183 2035 aliquo
1216 1970 1366 2018 modo
1393 1970 1527 2035 prior
1559 1970 1725 2018 saltem
1760 1980 1947 2032 natura,
1974 1972 2013 2019 si
2037 1989 2137 2021 non
2174 1984 2296 2022 tem-

141 2069 260 2117 pore
278 2071 290 2111 ;
319 2052 671 2117 respondemus
700 2052 820 2099 nihil
841 2051 1020 2098 horum
1042 2050 1185 2098 nobis
1207 2050 1361 2098 videri
1380 2067 1523 2116 posse
1545 2050 1640 2097 dici
1664 2051 1876 2116 proprie.
1906 2053 2156 2100 Materiam
2178 2071 2294 2102 vero

141 2132 278 2181 nullo
302 2133 452 2180 modo
489 2132 584 2180 dici
605 2132 687 2179 hic
720 2132 1063 2192 concedimus,
1105 2148 1219 2179 cum
1256 2131 1509 2179 materiam
1546 2131 1741 2178 Boetius
1775 2130 2016 2180 describat
2050 2150 2156 2181 eam
2187 2151 2294 2199 quae

141 2213 356 2278 subjecta
389 2213 595 2260 formam
631 2213 852 2278 suscipit,
882 2222 930 2259 et
961 2213 1010 2259 in
1040 2215 1144 2260 Deo
1179 2211 1363 2259 nullam
1396 2211 1599 2259 omnino
1625 2211 1832 2259 formam
1864 2229 1967 2260 esse
1995 2223 2180 2261 certum
2215 2216 2293 2263 sit.

141 2294 237 2342 Sed
267 2311 358 2342 nec
391 2303 518 2341 recte
547 2294 796 2341 materiam
830 2293 1054 2353 dicimus,
1089 2293 1183 2340 nisi
1217 2309 1323 2357 quae
1349 2302 1571 2358 tempore
1609 2309 1807 2357 quoque
1842 2295 2145 2343 materiatum
2178 2313 2298 2361 prae-

143 2375 286 2435 cedit,
320 2375 444 2422 sicut
470 2390 580 2422 cera
612 2375 713 2439 ipsa
737 2391 844 2439 quae
870 2384 981 2422 ante
1015 2374 1103 2421 fuit
1136 2390 1281 2439 quam
1305 2382 1428 2421 esset
1456 2374 1633 2438 imago.
1662 2374 1803 2422 Unde
1826 2384 1874 2422 et
1905 2374 2183 2442 philosophi
2207 2377 2296 2425 alia

143 2474 204 2503 ex
227 2456 428 2504 materia
448 2465 496 2503 et
520 2455 672 2503 forma
697 2465 937 2517 constare,
962 2455 1054 2503 alia
1073 2454 1136 2502 ad
1156 2454 1520 2501 similitudinem
1544 2455 1750 2502 materiae
1781 2465 1828 2503 et
1850 2455 2015 2503 formae
2039 2458 2299 2505 consistere

144 2537 486 2595 distinxerunt,
525 2537 647 2583 sicut
679 2553 771 2583 nos
809 2535 918 2583 alibi
953 2536 1014 2583 de
1048 2535 1247 2582 materia
1281 2544 1329 2582 et
1365 2535 1519 2582 forma
1557 2542 1812 2582 traetantes
1848 2536 2121 2585 docuimus.
2163 2541 2299 2585 Nunc

144 2626 306 2664 autem
343 2617 405 2663 ad
438 2616 533 2667 hoc
573 2633 664 2664 nos
695 2616 939 2664 induxisse
966 2614 1332 2663 similitudinem
1370 2615 1431 2662 de
1466 2616 1666 2662 materia
1701 2625 1748 2662 et
1782 2617 2033 2664 materiato
2065 2617 2295 2675 sufficiat,

145 2697 280 2761 quod
311 2697 728 2761 quemadmodum
757 2697 876 2744 illud
896 2714 951 2744 ex
977 2696 1057 2743 illa
1079 2696 1288 2743 dicimus
1311 2696 1546 2759 generari,
1575 2695 1843 2742 secundum
1866 2696 1962 2744 hoc
1984 2698 2118 2760 quod
2139 2714 2196 2745 ex
2221 2698 2299 2745 illa

146 2787 218 2824 est
243 2795 252 2822 z
284 2777 351 2823 ita
379 2776 460 2824 hic
489 2776 668 2828 Filium
690 2794 748 2823 ex
771 2779 932 2837 Patre,
960 2776 1056 2823 hoc
1087 2785 1158 2822 est
1188 2776 1343 2840 ipsam
1372 2775 1666 2840 Sapientiam
1696 2792 1752 2822 ex
1785 2776 1889 2840 ipsa
1916 2778 2134 2825 Potentia
2166 2795 2267 2826 esse
2284 2817 2296 2838 ‚

148 2869 202 2905 ut
237 2857 613 2904 determinatum
644 2866 732 2903 est.
768 2857 862 2903 Sed
897 2872 987 2903 nec
1012 2872 1206 2903 causam
1237 2856 1432 2920 proprie
1467 2855 1689 2916 dicimus,
1728 2856 1820 2902 nisi
1857 2856 1919 2904 ad
1945 2857 2188 2919 effectum,
2217 2859 2300 2907 ubi

149 2939 266 2986 nihil
309 2949 379 2986 est
428 2938 623 2985 sactum.
672 2937 880 2984 Effectus
913 2937 1093 3002 quippe
1130 2946 1231 2996 est,
1270 2945 1388 2984 teste
1429 2936 1622 2995 Boetio,
1662 2936 1797 2998 quod
1833 2937 1979 2985 efficit
2027 2942 2215 3000 causa¹3
2255 2950 2328 2988 et‘

145 3020 277 3082 juxta
311 3018 544 3078 Tullium,
589 3017 750 3064 omnis
785 3034 929 3065 causa
963 3026 1134 3083 proeter
1165 3016 1360 3064 finalem
1394 3016 1607 3064 efficiens
1647 3015 1838 3074 dicitur,
1880 3028 1927 3065 et
1965 3029 2135 3068 natura
2169 3022 2303 3087 prior

149 3099 341 3146 effectu.
381 3098 517 3145 Unde
548 3098 763 3158 Boetius,
803 3114 916 3145 cum
951 3097 1116 3145 locum
1142 3114 1167 3144 a
1191 3113 1334 3144 causa
1364 3097 1496 3160 juxta
1520 3095 1729 3143 Tullium
1764 3097 1812 3143 in
1847 3099 1986 3147 tertio
2023 3102 2301 3165 Topicorum

151 3189 337 3241 tractat,
366 3195 562 3227 causam
587 3177 846 3241 diffiniens,
879 3179 995 3225 dicit
1021 3194 1126 3226 eam
1151 3195 1270 3239 esse,
1301 3195 1407 3243 quae
1430 3176 1695 3243 quamlibet
1719 3194 1821 3225 rem
1842 3180 2116 3243 praecedens
2136 3182 2298 3240 efficit,

207 3369 308 3402 mod.
326 3378 477 3402 causam.
