2638 3866
262 186 360 234 782
1183 188 1502 238 APPENDIX.

256 286 335 330 >Ad
362 288 519 331 horum
546 305 746 332 normam
773 288 993 348 planctum
1023 299 1147 332 tuum
1176 299 1324 332 texere
1356 288 1569 344 debebas,
1594 306 1685 333 nou
1707 291 1936 335 immemor
1965 292 2077 335 illius
2104 292 2290 354 vulgaris
2315 309 2420 353 pro-

254 367 425 423 verhii,

689 448 814 489 Vicini
834 449 966 489 barbae
989 449 1189 503 propriam
1211 449 1331 490 debes
1349 449 1549 492 simulare.

320 616 405 660 Sed
427 617 632 676 quoniam
659 633 786 678 super
811 619 896 662 hoc
918 620 1018 663 satis
1044 619 1304 679 abundeque
1335 620 1599 680 digessimus,
1630 621 1932 680 tempestivum
1961 631 2024 663 est
2049 619 2156 663 illud
2183 619 2419 680 capitulum

259 698 306 741 in
328 697 484 741 eodem
505 697 617 741 libro
638 699 822 752 visitare,
846 700 892 742 in
917 716 1003 760 quo
1031 701 1273 744 animarum
1297 702 1508 762 originem
1530 701 1585 746 de
1608 702 1722 745 coelis
1742 701 1945 744 fabularis
1963 716 2068 745 esse.
2087 701 2177 743 Ubi
2192 700 2257 744 sic
2274 701 2419 744 recolo

262 789 303 821 te
332 777 525 821 locutum
559 794 569 821 :
609 799 625 816 «
643 778 801 822 Merito
836 779 946 841 dixit
978 780 1257 841 Apostolus¹,
1291 793 1439 825 nostra
1470 782 1740 826 conversatio
1773 792 1836 824 est
1866 781 1912 823 in
1944 781 2076 824 coelis.
2097 802 2117 819 ι»
2154 781 2260 824 Haec
2286 781 2421 826 verba

260 869 335 902 tua
373 859 584 903 subtiliter
622 859 869 919 explorata,
910 861 1150 904 christianae
1189 862 1345 905 mentis
1389 861 1536 921 palato
1581 862 1780 905 haeresim
1811 861 1995 921 sapiunt.
2033 861 2077 904 Si
2111 861 2227 904 enim
2258 861 2420 905 idcirco

263 942 417 985 animae
449 943 660 1002 originem
691 942 744 985 de
774 942 888 986 coelis
912 944 1084 998 astruis,
1110 944 1210 1003 quia
1238 944 1498 1004 quandoque
1519 944 1649 988 beata
1678 944 1822 987 futura
1845 954 1908 987 est
1936 944 1982 986 in
2003 943 2138 999 coelis3
2167 943 2319 987 eadem
2344 959 2420 986 ra-

259 1023 379 1066 tione
414 1023 604 1082 corporis
637 1024 760 1083 origo
789 1024 871 1066 erit
896 1025 942 1067 in
974 1024 1110 1078 coelis,
1147 1025 1247 1085 quia
1277 1025 1540 1084 quandoque
1567 1025 1746 1067 beatum
1778 1024 1972 1067 futurum
2002 1034 2065 1067 est
2094 1025 2140 1066 in
2169 1024 2300 1067 coelis.
2335 1021 2423 1067 Sed

263 1102 319 1145 ad
349 1104 434 1146 hoc
465 1103 754 1146 intimandum
794 1104 895 1147 talia
931 1105 1063 1148 verba
1102 1121 1145 1148 se
1178 1122 1269 1148 non
1303 1105 1650 1148 accommodant.
1690 1106 1779 1147 Aut
1811 1105 1847 1147 si
1878 1104 1980 1148 ideo
2021 1104 2175 1146 animae
2211 1104 2422 1164 originem

261 1184 477 1227 coelestem
491 1167 688 1238 ascribis,
715 1185 815 1243 quia
837 1185 942 1228 olim
964 1197 1074 1241 orta,
1098 1186 1144 1230 id
1166 1198 1230 1231 est
1252 1187 1364 1230 facta
1383 1188 1437 1230 sit
1456 1188 1502 1230 in
1523 1187 1654 1242 coelis,
1681 1185 1800 1245 quod
1823 1185 1997 1244 quidem
2020 1184 2253 1228 verborum
2273 1184 2424 1228 talium

262 1265 438 1308 resultat
465 1266 673 1321 intentio;
705 1267 959 1325 pravitatem
990 1268 1187 1328 Origenis
1220 1269 1398 1328 incurris
1415 1300 1427 1322 ,
1465 1269 1540 1328 qui
1570 1269 1615 1310 in
1643 1267 1764 1309 libris
1784 1266 2071 1320 periarchon,
2106 1265 2423 1324 pythagoreum

260 1342 609 1402 platonicumque
641 1343 800 1404 dogma
825 1355 1016 1400 secutus,
1044 1346 1322 1406 originariam
1351 1347 1397 1388 in
1420 1346 1529 1389 coelo
1563 1345 1711 1389 sedem
1743 1344 1968 1387 animabus
1997 1342 2202 1403 disponit.
2227 1343 2286 1384 At
2307 1357 2421 1400 quo-

261 1424 379 1465 niam
413 1423 467 1466 de
493 1424 636 1466 anima
668 1425 831 1467 mentio
855 1441 899 1468 se
924 1426 1115 1486 ingessit,
1150 1443 1242 1469 non
1271 1426 1507 1470 absurdum
1535 1437 1596 1470 est
1625 1440 1983 1479 commemorare,
2009 1439 2104 1483 quae
2136 1422 2424 1466 altercationis

261 1505 442 1547 varietas
467 1506 742 1564 occupaverit
771 1505 825 1548 de
855 1507 1096 1549 animarum
1126 1508 1308 1568 origine.
1340 1508 1476 1550 Aiunt
1497 1507 1770 1567 philosophi,
1795 1522 1980 1566 quorum
2009 1505 2139 1548 duces
2170 1514 2268 1547 sunt
2297 1503 2422 1546 Plato

262 1596 306 1627 et
330 1585 617 1645 Pythagoras,
642 1587 797 1645 quibus
825 1597 868 1629 et
897 1598 945 1629 tu
967 1603 1021 1631 ex
1043 1600 1165 1648 parte
1195 1589 1385 1632 maxima
1415 1589 1667 1648 acquiescis,
1699 1588 1864 1631 animas
1892 1586 2052 1630 scilicet
2082 1586 2187 1628 olim
2222 1585 2276 1626 ab
2298 1583 2423 1626 initio

264 1666 395 1708 factas
425 1666 704 1725 conditasque
728 1668 774 1709 in
795 1668 1000 1711 thesauris
1028 1670 1124 1721 Dei,
1170 1669 1357 1729 indeque
1386 1670 1444 1712 ob
1473 1669 1697 1728 antiquum
1718 1660 1817 1711 vi'tae
1849 1668 2097 1727 contagium
2125 1667 2172 1708 in
2193 1679 2425 1724 corporum

266 1743 526 1803 ergastulum
545 1744 700 1803 lapsas,
728 1762 956 1804 rursusque
980 1747 1014 1788 si
1036 1762 1190 1806 corpus
1206 1749 1320 1804 juste
1337 1734 1690 1807 gubernaverint,
1721 1745 1778 1788 ad
1796 1745 1983 1804 antiquae
2004 1744 2239 1787 honestatis
2259 1741 2425 1792 vultum

264 1826 521 1868 meritorum
550 1825 747 1867 vehiculo
784 1826 994 1870 redituras
1030 1827 1190 1871 ferunt.
1231 1829 1287 1869 Et
1312 1828 1529 1881 haeretici,
1569 1829 1759 1869 animam
1794 1837 1963 1885 partem
1997 1842 2088 1869 esse
2132 1825 2288 1868 divinae
2317 1822 2425 1866 sub-

263 1906 429 1948 stantiae
461 1904 802 1961 contenderunt,
842 1907 1112 1950 occasionem
1140 1908 1265 1965 hujus
1302 1907 1460 1950 fabulae
1491 1907 1593 1949 inde
1624 1907 1864 1966 rapientes,
1900 1905 2020 1964 quod
2049 1906 2252 1964 scriptum
2285 1913 2348 1946 est
2378 1904 2424 1946 in

263 1985 448 2030 Genesi²
480 2002 489 2028 :
521 2007 537 2023 ιι
552 1986 607 2028 Et
628 1985 812 2028 sufflavit
842 1988 959 2030 Deus
985 1988 1032 2030 in
1055 1988 1210 2030 faciem
1237 1989 1342 2045 ejus,
1364 2009 1380 2027 »
1410 1988 1570 2031 scilicet
1595 1987 1727 2042 Adae,
1760 2007 1778 2024 «
1797 1986 2057 2046 spiraculum
2083 1986 2197 2028 vitae.
2218 2005 2237 2022 ι»
2263 1985 2425 2026 Contra

265 2083 372 2126 quos
400 2067 569 2108 intonat
590 2066 780 2109 breviter
809 2067 1103 2127 Augustinus:
1133 2089 1151 2105 «
1171 2069 1206 2111 F
1207 2068 1340 2123 latus,
1372 2069 1533 2127 inquit,
1560 2067 1632 2110 ille
1663 2067 1817 2110 dicitur
1845 2066 1919 2125 qui
1947 2065 2171 2108 hominem
2201 2063 2422 2108 animavit.

264 2150 419 2192 Factus
439 2158 502 2191 est
524 2147 578 2189 ab
602 2148 713 2208 ipso,
739 2164 830 2191 non
851 2148 905 2192 de
927 2149 1043 2208 ipso,
1073 2150 1174 2208 quia
1195 2166 1276 2193 nec
1294 2150 1484 2192 hominis
1502 2148 1627 2192 flatus
1640 2147 1828 2191 hominis
1845 2162 1944 2207 pars
1966 2157 2046 2201 est,
2066 2161 2146 2189 nec
2166 2145 2302 2187 homo
2324 2158 2426 2187 eum

264 2230 365 2273 facit
388 2229 441 2272 de
464 2230 619 2289 seipso,
644 2230 720 2272 sed
743 2246 796 2272 ex
819 2245 946 2273 aereo
969 2230 1106 2273 halitu
1128 2243 1299 2292 sumpto
1322 2242 1366 2275 et
1387 2231 1542 2274 effuso.
1560 2251 1579 2268 >›
1605 2231 1713 2273 Item
1737 2229 1912 2272 fuerunt
1932 2226 2111 2288 quidam
2134 2227 2281 2269 crassis
2300 2226 2427 2285 igno-

266 2311 415 2354 rantiae
444 2311 633 2352 tenebris
655 2310 867 2364 obvoluti,
893 2312 965 2370 qui
986 2311 1132 2355 venire
1159 2313 1323 2355 animas
1351 2329 1405 2356 ex
1425 2311 1603 2355 traduce
1632 2297 1874 2355 delirabant
1900 2324 1910 2352 :
1942 2324 2050 2368 quos
2073 2307 2297 2350 confutare
2321 2320 2426 2365 quo-

266 2390 503 2433 dammodo
535 2401 599 2434 est
619 2406 771 2434 eorum
794 2392 974 2450 ineptias
1003 2392 1227 2437 roborare.
1258 2393 1336 2435 His
1357 2393 1493 2436 tribus
1521 2390 1698 2434 naeniis⁸
1727 2390 1848 2450 quasi
1869 2389 2028 2432 rationi
2055 2388 2242 2433 adversis
2271 2386 2423 2429 ortho-
2446 2391 2448 2394 ’

265 2471 392 2514 doxae
414 2471 602 2514 veritatis
624 2453 768 2531 glafflo
789 2472 1016 2531 amputatis
1043 2487 1052 2514 z
1078 2483 1272 2515 asserunt
1297 2473 1432 2515 sancti
1452 2473 1601 2516 Patres
1624 2472 1796 2514 noviter
1814 2471 1964 2513 creatis
1985 2468 2240 2529 corporibus
2259 2477 2423 2509 creatas

266 2552 435 2595 noviter
458 2551 622 2594 animas
642 2552 840 2612 quotidie
863 2552 1052 2607 infundi,
1073 2554 1198 2610 juxta
1221 2552 1268 2596 id
1279 2552 1521 2614 Evangelii‘
1547 2568 1557 2596 :
1591 2572 1608 2589 u
1625 2552 1754 2595 Pater
1768 2566 1891 2594 meus
1904 2565 2038 2610 usque
2053 2548 2188 2592 modo
2201 2558 2420 2608 operatur,

266 2643 307 2674 et
339 2648 420 2692 ego
460 2649 633 2692 operor.
665 2653 681 2671 n
726 2635 795 2676 Tu
830 2634 975 2692 itaque
1014 2650 1039 2676 a
1074 2633 1284 2677 doctrinae
1326 2634 1519 2677 salutaris
1557 2633 1728 2676 tramite
1775 2631 1948 2686 devius,
1987 2632 2033 2674 in
2065 2629 2423 2691 philosophorum

267 2713 466 2772 scopulos
493 2714 596 2756 ruis.
626 2714 683 2755 Et
711 2713 817 2757 dum
848 2714 1103 2775 dignitatem
1131 2716 1286 2758 animae
1307 2715 1491 2772 jactitas,
1515 2714 1727 2775 originem
1755 2714 1795 2756 ei
1817 2713 2030 2756 sideream
2051 2711 2157 2754 flore
2176 2709 2312 2768 jejuni
2333 2708 2423 2752 elo-

269 2794 357 2851 quii
384 2793 652 2837 nundinaris.
678 2794 810 2849 Quod
836 2796 870 2838 si
896 2796 942 2838 in
964 2795 1320 2857 Petriropusculis
1344 2797 1469 2853 hujus
1489 2795 1737 2839 vecordiam
1760 2796 2011 2856 reperisses,
2034 2809 2125 2836 non
2149 2802 2212 2856 est
2238 2790 2421 2834 dubium

270 2874 374 2931 quin
396 2880 493 2916 eam
515 2875 626 2918 inter
647 2875 721 2918 illa
743 2892 839 2935 quae
859 2878 1061 2937 peperisti
1079 2877 1367 2938 capitulorum
1386 2888 1578 2920 monstra
1597 2877 1794 2920 locasses.

328 2954 442 2997 Hinc
473 2955 529 2997 ad
552 2956 656 2999 alios
679 2958 743 2999 tui
764 2958 925 3017 ingenii
946 2958 1109 3002 fructus
1131 2958 1332 3002 articulus
1360 2969 1424 3002 est
1443 2958 1694 3001 vertendus.
1721 2957 1886 3013 Quaerit
1907 2971 1932 2999 a
1956 2966 1999 2998 te
2022 2955 2089 2998 vir
2115 2953 2228 2997 collo
2250 2950 2421 2995 inflatus

268 3049 474 3089 romano,
506 3036 610 3094 quid
637 3037 691 3078 sit
715 3037 1006 3098 diligendum,
1035 3050 1080 3082 et
1107 3039 1345 3099 quomodo.
1374 3040 1453 3082 Cui
1476 3040 1536 3083 sic
1554 3037 1781 3083 rescribis:
1811 3037 2069 3098 «Orationes
2091 3050 2116 3078 a
2145 3049 2240 3088 me,
2265 3033 2418 3076 Aime-

269 3114 375 3165 rice,
399 3126 443 3157 et
465 3131 555 3157 non
578 3118 835 3175 quaestiones
855 3117 1046 3178 flagitare
1068 3120 1250 3163 solebas.
1273 3141 1289 3158 »
1317 3121 1373 3163 Et
1393 3131 1491 3180 post
1510 3135 1672 3180 pauca:
1704 3138 1722 3158 α
1740 3118 1908 3174 Quaeris
1929 3116 2034 3177 quid
2056 3117 2110 3159 sit
2132 3111 2414 3174 diligendum.

313 3280 320 3300 ¹
337 3279 510 3323 Philipp„
526 3290 599 3322 cap.
616 3290 671 3323 111,
690 3291 720 3315 v.
740 3284 792 3316 20.
810 3300 851 3307 —
871 3285 882 3303 ²
895 3284 1022 3326 Genes„
1038 3293 1112 3326 cap.
1125 3292 1167 3326 11,
1186 3293 1216 3318 v.
1244 3287 1275 3318 7.
1297 3302 1336 3309 -
1355 3285 1478 3319 ³Amb.
1498 3286 1610 3319 forsan
1625 3285 1797 3319 Nodis.—
1822 3285 1832 3305 ⁴
1846 3283 1955 3325 Joan.‚
1973 3292 2043 3324 cap.
2063 3291 2098 3324 v,
2111 3291 2141 3315 v.
2162 3283 2214 3314 17.
