2638 3866
233 217 329 267 362
804 224 805 227 ’
1033 210 1207 261 PETRI
1243 212 1552 262 ABAELARDI

239 317 470 381 «Heloym
490 336 513 360 2>
547 312 792 379 pluraliter
826 311 1015 360 dixerit.
1057 311 1258 377 Spiritus
1290 314 1469 379 quippe
1504 312 1654 360 sancti
1688 314 1923 361 aeternitas
1957 321 2172 379 patenter
2206 323 2362 363 osten·

235 398 379 459 ditur,
413 413 524 444 cum
558 394 768 453 dicitur¹‚
798 413 822 438 «
840 392 1045 458 Spiritus
1079 393 1274 440 Domini
1305 392 1543 441 ferebatur
1568 409 1711 458 super
1742 410 1906 458 aquas.
1931 392 2192 441 »Verbum
2223 410 2359 453 vero,

235 477 285 524 id
315 486 384 523 est
409 476 551 522 Filius
577 473 719 521 simul
752 483 799 521 et
827 476 970 520 Pater
983 472 1304 535 insinuantur,
1334 489 1445 521 cum
1482 472 1656 520 dicitur
1667 475 1697 535 ²,
1728 473 1897 520 «Dixit
1920 475 2068 534 DeuS,
2099 472 2199 533 fiat,
2218 492 2243 518 »ι
2267 471 2363 521 hoc

234 564 304 602 est
331 555 379 601 in
411 563 645 602 coaeterna
674 553 916 618 Sapientia
950 568 1035 600 sua
1059 555 1197 600 Pater
1219 552 1460 600 ordinavit
1482 536 1712 619 facienda.
1744 554 1851 599 Non
1874 552 2006 599 enim
2037 550 2100 599 de
2126 551 2365 616 corporali

236 634 478 681 locutione
524 632 620 680 hoc
654 632 807 698 accipi
842 641 1025 697 potest,
1072 632 1192 679 sicut
1233 631 1545 697 postmodum
1582 631 1938 680 convincemus.
1982 634 2036 678 In
2074 647 2133 679 eo
2169 646 2365 695 quoque

234 713 366 778 quod
391 713 621 778 scriptum
651 713 758 774 est⁸,
800 714 902 759 «Et
934 711 1052 760 vidit
1081 714 1211 759 Deus
1241 711 1374 776 quod
1410 721 1531 759 esset
1564 710 1767 772 bonum,
1790 730 1812 755 >2
1853 711 2046 759 Bonitas
2078 711 2186 772 Dei,
2216 725 2362 774 quam

235 794 463 858 Spiritum
483 802 699 840 sanctum
722 792 951 854 dicimus,
977 792 1260 853 insinuatur,
1286 791 1409 839 sicut
1437 792 1486 838 in
1511 808 1569 838 eo
1595 791 1728 857 quod
1754 790 1946 853 dicitur,
1977 790 2144 838 «Dixit
2169 792 2359 848 Deus,»

236 873 512 938 intelligitur
532 873 746 920 Verbum
782 882 829 919 et
854 874 1011 919 Pater.
1049 871 1158 919 Tale
1190 872 1321 919 enim
1345 871 1479 936 quod
1508 871 1699 933 dicitur,
1728 871 1899 919 «Vidit
1924 873 2052 919 Deus
2080 869 2214 935 quod
2242 879 2365 917 esset

236 952 453 1013 bonum,
476 971 500 997 »
546 968 601 999 ac
648 952 687 999 si
722 952 907 999 dicatur
944 950 1256 1014 intelligendo
1291 952 1403 1016 quia
1438 968 1558 1017 opus
1601 950 1734 1016 quod
1768 951 1942 999 fecerat
1977 949 2164 998 bonum
2208 957 2364 1010 esset,

241 1033 418 1080 amavit
449 1031 567 1079 illud
601 1048 659 1078 eo
686 1032 793 1097 ipso
817 1031 950 1096 quod
973 1031 1161 1078 bonum
1192 1040 1308 1078 erat.
1344 1033 1414 1078 Ex
1446 1047 1544 1095 quo
1572 1039 1621 1078 et
1641 1031 1740 1097 ipse
1761 1030 1919 1078 bonus
1945 1046 2046 1078 esse
2071 1028 2254 1094 liquide
2285 1027 2366 1076 de-

238 1121 545 1159 monstratur.
570 1115 697 1159 Bene
718 1121 880 1160 autem
903 1111 966 1160 ad
987 1111 1294 1159 astruendam
1322 1110 1469 1158 fidem
1491 1126 1712 1176 operum,
1736 1120 1785 1158 et
1805 1109 1867 1159 ad
1889 1107 2364 1158 commendationem

237 1208 423 1253 eorum,
456 1192 856 1239 commemoratio
890 1190 944 1239 fit
969 1191 1242 1241 divinarum
1270 1206 1603 1255 personarum,
1630 1189 1726 1238 hoc
1754 1200 1823 1238 est
1849 1188 2219 1255 Omnipotentiae
2242 1189 2331 1237 Dei
2347 1225 2361 1248 ‚

237 1280 282 1317 et
312 1270 565 1335 Sapientiae
598 1270 700 1334 ejus
734 1280 782 1317 et
813 1270 1060 1328 Bonitatis‚
1095 1278 1147 1316 ut
1175 1269 1395 1317 videlicet
1420 1269 1533 1333 quia
1562 1269 1659 1318 hoc
1687 1279 1844 1335 potest
1869 1280 1917 1319 et
1948 1269 2108 1317 bonus
2142 1278 2231 1330 est,
2267 1283 2365 1316 cre-

235 1349 377 1398 datur
416 1364 471 1397 ea
507 1349 670 1397 fecisse
702 1366 808 1414 quae
838 1360 884 1398 et
913 1350 1068 1416 potuit
1099 1359 1146 1397 et
1167 1349 1336 1397 voluit.
1377 1351 1554 1397 Rursus
1577 1350 1808 1415 elegantia
1836 1366 2039 1416 operum
2068 1365 2154 1415 per
2184 1348 2367 1412 sapien-

236 1431 351 1478 tiam
382 1439 429 1477 et
474 1428 743 1477 bonitatem
790 1427 983 1477 artificis
1025 1429 1308 1490 ostenditur,
1356 1439 1409 1477 ut
1444 1429 1557 1494 quia
1591 1446 1778 1478 summe
1819 1430 1979 1478 bonus
2009 1439 2081 1477 est
2115 1426 2284 1476 artifex
2320 1432 2368 1474 et

235 1509 443 1574 perfecte
471 1509 638 1569 solers,
664 1508 1112 1557 excellentissimum
1144 1525 1267 1574 opus
1298 1517 1577 1575 componat.
1610 1509 1740 1568 Quid
1767 1510 1911 1558 etiam
1945 1509 2155 1575 apertius
2181 1506 2245 1555 ad
2280 1506 2368 1554 do·

236 1599 515 1636 cumentum
546 1589 783 1637 Trinitatis
809 1605 911 1637 esse
935 1598 1108 1655 potest,
1133 1606 1281 1654 quam
1308 1589 1428 1638 illud
1456 1589 1588 1655 quod
1609 1600 1777 1656 postea
1805 1591 1855 1638 in
1888 1589 2131 1638 creatione
2155 1587 2367 1635 hominis

237 1667 557 1733 subjungitur,
577 1669 766 1716 dicente
789 1669 1026 1716 Domino⁴
1052 1688 1074 1714 «
1093 1670 1340 1717 Faciamus
1359 1670 1625 1731 hominem,
1647 1680 1738 1718 etc.
1755 1670 1804 1718 Ρ»
1822 1668 1951 1729 Quid
1973 1668 2102 1717 enim
2122 1666 2368 1733 pluraliter

237 1747 420 1795 dictum
437 1757 524 1808 est,
554 1767 574 1792 ι(
591 1748 855 1808 Faciamus,
872 1768 894 1792 ³)
921 1748 1012 1795 nisi
1038 1758 1091 1796 ut
1112 1750 1390 1814 cooperatio
1413 1750 1559 1797 totius
1580 1750 1816 1798 Trinitatis
1838 1747 2165 1815 exprimatur?
2188 1747 2367 1812 quippe

239 1844 360 1892 quos
383 1827 715 1875 cohortaretur
737 1830 866 1874 Deus
891 1827 952 1874 ad
978 1827 1241 1875 creandum
1262 1828 1529 1889 hominem,
1552 1839 1635 1877 aut
1657 1829 1720 1876 ad
1749 1845 1799 1876 se
1821 1829 1871 1875 in
1895 1829 2056 1892 aliquo
2074 1826 2362 1891 juvandum,

239 1916 292 1954 ut
313 1908 414 1971 ipse
436 1906 567 1954 solus
594 1922 706 1953 eum
729 1915 973 1954 creaturus
1007 1907 1356 1972 sit?Scriptum
1387 1909 1566 1973 quippe
1598 1908 1721 1955 est³2
1753 1928 1774 1951 «
1797 1908 1914 1965 Quis
1938 1906 2119 1970 adjuvit
2140 1906 2367 1970 Spiritum

237 1987 452 2046 Domini,
477 1995 560 2033 aut
581 1985 879 2033 consiliarius
901 1985 1003 2049 ejus
1027 1985 1132 2047 fuit,
1159 2002 1270 2034 cum
1293 2003 1392 2050 quo
1416 1987 1522 2035 iniit
1542 1986 1818 2046 consilium,
1850 1995 1941 2034 etc.
1960 1986 1981 2032 Ξ)
2003 2004 2025 2030 »
2053 1988 2178 2032 Bene
2206 1994 2367 2032 autem

239 2066 296 2113 ad
333 2066 588 2130 imaginem
614 2076 660 2113 et
690 2065 1050 2115 similitudinem
1075 2066 1331 2127 Trinitatis,
1365 2067 1461 2115 hoc
1491 2077 1561 2115 est
1586 2067 1647 2114 ad
1671 2083 1939 2132 expressam
1961 2064 2223 2130 quamdam
2243 2064 2367 2111 simi-

239 2143 492 2191 litudinem
518 2144 662 2191 trium
688 2160 1005 2209 personarum
1027 2144 1177 2193 homo
1202 2145 1303 2194 fieri
1329 2147 1505 2194 dicitur
1532 2164 1543 2193 ε
1570 2147 1654 2210 qui
1675 2155 1723 2194 et
1746 2149 1934 2194 Patrem
1957 2161 2043 2210 per
2060 2152 2363 2210 potestatem,

240 2240 386 2289 quam
416 2225 466 2271 in
489 2234 668 2272 ceteras
690 2234 928 2273 creaturas
951 2226 1134 2291 accepit
1155 2226 1386 2288 imitatur,
1410 2235 1459 2274 et
1481 2226 1650 2274 Filium
1680 2242 1767 2291 per
1792 2226 2046 2287 rationem,
2072 2234 2120 2272 et
2138 2222 2369 2288 Spiritum

242 2313 456 2351 sanctum
493 2320 580 2369 per
613 2306 900 2353 innocentiae
927 2305 1284 2370 benignitatem,
1326 2322 1473 2371 quam
1504 2316 1614 2372 post
1637 2306 1839 2354 modum
1868 2322 1954 2372 per
1977 2306 2170 2370 culpam
2192 2304 2364 2351 amisit.

243 2382 314 2429 Ad
345 2382 471 2430 hanc
511 2399 705 2447 quoque
743 2384 1060 2448 pluralitatem
1096 2384 1369 2434 divinarum
1405 2402 1722 2451 personarum
1758 2385 1877 2434 illud
1910 2385 2110 2432 attinere
2147 2383 2336 2432 videtur
2351 2419 2366 2444 ‚

243 2460 377 2526 quod
410 2463 458 2508 in
495 2462 802 2526 sequentibus
842 2479 928 2528 per
962 2473 1232 2529 serpentem
1268 2464 1451 2512 dictum
1487 2466 1599 2524 est⁶‚
1634 2465 1818 2512 «Eritis
1840 2466 1960 2512 sicut
1981 2464 2066 2522 dii,
2092 2483 2115 2507 2>
2152 2462 2287 2526 quod
2319 2471 2370 2508 ut

244 2541 463 2607 superius
504 2541 688 2589 dictum
720 2552 815 2602 est,
852 2543 902 2590 in
939 2542 1140 2591 Hebraeo
1176 2552 1315 2591 sonat
1356 2543 1616 2607 «Heloym,
1641 2562 1664 2587 »
1705 2559 1893 2591 necnon
1931 2553 1979 2590 et
2016 2542 2095 2590 illa
2128 2540 2370 2588 dominica

243 2621 530 2686 increpatio⁷
559 2640 571 2670 ε
602 2625 763 2670 «Ecce
806 2622 956 2670 Adam
994 2624 1129 2686 quasi
1170 2639 1294 2670 unus
1330 2639 1388 2671 ex
1424 2622 1567 2670 nobis
1607 2623 1757 2671 factus
1793 2632 1880 2671 est.
1902 2642 1926 2667 »
1966 2625 2024 2669 Et
2057 2637 2220 2673 rursus
2252 2619 2372 2668 illud

245 2700 377 2764 quod
419 2702 651 2749 Dominus
690 2702 777 2749 ait⁸
803 2719 814 2748 ε
851 2721 876 2748 «
896 2701 1259 2751 Descendamus
1287 2713 1335 2751 et
1368 2703 1719 2751 confundamus
1750 2703 1961 2767 linguas⁹
1992 2718 2178 2762 eorum,
2202 2721 2225 2744 ω
2259 2715 2371 2748 cum

245 2780 340 2826 hoc
373 2781 501 2828 solus
532 2781 663 2829 Deus
688 2781 999 2848 compleverit
1020 2800 1032 2828 e
1060 2782 1191 2830 unde
1218 2793 1265 2831 et
1289 2782 1509 2831 subditur
1532 2801 1543 2830 ε
1574 2803 1598 2827 ιι
1614 2786 1763 2848 Atque
1794 2783 1859 2831 ita
1881 2782 2038 2830 divisit
2057 2797 2159 2830 eos.
2181 2799 2205 2823 >2
2236 2782 2371 2827 Nunc

249 2869 407 2906 autem
439 2871 549 2924 post
580 2862 735 2925 legem
770 2862 832 2910 ad
865 2861 1211 2928 prophetarum
1245 2863 1518 2911 testimonia
1551 2873 1862 2911 transeamus.

315 2938 394 2984 Ait
417 2939 576 3003 itaque
600 2941 834 2988 maximus
854 2942 932 2990 ille
954 2942 1302 3009 prophetarum
1323 2953 1369 2991 et
1393 2960 1559 3008 regum
1580 2943 1753 3003 David,
1779 2943 1862 3007 qui
1882 2957 2020 2990 suam
2043 2940 2212 2990 ceteris
2233 2938 2370 2986 intel-

249 3017 494 3079 ligentiam
518 3019 771 3082 praeferens
803 3021 919 3068 dicit
942 3024 969 3049 ¹⁰
994 3040 1004 3068 ε
1033 3024 1229 3087 «Super
1262 3040 1431 3071 omnes
1458 3024 1687 3072 docentes
1708 3039 1786 3071 me
1816 3021 2040 3083 intellexi,
2071 3035 2215 3084 super
2235 3033 2371 3066 senes

293 3181 300 3198 ¹
318 3180 447 3222 Genes.‚
463 3189 534 3221 cap.
549 3189 579 3221 1,
598 3189 628 3212 v.
646 3183 746 3215 2.-²
758 3182 896 3223 1bid.,v.
911 3186 942 3216 3.
957 3202 995 3208 —
1011 3184 1138 3225 ³Ibid.,
1151 3195 1181 3219 v.
1197 3187 1279 3219 4.—
1352 3189 1384 3219 8.
1398 3204 1436 3210 —-
1450 3188 1462 3207 ⁹
1477 3186 1513 3219 In
1528 3191 1636 3218 nostra
1648 3185 1783 3225 Vulgata
1792 3185 1910 3225 legitur
1926 3184 1958 3216 in
1973 3181 2125 3222 singulari
2145 3180 2310 3222 linquam.
2332 3194 2368 3203 -··

252 3244 262 3262 ⁴
281 3231 387 3273 lbid„
404 3242 434 3266 V.
465 3235 516 3267 26.
539 3251 577 3257 —
592 3235 604 3254 ⁵
628 3234 717 3275 lsai„
740 3245 812 3276 cap.
839 3245 898 3277 ιιι,
926 3246 957 3269 ν.
988 3238 1038 3270 13.
1053 3255 1092 3261 -
1107 3238 1118 3258 ⁶
1143 3238 1256 3271 Genes.
1269 3264 1276 3278 ,
1353 3241 1372 3259 ¹⁰
1386 3239 1517 3274 Psalm.
1536 3248 1653 3280 cxvnt,
1668 3240 1764 3272 v.99.

250 3293 432 3327 ca1i.111,v.
450 3289 479 3320 5.
498 3304 539 3311 —
563 3289 572 3305 ⁷
588 3286 690 3327 lbid„
709 3297 739 3321 v.
756 3291 808 3322 22.
829 3307 866 3313 -—
889 3291 900 3310 ⁰
918 3289 1023 3332 Ibid.,
1037 3300 1108 3332 cap.
1124 3300 1175 3333 xx,
1195 3301 1224 3326 v.
1246 3296 1277 3332 7,
