2638 3866
969 236 1316 285 THEOLOGIA
1359 234 1727 284 CHRlSTlANA.
2334 239 2420 285 551

279 332 473 399 recipit,
499 333 667 400 utique
689 344 737 383 et
766 350 878 383 eum
909 334 1045 399 cujus
1077 345 1148 383 est
1169 335 1341 394 Filius,
1369 353 1472 384 esse
1502 351 1605 383 non
1629 334 1841 395 dubitat,
1867 332 1963 384 hoc
1994 346 2065 384 est
2090 339 2297 385 Patrem.
2325 339 2431 403 Spi-

281 413 429 461 ritum
467 431 664 480 quoque
699 414 842 463 simili
875 415 1064 463 ratione
1091 433 1174 464 eos
1203 416 1399 465 credere
1421 417 1783 476 convincemus,
1820 415 1860 463 si
1890 417 1958 464 eis
1985 417 2103 482 quid
2133 419 2182 465 in
2214 417 2311 466 hoc
2342 435 2431 465 no-

279 493 412 542 mine
451 494 773 560 intelligamus
794 496 1175 561 exposuerimus,
1201 497 1355 562 ipsam
1387 498 1566 545 scilicet
1598 497 1771 544 divinae
1803 497 1961 561 gratiae
1985 498 2272 546 Bonitatem.
2310 499 2432 546 Hinc

277 582 439 622 autem
466 575 602 624 facile
632 576 939 624 occasionem
968 576 1093 623 sumi
1115 575 1324 625 arbitror
1350 577 1665 625 convertendi
1691 576 1753 625 ad
1781 576 1927 625 fidem
1951 587 2166 626 nostram
2190 577 2430 644 quoslibet

277 653 480 717 alienos,
503 657 542 703 si
565 656 845 721 hujusmodi
869 656 1234 705 inductionibus
1257 674 1340 706 eos
1357 658 1460 722 jam
1483 674 1794 706 communem
1816 657 2071 706 nobiscum
2098 659 2211 707 fidei
2234 677 2427 707 sensum

279 734 461 784 habere
499 737 851 785 convicerimus
886 755 897 784 ε
950 753 1096 801 quam
1137 737 1248 785 licet
1292 755 1375 786 ore
1425 756 1526 786 non
1571 737 1889 804 profiteantur
1928 740 2050 787 sicut
2100 757 2190 787 nos
2230 751 2429 806 propter

274 816 544 879 ignoratam
581 817 760 866 scilicet
795 817 1057 866 verborum
1090 828 1372 866 nostrorum
1395 818 1812 883 significationem,
1838 819 1986 867 corde
2014 829 2174 867 tamen
2204 837 2310 867 eam
2328 821 2427 885 jam

274 905 455 959 tenent,
482 897 606 946 sicut
628 899 864 964 scriptum
890 901 1004 957 est¹,
1034 919 1057 942 (ι
1081 899 1240 948 Corde
1263 897 1477 948 creditur
1500 900 1561 947 ad
1580 899 1834 962 justitiam.
1852 919 1876 944 »

339 980 450 1025 Haec
472 995 564 1027 nos
592 979 654 1027 de
677 980 908 1029 altissima
936 990 983 1028 et
1013 980 1492 1047 incomprehensibili
1523 980 1835 1047 philosophia
1860 980 2123 1029 divinitatis
2151 984 2306 1030 coacti
2341 984 2430 1031 fre-

273 1068 481 1122 quenter
519 1069 567 1107 et
600 1061 854 1126 provocati
889 1059 953 1108 ab
987 1061 1352 1127 importunitate
1390 1060 1659 1109 infidelium
1694 1061 1900 1109 scribere
1935 1062 2039 1109 ausi
2076 1079 2270 1125 sumus,
2311 1063 2427 1110 nihil

272 1148 535 1188 asserentes
565 1139 628 1188 de
662 1141 731 1190 eis
756 1157 863 1205 quae
887 1141 1111 1204 dicimus,
1147 1158 1238 1191 nec
1260 1143 1510 1191 veritatem
1533 1142 1711 1190 docere
1733 1142 2056 1203 intendentes,
2092 1161 2239 1209 quam
2271 1160 2428 1209 neque

271 1235 362 1267 nos
393 1236 535 1286 posse
570 1222 692 1270 scire
727 1222 1032 1289 profitemur.
1071 1223 1168 1271 Sed
1197 1240 1356 1289 neque
1381 1223 1435 1271 hi
1468 1224 1551 1289 qui
1587 1223 1734 1271 fidem
1762 1233 1978 1272 nostram
2012 1225 2295 1291 impugnare
2329 1225 2429 1290 glo·-

270 1301 474 1363 riantur,
500 1302 751 1351 veritatem
773 1312 1013 1368 quaerunt,
1040 1303 1125 1352 sed
1147 1320 1380 1370 pugnam.
1408 1303 1596 1363 Quibus
1619 1305 1658 1351 si
1684 1305 1902 1352 resistere
1923 1322 2181 1370 possumus
2203 1307 2423 1365 lacessiti,

268 1380 381 1428 satis
400 1397 503 1429 esse
528 1381 675 1431 debet
709 1384 846 1449 quod
882 1401 973 1432 nos
1008 1384 1331 1433 defendimus.
1373 1385 1432 1432 Hi
1466 1402 1585 1432 vero
1610 1386 1694 1449 qui
1730 1385 1993 1451 impetunt,
2030 1386 2118 1434 nisi
2152 1387 2370 1447 vicerint,
2399 1404 2424 1434 a

269 1462 524 1528 proposito
549 1464 733 1512 cadunt
759 1474 906 1531 atque
929 1465 1177 1514 deficiunt.
1217 1469 1274 1514 Et
1298 1466 1530 1530 quoniam
1559 1466 1907 1532 philosophicis
1933 1468 2136 1515 maxime
2157 1467 2427 1516 rationibus

272 1558 363 1590 nos
386 1543 750 1608 aggrediuntur,
777 1556 824 1594 et
844 1563 935 1594 nos
957 1563 1037 1594 eas
1059 1547 1301 1613 praecipue
1323 1547 1566 1612 prosecuti
1593 1564 1775 1610 sumus,
1812 1564 1932 1612 quas
1959 1548 2106 1596 credo
2129 1548 2191 1596 ad
2225 1549 2426 1614 plenum

269 1638 416 1671 nemo
442 1624 706 1689 intelligere
727 1626 881 1687 valet,
914 1627 1005 1675 nisi
1030 1628 1115 1692 qui
1138 1627 1486 1693 philosophicis
1513 1637 1560 1675 et
1582 1629 1789 1676 maxime
1813 1628 2074 1676 dialecticis
2107 1628 2276 1676 studiis
2304 1625 2427 1676 invi·

269 1703 499 1767 gilaverit.
529 1707 729 1754 Necesse
751 1716 915 1754 autem
936 1716 1055 1770 erat,
1083 1717 1136 1755 ut
1159 1707 1444 1756 adversariis
1467 1708 1644 1755 nostris
1666 1724 1724 1754 ex
1747 1707 1824 1755 his
1844 1725 2040 1773 quoque
2063 1725 2170 1772 quae
2187 1709 2427 1774 recipiunt

266 1784 609 1848 resisteremus,
632 1802 746 1835 cum
764 1803 912 1835 nemo
935 1787 1027 1835 nisi
1047 1804 1105 1836 ex
1119 1787 1194 1835 his
1207 1804 1313 1852 quae
1326 1788 1619 1836 concesserit
1638 1787 1916 1852 arguendus
1936 1789 1997 1836 sit
2015 1798 2099 1837 aut
2116 1788 2421 1848 refellendus,

266 1873 321 1912 ut
340 1863 460 1911 illud
479 1865 703 1914 Veritatis
719 1866 960 1931 judicium
982 1868 1257 1934 impleatur,
1287 1885 1386 1933 quo
1411 1867 1615 1916 dicitur²
1638 1886 1650 1915 τ
1677 1871 1785 1916 «Ex
1803 1885 1888 1916 ore
1902 1878 1987 1917 tuo
2016 1879 2065 1918 te
2080 1869 2266 1934 judico,
2288 1886 2424 1918 serve

264 1958 491 2010 nequam.
519 1964 544 1990 »

308 2156 315 2174 ¹
339 2154 449 2196 Rom,
471 2164 543 2197 cap.
566 2164 600 2197 x,
618 2165 649 2189 v.
667 2166 700 2190 x.
718 2174 761 2181 —
774 2158 786 2176 ²
803 2157 899 2195 Luc„
916 2166 990 2200 cap.
1005 2167 1081 2198 xix,
1097 2167 1127 2190 v.
1147 2161 1202 2192 22.
