2638 3866
212 202 308 250 406
1017 198 1188 244 PETRI
1223 198 1539 247 ABAELARDI

277 303 440 350 Primo
461 301 620 364 itaque
646 297 979 347 disserendum
1004 300 1214 347 occurrit
1236 311 1356 365 quot
1379 302 1537 349 modis
1568 318 1782 368 personae
1805 319 1984 351 nomen
2009 305 2163 371 accipi
2185 306 2353 370 soleat,

213 393 266 431 ut
295 383 545 447 diligenter
570 397 597 428 a
621 380 791 427 ceteris
825 379 921 427 hoc
953 380 1091 443 signo
1123 380 1463 445 distinguatur.
1501 382 1643 430 Aliter
1675 393 1838 431 autem
1861 385 1912 431 in
1938 384 2195 447 rhetorica,
2222 388 2358 436 aliter

213 466 261 511 in
308 462 644 527 grammatica,
684 469 827 525 atque
866 460 1001 508 aliter
1041 462 1089 508 in
1138 461 1383 528 theologia
1418 480 1674 528 personam
1715 464 1993 530 accipimus.
2036 467 2182 525 Quod
2228 469 2358 516 enim

214 544 396 592 dictum
424 552 493 591 est
523 540 827 589 «Invisibilia
850 542 939 588 Dei
962 542 1029 588 eis
1059 542 1201 589 fuisse
1232 543 1457 602 revelata,
1481 563 1505 589 »
1537 543 1599 592 ad
1631 561 1887 610 personam
1918 546 2121 612 Spiritus
2153 564 2252 596 non
2280 549 2355 596 in·

214 639 424 687 congrue
460 623 746 688 applicatur,
774 622 859 687 qui
882 622 977 669 hoc
999 623 1107 688 ipso
1131 623 1264 688 quod
1298 624 1501 690 Spiritus
1535 624 1726 688 dicitur,
1750 642 1805 673 ex
1829 626 1934 691 ipso
1958 628 2158 675 nomine
2185 628 2358 677 invisi-

210 704 366 751 biliter
401 704 688 751 insinuatur.
726 706 783 751 Et
818 703 930 768 quia
966 705 1126 769 ipsum
1158 703 1346 752 donum
1380 706 1469 753 Dei
1497 716 1716 767 vocatur,
1758 716 1805 753 et
1838 707 2106 755 secundum
2135 709 2356 775 septifor-

211 802 338 832 mem
390 784 591 849 gratiam
638 784 885 850 multiplex
903 822 915 845 ,
955 793 1003 831 et
1042 794 1226 849 septem
1273 786 1476 851 Spiritus
1513 787 1647 851 quasi
1692 804 1759 834 v11
1806 787 1938 836 dona
1986 804 2356 855 nonnumquam

213 865 403 924 dicitur,
443 881 543 912 non
581 865 846 929 incongrue
882 864 1066 912 dictum
1101 875 1172 913 est
1192 866 1438 931 pluraliter
1473 867 1774 915 «Invisibilia
1808 868 1925 930 Dei,
1949 889 1971 912 »
2014 868 2112 917 hoc
2142 879 2213 918 est
2249 871 2356 937 Spi-

211 946 358 992 ritum
394 945 495 1009 ejus
526 944 817 1011 septiformis
858 948 1018 1010 gratiae
1057 945 1303 994 donorum
1344 947 1726 996 distributorem.
1763 947 1977 996 Verbum
2011 958 2172 998 autem
2210 952 2358 1000 Patris

211 1026 454 1074 Christum
490 1027 757 1075 Dominum
794 1028 883 1075 Dei
916 1028 1143 1075 virtutem
1178 1038 1227 1076 et
1260 1030 1349 1076 Dei
1381 1029 1676 1095 Sapientiam
1708 1030 1964 1096 Apostolus
2001 1030 2191 1079 clamat.
2219 1032 2359 1081 Unde

213 1116 259 1154 et
293 1107 390 1155 hoc
417 1107 527 1155 loco
566 1125 679 1155 cum
716 1108 891 1156 dicitur
918 1126 929 1155 ε
958 1128 981 1152 «
999 1109 1301 1175 Sempiterna
1333 1126 1530 1175 quoque
1566 1110 1655 1157 Dei
1681 1111 1850 1173 virtus,
1873 1131 1895 1154 »
1922 1127 2130 1177 persona
2149 1112 2251 1160 Filii
2277 1130 2358 1161 ex·

212 1189 447 1252 primitur,
497 1199 551 1237 ut
590 1199 638 1237 et
675 1207 789 1237 cum
827 1189 1050 1238 subditur
1089 1211 1112 1235 «
1145 1197 1193 1239 et
1231 1190 1485 1253 Divinitas,
1520 1210 1543 1236 2>
1577 1191 1709 1256 quia,
1751 1201 1805 1240 ut
1846 1208 1994 1259 supra
2033 1193 2356 1255 meminimus,

212 1269 420 1316 maxime
443 1271 644 1317 nomine
666 1270 755 1317 Dei
773 1269 849 1318 vel
868 1271 1066 1318 Domini
1090 1272 1339 1336 potestatis
1362 1271 1585 1335 majestas
1607 1273 1906 1337 exprimitur,
1934 1289 2142 1338 persona
2165 1291 2360 1340 quoque

215 1350 363 1396 Patris
392 1367 613 1415 expressa
643 1359 728 1398 est.
758 1351 903 1409 Quod
928 1351 968 1398 si
999 1350 1160 1399 adhuc
1186 1369 1276 1400 nec
1302 1352 1451 1418 ipsius
1478 1353 1712 1418 Apostoli,
1741 1370 1832 1401 nec
1861 1363 2139 1402 sanctorum
2166 1358 2360 1403 Patrum

211 1431 472 1479 auctoritas
506 1431 626 1478 mibi
655 1432 765 1479 satis
790 1431 1038 1496 suffragari
1063 1431 1272 1493 videtur,
1304 1449 1395 1480 nec
1427 1449 1484 1481 ea
1515 1449 1729 1499 quoque,
1756 1450 1902 1498 quam
1934 1451 2078 1500 supra
2109 1436 2360 1500 praetendi-

213 1527 335 1569 mus,
376 1512 516 1573 ratio,
551 1512 687 1577 quod
717 1513 766 1559 in
794 1513 1014 1578 praesenti
1046 1513 1267 1561 videlicet
1298 1529 1446 1579 opere
1475 1514 1682 1562 maxime
1707 1514 1935 1562 adversus
1958 1515 2359 1581 philosophorum

136 1579 138 1589 ¹
214 1591 476 1656 discipulos
507 1594 710 1657 agimus,
747 1594 830 1658 qui
860 1610 949 1640 nos
983 1594 1333 1660 philosophicis
1360 1595 1601 1660 impetunt
1634 1595 1918 1658 rationibuS,
1956 1613 2167 1661 quorum
2201 1605 2250 1645 et
2279 1614 2359 1663 pe-

215 1671 343 1718 nitus
386 1665 669 1721 auctoritate
708 1674 799 1738 ipsi
846 1674 1084 1736 nituntur,
1126 1686 1342 1740 superest
1378 1685 1433 1723 ut
1473 1676 1659 1724 hostilis
1714 1676 1904 1725 malitiae
1949 1677 2104 1742 jacula
2146 1676 2363 1743 pluribus

214 1752 527 1801 retundamus
572 1754 867 1813 rationibuS,
906 1764 954 1802 et
985 1772 1071 1820 per
1103 1756 1289 1820 singula
1326 1773 1497 1804 eorum
1530 1757 1877 1822 respondentes
1915 1757 2144 1822 objectis,
2193 1775 2363 1807 eorum

214 1848 578 1898 compescamus
598 1834 814 1895 latratUS,
838 1852 900 1882 ne
924 1836 1059 1900 quod
1083 1836 1144 1883 ad
1173 1835 1285 1883 fidei
1310 1846 1485 1885 nostrae
1509 1838 1840 1885 desensionem
1865 1838 2051 1886 sincera
2074 1840 2365 1904 conscripsi-

215 1929 323 1959 mus
346 1914 630 1975 intentione,
664 1914 777 1962 inde
807 1931 978 1963 eorum
1005 1916 1166 1963 invida
1195 1917 1294 1964 sive
1313 1934 1516 1965 erronea
1537 1917 1872 1965 criminatione
1896 1918 2090 1966 vilescat
2112 1917 2358 1981 fidelibus,

217 1993 348 2040 unde
391 1995 539 2058 magis
575 2004 706 2060 patet
742 1996 969 2043 infestum
1003 1996 1314 2057 infidelibus3
1342 2007 1387 2044 et
1425 1998 1659 2063 quoniam
1696 1998 1988 2045 infidelitatis
2024 1998 2360 2064 philosophos,

216 2083 383 2139 utpote
417 2076 615 2139 gentiles
646 2087 871 2140 arguunt,
912 2093 1206 2142 omnemque
1237 2078 1304 2125 eis
1333 2079 1469 2143 quasi
1499 2078 1740 2127 damnatis
1770 2095 1858 2143 per
1887 2079 1985 2126 hoc
2019 2078 2132 2126 fidei
2159 2081 2366 2128 auctori·

217 2163 361 2201 tatem
397 2155 634 2217 adimunt,
671 2157 719 2203 in
750 2156 847 2204 hoc
872 2167 1035 2204 nostra
1058 2158 1323 2223 plurimum
1350 2159 1571 2207 intendat
1600 2159 1833 2220 defensiO,
1861 2160 1910 2207 in
1935 2176 2035 2224 quo
2067 2169 2167 2208 tota
2195 2177 2364 2209 eorum

217 2235 384 2282 nititur
405 2236 723 2302 impugnatio.
1745 2225 1748 2229 .

281 2317 494 2364 Gentiles
523 2318 720 2366 fortasse
750 2319 965 2379 natione,
1004 2336 1105 2367 non
1138 2319 1249 2379 fide,
1286 2337 1456 2369 omnes
1488 2321 1682 2369 fuerunt
1709 2321 2008 2388 philosophi,
2034 2322 2157 2370 sicut
2182 2321 2244 2370 de
2273 2323 2364 2370 Job

217 2405 264 2444 et
302 2397 465 2445 amicis
499 2398 600 2462 ejus
635 2400 828 2447 dicitur.
857 2400 1120 2458 Quomodo
1157 2402 1286 2448 enim
1321 2401 1590 2450 infidelitati
1624 2419 1680 2450 ac
1715 2402 2016 2450 damnationi
2051 2419 2134 2450 eos
2170 2402 2367 2468 deputa-

218 2477 443 2537 verimus,
478 2479 672 2543 quibus,
709 2481 941 2545 Apostolo
973 2497 1169 2545 quoque
1191 2491 1414 2544 testante,
1443 2483 1546 2547 ipse
1578 2482 1691 2530 fidei
1716 2484 1791 2530 sui
1821 2499 2014 2544 arcana,
2047 2498 2103 2530 ac
2124 2482 2366 2548 profunda

216 2557 454 2605 Trinitatis
484 2561 709 2624 mysteria
741 2560 988 2620 revelavit,
1025 2569 1073 2608 et
1107 2563 1226 2608 mire
1249 2578 1422 2610 eorum
1443 2563 1641 2610 virtutes
1670 2573 1714 2609 et
1744 2579 1893 2628 opera
1924 2579 1951 2610 a
1973 2562 2148 2610 sanctis
2171 2578 2366 2627 quoque

219 2638 497 2687 doctoribus
534 2641 874 2706 praedicantur,
907 2642 1127 2707 quamvis
1163 2659 1333 2690 eorum
1370 2643 1633 2691 nonnullos
1667 2659 1754 2709 per
1795 2643 2052 2691 elationem
2089 2652 2362 2702 excaecatos,

218 2728 360 2782 atque
384 2720 446 2767 ad
472 2720 746 2770 idolatriam
771 2732 819 2770 et
843 2723 1217 2788 ignominiosam
1234 2724 1385 2771 vitam
1409 2723 1665 2771 devolutos
1687 2740 1790 2771 esse
1813 2724 1941 2771 idem
1966 2723 2218 2789 perhibeat
2241 2725 2367 2789 Apo-

220 2799 390 2860 stolus,
430 2801 553 2848 sicut
576 2812 624 2850 et
652 2802 714 2850 de
737 2804 997 2852 Salomone
1020 2805 1127 2870 ipso
1153 2804 1380 2868 legimus,
1408 2814 1457 2852 et
1477 2804 1539 2853 de
1563 2804 1726 2852 multis
1748 2804 1947 2868 contigit
1972 2803 2226 2852 fidelibus?
2250 2804 2368 2862 Quis

221 2878 364 2925 etiam
396 2892 573 2929 asserat
603 2883 746 2931 nullis
769 2901 938 2932 eorum
967 2884 1114 2933 fidem
1142 2885 1488 2933 incarnationis
1512 2886 1770 2933 revelatam
1795 2902 1914 2942 esse,
1942 2885 2066 2933 sicut
2089 2894 2135 2932 et
2158 2884 2363 2949 Sybillae,

221 2956 331 3004 licet
352 2958 402 3004 in
429 2975 600 3009 eorum
625 2964 811 3029 scriptis
830 2982 931 3013 non
950 2967 1198 3031 expressa?
1217 2983 1324 3030 quae
1347 2982 1506 3030 neque
1530 2982 1557 3014 a
1573 2965 1667 3014 Job
1685 2975 1735 3013 et
1756 2965 2003 3014 nonnullis
2020 2964 2367 3031 prophetarum

219 3047 383 3102 aperte
405 3041 706 3104 praedicatur,
738 3061 853 3092 cum
876 3055 923 3092 et
947 3047 1258 3111 Septuaginta
1284 3049 1571 3112 Interpretes
1593 3046 1747 3111 legem
1770 3046 1976 3094 ethnicis
1999 3044 2335 3093 transferentes
2352 3080 2364 3102 ‚

220 3117 386 3165 omnia
418 3119 515 3167 fere
545 3120 657 3168 fidei
689 3139 865 3172 arcana
894 3126 1147 3186 tacuerint,
1184 3142 1292 3191 quae
1318 3126 1441 3174 forte
1469 3126 1580 3174 rudi
1608 3126 1795 3193 populo
1818 3126 2027 3174 revelata
2056 3124 2205 3187 magis
2231 3139 2368 3171 scan-

221 3200 319 3248 dali
350 3201 670 3250 offensionem
701 3216 942 3269 parerent,
981 3225 1129 3273 quam
1159 3208 1546 3257 aedificationem.
1585 3209 1731 3268 Quod
1768 3209 1807 3256 si
1838 3207 1900 3256 ad
1933 3207 2212 3273 allegoriam
2242 3205 2368 3254 dicta

222 3297 418 3347 quoque
452 3282 860 3350 philosophorum
892 3289 1043 3354 accipi
1076 3289 1144 3337 fas
1172 3299 1310 3351 esset,
1346 3291 1454 3355 quis
1496 3307 1597 3338 non
1623 3289 1969 3338 convenienter
2002 3288 2066 3336 ad
2089 3287 2366 3352 mysterium
