2638 3866
250 238 347 285 482
1055 229 1225 278 PETRI
1267 228 1583 279 ABAELARDI

252 339 433 385 dictum
463 345 558 383 est:
594 333 664 381 Ab
685 330 854 380 habitu
877 331 1073 396 quidem
1097 331 1146 378 in
1171 332 1489 397 privationem
1511 331 1566 381 fit
1589 334 1789 381 mutatio
1806 370 1818 393 ‚
1849 351 1878 382 a
1900 337 2168 400 privatione
2197 354 2311 384 vero
2338 339 2386 385 iu

251 417 470 465 habitum
491 413 783 480 impossibile
807 412 911 460 est?
945 415 1110 477 Neque
1138 413 1268 459 enim
1289 430 1440 461 caecus
1465 414 1614 462 sactus
1640 431 1804 463 rursus
1832 416 1979 479 videt,
2017 427 2107 465 etc.
2145 419 2389 482 Numquid

251 508 295 544 et
319 497 522 560 Virginis
555 505 719 560 partus
743 494 943 542 omnino
976 493 1043 541 illi
1071 493 1348 559 praejudicat
1371 495 1707 560 propositioni,
1741 512 1845 560 quae
1877 497 2149 562 frequenter
2180 515 2207 545 a
2230 498 2389 562 philo-

248 578 412 642 sophis
453 577 502 623 in
538 575 813 642 exemplum
850 575 1129 623 necessariae
1162 576 1518 640 consequentiae
1551 593 1635 624 seu
1671 578 2100 642 argumentationis
2138 578 2334 625 affertur
2373 597 2384 625 :

217 640 224 648 ⁸
246 659 294 704 Si
316 657 520 722 peperit,
547 674 660 704 cum
684 657 789 704 viro
813 654 1113 704 concubuit?
1139 658 1199 702 Ut
1222 655 1338 703 hinc
1356 673 1552 722 quoque
1575 668 1802 723 appareat
1820 658 1958 723 quod
1978 659 2042 706 ait
2065 659 2341 724 Apostolus'
2373 678 2383 705 :

251 760 272 781 (ε
293 741 465 785 Nonne
496 737 688 785 stultam
718 736 826 784 fecit
855 739 985 784 Deus
1009 736 1292 801 sapientiam
1317 737 1460 801 hujus
1481 737 1685 785 mundi?
1709 759 1732 782 »
1759 739 1904 797 Quod
1932 739 1971 786 si
1993 748 2046 786 ut
2069 738 2389 805 philosophos

244 818 423 880 salves,
474 835 531 866 ea
572 834 677 882 quae
709 834 795 883 per
835 816 1061 864 miracula
1091 815 1214 863 fiunt
1253 817 1485 883 excipias,
1534 827 1617 865 aut
1658 818 1706 865 in
1751 818 1825 866 his
1866 819 2102 867 vocabula
2139 820 2385 885 propriam

244 898 640 963 significationem
664 915 765 946 non
793 898 1046 945 observare
1074 896 1222 955 dicas,
1250 907 1302 945 ut
1322 897 1544 946 videlicet
1564 915 1664 945 non
1691 900 1886 965 proprie
1914 900 2136 948 dicantur
2164 900 2283 948 visio
2310 900 2386 947 vel

242 989 426 1044 partus,
458 996 564 1044 quae
590 996 677 1044 per
699 978 983 1027 miraculum
1006 978 1309 1042 contingunt,
1357 988 1538 1043 quanto
1563 980 1712 1043 magis
1734 980 1784 1028 in
1818 981 1923 1046 ipso
1953 991 2149 1029 auctore
2178 981 2382 1028 miracu-

242 1060 402 1108 lorum
437 1060 565 1108 idem
599 1059 802 1109 concedi
832 1059 1057 1125 oportet?

308 1142 564 1207 Responde
596 1152 666 1204 tu,
689 1141 755 1188 mi
775 1151 914 1188 acute
935 1141 1197 1202 dialectice,
1231 1158 1314 1189 seu
1335 1140 1597 1205 versipellis
1623 1141 1853 1206 sophista,
1880 1142 1965 1207 qui
1989 1143 2269 1190 auctoritate
2295 1145 2383 1190 Pe-

240 1222 601 1286 ripateticorum
630 1239 708 1269 me
731 1238 931 1285 arguere
960 1221 1154 1283 niteris,
1179 1221 1240 1269 de
1274 1221 1544 1269 differentia
1567 1221 1749 1269 scilicet
1783 1239 2100 1287 personarum
2135 1233 2183 1270 et
2216 1239 2382 1271 earum

238 1302 628 1368 proprietatibus,
648 1319 755 1368 quae
776 1303 828 1350 in
851 1306 954 1350 Deo
978 1312 1108 1361 sunt,
1135 1301 1386 1366 quomodo
1409 1302 1540 1367 ipsos
1560 1319 1755 1367 quoque
1779 1302 2003 1352 doctores
2025 1313 2134 1351 tuos
2157 1303 2380 1361 absolvis,

238 1383 509 1431 secundum
530 1383 813 1431 traditiones
835 1399 1063 1447 quorum,
1090 1393 1143 1429 ut
1161 1383 1263 1447 jam
1286 1383 1603 1443 ostendimus,
1629 1400 1719 1431 nec
1742 1386 1900 1431 Deum
1919 1385 2235 1432 substantiam
2258 1401 2378 1445 esse,

238 1481 326 1511 nec
365 1466 523 1529 ipsum
558 1481 659 1512 esse
691 1463 872 1528 aliquid
912 1463 1043 1511 aliud
1073 1463 1257 1528 cogeris
1294 1463 1548 1511 confiteri?
1585 1466 1742 1522 Quem
1776 1474 1938 1512 tamen
1977 1464 2134 1512 solum
2166 1482 2278 1513 vere
2326 1482 2382 1513 ac

237 1545 433 1610 proprie
462 1561 582 1607 esse,
619 1544 841 1592 videlicet
864 1553 1147 1610 perpetuam
1178 1544 1280 1608 ejus
1312 1537 1833 1592 et‘incommutabilem
1854 1546 2255 1610 permanentiam,
2284 1556 2380 1593 tam

236 1626 355 1690 ipse,
389 1635 443 1672 ut
472 1625 656 1673 dictum
689 1635 777 1687 est,
813 1625 875 1672 ad
908 1627 1106 1690 Moysen
1136 1626 1340 1687 loquens
1366 1626 1596 1686 innotuit,
1629 1642 1776 1691 quam
1808 1625 1871 1673 ab
1900 1626 2006 1691 ipso
2035 1627 2254 1673 instructi
2282 1627 2380 1674 veri

236 1705 533 1770 philosophi.
570 1705 710 1752 Unde
739 1716 787 1753 et
815 1706 982 1753 beatus
1012 1705 1103 1752 Job
1136 1706 1260 1753 inter
1288 1714 1447 1753 cetera
1472 1706 1533 1754 de
1561 1723 1620 1754 eo
1644 1716 1995 1755 commemorat
2009 1709 2040 1766 ²,
2073 1727 2094 1749 ιι
2119 1709 2222 1771 Ipse
2251 1707 2379 1754 enim

236 1785 368 1832 solus
391 1795 488 1847 est,
515 1796 563 1834 et
585 1803 728 1834 nemo
753 1796 966 1834 avertere
1001 1796 1159 1851 potest
1187 1786 1500 1850 cogitationes
1535 1787 1653 1850 ejus.
1678 1808 1701 1831 2>
1729 1787 1986 1848 Attendite,
2018 1787 2185 1834 fratres
2209 1797 2254 1835 et
2277 1804 2380 1835 ver-

186 1905 191 1910 .
235 1866 344 1913 bosi
372 1866 531 1927 amici,
564 1876 803 1931 quantum
828 1866 889 1915 ab
920 1866 1127 1914 invicem
1150 1866 1400 1914 dissonent
1427 1866 1600 1913 divinae
1631 1877 1679 1914 et
1709 1867 1930 1914 humanae
1957 1867 2254 1928 traditiones,
2281 1869 2378 1933 spi-

235 1947 394 1994 ritales
416 1957 462 1994 et
486 1947 716 1995 animales
738 1946 1036 2013 philosophi,
1064 1963 1307 1995 sacrarum
1331 1956 1379 1994 et
1402 1946 1699 1994 saecularium
1726 1948 2070 2013 scripturarum
2095 1946 2373 2012 disciplinae.

236 2029 299 2073 Ut
329 2027 457 2074 enim
486 2043 631 2092 supra
660 2028 932 2087 docuimuS,
960 2037 1151 2075 constat
1177 2027 1444 2075 secundum
1467 2037 1734 2075 vestrarum
1764 2028 1940 2075 artium
1968 2027 2243 2092 disciplinas
2273 2045 2379 2093 quae

234 2108 453 2154 omnium
491 2124 655 2155 rerum
691 2118 886 2155 naturas
921 2109 969 2155 in
1006 2107 1177 2156 decem
1212 2108 1585 2174 praedicamenta
1624 2107 1945 2168 distribuunt,
1982 2110 2140 2155 Deum
2185 2109 2377 2173 penitus

233 2187 354 2234 nihil
389 2205 509 2248 esse,
542 2204 690 2252 quem
715 2199 874 2237 tamen
906 2189 1054 2254 ipsius
1084 2189 1173 2236 Dei
1201 2206 1257 2237 ac
1284 2189 1635 2255 discipulorum
1664 2189 1765 2253 ejus
1786 2188 2064 2236 testimonio
2092 2188 2250 2237 solum
2276 2206 2377 2237 esse

233 2268 446 2333 profiteri
470 2270 706 2333 cogimur.
731 2268 877 2327 Quod
900 2270 938 2316 si
964 2279 1017 2317 ut
1036 2279 1215 2318 vestras
1239 2269 1506 2318 defendatis
1526 2269 1818 2335 disciplinas,
1844 2269 2044 2331 naturis,
2073 2280 2125 2317 ut
2148 2269 2373 2330 diximus,

231 2360 559 2398 creaturarum
595 2350 876 2398 differendis
909 2367 987 2398 eas
1019 2367 1120 2398 esse
1154 2361 1405 2399 contentas
1439 2351 1684 2412 annuatis,
1721 2367 1810 2399 nec
1838 2350 1900 2398 de
1932 2350 2214 2399 celsitudine
2252 2351 2376 2399 divi-

232 2430 392 2478 nitatis
423 2447 507 2478 ,eas
539 2431 881 2496 praesumsisse,
916 2440 964 2478 et
1000 2448 1085 2478 vos
1117 2431 1185 2478 eis
1215 2432 1475 2479 innitentes
1509 2432 1670 2478 minus
1702 2448 1791 2478 nos
1822 2431 2046 2479 infestare
2075 2433 2370 2496 praesumite,

232 2529 343 2558 cum
370 2512 481 2559 talia
504 2510 623 2559 fides
645 2497 794 2559 verba
816 2512 1088 2577 protulerit,
1113 2528 1326 2576 quorum
1349 2511 1659 2576 intelligentia
1682 2512 1848 2559 vestris
1868 2512 2112 2575 incognita
2134 2522 2204 2559 est
2231 2512 2373 2559 disci·

235 2591 393 2655 plinis.
417 2594 612 2639 Certum
645 2592 825 2658 quippe
857 2602 928 2639 est
958 2592 1192 2656 quoniam
1224 2608 1524 2657 unaquaeque
1547 2592 1782 2639 sententia
1810 2601 1954 2655 atque
1987 2591 2242 2655 cujuslibet
2262 2593 2375 2640 artis

232 2680 459 2719 tractatus
490 2672 697 2737 propriis
729 2672 877 2719 utitur
913 2671 1103 2733 verbis,
1144 2682 1187 2720 et
1228 2688 1531 2738 unaquaeque
1562 2672 1781 2720 doctrina
1810 2671 2018 2737 propriis
2048 2671 2375 2720 locutionibus

233 2752 422 2814 gaudet,
446 2763 492 2799 et
517 2769 640 2817 saepe
663 2752 879 2817 ejusdem
905 2754 1018 2801 artis
1043 2762 1321 2801 tractatores
1339 2753 1487 2801 verba
1509 2753 1695 2801 variare
1723 2752 1942 2813 delectat,
1970 2753 2084 2816 quia
2106 2769 2298 2818 semper
2322 2753 2371 2799 in

235 2831 476 2891 omnibus,
504 2842 620 2879 teste
644 2833 796 2880 Tullio
816 2870 827 2892 ‚
856 2834 1079 2882 identitas
1098 2844 1251 2882 mater
1272 2844 1343 2882 est
1364 2835 1609 2896 satietatis,
1633 2833 1728 2882 hoc
1752 2842 1822 2881 est
1844 2833 2087 2880 fastidium
2106 2849 2368 2898 generans:

237 2921 417 2973 quanto
446 2913 594 2975 magis
628 2930 742 2977 ergo
774 2914 898 2961 illius
921 2915 1171 2978 singularis
1198 2925 1246 2963 et
1278 2916 1455 2963 summi
1479 2915 1601 2963 Boni
1624 2923 1904 2962 tractatores
1938 2914 2193 2978 singularia
2225 2911 2371 2960 verba

233 2989 412 3037 habere
427 2993 655 3055 oportuit,
682 2993 857 3057 quibus
881 2994 931 3042 id
952 2995 1088 3060 quod
1109 2996 1346 3060 singulare
1362 3006 1432 3044 est
1446 2994 1747 3060 singulariter
1768 2993 2035 3054 efferretur,
2059 3010 2150 3040 nec
2170 2991 2373 3057 publicis

232 3079 279 3116 et
301 3069 576 3133 vulgaribus
596 3071 922 3122 locutionibus
949 3075 1069 3123 illud
1092 3075 1358 3138 ineffabile,
1381 3075 1498 3124 illud
1521 3072 2009 3140 incomprehensibile
2039 3069 2366 3119 coerceretur!

234 3153 305 3198 De
331 3166 429 3215 quo
458 3151 495 3196 si
524 3151 638 3214 quid
678 3153 869 3214 dicitur,
896 3155 1052 3218 aliqua
1080 3155 1390 3204 similitudine
1424 3156 1486 3204 de
1509 3155 1737 3203 creaturis
1763 3153 1825 3201 ad
1848 3163 2113 3200 creatorem
2137 3151 2368 3199 vocabula

276 3336 281 3354 ¹
308 3334 461 3368 Corinth.
479 3336 506 3375 1,
524 3344 596 3376 cap.
617 3345 640 3375 1,
658 3344 687 3367 ν.
708 3338 760 3369 20.
780 3354 814 3360 —·
838 3335 950 3377 ²Job.‚
968 3347 1039 3379 cap.
1059 3348 1152 3381 xxiii,
1168 3348 1198 3372 v.
1220 3342 1269 3373 13.
