2638 3866
305 211 400 259 368
1106 207 1278 257 PETRI
1310 206 1622 256 ABAELARDI

301 311 405 374 ipso
431 309 584 367 faciat,
608 307 726 353 sicut
750 322 838 353 nec
861 322 887 353 a
911 323 960 373 se
983 308 1087 373 ipso
1111 308 1350 371 loquatur.
1378 311 1501 355 Eum
1526 307 1702 373 quippe
1725 308 1808 372 qui
1832 308 1903 354 sui
1929 307 2074 373 ipsius
2097 325 2198 356 non
2216 319 2287 358 est
2304 312 2419 359 Ver-

300 388 435 449 bum,
463 386 547 434 sed
571 385 733 444 Patris,
769 386 986 450 profecto
1019 404 1210 435 necesse
1240 397 1311 435 est
1333 398 1380 435 et
1399 387 1494 434 hoc
1521 388 1678 452 ipsum
1701 386 1832 451 quod
1863 387 1973 434 facit
1994 386 2173 437 habere
2203 405 2232 437 a
2255 393 2413 452 Patre,

303 469 384 532 qui
412 468 507 514 hoc
530 467 683 531 ipsum
717 465 849 529 quod
878 476 948 513 est
969 467 1030 514 ab
1053 468 1157 532 ipso
1179 467 1371 515 habeat.
1399 470 1624 515 Summus
1646 467 1805 531 itaque
1827 466 2190 531 quodammodo
2218 486 2304 534 per
2326 472 2417 516 Po-

299 548 495 595 tentiam
531 544 719 591 videtur
758 547 912 607 Pater,
951 547 1036 594 sed
1075 564 1174 595 non
1213 547 1384 611 major,
1423 547 1504 611 qui
1534 562 1564 594 a
1596 547 1782 613 seipso,
1816 557 1868 593 ut
1901 546 2081 594 dictum
2118 556 2219 609 est,
2256 550 2417 597 omnia

296 628 460 691 possit,
484 626 566 690 qui
585 640 611 671 a
633 624 789 689 seipso
811 641 910 672 non
930 626 991 673 ab
1009 627 1102 675 alio
1125 627 1352 688 subsistit,
1376 626 1511 692 quod
1524 626 1603 674 ‘est
1624 627 1668 674 ei
1689 627 1821 691 quasi
1843 626 2037 691 proprie
2055 626 2416 691 quodammodo

294 702 368 754 vel
392 705 658 771 specialiter
682 704 1078 769 omnipotentiam
1113 724 1213 755 esse
1242 706 1564 767 tribuendam,
1591 706 1675 772 qui
1704 707 1770 754 sic
1793 706 1954 753 omnia
1975 715 2156 770 potest,
2186 717 2238 755 ut
2266 707 2362 756 hoc
2382 694 2415 755 ‘a

295 803 343 833 se
374 784 567 846 habeat,
602 800 701 830 non
733 782 794 830 ab
829 784 924 833 alio
955 788 1172 852 accipiat.
1200 787 1344 846 Quod
1372 803 1487 834 vero
1521 786 1586 834 ait
1617 786 1666 833 in
1702 785 1797 833 hoc
1830 784 2028 832 nomine
2066 787 2194 834 Deus
2227 787 2415 835 ostendi

295 876 517 914 naturam
537 859 882 926 innascibilem,
906 868 998 915 tale
1017 878 1091 916 est
1110 884 1166 917 ac
1185 868 1222 915 si
1243 867 1421 916 diceret
1441 865 1751 915 substantiam
1773 882 1870 913 non
1896 865 2066 914 factam
2088 876 2167 914 aut
2187 877 2411 925 creatam,

297 937 381 986 sed
403 947 642 985 aeternam.

1197 1109 1410 1162 CAPUT
1449 1109 1510 1162 V.

359 1278 563 1325 Nomine
595 1294 708 1325 vero
733 1267 947 1343 ¹Spiritus
981 1279 1131 1326 sancti
1153 1277 1348 1325 affectus
1383 1276 1684 1341 benignitatis
1713 1287 1760 1324 et
1791 1278 1997 1324 caritatis
2034 1277 2329 1343 exprimitur,
2354 1293 2414 1325 eo

291 1356 510 1405 videlicet
537 1358 669 1421 quod
705 1359 870 1423 spiritu
907 1358 1003 1405 oris
1032 1358 1184 1404 nostri
1213 1367 1259 1405 et
1287 1356 1500 1405 anhelitu
1530 1356 1734 1404 maxime
1756 1357 1952 1404 affectus
1981 1357 2130 1405 animi
2166 1356 2410 1422 patefiant,

291 1453 402 1483 cum
436 1446 518 1484 aut
541 1453 637 1502 prae
666 1453 829 1484 amore
852 1437 1163 1502 suspiramus,
1193 1446 1275 1485 aut
1298 1454 1393 1502 prae
1414 1435 1592 1484 laboris
1609 1436 1691 1495 ‚vel
1720 1435 1900 1484 doloris
1921 1436 2136 1500 angustia
2160 1436 2410 1499 gemimus-

290 1517 491 1580 Spiritus
513 1527 702 1564 sanctus
722 1534 811 1582 pro
832 1518 1003 1565 affectu
1024 1517 1157 1564 bono
1177 1517 1374 1582 ponitur
1386 1517 1519 1582 juxta
1539 1515 1659 1564 illud
1679 1515 1788 1564 libri
1802 1518 2081 1580 Sapientiae¹
2103 1534 2115 1563 ι
2139 1536 2163 1562 «
2182 1516 2414 1579 Benignus

292 1605 360 1642 est
396 1597 589 1661 spiritus
613 1597 872 1662 sapientiae,
908 1608 956 1645 et
985 1614 1084 1645 non
1121 1597 1342 1646 liberabit
1375 1596 1734 1646 maledicum²a
1766 1597 1901 1645 labiis
1937 1597 2096 1656 suis3»
2122 1605 2264 1662 atque
2295 1595 2415 1643 illud

292 1676 569 1723 Psalmistae⁸
595 1695 609 1723 ε
640 1697 663 1721 ε(
681 1678 886 1743 Spiritus
911 1688 1021 1725 tuus
1047 1677 1204 1725 bonus
1227 1677 1431 1725 deducet
1455 1694 1532 1725 me
1552 1678 1602 1724 in
1626 1687 1801 1725 terram
1826 1685 2024 1737 rectam,
2048 1686 2140 1724 etc.
2165 1694 2188 1720 »
2215 1679 2285 1724 De
2316 1665 2415 1742 quo

291 1765 338 1801 et
361 1758 412 1802 B.
442 1757 730 1820 Augustinus
752 1758 801 1804 in
832 1758 992 1822 primo
1014 1775 1159 1821 saper·
1183 1760 1418 1817 Genesim,
1451 1774 1511 1805 eo
1534 1757 1645 1805 loco
1670 1774 1768 1822 quo
1790 1758 2020 1822 scriptum
2042 1766 2140 1805 est:
2171 1777 2195 1801 α
2214 1746 2415 1822 Spiritus

290 1836 487 1882 Domini
511 1836 750 1885 serebatur
771 1854 915 1903 super
937 1854 1102 1901 aquas,
1127 1857 1151 1881 »
1176 1837 1241 1885 ait
1267 1855 1278 1884 :
1309 1858 1332 1880 «
1357 1840 1546 1901 Egenus
1577 1846 1719 1902 atque
1750 1837 1968 1901 indigens
1990 1852 2128 1884 amor
2148 1837 2213 1884 ita
2243 1835 2410 1899 diligit,

291 1924 343 1962 ut
375 1915 519 1963 rebus
553 1933 673 1981 quas
706 1917 859 1982 diligit
886 1917 1178 1982 subjiciatur,
1204 1927 1459 1982 propterea
1485 1933 1598 1965 cum
1619 1926 2074 1964 commemoraretur
2104 1916 2304 1981 Spiritus
2325 1915 2413 1962 Dei

289 1996 335 2041 in
361 2012 459 2059 quo
488 2006 651 2044 sancta
673 1997 774 2061 ejus
795 1996 1131 2046 benevolentia
1156 1996 1445 2061 dilectioque
1464 1996 1759 2061 intelligitur,
1782 1996 2035 2063 superferri
2057 1995 2212 2044 dictus
2235 2004 2326 2057 est,
2354 2011 2415 2043 ne

287 2075 502 2123 facienda
536 2092 685 2141 opera
721 2093 807 2125 sua
839 2094 926 2142 per
957 2077 1228 2142 indigentiae
1258 2077 1586 2126 necessitatem
1616 2077 1920 2143 potiusquam
1952 2092 2038 2141 per
2069 2074 2413 2123 abundantiam

285 2153 629 2203 beneficientiae
657 2159 786 2204 Deus
820 2173 980 2205 amare
1012 2166 1275 2222 putaretur.
1293 2176 1316 2201 ι)
1343 2157 1466 2205 Huic
1500 2165 1549 2205 et
1575 2155 1695 2204 illud
1726 2155 1940 2221 Apostoli
1966 2148 2108 2220 plane
2136 2154 2409 2222 congruitf:

293 2247 315 2272 «
335 2230 464 2276 Deus
485 2230 654 2278 caritas
673 2241 762 2293 est,
784 2249 807 2275 »
833 2231 943 2295 quia
969 2241 1088 2279 teste
1110 2231 1360 2295 Gregorio,
1387 2231 1590 2297 Spiritus
1610 2231 1712 2297 ipse
1731 2228 1869 2278 amor
1893 2239 1981 2278 est.
2008 2228 2149 2277 Unde
2171 2238 2217 2277 et
2242 2228 2413 2277 Paulus

286 2308 334 2354 in
373 2308 739 2358 salutationibus
770 2311 865 2358 suis
906 2327 1025 2375 quas
1061 2310 1274 2376 epistolis
1308 2309 1613 2377 praescribere
1648 2310 1896 2359 consuevit
1937 2308 2102 2357 dicens
2139 2326 2151 2355 ε
2196 2309 2414 2356 «Gratia

287 2386 425 2434 vobis
464 2405 491 2436 a
527 2392 629 2437 Deo
666 2391 802 2437 Patre
833 2400 880 2438 et
910 2391 1123 2437 Domino
1157 2393 1512 2451 JEsu-Cmusro,
1538 2411 1561 2435 ι»
1587 2391 1785 2438 nomine
1816 2390 1974 2455 gratiae
2003 2389 2232 2454 Spiritum
2255 2389 2410 2453 ipsum

287 2484 497 2532 congrue
528 2469 816 2533 designavit,
843 2487 988 2535 quem
1019 2471 1161 2518 etiam
1191 2473 1384 2518 Donum
1414 2470 1503 2518 Dei
1525 2487 1769 2532 vocamus,
1795 2487 1941 2535 quam
1962 2469 2157 2534 quidem
2181 2468 2377 2532 gratiam
2393 2502 2406 2525 ,

283 2546 334 2593 id
369 2558 439 2595 est
462 2566 607 2613 quem
630 2550 860 2615 Spiritum
890 2549 953 2598 ab
975 2549 1155 2598 eisdem
1187 2549 1291 2597 dari
1314 2550 1493 2615 optime
1515 2549 1804 2615 praedicitur,
1829 2566 1859 2597 a
1883 2548 2060 2613 quibus
2091 2556 2138 2594 et
2159 2545 2377 2611 procedit
2393 2581 2406 2605 ,

283 2626 377 2674 hoc
402 2638 472 2675 est
503 2645 532 2676 a
560 2633 698 2677 Patre
727 2640 774 2677 et
804 2630 938 2677 Filio.
966 2633 1092 2677 Bene
1125 2630 1285 2694 itaque
1313 2630 1513 2694 Spiritus
1542 2638 1734 2676 sanctus
1769 2638 1867 2676 tam
1900 2629 1950 2675 in
1981 2625 2230 2687 columba,
2265 2642 2409 2690 quam

286 2707 333 2752 in
365 2708 473 2771 igne
498 2709 695 2757 revelari
718 2709 889 2775 elegit,
916 2726 1027 2757 cum
1056 2710 1184 2774 ipsa,
1221 2718 1275 2756 ut
1302 2708 1484 2756 dictum
1508 2718 1606 2771 est,
1639 2708 1802 2756 divina
1824 2707 2094 2770 benignitas
2129 2722 2214 2753 seu
2242 2706 2409 2753 caritas

285 2788 480 2834 nomine
504 2790 706 2853 Spiritus
737 2790 797 2836 sit
824 2806 1061 2855 expressa.
1087 2792 1206 2836 Nam
1231 2799 1278 2837 et
1299 2788 1525 2837 columba
1549 2788 1793 2837 mitissima
1823 2803 1924 2835 esse
1951 2786 2160 2834 creditur
2191 2795 2238 2833 et
2269 2784 2410 2832 beni÷

287 2864 506 2924 guissima
541 2870 760 2916 omnium
795 2870 972 2929 avium,
1009 2886 1112 2934 quae
1141 2879 1189 2917 et
1210 2869 1317 2917 felle
1349 2885 1510 2917 carere
1531 2868 1721 2927 dicitur,
1762 2877 1810 2915 et
1837 2866 1899 2915 ab
1932 2865 2187 2915 iracundiae
2208 2864 2407 2928 stimulis

287 2944 487 2992 maxime
522 2963 622 2994 esse
657 2959 857 3007 remota,
894 2959 942 2995 et
969 2949 1117 3012 igneae
1151 2949 1513 3013 quodammodo
1543 2958 1590 2996 et
1611 2947 1905 2996 calidissimae
1934 2963 2034 2995 esse
2067 2956 2262 3004 natur-213,
2298 2961 2406 2992 cum

286 3022 407 3084 ignis
440 3024 540 3087 ipse
571 3043 706 3074 amor
734 3029 937 3089 dicatur,
966 3029 1026 3075 de
1056 3045 1153 3092 quo
1174 3030 1357 3077 Veritas
1368 3032 1397 3089 ³,
1425 3033 1631 3092 «Ignem
1654 3029 1764 3077 veni
1781 3066 1794 3089 ,
1820 3028 1991 3092 inquit,
2021 3027 2205 3074 mittere
2237 3026 2285 3071 in
2309 3034 2403 3072 ter-

327 3230 333 3247 ¹
355 3229 452 3270 Sap„
475 3239 547 3270 cap.
569 3240 601 3270 1,
617 3241 646 3265 v.
667 3233 698 3265 6.
718 3250 755 3257 -
775 3235 786 3253 ²
802 3235 837 3266 In
863 3234 958 3267 editis
979 3234 1205 3269 Maledictum.
1224 3253 1264 3260 —
1281 3236 1437 3270 ’Psalm.
1461 3245 1546 3278 nu,
1566 3245 1595 3270 v.
1613 3238 1663 3270 10.
1682 3254 1718 3260 —
1736 3235 1852 3268 ⁴Joan.
1875 3235 1901 3275 Ι,
1930 3242 1999 3274 cap.
2021 3241 2065 3273 iv,
2098 3241 2129 3265 v.
2150 3234 2198 3266 16.
2221 3249 2258 3258 -
2283 3233 2295 3252 ⁵
2311 3232 2403 3273 Luc.,

282 3290 353 3322 cap.
372 3292 439 3323 ιιι,
455 3292 486 3325 νζ.
502 3285 554 3318 49.
