<?xml version="1.0" encoding="UTF-8"?>
<!DOCTYPE html PUBLIC "-//W3C//DTD XHTML 1.0 Transitional//EN"
    "http://www.w3.org/TR/xhtml1/DTD/xhtml1-transitional.dtd">
<html xmlns="http://www.w3.org/1999/xhtml" xml:lang="en" lang="en">
 <head>
  <title>
</title>
<meta http-equiv="Content-Type" content="text/html;charset=utf-8" />
  <meta name='ocr-system' content='tesseract 3.04.00' />
  <meta name='ocr-capabilities' content='ocr_page ocr_carea ocr_par ocr_line ocrx_word'/>
</head>
<body>
  <div class='ocr_page' id='page_1' title='image "./operahactenusseo00abeluoft_0038.png"; bbox 0 0 2638 3866; ppageno 0'>
   <div class='ocr_carea' id='block_1_1' title="bbox 258 177 1566 238">
    <p class='ocr_par' dir='ltr' id='par_1_1' title="bbox 258 177 1566 238">
     <span class='ocr_line' id='line_1_1' title="bbox 258 177 1566 238; baseline -0.011 -1"><span class='ocrx_word' id='word_1_1' title='bbox 258 191 320 238; x_wconf 88' lang='lat'>28</span> <span class='ocrx_word' id='word_1_2' title='bbox 1052 183 1219 228; x_wconf 88' lang='lat' dir='ltr'>PETRl</span> <span class='ocrx_word' id='word_1_3' title='bbox 1255 177 1566 227; x_wconf 84' lang='lat' dir='ltr'><strong>ABAELARDI</strong></span> 
     </span>
    </p>
   </div>
   <div class='ocr_carea' id='block_1_2' title="bbox 255 272 2388 3050">
    <p class='ocr_par' dir='ltr' id='par_1_2' title="bbox 255 272 2388 2471">
     <span class='ocr_line' id='line_1_2' title="bbox 256 272 2372 349; baseline -0.008 -14"><span class='ocrx_word' id='word_1_4' title='bbox 256 290 391 335; x_wconf 85' lang='lat' dir='ltr'>cens¹</span> <span class='ocrx_word' id='word_1_5' title='bbox 412 305 422 333; x_wconf 80' lang='lat' dir='ltr'>z</span> <span class='ocrx_word' id='word_1_6' title='bbox 448 307 470 329; x_wconf 68' lang='lat' dir='ltr'>&lt;c</span> <span class='ocrx_word' id='word_1_7' title='bbox 493 290 549 332; x_wconf 90' lang='lat' dir='ltr'>Ut</span> <span class='ocrx_word' id='word_1_8' title='bbox 565 284 682 349; x_wconf 92' lang='lat' dir='ltr'>quid</span> <span class='ocrx_word' id='word_1_9' title='bbox 695 282 919 329; x_wconf 83' lang='lat' dir='ltr'>mentitus</span> <span class='ocrx_word' id='word_1_10' title='bbox 934 297 983 328; x_wconf 91' lang='lat' dir='ltr'>es</span> <span class='ocrx_word' id='word_1_11' title='bbox 997 281 1191 346; x_wconf 86' lang='lat' dir='ltr'>Spiritui</span> <span class='ocrx_word' id='word_1_12' title='bbox 1212 287 1394 338; x_wconf 86' lang='lat' dir='ltr'>sancto,</span> <span class='ocrx_word' id='word_1_13' title='bbox 1412 276 1621 324; x_wconf 79' lang='lat' dir='ltr'>Anania?</span> <span class='ocrx_word' id='word_1_14' title='bbox 1644 291 1743 322; x_wconf 93' lang='lat' dir='ltr'>non</span> <span class='ocrx_word' id='word_1_15' title='bbox 1762 291 1812 322; x_wconf 90' lang='lat' dir='ltr'>es</span> <span class='ocrx_word' id='word_1_16' title='bbox 1832 274 2054 321; x_wconf 89' lang='lat' dir='ltr'>mentitus</span> <span class='ocrx_word' id='word_1_17' title='bbox 2075 272 2372 331; x_wconf 84' lang='lat' dir='ltr'>hominibuS,</span> 
     </span>
     <span class='ocr_line' id='line_1_3' title="bbox 256 351 2375 427; baseline -0.008 -13"><span class='ocrx_word' id='word_1_18' title='bbox 256 366 339 414; x_wconf 89' lang='lat' dir='ltr'>sed</span> <span class='ocrx_word' id='word_1_19' title='bbox 351 369 472 413; x_wconf 88' lang='lat' dir='ltr'>Deo.</span> <span class='ocrx_word' id='word_1_20' title='bbox 490 384 512 407; x_wconf 66' lang='grc' dir='ltr'>ι)</span> <span class='ocrx_word' id='word_1_21' title='bbox 537 368 608 411; x_wconf 93' lang='lat' dir='ltr'>De</span> <span class='ocrx_word' id='word_1_22' title='bbox 631 379 728 427; x_wconf 89' lang='lat' dir='ltr'>quo</span> <span class='ocrx_word' id='word_1_23' title='bbox 746 362 919 408; x_wconf 86' lang='lat' dir='ltr'>iterum</span> <span class='ocrx_word' id='word_1_24' title='bbox 942 361 1120 425; x_wconf 84' lang='lat' dir='ltr'>Spiritu</span> <span class='ocrx_word' id='word_1_25' title='bbox 1139 360 1187 406; x_wconf 91' lang='lat' dir='ltr'>in</span> <span class='ocrx_word' id='word_1_26' title='bbox 1209 357 1389 406; x_wconf 89' lang='lat' dir='ltr'>eisdem</span> <span class='ocrx_word' id='word_1_27' title='bbox 1405 355 1599 403; x_wconf 86' lang='lat' dir='ltr'>Actibus</span> <span class='ocrx_word' id='word_1_28' title='bbox 1621 354 1916 401; x_wconf 68' lang='lat' dir='ltr'>continetur*</span> <span class='ocrx_word' id='word_1_29' title='bbox 1934 371 1944 397; x_wconf 74' lang='grc' dir='ltr'><strong><em>ε</em></strong></span> <span class='ocrx_word' id='word_1_30' title='bbox 1967 372 1988 395; x_wconf 79' lang='grc' dir='ltr'>α</span> <span class='ocrx_word' id='word_1_31' title='bbox 2010 355 2110 399; x_wconf 89' lang='lat' dir='ltr'>Hoc</span> <span class='ocrx_word' id='word_1_32' title='bbox 2132 351 2248 399; x_wconf 90' lang='lat' dir='ltr'>dicit</span> <span class='ocrx_word' id='word_1_33' title='bbox 2270 352 2375 416; x_wconf 87' lang='lat' dir='ltr'>Spi-</span> 
     </span>
     <span class='ocr_line' id='line_1_4' title="bbox 257 431 2379 509; baseline -0.007 -17"><span class='ocrx_word' id='word_1_34' title='bbox 257 447 372 492; x_wconf 82' lang='lat' dir='ltr'><strong>ritus</strong></span> <span class='ocrx_word' id='word_1_35' title='bbox 394 444 569 509; x_wconf 92' lang='lat' dir='ltr'>jubens</span> <span class='ocrx_word' id='word_1_36' title='bbox 590 462 599 489; x_wconf 92' lang='lat'>:</span> <span class='ocrx_word' id='word_1_37' title='bbox 624 445 847 506; x_wconf 88' lang='lat' dir='ltr'>Separate</span> <span class='ocrx_word' id='word_1_38' title='bbox 863 439 982 488; x_wconf 87' lang='lat' dir='ltr'>mihi</span> <span class='ocrx_word' id='word_1_39' title='bbox 1001 439 1264 487; x_wconf 87' lang='lat' dir='ltr'>Barnabam</span> <span class='ocrx_word' id='word_1_40' title='bbox 1284 446 1332 484; x_wconf 89' lang='lat' dir='ltr'>et</span> <span class='ocrx_word' id='word_1_41' title='bbox 1350 435 1575 495; x_wconf 86' lang='lat' dir='ltr'>Paulum,</span> <span class='ocrx_word' id='word_1_42' title='bbox 1599 444 1688 481; x_wconf 89' lang='lat' dir='ltr'>etc.</span> <span class='ocrx_word' id='word_1_43' title='bbox 1728 453 1751 477; x_wconf 88' lang='lat'>»</span> <span class='ocrx_word' id='word_1_44' title='bbox 1781 436 1839 480; x_wconf 88' lang='lat' dir='ltr'>Et</span> <span class='ocrx_word' id='word_1_45' title='bbox 1866 434 2078 480; x_wconf 80' lang='lat' dir='ltr'>rursum⁸</span> <span class='ocrx_word' id='word_1_46' title='bbox 2104 450 2116 480; x_wconf 90' lang='lat'>:</span> <span class='ocrx_word' id='word_1_47' title='bbox 2148 452 2171 476; x_wconf 86' lang='lat'><strong><em>«</em></strong></span> <span class='ocrx_word' id='word_1_48' title='bbox 2199 431 2379 478; x_wconf 89' lang='lat' dir='ltr'>Placuit</span> 
     </span>
     <span class='ocr_line' id='line_1_5' title="bbox 256 511 2379 590; baseline -0.007 -19"><span class='ocrx_word' id='word_1_49' title='bbox 256 524 450 590; x_wconf 83' lang='lat' dir='ltr'>Spiritui</span> <span class='ocrx_word' id='word_1_50' title='bbox 473 532 634 570; x_wconf 89' lang='lat' dir='ltr'>sancto</span> <span class='ocrx_word' id='word_1_51' title='bbox 658 531 704 568; x_wconf 91' lang='lat' dir='ltr'>et</span> <span class='ocrx_word' id='word_1_52' title='bbox 724 520 879 568; x_wconf 87' lang='lat' dir='ltr'>nobis.</span> <span class='ocrx_word' id='word_1_53' title='bbox 912 540 934 562; x_wconf 89' lang='lat'>»</span> <span class='ocrx_word' id='word_1_54' title='bbox 962 523 1019 567; x_wconf 90' lang='lat' dir='ltr'>Et</span> <span class='ocrx_word' id='word_1_55' title='bbox 1052 518 1293 566; x_wconf 85' lang='lat' dir='ltr'>Psalmista</span> <span class='ocrx_word' id='word_1_56' title='bbox 1315 516 1543 581; x_wconf 89' lang='lat' dir='ltr'>Spiritum</span> <span class='ocrx_word' id='word_1_57' title='bbox 1564 513 1653 562; x_wconf 90' lang='lat' dir='ltr'>Dei</span> <span class='ocrx_word' id='word_1_58' title='bbox 1673 512 1852 577; x_wconf 87' lang='lat' dir='ltr'>ubique</span> <span class='ocrx_word' id='word_1_59' title='bbox 1871 530 1972 560; x_wconf 88' lang='lat' dir='ltr'>esse</span> <span class='ocrx_word' id='word_1_60' title='bbox 1990 522 2219 575; x_wconf 86' lang='lat' dir='ltr'><strong>tanquam</strong></span> <span class='ocrx_word' id='word_1_61' title='bbox 2238 511 2379 558; x_wconf 86' lang='lat' dir='ltr'>incir-</span> 
     </span>
     <span class='ocr_line' id='line_1_6' title="bbox 255 591 2381 666; baseline -0.007 -16"><span class='ocrx_word' id='word_1_62' title='bbox 255 604 595 666; x_wconf 89' lang='lat' dir='ltr'>cumscriptum</span> <span class='ocrx_word' id='word_1_63' title='bbox 618 599 868 665; x_wconf 86' lang='lat' dir='ltr'>profitetur</span> <span class='ocrx_word' id='word_1_64' title='bbox 896 600 1120 647; x_wconf 67' lang='lat' dir='ltr'>dicens¹⁹x</span> <span class='ocrx_word' id='word_1_65' title='bbox 1151 618 1174 642; x_wconf 89' lang='lat'>«</span> <span class='ocrx_word' id='word_1_66' title='bbox 1202 601 1310 655; x_wconf 88' lang='lat' dir='ltr'>Quo</span> <span class='ocrx_word' id='word_1_67' title='bbox 1338 595 1419 642; x_wconf 91' lang='lat' dir='ltr'>ibo</span> <span class='ocrx_word' id='word_1_68' title='bbox 1456 611 1484 642; x_wconf 87' lang='lat' dir='ltr'>a</span> <span class='ocrx_word' id='word_1_69' title='bbox 1520 593 1686 659; x_wconf 91' lang='lat' dir='ltr'>spiritu</span> <span class='ocrx_word' id='word_1_70' title='bbox 1723 593 1836 639; x_wconf 81' lang='lat' dir='ltr'>tuo?</span> <span class='ocrx_word' id='word_1_71' title='bbox 1859 613 1882 636; x_wconf 87' lang='lat'>»</span> <span class='ocrx_word' id='word_1_72' title='bbox 1919 593 2011 650; x_wconf 92' lang='lat' dir='ltr'>Qui</span> <span class='ocrx_word' id='word_1_73' title='bbox 2048 601 2095 639; x_wconf 91' lang='lat' dir='ltr'>et</span> <span class='ocrx_word' id='word_1_74' title='bbox 2133 591 2293 638; x_wconf 85' lang='lat' dir='ltr'>statim</span> <span class='ocrx_word' id='word_1_75' title='bbox 2327 599 2381 636; x_wconf 86' lang='lat' dir='ltr'>ut</span> 
     </span>
     <span class='ocr_line' id='line_1_7' title="bbox 255 667 2380 747; baseline -0.006 -19"><span class='ocrx_word' id='word_1_76' title='bbox 255 683 412 747; x_wconf 90' lang='lat' dir='ltr'>ipsum</span> <span class='ocrx_word' id='word_1_77' title='bbox 436 680 655 745; x_wconf 90' lang='lat' dir='ltr'>spiritum</span> <span class='ocrx_word' id='word_1_78' title='bbox 676 681 787 741; x_wconf 93' lang='lat' dir='ltr'>Dei,</span> <span class='ocrx_word' id='word_1_79' title='bbox 814 695 959 743; x_wconf 90' lang='lat' dir='ltr'>quem</span> <span class='ocrx_word' id='word_1_80' title='bbox 978 678 1156 742; x_wconf 88' lang='lat' dir='ltr'>ubique</span> <span class='ocrx_word' id='word_1_81' title='bbox 1178 693 1278 724; x_wconf 93' lang='lat' dir='ltr'>esse</span> <span class='ocrx_word' id='word_1_82' title='bbox 1301 674 1575 741; x_wconf 87' lang='lat' dir='ltr'>profitetur,</span> <span class='ocrx_word' id='word_1_83' title='bbox 1613 672 1740 719; x_wconf 88' lang='lat' dir='ltr'>idem</span> <span class='ocrx_word' id='word_1_84' title='bbox 1774 688 1873 719; x_wconf 92' lang='lat' dir='ltr'>esse</span> <span class='ocrx_word' id='word_1_85' title='bbox 1903 689 2015 719; x_wconf 91' lang='lat' dir='ltr'>cum</span> <span class='ocrx_word' id='word_1_86' title='bbox 2049 672 2154 736; x_wconf 91' lang='lat' dir='ltr'>ipso</span> <span class='ocrx_word' id='word_1_87' title='bbox 2177 672 2277 718; x_wconf 92' lang='lat' dir='ltr'>Deo</span> <span class='ocrx_word' id='word_1_88' title='bbox 2316 667 2380 716; x_wconf 90' lang='lat' dir='ltr'>ad</span> 
     </span>
     <span class='ocr_line' id='line_1_8' title="bbox 256 750 2379 825; baseline -0.006 -17"><span class='ocrx_word' id='word_1_89' title='bbox 256 777 400 825; x_wconf 90' lang='lat' dir='ltr'>quem</span> <span class='ocrx_word' id='word_1_90' title='bbox 420 760 632 823; x_wconf 89' lang='lat' dir='ltr'>loquitur</span> <span class='ocrx_word' id='word_1_91' title='bbox 650 795 663 819; x_wconf 89' lang='lat'>,</span> <span class='ocrx_word' id='word_1_92' title='bbox 689 759 918 818; x_wconf 80' lang='lat' dir='ltr'>insinuet3</span> <span class='ocrx_word' id='word_1_93' title='bbox 945 775 1031 823; x_wconf 88' lang='lat' dir='ltr'>per</span> <span class='ocrx_word' id='word_1_94' title='bbox 1052 757 1147 804; x_wconf 92' lang='lat' dir='ltr'>hoc</span> <span class='ocrx_word' id='word_1_95' title='bbox 1166 765 1383 821; x_wconf 86' lang='lat' dir='ltr'>patenter</span> <span class='ocrx_word' id='word_1_96' title='bbox 1405 753 1614 802; x_wconf 85' lang='lat' dir='ltr'>ostendit</span> <span class='ocrx_word' id='word_1_97' title='bbox 1634 751 1764 817; x_wconf 91' lang='lat' dir='ltr'>quod</span> <span class='ocrx_word' id='word_1_98' title='bbox 1789 753 1946 799; x_wconf 90' lang='lat' dir='ltr'>statim</span> <span class='ocrx_word' id='word_1_99' title='bbox 1974 751 2192 816; x_wconf 82' lang='lat' dir='ltr'>spiritum</span> <span class='ocrx_word' id='word_1_100' title='bbox 2223 750 2379 814; x_wconf 92' lang='lat' dir='ltr'>ipsum</span> 
     </span>
     <span class='ocr_line' id='line_1_9' title="bbox 257 828 2379 903; baseline -0.005 -17"><span class='ocrx_word' id='word_1_101' title='bbox 257 838 433 903; x_wconf 90' lang='lat' dir='ltr'>ubique</span> <span class='ocrx_word' id='word_1_102' title='bbox 457 854 557 886; x_wconf 92' lang='lat' dir='ltr'>esse</span> <span class='ocrx_word' id='word_1_103' title='bbox 577 839 780 902; x_wconf 84' lang='lat' dir='ltr'>assignat</span> <span class='ocrx_word' id='word_1_104' title='bbox 800 854 887 903; x_wconf 90' lang='lat' dir='ltr'>per</span> <span class='ocrx_word' id='word_1_105' title='bbox 919 838 1077 903; x_wconf 90' lang='lat' dir='ltr'>ipsum</span> <span class='ocrx_word' id='word_1_106' title='bbox 1108 839 1264 883; x_wconf 91' lang='lat' dir='ltr'>Deum</span> <span class='ocrx_word' id='word_1_107' title='bbox 1296 851 1441 899; x_wconf 90' lang='lat' dir='ltr'>quem</span> <span class='ocrx_word' id='word_1_108' title='bbox 1471 833 1651 896; x_wconf 90' lang='lat' dir='ltr'>ubique</span> <span class='ocrx_word' id='word_1_109' title='bbox 1671 847 1769 879; x_wconf 90' lang='lat' dir='ltr'>esse</span> <span class='ocrx_word' id='word_1_110' title='bbox 1795 831 1986 892; x_wconf 84' lang='lat' dir='ltr'>astruit,</span> <span class='ocrx_word' id='word_1_111' title='bbox 2013 830 2202 880; x_wconf 80' lang='lat' dir='ltr'>dicens⁵</span> <span class='ocrx_word' id='word_1_112' title='bbox 2227 847 2239 874; x_wconf 77' lang='lat' dir='ltr'><em>z</em></span> <span class='ocrx_word' id='word_1_113' title='bbox 2269 847 2293 873; x_wconf 91' lang='lat'>«</span> <span class='ocrx_word' id='word_1_114' title='bbox 2331 828 2379 875; x_wconf 89' lang='lat' dir='ltr'>Si</span> 
     </span>
     <span class='ocr_line' id='line_1_10' title="bbox 258 909 2381 978; baseline -0.004 -13"><span class='ocrx_word' id='word_1_115' title='bbox 258 917 517 966; x_wconf 82' lang='lat' dir='ltr'>ascendero</span> <span class='ocrx_word' id='word_1_116' title='bbox 537 918 583 964; x_wconf 87' lang='lat' dir='ltr'>in</span> <span class='ocrx_word' id='word_1_117' title='bbox 604 917 795 975; x_wconf 88' lang='lat' dir='ltr'>coelum,</span> <span class='ocrx_word' id='word_1_118' title='bbox 822 927 875 964; x_wconf 91' lang='lat' dir='ltr'>tu</span> <span class='ocrx_word' id='word_1_119' title='bbox 894 917 989 965; x_wconf 91' lang='lat' dir='ltr'>illic</span> <span class='ocrx_word' id='word_1_120' title='bbox 1013 933 1087 975; x_wconf 84' lang='lat' dir='ltr'>eS‚</span> <span class='ocrx_word' id='word_1_121' title='bbox 1109 926 1198 963; x_wconf 88' lang='lat' dir='ltr'>etc.</span> <span class='ocrx_word' id='word_1_122' title='bbox 1229 934 1254 960; x_wconf 87' lang='lat'>»</span> <span class='ocrx_word' id='word_1_123' title='bbox 1278 913 1439 978; x_wconf 23' lang='lat' dir='ltr'>Sed-et</span> <span class='ocrx_word' id='word_1_124' title='bbox 1460 929 1572 960; x_wconf 89' lang='lat' dir='ltr'>cum</span> <span class='ocrx_word' id='word_1_125' title='bbox 1591 911 1774 959; x_wconf 82' lang='lat' dir='ltr'>Veritas</span> <span class='ocrx_word' id='word_1_126' title='bbox 1805 910 1907 975; x_wconf 90' lang='lat' dir='ltr'>ipsa</span> <span class='ocrx_word' id='word_1_127' title='bbox 1930 909 2174 975; x_wconf 84' lang='lat' dir='ltr'>perhibet,</span> <span class='ocrx_word' id='word_1_128' title='bbox 2211 924 2381 974; x_wconf 88' lang='lat' dir='ltr'>pecca-</span> 
     </span>
     <span class='ocr_line' id='line_1_11' title="bbox 259 988 2381 1062; baseline -0.005 -17"><span class='ocrx_word' id='word_1_129' title='bbox 259 1007 362 1044; x_wconf 88' lang='lat' dir='ltr'>tum</span> <span class='ocrx_word' id='word_1_130' title='bbox 389 998 438 1044; x_wconf 91' lang='lat' dir='ltr'>in</span> <span class='ocrx_word' id='word_1_131' title='bbox 469 998 696 1062; x_wconf 89' lang='lat' dir='ltr'>Spiritum</span> <span class='ocrx_word' id='word_1_132' title='bbox 725 1013 825 1044; x_wconf 90' lang='lat' dir='ltr'>non</span> <span class='ocrx_word' id='word_1_133' title='bbox 857 1013 957 1044; x_wconf 90' lang='lat' dir='ltr'>esse</span> <span class='ocrx_word' id='word_1_134' title='bbox 986 995 1300 1056; x_wconf 78' lang='lat' dir='ltr'>remissibile⁶,</span> <span class='ocrx_word' id='word_1_135' title='bbox 1332 1010 1442 1041; x_wconf 87' lang='lat' dir='ltr'>cum</span> <span class='ocrx_word' id='word_1_136' title='bbox 1463 1001 1715 1058; x_wconf 87' lang='lat' dir='ltr'>peccatum</span> <span class='ocrx_word' id='word_1_137' title='bbox 1740 990 1789 1037; x_wconf 92' lang='lat' dir='ltr'>in</span> <span class='ocrx_word' id='word_1_138' title='bbox 1816 992 2002 1037; x_wconf 89' lang='lat' dir='ltr'>Patrem</span> <span class='ocrx_word' id='word_1_139' title='bbox 2028 989 2104 1037; x_wconf 85' lang='lat' dir='ltr'>vel</span> <span class='ocrx_word' id='word_1_140' title='bbox 2131 989 2181 1035; x_wconf 91' lang='lat' dir='ltr'>in</span> <span class='ocrx_word' id='word_1_141' title='bbox 2211 988 2381 1035; x_wconf 91' lang='lat' dir='ltr'>Filium</span> 
     </span>
     <span class='ocr_line' id='line_1_12' title="bbox 259 1069 2384 1140; baseline -0.004 -17"><span class='ocrx_word' id='word_1_142' title='bbox 259 1075 535 1123; x_wconf 81' lang='lat' dir='ltr'>remissibile</span> <span class='ocrx_word' id='word_1_143' title='bbox 573 1076 727 1137; x_wconf 86' lang='lat' dir='ltr'>dicat,</span> <span class='ocrx_word' id='word_1_144' title='bbox 758 1076 835 1123; x_wconf 88' lang='lat' dir='ltr'>cui</span> <span class='ocrx_word' id='word_1_145' title='bbox 871 1085 1031 1140; x_wconf 86' lang='lat' dir='ltr'>aperte</span> <span class='ocrx_word' id='word_1_146' title='bbox 1066 1091 1166 1121; x_wconf 90' lang='lat' dir='ltr'>non</span> <span class='ocrx_word' id='word_1_147' title='bbox 1194 1074 1402 1121; x_wconf 87' lang='lat' dir='ltr'>insinuet</span> <span class='ocrx_word' id='word_1_148' title='bbox 1431 1072 1661 1137; x_wconf 88' lang='lat' dir='ltr'>Spiritum</span> <span class='ocrx_word' id='word_1_149' title='bbox 1688 1070 1847 1135; x_wconf 87' lang='lat' dir='ltr'>ipsum</span> <span class='ocrx_word' id='word_1_150' title='bbox 1876 1086 1975 1116; x_wconf 91' lang='lat' dir='ltr'>non</span> <span class='ocrx_word' id='word_1_151' title='bbox 2009 1069 2246 1115; x_wconf 84' lang='lat' dir='ltr'>minorem</span> <span class='ocrx_word' id='word_1_152' title='bbox 2282 1083 2384 1115; x_wconf 87' lang='lat' dir='ltr'>esse</span> 
     </span>
     <span class='ocr_line' id='line_1_13' title="bbox 260 1148 2385 1219; baseline -0.003 -19"><span class='ocrx_word' id='word_1_153' title='bbox 260 1158 396 1202; x_wconf 87' lang='lat' dir='ltr'>Patre</span> <span class='ocrx_word' id='word_1_154' title='bbox 429 1154 505 1202; x_wconf 81' lang='lat' dir='ltr'>vel</span> <span class='ocrx_word' id='word_1_155' title='bbox 541 1154 684 1216; x_wconf 91' lang='lat' dir='ltr'>Filio,</span> <span class='ocrx_word' id='word_1_156' title='bbox 726 1164 774 1202; x_wconf 91' lang='lat' dir='ltr'>et</span> <span class='ocrx_word' id='word_1_157' title='bbox 809 1171 896 1219; x_wconf 79' lang='lat' dir='ltr'>per</span> <span class='ocrx_word' id='word_1_158' title='bbox 931 1154 1027 1201; x_wconf 88' lang='lat' dir='ltr'>hoc</span> <span class='ocrx_word' id='word_1_159' title='bbox 1062 1154 1204 1201; x_wconf 90' lang='lat' dir='ltr'>etiam</span> <span class='ocrx_word' id='word_1_160' title='bbox 1237 1154 1395 1219; x_wconf 93' lang='lat' dir='ltr'>ipsum</span> <span class='ocrx_word' id='word_1_161' title='bbox 1431 1156 1585 1199; x_wconf 92' lang='lat' dir='ltr'>Deum</span> <span class='ocrx_word' id='word_1_162' title='bbox 1614 1150 1811 1216; x_wconf 90' lang='lat' dir='ltr'>plenum</span> <span class='ocrx_word' id='word_1_163' title='bbox 1846 1166 1946 1197; x_wconf 92' lang='lat' dir='ltr'>esse</span> <span class='ocrx_word' id='word_1_164' title='bbox 1982 1148 2100 1196; x_wconf 90' lang='lat' dir='ltr'>sicut</span> <span class='ocrx_word' id='word_1_165' title='bbox 2138 1159 2209 1196; x_wconf 91' lang='lat' dir='ltr'>est</span> <span class='ocrx_word' id='word_1_166' title='bbox 2246 1150 2385 1195; x_wconf 84' lang='lat' dir='ltr'>Pater</span> 
     </span>
     <span class='ocr_line' id='line_1_14' title="bbox 260 1228 2383 1299; baseline -0.003 -19"><span class='ocrx_word' id='word_1_167' title='bbox 260 1234 358 1298; x_wconf 90' lang='lat' dir='ltr'>ipse</span> <span class='ocrx_word' id='word_1_168' title='bbox 382 1236 457 1281; x_wconf 88' lang='lat' dir='ltr'>vel</span> <span class='ocrx_word' id='word_1_169' title='bbox 480 1234 653 1281; x_wconf 81' lang='lat' dir='ltr'>Filius?</span> <span class='ocrx_word' id='word_1_170' title='bbox 681 1235 849 1298; x_wconf 90' lang='lat' dir='ltr'>Liquet</span> <span class='ocrx_word' id='word_1_171' title='bbox 885 1234 1044 1299; x_wconf 91' lang='lat' dir='ltr'>itaque</span> <span class='ocrx_word' id='word_1_172' title='bbox 1075 1251 1131 1281; x_wconf 87' lang='lat' dir='ltr'>ex</span> <span class='ocrx_word' id='word_1_173' title='bbox 1160 1233 1471 1299; x_wconf 88' lang='lat' dir='ltr'>suprapositis</span> <span class='ocrx_word' id='word_1_174' title='bbox 1498 1242 1597 1280; x_wconf 88' lang='lat' dir='ltr'>tam</span> <span class='ocrx_word' id='word_1_175' title='bbox 1618 1229 1831 1278; x_wconf 88' lang='lat' dir='ltr'>Verbum</span> <span class='ocrx_word' id='word_1_176' title='bbox 1856 1230 1943 1277; x_wconf 91' lang='lat' dir='ltr'>Dei</span> <span class='ocrx_word' id='word_1_177' title='bbox 1973 1245 2117 1293; x_wconf 91' lang='lat' dir='ltr'>quam</span> <span class='ocrx_word' id='word_1_178' title='bbox 2155 1228 2383 1293; x_wconf 88' lang='lat' dir='ltr'>Spiritum</span> 
     </span>
     <span class='ocr_line' id='line_1_15' title="bbox 257 1308 2382 1378; baseline -0.002 -18"><span class='ocrx_word' id='word_1_179' title='bbox 257 1313 383 1376; x_wconf 76' lang='lat' dir='ltr'>eJUS,</span> <span class='ocrx_word' id='word_1_180' title='bbox 410 1317 564 1360; x_wconf 91' lang='lat' dir='ltr'>Deum</span> <span class='ocrx_word' id='word_1_181' title='bbox 596 1330 723 1374; x_wconf 88' lang='lat' dir='ltr'>esse;</span> <span class='ocrx_word' id='word_1_182' title='bbox 757 1314 876 1361; x_wconf 88' lang='lat' dir='ltr'>sicut</span> <span class='ocrx_word' id='word_1_183' title='bbox 898 1323 945 1360; x_wconf 88' lang='lat' dir='ltr'>et</span> <span class='ocrx_word' id='word_1_184' title='bbox 972 1315 1072 1378; x_wconf 92' lang='lat' dir='ltr'>ipse</span> <span class='ocrx_word' id='word_1_185' title='bbox 1100 1313 1234 1376; x_wconf 86' lang='lat' dir='ltr'>cujus</span> <span class='ocrx_word' id='word_1_186' title='bbox 1263 1322 1332 1360; x_wconf 89' lang='lat' dir='ltr'>est</span> <span class='ocrx_word' id='word_1_187' title='bbox 1346 1312 1552 1360; x_wconf 80' lang='lat' dir='ltr'>&#39;verbum</span> <span class='ocrx_word' id='word_1_188' title='bbox 1577 1311 1653 1359; x_wconf 83' lang='lat' dir='ltr'>vel</span> <span class='ocrx_word' id='word_1_189' title='bbox 1685 1311 1892 1377; x_wconf 90' lang='lat' dir='ltr'>spiritus.</span> <span class='ocrx_word' id='word_1_190' title='bbox 1929 1309 2197 1372; x_wconf 75' lang='lat' dir='ltr'>intelligant</span> <span class='ocrx_word' id='word_1_191' title='bbox 2218 1308 2382 1372; x_wconf 83' lang='lat' dir='ltr'>igitur,</span> 
     </span>
     <span class='ocr_line' id='line_1_16' title="bbox 255 1388 2379 1460; baseline -0.002 -21"><span class='ocrx_word' id='word_1_192' title='bbox 255 1402 306 1439; x_wconf 91' lang='lat' dir='ltr'>ut</span> <span class='ocrx_word' id='word_1_193' title='bbox 323 1393 505 1440; x_wconf 91' lang='lat' dir='ltr'>dictum</span> <span class='ocrx_word' id='word_1_194' title='bbox 523 1402 610 1452; x_wconf 90' lang='lat' dir='ltr'>est,</span> <span class='ocrx_word' id='word_1_195' title='bbox 635 1392 730 1439; x_wconf 93' lang='lat' dir='ltr'>hoc</span> <span class='ocrx_word' id='word_1_196' title='bbox 752 1391 966 1439; x_wconf 84' lang='lat' dir='ltr'>Verbum</span> <span class='ocrx_word' id='word_1_197' title='bbox 987 1395 1167 1453; x_wconf 91' lang='lat' dir='ltr'>Deum,</span> <span class='ocrx_word' id='word_1_198' title='bbox 1188 1392 1239 1439; x_wconf 89' lang='lat' dir='ltr'>id</span> <span class='ocrx_word' id='word_1_199' title='bbox 1261 1402 1330 1440; x_wconf 93' lang='lat' dir='ltr'>est</span> <span class='ocrx_word' id='word_1_200' title='bbox 1351 1392 1521 1439; x_wconf 90' lang='lat' dir='ltr'>Filium</span> <span class='ocrx_word' id='word_1_201' title='bbox 1543 1392 1632 1438; x_wconf 88' lang='lat' dir='ltr'>Dei</span> <span class='ocrx_word' id='word_1_202' title='bbox 1650 1427 1662 1451; x_wconf 90' lang='lat'>,</span> <span class='ocrx_word' id='word_1_203' title='bbox 1690 1408 1789 1460; x_wconf 83' lang='lat' dir='ltr'>non</span> <span class='ocrx_word' id='word_1_204' title='bbox 1814 1390 2139 1438; x_wconf 87' lang='lat' dir='ltr'>transitorium</span> <span class='ocrx_word' id='word_1_205' title='bbox 2159 1388 2379 1448; x_wconf 82' lang='lat' dir='ltr'>verbum,</span> 
     </span>
     <span class='ocr_line' id='line_1_17' title="bbox 257 1471 2384 1537; baseline -0.001 -19"><span class='ocrx_word' id='word_1_206' title='bbox 257 1488 354 1519; x_wconf 93' lang='lat' dir='ltr'>non</span> <span class='ocrx_word' id='word_1_207' title='bbox 384 1471 592 1520; x_wconf 87' lang='lat' dir='ltr'>audibile</span> <span class='ocrx_word' id='word_1_208' title='bbox 606 1509 618 1532; x_wconf 93' lang='lat'>,</span> <span class='ocrx_word' id='word_1_209' title='bbox 644 1471 730 1520; x_wconf 90' lang='lat' dir='ltr'>sed</span> <span class='ocrx_word' id='word_1_210' title='bbox 756 1471 1094 1530; x_wconf 84' lang='lat' dir='ltr'>intellectuale,</span> <span class='ocrx_word' id='word_1_211' title='bbox 1121 1472 1217 1519; x_wconf 92' lang='lat' dir='ltr'>hoc</span> <span class='ocrx_word' id='word_1_212' title='bbox 1240 1482 1310 1519; x_wconf 88' lang='lat' dir='ltr'>est</span> <span class='ocrx_word' id='word_1_213' title='bbox 1335 1473 1489 1536; x_wconf 89' lang='lat' dir='ltr'>ipsam</span> <span class='ocrx_word' id='word_1_214' title='bbox 1511 1472 1749 1519; x_wconf 87' lang='lat' dir='ltr'>rationem</span> <span class='ocrx_word' id='word_1_215' title='bbox 1769 1472 1867 1519; x_wconf 91' lang='lat' dir='ltr'>sive</span> <span class='ocrx_word' id='word_1_216' title='bbox 1885 1471 2167 1537; x_wconf 87' lang='lat' dir='ltr'>sapientiam</span> <span class='ocrx_word' id='word_1_217' title='bbox 2186 1479 2384 1518; x_wconf 81' lang='lat' dir='ltr'>coaeter-</span> 
     </span>
     <span class='ocr_line' id='line_1_18' title="bbox 256 1549 2380 1617; baseline -0.001 -19"><span class='ocrx_word' id='word_1_218' title='bbox 256 1568 366 1599; x_wconf 90' lang='lat' dir='ltr'>nam</span> <span class='ocrx_word' id='word_1_219' title='bbox 387 1554 513 1611; x_wconf 91' lang='lat' dir='ltr'>Deo,</span> <span class='ocrx_word' id='word_1_220' title='bbox 541 1567 685 1616; x_wconf 91' lang='lat' dir='ltr'>quam</span> <span class='ocrx_word' id='word_1_221' title='bbox 705 1551 798 1598; x_wconf 90' lang='lat' dir='ltr'>dici</span> <span class='ocrx_word' id='word_1_222' title='bbox 820 1552 1045 1598; x_wconf 86' lang='lat' dir='ltr'>convenit</span> <span class='ocrx_word' id='word_1_223' title='bbox 1068 1552 1486 1617; x_wconf 85' lang='lat' dir='ltr'>omnisapientiam</span> <span class='ocrx_word' id='word_1_224' title='bbox 1510 1552 1631 1598; x_wconf 88' lang='lat' dir='ltr'>sicut</span> <span class='ocrx_word' id='word_1_225' title='bbox 1659 1561 1707 1598; x_wconf 90' lang='lat' dir='ltr'>et</span> <span class='ocrx_word' id='word_1_226' title='bbox 1729 1550 1935 1598; x_wconf 87' lang='lat' dir='ltr'>dicimus</span> <span class='ocrx_word' id='word_1_227' title='bbox 1955 1549 2380 1615; x_wconf 87' lang='lat' dir='ltr'>omnipotentiam,</span> 
     </span>
     <span class='ocr_line' id='line_1_19' title="bbox 257 1628 2387 1696; baseline -0.001 -19"><span class='ocrx_word' id='word_1_228' title='bbox 257 1630 386 1678; x_wconf 91' lang='lat' dir='ltr'>unde</span> <span class='ocrx_word' id='word_1_229' title='bbox 415 1640 464 1678; x_wconf 87' lang='lat' dir='ltr'>et</span> <span class='ocrx_word' id='word_1_230' title='bbox 492 1631 718 1695; x_wconf 84' lang='lat' dir='ltr'>scriptum</span> <span class='ocrx_word' id='word_1_231' title='bbox 751 1633 847 1678; x_wconf 83' lang='lat' dir='ltr'>est⁷</span> <span class='ocrx_word' id='word_1_232' title='bbox 874 1649 885 1677; x_wconf 74' lang='grc' dir='ltr'><strong><em>ε</em></strong></span> <span class='ocrx_word' id='word_1_233' title='bbox 920 1651 942 1674; x_wconf 87' lang='lat'>«</span> <span class='ocrx_word' id='word_1_234' title='bbox 970 1632 1140 1678; x_wconf 91' lang='lat' dir='ltr'>Omnis</span> <span class='ocrx_word' id='word_1_235' title='bbox 1169 1632 1401 1696; x_wconf 84' lang='lat' dir='ltr'>sapientia</span> <span class='ocrx_word' id='word_1_236' title='bbox 1431 1647 1457 1677; x_wconf 92' lang='lat' dir='ltr'>a</span> <span class='ocrx_word' id='word_1_237' title='bbox 1481 1631 1692 1678; x_wconf 92' lang='lat' dir='ltr'>Domino</span> <span class='ocrx_word' id='word_1_238' title='bbox 1727 1633 1830 1678; x_wconf 88' lang='lat' dir='ltr'>Deo</span> <span class='ocrx_word' id='word_1_239' title='bbox 1863 1640 1956 1690; x_wconf 89' lang='lat' dir='ltr'>est,</span> <span class='ocrx_word' id='word_1_240' title='bbox 1983 1640 2030 1677; x_wconf 92' lang='lat' dir='ltr'>et</span> <span class='ocrx_word' id='word_1_241' title='bbox 2053 1646 2164 1679; x_wconf 89' lang='lat' dir='ltr'>cum</span> <span class='ocrx_word' id='word_1_242' title='bbox 2187 1629 2271 1676; x_wconf 92' lang='lat' dir='ltr'>illo</span> <span class='ocrx_word' id='word_1_243' title='bbox 2299 1628 2387 1677; x_wconf 88' lang='lat' dir='ltr'>fuit</span> 
     </span>
     <span class='ocr_line' id='line_1_20' title="bbox 257 1709 2386 1774; baseline 0 -18"><span class='ocrx_word' id='word_1_244' title='bbox 257 1726 461 1774; x_wconf 88' lang='lat' dir='ltr'>semper,</span> <span class='ocrx_word' id='word_1_245' title='bbox 498 1720 546 1757; x_wconf 89' lang='lat' dir='ltr'>et</span> <span class='ocrx_word' id='word_1_246' title='bbox 571 1720 642 1757; x_wconf 92' lang='lat' dir='ltr'>est</span> <span class='ocrx_word' id='word_1_247' title='bbox 669 1720 778 1757; x_wconf 88' lang='lat' dir='ltr'>ante</span> <span class='ocrx_word' id='word_1_248' title='bbox 811 1727 983 1762; x_wconf 89' lang='lat' dir='ltr'>aevum.</span> <span class='ocrx_word' id='word_1_249' title='bbox 1014 1732 1037 1754; x_wconf 87' lang='lat'><strong><em>»</em></strong></span> <span class='ocrx_word' id='word_1_250' title='bbox 1072 1712 1165 1768; x_wconf 87' lang='lat' dir='ltr'>Qui</span> <span class='ocrx_word' id='word_1_251' title='bbox 1196 1711 1340 1758; x_wconf 88' lang='lat' dir='ltr'>etiam</span> <span class='ocrx_word' id='word_1_252' title='bbox 1370 1711 1420 1757; x_wconf 93' lang='lat' dir='ltr'>in</span> <span class='ocrx_word' id='word_1_253' title='bbox 1457 1710 1581 1757; x_wconf 88' lang='lat' dir='ltr'>libro</span> <span class='ocrx_word' id='word_1_254' title='bbox 1612 1712 1869 1774; x_wconf 60' lang='lat' dir='ltr'>Sapientiae</span> <span class='ocrx_word' id='word_1_255' title='bbox 1897 1727 2035 1757; x_wconf 86' lang='lat' dir='ltr'>verus</span> <span class='ocrx_word' id='word_1_256' title='bbox 2064 1710 2153 1757; x_wconf 93' lang='lat' dir='ltr'>Dei</span> <span class='ocrx_word' id='word_1_257' title='bbox 2186 1709 2309 1756; x_wconf 85' lang='lat' dir='ltr'>filius</span> <span class='ocrx_word' id='word_1_258' title='bbox 2340 1719 2386 1756; x_wconf 91' lang='lat' dir='ltr'>et</span> 
     </span>
     <span class='ocr_line' id='line_1_21' title="bbox 258 1788 2380 1854; baseline -0 -18"><span class='ocrx_word' id='word_1_259' title='bbox 258 1789 673 1836; x_wconf 88' lang='lat' dir='ltr'>consubstantialis</span> <span class='ocrx_word' id='word_1_260' title='bbox 709 1799 1032 1851; x_wconf 87' lang='lat' dir='ltr'>monstratur,</span> <span class='ocrx_word' id='word_1_261' title='bbox 1069 1790 1130 1838; x_wconf 90' lang='lat' dir='ltr'>ad</span> <span class='ocrx_word' id='word_1_262' title='bbox 1173 1790 1494 1838; x_wconf 80' lang='lat' dir='ltr'>differentiam</span> <span class='ocrx_word' id='word_1_263' title='bbox 1529 1789 1709 1837; x_wconf 88' lang='lat' dir='ltr'>scilicet</span> <span class='ocrx_word' id='word_1_264' title='bbox 1753 1789 2093 1854; x_wconf 89' lang='lat' dir='ltr'>adoptivorum</span> <span class='ocrx_word' id='word_1_265' title='bbox 2139 1788 2380 1850; x_wconf 87' lang='lat' dir='ltr'>filiorum,</span> 
     </span>
     <span class='ocr_line' id='line_1_22' title="bbox 259 1867 2387 1934; baseline 0 -18"><span class='ocrx_word' id='word_1_266' title='bbox 259 1867 320 1916; x_wconf 92' lang='lat' dir='ltr'>de</span> <span class='ocrx_word' id='word_1_267' title='bbox 356 1868 530 1933; x_wconf 89' lang='lat' dir='ltr'>quibus</span> <span class='ocrx_word' id='word_1_268' title='bbox 565 1885 650 1933; x_wconf 87' lang='lat' dir='ltr'>per</span> <span class='ocrx_word' id='word_1_269' title='bbox 682 1869 1065 1933; x_wconf 81' lang='lat' dir='ltr'>praedicationem</span> <span class='ocrx_word' id='word_1_270' title='bbox 1100 1869 1201 1933; x_wconf 90' lang='lat' dir='ltr'>ejus</span> <span class='ocrx_word' id='word_1_271' title='bbox 1231 1872 1335 1917; x_wconf 90' lang='lat' dir='ltr'>Deo</span> <span class='ocrx_word' id='word_1_272' title='bbox 1368 1870 1608 1934; x_wconf 87' lang='lat' dir='ltr'>acquisitis</span> <span class='ocrx_word' id='word_1_273' title='bbox 1643 1869 1881 1934; x_wconf 87' lang='lat' dir='ltr'>scriptum</span> <span class='ocrx_word' id='word_1_274' title='bbox 1907 1869 2038 1916; x_wconf 76' lang='lat' dir='ltr'>est⁸z</span> <span class='ocrx_word' id='word_1_275' title='bbox 2072 1889 2101 1917; x_wconf 69' lang='grc' dir='ltr'>(ι,</span> <span class='ocrx_word' id='word_1_276' title='bbox 2135 1871 2387 1933; x_wconf 89' lang='lat' dir='ltr'>Quotquot</span> 
     </span>
     <span class='ocr_line' id='line_1_23' title="bbox 258 1948 2386 2014; baseline 0 -19"><span class='ocrx_word' id='word_1_277' title='bbox 258 1957 417 1995; x_wconf 89' lang='lat' dir='ltr'>autem</span> <span class='ocrx_word' id='word_1_278' title='bbox 452 1958 734 2012; x_wconf 89' lang='lat' dir='ltr'>receperunt</span> <span class='ocrx_word' id='word_1_279' title='bbox 769 1964 906 2009; x_wconf 87' lang='lat' dir='ltr'>eum,</span> <span class='ocrx_word' id='word_1_280' title='bbox 939 1948 1071 1996; x_wconf 89' lang='lat' dir='ltr'>dedit</span> <span class='ocrx_word' id='word_1_281' title='bbox 1111 1949 1176 1996; x_wconf 91' lang='lat' dir='ltr'>eis</span> <span class='ocrx_word' id='word_1_282' title='bbox 1213 1959 1498 2014; x_wconf 89' lang='lat' dir='ltr'>potestatem</span> <span class='ocrx_word' id='word_1_283' title='bbox 1534 1949 1657 1996; x_wconf 87' lang='lat' dir='ltr'>filios</span> <span class='ocrx_word' id='word_1_284' title='bbox 1692 1949 1780 1997; x_wconf 89' lang='lat' dir='ltr'>Dei</span> <span class='ocrx_word' id='word_1_285' title='bbox 1810 1949 1935 2009; x_wconf 88' lang='lat' dir='ltr'>fieri,</span> <span class='ocrx_word' id='word_1_286' title='bbox 1973 1949 2048 1996; x_wconf 88' lang='lat' dir='ltr'>his</span> <span class='ocrx_word' id='word_1_287' title='bbox 2072 1949 2156 2014; x_wconf 89' lang='lat' dir='ltr'>qui</span> <span class='ocrx_word' id='word_1_288' title='bbox 2183 1948 2386 1996; x_wconf 90' lang='lat' dir='ltr'>credunt</span> 
     </span>
     <span class='ocr_line' id='line_1_24' title="bbox 259 2027 2386 2094; baseline 0.001 -21"><span class='ocrx_word' id='word_1_289' title='bbox 259 2028 306 2074; x_wconf 93' lang='lat' dir='ltr'>in</span> <span class='ocrx_word' id='word_1_290' title='bbox 329 2028 525 2076; x_wconf 90' lang='lat' dir='ltr'>nomine</span> <span class='ocrx_word' id='word_1_291' title='bbox 549 2027 666 2091; x_wconf 87' lang='lat' dir='ltr'>ejus.</span> <span class='ocrx_word' id='word_1_292' title='bbox 696 2047 718 2071; x_wconf 75' lang='lat'>2&gt;</span> <span class='ocrx_word' id='word_1_293' title='bbox 753 2028 830 2075; x_wconf 90' lang='lat' dir='ltr'>Sic</span> <span class='ocrx_word' id='word_1_294' title='bbox 858 2028 1036 2093; x_wconf 92' lang='lat' dir='ltr'>quippe</span> <span class='ocrx_word' id='word_1_295' title='bbox 1069 2045 1179 2076; x_wconf 90' lang='lat' dir='ltr'>cum</span> <span class='ocrx_word' id='word_1_296' title='bbox 1210 2029 1312 2092; x_wconf 87' lang='lat' dir='ltr'>ejus</span> <span class='ocrx_word' id='word_1_297' title='bbox 1346 2031 1506 2094; x_wconf 89' lang='lat' dir='ltr'>passio</span> <span class='ocrx_word' id='word_1_298' title='bbox 1537 2030 1583 2075; x_wconf 93' lang='lat' dir='ltr'>in</span> <span class='ocrx_word' id='word_1_299' title='bbox 1615 2030 1863 2093; x_wconf 79' lang='lat' dir='ltr'>Sapientia</span> <span class='ocrx_word' id='word_1_300' title='bbox 1902 2029 2150 2077; x_wconf 79' lang='lat' dir='ltr'>manifeste</span> <span class='ocrx_word' id='word_1_301' title='bbox 2176 2028 2386 2094; x_wconf 90' lang='lat' dir='ltr'>prophe-</span> 
     </span>
     <span class='ocr_line' id='line_1_25' title="bbox 259 2107 2382 2173; baseline 0.001 -20"><span class='ocrx_word' id='word_1_302' title='bbox 259 2116 461 2167; x_wconf 88' lang='lat' dir='ltr'>taretur,</span> <span class='ocrx_word' id='word_1_303' title='bbox 496 2107 621 2154; x_wconf 88' lang='lat' dir='ltr'>inter</span> <span class='ocrx_word' id='word_1_304' title='bbox 654 2116 811 2154; x_wconf 89' lang='lat' dir='ltr'>cetera</span> <span class='ocrx_word' id='word_1_305' title='bbox 850 2107 912 2154; x_wconf 88' lang='lat' dir='ltr'>ab</span> <span class='ocrx_word' id='word_1_306' title='bbox 948 2108 1106 2173; x_wconf 90' lang='lat' dir='ltr'>impiis</span> <span class='ocrx_word' id='word_1_307' title='bbox 1138 2108 1318 2156; x_wconf 89' lang='lat' dir='ltr'>dictum</span> <span class='ocrx_word' id='word_1_308' title='bbox 1353 2110 1451 2155; x_wconf 73' lang='lat' dir='ltr'>est⁹</span> <span class='ocrx_word' id='word_1_309' title='bbox 1479 2127 1489 2155; x_wconf 91' lang='lat'><strong>:</strong></span> <span class='ocrx_word' id='word_1_310' title='bbox 1522 2127 1543 2154; x_wconf 68' lang='lat' dir='ltr'>«x</span> <span class='ocrx_word' id='word_1_311' title='bbox 1578 2109 1626 2154; x_wconf 93' lang='lat' dir='ltr'>Si</span> <span class='ocrx_word' id='word_1_312' title='bbox 1666 2109 1796 2155; x_wconf 90' lang='lat' dir='ltr'>enim</span> <span class='ocrx_word' id='word_1_313' title='bbox 1832 2125 1973 2156; x_wconf 88' lang='lat' dir='ltr'>verus</span> <span class='ocrx_word' id='word_1_314' title='bbox 2005 2109 2094 2157; x_wconf 91' lang='lat' dir='ltr'>Dei</span> <span class='ocrx_word' id='word_1_315' title='bbox 2128 2108 2251 2156; x_wconf 85' lang='lat' dir='ltr'>filius</span> <span class='ocrx_word' id='word_1_316' title='bbox 2286 2118 2382 2169; x_wconf 91' lang='lat' dir='ltr'>est,</span> 
     </span>
     <span class='ocr_line' id='line_1_26' title="bbox 259 2185 2388 2253; baseline 0.001 -21"><span class='ocrx_word' id='word_1_317' title='bbox 259 2186 480 2250; x_wconf 89' lang='lat' dir='ltr'>suscipiet</span> <span class='ocrx_word' id='word_1_318' title='bbox 517 2185 651 2232; x_wconf 92' lang='lat' dir='ltr'>illum</span> <span class='ocrx_word' id='word_1_319' title='bbox 684 2197 730 2233; x_wconf 90' lang='lat' dir='ltr'>et</span> <span class='ocrx_word' id='word_1_320' title='bbox 762 2186 981 2235; x_wconf 77' lang='lat' dir='ltr'>liberabit</span> <span class='ocrx_word' id='word_1_321' title='bbox 1016 2187 1076 2235; x_wconf 88' lang='lat' dir='ltr'>de</span> <span class='ocrx_word' id='word_1_322' title='bbox 1111 2204 1260 2238; x_wconf 87' lang='lat' dir='ltr'>manu</span> <span class='ocrx_word' id='word_1_323' title='bbox 1292 2188 1659 2236; x_wconf 87' lang='lat' dir='ltr'>contrariorum.</span> <span class='ocrx_word' id='word_1_324' title='bbox 1690 2206 1713 2232; x_wconf 86' lang='lat'>»</span> <span class='ocrx_word' id='word_1_325' title='bbox 1750 2191 1884 2235; x_wconf 89' lang='lat' dir='ltr'>Hanc</span> <span class='ocrx_word' id='word_1_326' title='bbox 1911 2198 1959 2235; x_wconf 90' lang='lat' dir='ltr'>et</span> <span class='ocrx_word' id='word_1_327' title='bbox 1991 2198 2153 2253; x_wconf 85' lang='lat' dir='ltr'>aperte</span> <span class='ocrx_word' id='word_1_328' title='bbox 2187 2203 2388 2252; x_wconf 88' lang='lat' dir='ltr'>genera-</span> 
     </span>
     <span class='ocr_line' id='line_1_27' title="bbox 261 2263 2382 2332; baseline 0.002 -22"><span class='ocrx_word' id='word_1_329' title='bbox 261 2264 438 2311; x_wconf 91' lang='lat' dir='ltr'>tionem</span> <span class='ocrx_word' id='word_1_330' title='bbox 464 2263 712 2329; x_wconf 84' lang='lat' dir='ltr'>profitetur</span> <span class='ocrx_word' id='word_1_331' title='bbox 738 2275 900 2313; x_wconf 88' lang='lat' dir='ltr'>sancta</span> <span class='ocrx_word' id='word_1_332' title='bbox 925 2267 1084 2313; x_wconf 90' lang='lat' dir='ltr'>anima</span> <span class='ocrx_word' id='word_1_333' title='bbox 1106 2284 1192 2332; x_wconf 87' lang='lat' dir='ltr'>per</span> <span class='ocrx_word' id='word_1_334' title='bbox 1223 2270 1377 2314; x_wconf 90' lang='lat' dir='ltr'>Deum</span> <span class='ocrx_word' id='word_1_335' title='bbox 1399 2267 1614 2328; x_wconf 86' lang='lat' dir='ltr'>liberata,</span> <span class='ocrx_word' id='word_1_336' title='bbox 1639 2283 1750 2314; x_wconf 90' lang='lat' dir='ltr'>cum</span> <span class='ocrx_word' id='word_1_337' title='bbox 1773 2268 1822 2314; x_wconf 92' lang='lat' dir='ltr'>in</span> <span class='ocrx_word' id='word_1_338' title='bbox 1841 2267 2171 2314; x_wconf 76' lang='lat' dir='ltr'>Ecclesiastico</span> <span class='ocrx_word' id='word_1_339' title='bbox 2194 2267 2309 2315; x_wconf 88' lang='lat' dir='ltr'>dicit</span> <span class='ocrx_word' id='word_1_340' title='bbox 2320 2270 2346 2293; x_wconf 89' lang='lat'>¹⁰</span> <span class='ocrx_word' id='word_1_341' title='bbox 2372 2286 2382 2314; x_wconf 91' lang='lat'><strong>:</strong></span> 
     </span>
     <span class='ocr_line' id='line_1_28' title="bbox 264 2343 2387 2411; baseline 0.004 -26"><span class='ocrx_word' id='word_1_342' title='bbox 264 2362 286 2385; x_wconf 80' lang='grc' dir='ltr'><strong>α</strong></span> <span class='ocrx_word' id='word_1_343' title='bbox 313 2343 534 2392; x_wconf 86' lang='lat' dir='ltr'>Invocavi</span> <span class='ocrx_word' id='word_1_344' title='bbox 559 2345 822 2392; x_wconf 91' lang='lat' dir='ltr'>Dominum</span> <span class='ocrx_word' id='word_1_345' title='bbox 843 2355 1027 2410; x_wconf 80' lang='lat' dir='ltr'>patrem</span> <span class='ocrx_word' id='word_1_346' title='bbox 1051 2347 1249 2394; x_wconf 86' lang='lat' dir='ltr'>Domini</span> <span class='ocrx_word' id='word_1_347' title='bbox 1274 2347 1391 2408; x_wconf 90' lang='lat' dir='ltr'>mei,</span> <span class='ocrx_word' id='word_1_348' title='bbox 1413 2357 1466 2394; x_wconf 92' lang='lat' dir='ltr'>ut</span> <span class='ocrx_word' id='word_1_349' title='bbox 1489 2363 1590 2395; x_wconf 91' lang='lat' dir='ltr'>non</span> <span class='ocrx_word' id='word_1_350' title='bbox 1614 2347 1914 2411; x_wconf 87' lang='lat' dir='ltr'>derelinquat</span> <span class='ocrx_word' id='word_1_351' title='bbox 1943 2363 2021 2394; x_wconf 90' lang='lat' dir='ltr'>me</span> <span class='ocrx_word' id='word_1_352' title='bbox 2045 2347 2092 2394; x_wconf 92' lang='lat' dir='ltr'>in</span> <span class='ocrx_word' id='word_1_353' title='bbox 2117 2346 2194 2394; x_wconf 91' lang='lat' dir='ltr'>die</span> <span class='ocrx_word' id='word_1_354' title='bbox 2227 2346 2387 2394; x_wconf 91' lang='lat' dir='ltr'>tribu-</span> 
     </span>
     <span class='ocr_line' id='line_1_29' title="bbox 262 2421 662 2471; baseline 0.003 -4"><span class='ocrx_word' id='word_1_355' title='bbox 262 2421 449 2470; x_wconf 89' lang='lat' dir='ltr'>lationis</span> <span class='ocrx_word' id='word_1_356' title='bbox 479 2440 610 2471; x_wconf 85' lang='lat' dir='ltr'>meae.</span> <span class='ocrx_word' id='word_1_357' title='bbox 638 2442 662 2468; x_wconf 89' lang='lat'>»</span> 
     </span>
    </p>

    <p class='ocr_par' dir='ltr' id='par_1_3' title="bbox 262 2505 2388 3050">
     <span class='ocr_line' id='line_1_30' title="bbox 326 2505 2387 2574; baseline 0.003 -26"><span class='ocrx_word' id='word_1_358' title='bbox 326 2505 460 2550; x_wconf 90' lang='lat' dir='ltr'>Nunc</span> <span class='ocrx_word' id='word_1_359' title='bbox 494 2513 652 2552; x_wconf 89' lang='lat' dir='ltr'>autem</span> <span class='ocrx_word' id='word_1_360' title='bbox 684 2514 792 2570; x_wconf 91' lang='lat' dir='ltr'>post</span> <span class='ocrx_word' id='word_1_361' title='bbox 832 2507 1105 2555; x_wconf 90' lang='lat' dir='ltr'>testimonia</span> <span class='ocrx_word' id='word_1_362' title='bbox 1146 2509 1496 2574; x_wconf 87' lang='lat' dir='ltr'>Prophetarum</span> <span class='ocrx_word' id='word_1_363' title='bbox 1537 2509 1597 2556; x_wconf 89' lang='lat' dir='ltr'>de</span> <span class='ocrx_word' id='word_1_364' title='bbox 1638 2508 1735 2556; x_wconf 88' lang='lat' dir='ltr'>fide</span> <span class='ocrx_word' id='word_1_365' title='bbox 1766 2518 1940 2556; x_wconf 86' lang='lat' dir='ltr'>sanctae</span> <span class='ocrx_word' id='word_1_366' title='bbox 1973 2509 2232 2570; x_wconf 85' lang='lat' dir='ltr'>Trinitatis,</span> <span class='ocrx_word' id='word_1_367' title='bbox 2272 2507 2387 2555; x_wconf 91' lang='lat' dir='ltr'>libet</span> 
     </span>
     <span class='ocr_line' id='line_1_31' title="bbox 262 2573 2388 2653; baseline 0.004 -28"><span class='ocrx_word' id='word_1_368' title='bbox 262 2573 694 2632; x_wconf 73' lang='lat' dir='ltr'>etiam&#39;testimonia</span> <span class='ocrx_word' id='word_1_369' title='bbox 728 2584 1132 2651; x_wconf 87' lang='lat' dir='ltr'>Philosophorum</span> <span class='ocrx_word' id='word_1_370' title='bbox 1165 2585 1465 2653; x_wconf 68' lang='lat' dir='ltr'>supponere,</span> <span class='ocrx_word' id='word_1_371' title='bbox 1491 2605 1613 2652; x_wconf 93' lang='lat' dir='ltr'>quos</span> <span class='ocrx_word' id='word_1_372' title='bbox 1640 2588 1702 2635; x_wconf 91' lang='lat' dir='ltr'>ad</span> <span class='ocrx_word' id='word_1_373' title='bbox 1735 2590 1875 2636; x_wconf 89' lang='lat' dir='ltr'>unius</span> <span class='ocrx_word' id='word_1_374' title='bbox 1910 2589 1998 2636; x_wconf 94' lang='lat' dir='ltr'>Dei</span> <span class='ocrx_word' id='word_1_375' title='bbox 2029 2587 2388 2652; x_wconf 89' lang='lat' dir='ltr'>intelligentiam</span> 
     </span>
     <span class='ocr_line' id='line_1_32' title="bbox 262 2660 2388 2733; baseline 0.006 -31"><span class='ocrx_word' id='word_1_376' title='bbox 262 2674 372 2704; x_wconf 91' lang='lat' dir='ltr'>cum</span> <span class='ocrx_word' id='word_1_377' title='bbox 396 2660 495 2723; x_wconf 90' lang='lat' dir='ltr'>ipsa</span> <span class='ocrx_word' id='word_1_378' title='bbox 518 2662 830 2726; x_wconf 82' lang='lat' dir='ltr'>philosophiae</span> <span class='ocrx_word' id='word_1_379' title='bbox 854 2666 977 2713; x_wconf 84' lang='lat' dir='ltr'>ratio</span> <span class='ocrx_word' id='word_1_380' title='bbox 1001 2666 1241 2732; x_wconf 87' lang='lat' dir='ltr'>perduxit,</span> <span class='ocrx_word' id='word_1_381' title='bbox 1268 2668 1382 2732; x_wconf 84' lang='lat' dir='ltr'>quia</span> <span class='ocrx_word' id='word_1_382' title='bbox 1396 2668 1530 2732; x_wconf 82' lang='lat' dir='ltr'>juxta</span> <span class='ocrx_word' id='word_1_383' title='bbox 1554 2668 1868 2732; x_wconf 88' lang='lat' dir='ltr'>Apostolum¹¹</span> <span class='ocrx_word' id='word_1_384' title='bbox 1889 2687 1900 2715; x_wconf 74' lang='lat' dir='ltr'><strong><em>z</em></strong></span> <span class='ocrx_word' id='word_1_385' title='bbox 1921 2688 1944 2713; x_wconf 92' lang='lat'>«</span> <span class='ocrx_word' id='word_1_386' title='bbox 1963 2667 2222 2716; x_wconf 86' lang='lat' dir='ltr'>Invisibilia</span> <span class='ocrx_word' id='word_1_387' title='bbox 2241 2667 2388 2733; x_wconf 90' lang='lat' dir='ltr'>ipsius</span> 
     </span>
     <span class='ocr_line' id='line_1_33' title="bbox 263 2737 2386 2813; baseline 0.005 -30"><span class='ocrx_word' id='word_1_388' title='bbox 263 2737 350 2784; x_wconf 92' lang='lat' dir='ltr'>Dei</span> <span class='ocrx_word' id='word_1_389' title='bbox 373 2753 401 2783; x_wconf 89' lang='lat' dir='ltr'>a</span> <span class='ocrx_word' id='word_1_390' title='bbox 423 2749 636 2786; x_wconf 89' lang='lat' dir='ltr'>creatura</span> <span class='ocrx_word' id='word_1_391' title='bbox 669 2743 839 2788; x_wconf 90' lang='lat' dir='ltr'>mundi</span> <span class='ocrx_word' id='word_1_392' title='bbox 870 2761 955 2807; x_wconf 88' lang='lat' dir='ltr'>per</span> <span class='ocrx_word' id='word_1_393' title='bbox 992 2762 1048 2793; x_wconf 86' lang='lat' dir='ltr'>ea</span> <span class='ocrx_word' id='word_1_394' title='bbox 1080 2763 1185 2810; x_wconf 81' lang='lat' dir='ltr'>quae</span> <span class='ocrx_word' id='word_1_395' title='bbox 1219 2747 1341 2795; x_wconf 85' lang='lat' dir='ltr'>facta</span> <span class='ocrx_word' id='word_1_396' title='bbox 1374 2758 1510 2807; x_wconf 91' lang='lat' dir='ltr'>sunt,</span> <span class='ocrx_word' id='word_1_397' title='bbox 1551 2747 1789 2795; x_wconf 80' lang='lat' dir='ltr'>intellecta</span> <span class='ocrx_word' id='word_1_398' title='bbox 1822 2748 2207 2813; x_wconf 88' lang='lat' dir='ltr'>conspiciuntur,</span> <span class='ocrx_word' id='word_1_399' title='bbox 2237 2767 2261 2792; x_wconf 86' lang='lat'>»</span> <span class='ocrx_word' id='word_1_400' title='bbox 2285 2757 2386 2794; x_wconf 90' lang='lat' dir='ltr'>tum</span> 
     </span>
     <span class='ocr_line' id='line_1_34' title="bbox 262 2815 2383 2892; baseline 0.006 -32"><span class='ocrx_word' id='word_1_401' title='bbox 262 2815 406 2862; x_wconf 87' lang='lat' dir='ltr'>etiam</span> <span class='ocrx_word' id='word_1_402' title='bbox 426 2817 526 2880; x_wconf 89' lang='lat' dir='ltr'>ipsa</span> <span class='ocrx_word' id='word_1_403' title='bbox 544 2819 961 2869; x_wconf 80' lang='lat' dir='ltr'>continentissimae</span> <span class='ocrx_word' id='word_1_404' title='bbox 977 2823 1082 2871; x_wconf 87' lang='lat' dir='ltr'>vitae</span> <span class='ocrx_word' id='word_1_405' title='bbox 1104 2825 1334 2874; x_wconf 83' lang='lat' dir='ltr'>sobrietas</span> <span class='ocrx_word' id='word_1_406' title='bbox 1346 2861 1358 2885; x_wconf 89' lang='lat'><strong><em>‚</em></strong></span> <span class='ocrx_word' id='word_1_407' title='bbox 1387 2826 1600 2891; x_wconf 88' lang='lat' dir='ltr'>quodam</span> <span class='ocrx_word' id='word_1_408' title='bbox 1616 2828 1683 2874; x_wconf 89' lang='lat' dir='ltr'>eis</span> <span class='ocrx_word' id='word_1_409' title='bbox 1702 2827 1871 2874; x_wconf 89' lang='lat' dir='ltr'>merito</span> <span class='ocrx_word' id='word_1_410' title='bbox 1895 2827 2104 2892; x_wconf 89' lang='lat' dir='ltr'>idipsum</span> <span class='ocrx_word' id='word_1_411' title='bbox 2120 2826 2383 2891; x_wconf 87' lang='lat' dir='ltr'>acquisivit.</span> 
     </span>
     <span class='ocr_line' id='line_1_35' title="bbox 263 2895 2388 2973; baseline 0.006 -34"><span class='ocrx_word' id='word_1_412' title='bbox 263 2895 528 2958; x_wconf 89' lang='lat' dir='ltr'>Oportebat</span> <span class='ocrx_word' id='word_1_413' title='bbox 548 2898 725 2962; x_wconf 91' lang='lat' dir='ltr'>quippe</span> <span class='ocrx_word' id='word_1_414' title='bbox 750 2908 864 2948; x_wconf 85' lang='lat' dir='ltr'>tunc</span> <span class='ocrx_word' id='word_1_415' title='bbox 888 2902 1055 2962; x_wconf 87' lang='lat' dir='ltr'>etiam,</span> <span class='ocrx_word' id='word_1_416' title='bbox 1098 2913 1152 2951; x_wconf 88' lang='lat' dir='ltr'>ut</span> <span class='ocrx_word' id='word_1_417' title='bbox 1186 2906 1237 2951; x_wconf 93' lang='lat' dir='ltr'>in</span> <span class='ocrx_word' id='word_1_418' title='bbox 1268 2906 1382 2970; x_wconf 89' lang='lat' dir='ltr'>ipsis</span> <span class='ocrx_word' id='word_1_419' title='bbox 1419 2906 1724 2971; x_wconf 61' lang='lat' dir='ltr'>praesignaret</span> <span class='ocrx_word' id='word_1_420' title='bbox 1748 2910 1876 2955; x_wconf 90' lang='lat' dir='ltr'>Deus</span> <span class='ocrx_word' id='word_1_421' title='bbox 1900 2924 1987 2973; x_wconf 84' lang='lat' dir='ltr'>per</span> <span class='ocrx_word' id='word_1_422' title='bbox 2016 2906 2213 2970; x_wconf 91' lang='lat' dir='ltr'>aliquod</span> <span class='ocrx_word' id='word_1_423' title='bbox 2234 2905 2388 2953; x_wconf 85' lang='lat' dir='ltr'>abun-</span> 
     </span>
     <span class='ocr_line' id='line_1_36' title="bbox 263 2972 2388 3050; baseline 0.005 -31"><span class='ocrx_word' id='word_1_424' title='bbox 263 2972 491 3021; x_wconf 90' lang='lat' dir='ltr'>dantioris</span> <span class='ocrx_word' id='word_1_425' title='bbox 509 2976 665 3038; x_wconf 81' lang='lat' dir='ltr'>gratiae</span> <span class='ocrx_word' id='word_1_426' title='bbox 688 2977 889 3038; x_wconf 87' lang='lat' dir='ltr'>donum,</span> <span class='ocrx_word' id='word_1_427' title='bbox 918 2998 1065 3045; x_wconf 91' lang='lat' dir='ltr'>quam</span> <span class='ocrx_word' id='word_1_428' title='bbox 1088 2986 1329 3049; x_wconf 87' lang='lat' dir='ltr'>acceptior</span> <span class='ocrx_word' id='word_1_429' title='bbox 1351 2986 1411 3033; x_wconf 89' lang='lat' dir='ltr'>sit</span> <span class='ocrx_word' id='word_1_430' title='bbox 1429 2987 1474 3032; x_wconf 88' lang='lat' dir='ltr'>ei</span> <span class='ocrx_word' id='word_1_431' title='bbox 1488 2987 1570 3050; x_wconf 92' lang='lat' dir='ltr'>qui</span> <span class='ocrx_word' id='word_1_432' title='bbox 1586 2987 1745 3035; x_wconf 87' lang='lat' dir='ltr'>sobrie</span> <span class='ocrx_word' id='word_1_433' title='bbox 1762 2988 1907 3045; x_wconf 88' lang='lat' dir='ltr'>vivit,</span> <span class='ocrx_word' id='word_1_434' title='bbox 1937 2996 1983 3034; x_wconf 88' lang='lat' dir='ltr'>et</span> <span class='ocrx_word' id='word_1_435' title='bbox 2002 3003 2052 3034; x_wconf 90' lang='lat' dir='ltr'>se</span> <span class='ocrx_word' id='word_1_436' title='bbox 2074 2985 2137 3033; x_wconf 87' lang='lat' dir='ltr'>ab</span> <span class='ocrx_word' id='word_1_437' title='bbox 2155 2984 2388 3033; x_wconf 87' lang='lat' dir='ltr'>illecebris</span> 
     </span>
    </p>
   </div>
   <div class='ocr_carea' id='block_1_3' title="bbox 263 3113 2388 3276">
    <p class='ocr_par' dir='ltr' id='par_1_4' title="bbox 263 3113 2388 3276">
     <span class='ocr_line' id='line_1_37' title="bbox 307 3113 2388 3171; baseline 0.006 -22"><span class='ocrx_word' id='word_1_438' title='bbox 307 3118 398 3150; x_wconf 54' lang='lat' dir='ltr'>&#39;Act</span> <span class='ocrx_word' id='word_1_439' title='bbox 414 3120 624 3161; x_wconf 76' lang='lat' dir='ltr'>Apost.,cap.</span> <span class='ocrx_word' id='word_1_440' title='bbox 641 3128 675 3161; x_wconf 85' lang='lat' dir='ltr'>v,</span> <span class='ocrx_word' id='word_1_441' title='bbox 693 3131 722 3154; x_wconf 86' lang='grc' dir='ltr'>ν.</span> <span class='ocrx_word' id='word_1_442' title='bbox 743 3123 772 3155; x_wconf 87' lang='grc'>3.</span> <span class='ocrx_word' id='word_1_443' title='bbox 789 3113 826 3146; x_wconf 67' lang='grc'>-’-</span> <span class='ocrx_word' id='word_1_444' title='bbox 841 3125 851 3143; x_wconf 78' lang='lat'>²</span> <span class='ocrx_word' id='word_1_445' title='bbox 867 3125 938 3157; x_wconf 74' lang='lat' dir='ltr'>Act.</span> <span class='ocrx_word' id='word_1_446' title='bbox 959 3126 1086 3167; x_wconf 66' lang='lat' dir='ltr'>Apost„</span> <span class='ocrx_word' id='word_1_447' title='bbox 1112 3137 1183 3168; x_wconf 81' lang='lat' dir='ltr'>cap.</span> <span class='ocrx_word' id='word_1_448' title='bbox 1206 3137 1285 3168; x_wconf 83' lang='lat' dir='ltr'>xm,</span> <span class='ocrx_word' id='word_1_449' title='bbox 1359 3138 1387 3161; x_wconf 79' lang='lat' dir='ltr'>v.</span> <span class='ocrx_word' id='word_1_450' title='bbox 1411 3131 1465 3163; x_wconf 81' lang='lat'>29.</span> <span class='ocrx_word' id='word_1_451' title='bbox 1484 3148 1520 3153; x_wconf 94' lang='lat'>—</span> <span class='ocrx_word' id='word_1_452' title='bbox 1538 3132 1546 3151; x_wconf 84' lang='lat'>⁷</span> <span class='ocrx_word' id='word_1_453' title='bbox 1563 3130 1681 3170; x_wconf 81' lang='lat' dir='ltr'>Eccli.‚</span> <span class='ocrx_word' id='word_1_454' title='bbox 1699 3139 1770 3170; x_wconf 82' lang='lat' dir='ltr'>cap.</span> <span class='ocrx_word' id='word_1_455' title='bbox 1799 3139 1822 3168; x_wconf 84' lang='lat'>1,</span> <span class='ocrx_word' id='word_1_456' title='bbox 1847 3140 1876 3163; x_wconf 88' lang='grc' dir='ltr'>ν.</span> <span class='ocrx_word' id='word_1_457' title='bbox 1900 3135 1927 3164; x_wconf 85' lang='lat'>1.</span> <span class='ocrx_word' id='word_1_458' title='bbox 1947 3149 1986 3155; x_wconf 92' lang='lat'>—</span> <span class='ocrx_word' id='word_1_459' title='bbox 2001 3133 2013 3152; x_wconf 80' lang='lat'><strong>⁸</strong></span> <span class='ocrx_word' id='word_1_460' title='bbox 2033 3130 2141 3171; x_wconf 73' lang='lat' dir='ltr'>Joam,</span> <span class='ocrx_word' id='word_1_461' title='bbox 2157 3139 2229 3170; x_wconf 80' lang='lat' dir='ltr'>cap.</span> <span class='ocrx_word' id='word_1_462' title='bbox 2246 3138 2270 3169; x_wconf 88' lang='lat'>1,</span> <span class='ocrx_word' id='word_1_463' title='bbox 2287 3138 2317 3162; x_wconf 85' lang='lat' dir='ltr'>v.</span> <span class='ocrx_word' id='word_1_464' title='bbox 2338 3131 2388 3163; x_wconf 80' lang='lat'>12.</span> 
     </span>
     <span class='ocr_line' id='line_1_38' title="bbox 263 3172 2385 3223; baseline -0 -9"><span class='ocrx_word' id='word_1_465' title='bbox 263 3179 291 3202; x_wconf 68' lang='lat' dir='ltr'>V·</span> <span class='ocrx_word' id='word_1_466' title='bbox 309 3173 339 3204; x_wconf 76' lang='lat'>²·</span> <span class='ocrx_word' id='word_1_467' title='bbox 356 3188 398 3195; x_wconf 76' lang='grc'>·-</span> <span class='ocrx_word' id='word_1_468' title='bbox 410 3173 422 3192; x_wconf 82' lang='lat'>³</span> <span class='ocrx_word' id='word_1_469' title='bbox 435 3172 503 3204; x_wconf 60' lang='lat' dir='ltr'><strong><em>Act·</em></strong></span> <span class='ocrx_word' id='word_1_470' title='bbox 519 3173 646 3214; x_wconf 58' lang='lat' dir='ltr'>APOSlw</span> <span class='ocrx_word' id='word_1_471' title='bbox 662 3183 733 3215; x_wconf 69' lang='lat' dir='ltr'>cap·</span> <span class='ocrx_word' id='word_1_472' title='bbox 748 3184 805 3216; x_wconf 74' lang='lat' dir='ltr'>XV,</span> <span class='ocrx_word' id='word_1_473' title='bbox 820 3186 850 3210; x_wconf 89' lang='lat' dir='ltr'>v.</span> <span class='ocrx_word' id='word_1_474' title='bbox 866 3181 919 3212; x_wconf 77' lang='lat'>28.</span> <span class='ocrx_word' id='word_1_475' title='bbox 938 3196 975 3202; x_wconf 86' lang='lat'>—</span> <span class='ocrx_word' id='word_1_476' title='bbox 993 3181 1002 3199; x_wconf 78' lang='lat'>⁴</span> <span class='ocrx_word' id='word_1_477' title='bbox 1018 3178 1133 3212; x_wconf 77' lang='lat' dir='ltr'>Psalm.</span> <span class='ocrx_word' id='word_1_478' title='bbox 1151 3190 1285 3221; x_wconf 81' lang='lat' dir='ltr'>cxxvm,</span> <span class='ocrx_word' id='word_1_479' title='bbox 1360 3183 1525 3223; x_wconf 79' lang='lat' dir='ltr'>—⁹Sap.‚</span> <span class='ocrx_word' id='word_1_480' title='bbox 1543 3192 1614 3223; x_wconf 85' lang='lat' dir='ltr'>cap.</span> <span class='ocrx_word' id='word_1_481' title='bbox 1642 3192 1679 3223; x_wconf 84' lang='lat'>11,</span> <span class='ocrx_word' id='word_1_482' title='bbox 1709 3193 1739 3215; x_wconf 88' lang='lat' dir='ltr'>v.</span> <span class='ocrx_word' id='word_1_483' title='bbox 1773 3185 1821 3216; x_wconf 89' lang='lat'>18.</span> <span class='ocrx_word' id='word_1_484' title='bbox 1837 3201 1875 3206; x_wconf 92' lang='lat'>-</span> <span class='ocrx_word' id='word_1_485' title='bbox 1889 3185 1908 3204; x_wconf 85' lang='lat'>¹⁰</span> <span class='ocrx_word' id='word_1_486' title='bbox 1924 3182 2043 3223; x_wconf 67' lang='lat' dir='ltr'>Eccli„</span> <span class='ocrx_word' id='word_1_487' title='bbox 2071 3191 2142 3223; x_wconf 79' lang='lat' dir='ltr'>cap.</span> <span class='ocrx_word' id='word_1_488' title='bbox 2172 3190 2213 3221; x_wconf 77' lang='lat' dir='ltr'>u,</span> <span class='ocrx_word' id='word_1_489' title='bbox 2232 3190 2260 3214; x_wconf 73' lang='grc' dir='ltr'>ν.</span> <span class='ocrx_word' id='word_1_490' title='bbox 2283 3183 2332 3214; x_wconf 80' lang='lat'>14.</span> <span class='ocrx_word' id='word_1_491' title='bbox 2348 3199 2385 3204; x_wconf 91' lang='lat'><em>-</em></span> 
     </span>
     <span class='ocr_line' id='line_1_39' title="bbox 264 3224 1744 3276; baseline 0.01 -21"><span class='ocrx_word' id='word_1_492' title='bbox 264 3232 294 3256; x_wconf 88' lang='lat' dir='ltr'>v.</span> <span class='ocrx_word' id='word_1_493' title='bbox 325 3226 354 3258; x_wconf 85' lang='grc'>7.</span> <span class='ocrx_word' id='word_1_494' title='bbox 373 3242 411 3247; x_wconf 95' lang='grc'>-</span> <span class='ocrx_word' id='word_1_495' title='bbox 426 3226 438 3245; x_wconf 76' lang='lat'><em>⁵</em></span> <span class='ocrx_word' id='word_1_496' title='bbox 454 3224 583 3266; x_wconf 55' lang='lat' dir='ltr'>Manu,</span> <span class='ocrx_word' id='word_1_497' title='bbox 607 3235 678 3267; x_wconf 85' lang='lat' dir='ltr'>cap.</span> <span class='ocrx_word' id='word_1_498' title='bbox 697 3237 755 3268; x_wconf 84' lang='lat' dir='ltr'>xu,</span> <span class='ocrx_word' id='word_1_499' title='bbox 784 3238 813 3269; x_wconf 84' lang='lat' dir='ltr'>y.</span> <span class='ocrx_word' id='word_1_500' title='bbox 844 3232 894 3267; x_wconf 79' lang='lat'>32.</span> <span class='ocrx_word' id='word_1_501' title='bbox 918 3248 954 3255; x_wconf 90' lang='lat'><em>—</em></span> <span class='ocrx_word' id='word_1_502' title='bbox 970 3232 982 3252; x_wconf 79' lang='lat'>⁰</span> <span class='ocrx_word' id='word_1_503' title='bbox 997 3232 1109 3273; x_wconf 67' lang='lat' dir='ltr'>Marc„</span> <span class='ocrx_word' id='word_1_504' title='bbox 1139 3243 1209 3274; x_wconf 81' lang='lat' dir='ltr'>cap.</span> <span class='ocrx_word' id='word_1_505' title='bbox 1239 3243 1284 3274; x_wconf 80' lang='grc' dir='ltr'>ιιι,</span> <span class='ocrx_word' id='word_1_506' title='bbox 1359 3238 1376 3255; x_wconf 85' lang='lat'>&#39;¹</span> <span class='ocrx_word' id='word_1_507' title='bbox 1395 3235 1584 3276; x_wconf 81' lang='lat' dir='ltr'>Rom.‚cap.</span> <span class='ocrx_word' id='word_1_508' title='bbox 1603 3245 1625 3276; x_wconf 89' lang='lat'>1,</span> <span class='ocrx_word' id='word_1_509' title='bbox 1644 3246 1672 3270; x_wconf 79' lang='lat' dir='ltr'>v.</span> <span class='ocrx_word' id='word_1_510' title='bbox 1692 3240 1744 3270; x_wconf 81' lang='lat'>20.</span> 
     </span>
    </p>
   </div>
  </div>
 </body>
</html>
