2638 3866
184 131 278 178 700
995 132 1166 178 PETRI
1200 132 1527 180 ABAELARDl·

184 249 283 278 non
320 233 557 295 ignorant.
596 232 817 296 Alioquin
853 231 1076 296 paradiso
1112 232 1321 280 fruentes
1355 243 1594 281 tormenta
1629 233 1802 282 inferni
1827 251 1926 282 non
1961 235 2316 301 conspicerem,

186 322 238 359 ut
265 329 323 359 eo
347 313 550 378 amplius
576 315 732 359 Deum
765 311 979 375 diligant,
1015 327 1113 374 quo
1141 328 1228 377 per
1258 313 1360 377 ejus
1390 314 1589 377 gratiam
1625 315 1839 379 graviora
1871 332 1921 363 se
1952 316 2153 363 evasisse
2185 315 2317 363 vide-

185 393 294 438 rint.
324 395 480 450 Quem
510 391 703 455 quidem
736 390 1010 455 paradisum
1042 391 1089 437 in
1123 392 1223 456 ipsa
1254 393 1438 441 visione
1469 394 1558 441 Dei
1589 393 1769 459 ubique
1793 396 2051 443 consistere
2082 396 2319 442 Dominus

184 475 316 519 Jesus
340 482 556 536 patenter
578 472 815 531 insinuat,
845 471 963 518 dum
990 472 1095 537 ipso
1126 472 1202 519 die
1230 490 1328 537 quo
1359 473 1460 536 ejus
1485 474 1645 522 anima
1669 475 1717 522 in
1742 492 1885 523 carne
1910 492 2048 540 passa
2071 474 2317 522 descendit

184 551 242 598 acl
270 551 461 611 inferos,
489 562 542 598 ut
565 551 677 599 inde
701 568 812 599 suos
834 551 1074 611 liberaret,
1099 553 1274 600 latroni
1297 570 1407 601 eum
1432 555 1670 613 confesso,
1698 555 1783 603 ait¹
1814 574 1823 601 ε
1857 574 1879 599 α
1899 559 2044 602 Amen
2076 554 2185 601 dico
2209 554 2312 615 tibi,

183 630 327 677 hodie
357 648 545 678 mecum
582 632 676 679 eris
698 632 745 678 in
771 632 1010 696 paradiso.
1035 650 1058 677 »
1085 635 1123 678 A
1153 648 1251 696 quo
1283 633 1480 697 quidem
1505 634 1724 699 paradiso
1760 651 1820 682 ne
1852 645 1967 682 tunc
1990 635 2133 681 etiam
2157 635 2316 682 anima

182 710 355 757 Christi
383 721 603 760 extranea
624 712 821 771 exstitit,
845 729 974 770 cum,
1002 722 1053 759 ut
1074 712 1255 760 dictum
1280 723 1366 774 est,
1405 714 1465 760 ad
1492 714 1668 761 inferos
1693 714 1955 762 descendit.
1987 718 2125 762 Juxta
2158 714 2317 778 itaque

182 792 307 839 lianc
331 791 475 839 fidem
507 803 719 842 nostram
745 803 791 841 et
815 795 1050 841 rationem
1082 794 1399 854 manifestam,
1432 811 1724 859 quocunque
1745 795 1855 842 loco
1879 795 2030 843 fidelis
2052 795 2112 842 sit
2133 796 2313 854 anima,

181 873 292 936 quia
326 872 507 937 ubique
537 883 834 939 praesentem,
871 883 922 920 ut
946 873 1127 920 dictum
1156 884 1243 932 est,
1277 875 1451 940 reperit
1478 878 1660 933 Deum,
1685 884 1734 922 et
1756 875 1986 939 quoniam
2010 874 2143 922 nullo
2166 875 2318 940 impe-

182 953 311 1000 ditur
336 953 603 1015 obstaculo,
641 954 818 1018 ubique
853 955 902 1001 in
933 970 1019 1001 sua
1049 970 1184 1018 aeque
1211 964 1481 1020 perseverat
1509 954 1806 1002 beatitudine
1833 971 1978 1020 quam
2010 954 2227 1002 videlicet
2259 971 2314 1001 ex

180 1034 362 1080 visione
394 1035 480 1081 Dei
516 1034 656 1082 nobis
693 1052 779 1099 per
802 1052 913 1082 eum
943 1034 1123 1095 infusa,
1159 1051 1259 1081 non
1289 1051 1343 1082 ex
1376 1035 1551 1082 nostris
1582 1035 1763 1082 viribus
1794 1035 2118 1100 apprehensa,
2157 1050 2320 1082 conse-

181 1115 390 1177 quimur.
427 1116 616 1180 Quippe
648 1132 737 1163 nec
767 1115 827 1163 ad
859 1114 1121 1180 corporalis
1152 1115 1267 1162 solis
1297 1114 1755 1180 apprehendendam
1786 1116 2051 1164 claritatem
2084 1132 2317 1162 conscen-

181 1195 363 1253 dimus,
398 1195 481 1242 sed
509 1195 608 1259 ipsa
640 1212 690 1242 se
714 1194 855 1243 nobis
882 1195 1114 1255 infundit,
1143 1205 1195 1242 ut
1224 1212 1278 1242 ea
1309 1196 1539 1242 fruamur.
1573 1198 1643 1243 Ita
1675 1205 1722 1243 et
1756 1212 1846 1242 nos
1880 1205 1975 1242 tam
2012 1198 2131 1255 Deo,
2170 1210 2318 1260 quam

181 1275 281 1339 ipsc
314 1276 454 1323 nobis
489 1277 869 1341 appropinquat,
907 1287 1154 1341 tamquam
1187 1276 1394 1342 desuper
1418 1276 1681 1324 claritatem
1717 1293 1852 1324 suam
1887 1276 2029 1324 nobis
2064 1286 2110 1324 et
2142 1277 2320 1324 amoris

181 1357 250 1402 sui
280 1357 489 1405 calorem
514 1356 788 1416 infundens,
816 1357 878 1404 ad
910 1374 1056 1422 quem
1088 1357 1230 1404 etiam
1258 1374 1501 1422 nusquam
1524 1357 1736 1405 localiter
1768 1357 2129 1418 consistentem,
2156 1357 2195 1404 si
2220 1374 2320 1421 quo

182 1435 329 1483 modo
361 1437 686 1502 propinquare
715 1437 937 1498 dicimur,
976 1454 1074 1484 non
1108 1437 1154 1483 id
1194 1437 1334 1494 locis,
1370 1437 1453 1485 sed
1488 1438 1666 1485 meritis
1694 1437 1798 1484 fieri
1831 1447 1900 1484 est
1933 1436 2314 1500 intelligendum,

180 1516 400 1564 videlicet
429 1527 663 1580 quantum
692 1517 943 1565 similiores
975 1519 1024 1565 in
1055 1518 1186 1565 bono
1211 1517 1446 1565 efficimur
1477 1517 1549 1565 vel
1585 1519 1686 1582 ejus
1716 1518 1922 1583 amplius
1946 1517 2180 1565 voluntati
2201 1533 2319 1564 con-

180 1596 460 1656 cordamus,
478 1590 554 1644 ‘sic
583 1615 609 1644 e
639 1599 880 1645 contrario
905 1597 967 1645 ab
993 1614 1051 1645 eo
1077 1597 1302 1645 recedere
1329 1597 1627 1662 intelligendi
1659 1615 1842 1645 sumus.
1870 1598 2015 1656 Quod
2038 1596 2321 1645 venerabilis

180 1676 352 1724 doctor
392 1679 678 1742 Augustinus
717 1689 762 1726 et
804 1679 1133 1726 doctrinarum
1174 1695 1370 1744 quoque
1410 1689 1677 1729 vestrarum
1714 1679 2024 1746 peritissimus
2069 1678 2320 1742 diligenter

180 1758 423 1820 aperiens:
455 1762 617 1819 «Deo,
644 1760 828 1823 inquit,
855 1759 937 1823 qui
964 1759 1145 1823 ubique
1175 1769 1267 1819 est,
1304 1776 1403 1807 non
1431 1758 1550 1806 locis
1582 1760 1666 1807 sed
1700 1759 1916 1807 moribus
1944 1769 2026 1807 aut
2057 1759 2319 1824 propinqui

179 1847 259 1884 aut
278 1839 450 1885 remoti
472 1855 653 1886 sumus.
678 1858 700 1882 >¹
729 1840 867 1887 Unde
891 1856 1001 1886 cum
1022 1849 1131 1905 post
1150 1840 1550 1887 resurrectionem
1572 1849 1713 1887 tantae
1735 1840 1966 1887 facilitatis
1983 1855 2188 1904 corpora
2209 1855 2316 1892 san-

179 1928 366 1965 ctorum
406 1919 561 1966 futura
598 1919 719 1978 sint,
754 1930 807 1966 ut
845 1919 1121 1984 ubicunque
1159 1920 1307 1967 velint
1339 1921 1527 1981 animae,
1566 1921 1670 1986 ipsa
1705 1920 1861 1967 statim
1896 1935 1998 1966 esse
2033 1918 2314 1978 credantur,

179 1998 338 2045 nullus
377 2008 534 2046 tamen
571 2016 741 2046 eorum
773 2016 986 2047 recessus
1010 2001 1241 2047 visionem
1281 2001 1367 2047 Dei
1401 2000 1678 2065 praepediet,
1706 2016 1805 2065 quo
1838 2000 1995 2046 minus
2029 1999 2199 2046 animae
2226 1999 2320 2045 sint

179 2077 345 2138 beatae,
367 2095 456 2126 nec
475 2079 572 2127 ulla
594 2079 689 2126 loci
713 2079 912 2143 qualitas
937 2080 1140 2145 poenalis
1161 2097 1262 2127 esse
1287 2080 1361 2127 his
1384 2081 1577 2145 poterit,
1604 2081 1652 2127 in
1674 2079 1850 2145 quibus
1874 2078 1995 2125 nihil
2017 2077 2318 2144 puniendum

178 2159 283 2216 erit,
312 2160 434 2206 sicut
458 2176 548 2207 nec
571 2169 682 2207 ante
704 2170 956 2225 peccatum
980 2161 1145 2226 primis
1168 2160 1448 2208 hominibus
1474 2160 1741 2225 quidquam
1765 2160 1922 2225 potuit
1945 2174 2046 2206 esse
2068 2159 2313 2206 nocivum.

180 2239 319 2286 Unde
343 2250 388 2286 et
413 2257 524 2287 cum
555 2242 704 2288 sancti
730 2241 885 2305 angeli
909 2241 970 2288 ad
994 2258 1083 2288 nos
1108 2241 1232 2288 missi
1253 2242 1382 2306 jussa
1402 2242 1490 2288 Dei
1521 2250 1869 2306 exsequuntur,
1895 2255 2202 2304 nequaquam
2224 2239 2317 2287 loci

179 2321 335 2384 aliqua
363 2321 587 2385 qualitate
618 2322 693 2368 vel
723 2322 975 2370 intervallo
1005 2322 1107 2386 ejus
1130 2323 1330 2381 visione,
1364 2339 1459 2387 qua
1493 2322 1621 2369 beati
1652 2332 1780 2382 sunt,
1818 2321 2066 2386 privantur
2101 2337 2183 2368 seu
2212 2321 2318 2367 ina-

181 2401 394 2446 niuntur.
424 2404 519 2448 Nec
550 2401 793 2449 daemones
829 2403 876 2448 in
903 2419 1010 2449 aere
1045 2412 1428 2463 commorantes,
1469 2402 1598 2449 unde
1628 2411 1675 2449 et
1703 2401 1920 2448 volucres
1942 2400 2049 2447 coeli
2071 2399 2313 2458 dicuntur,

180 2481 406 2543 quamvis·
435 2481 672 2545 positione
709 2482 804 2528 loci
840 2483 1108 2546 superiores
1144 2482 1284 2529 nobis
1321 2498 1421 2529 esse
1460 2482 1730 2543 videantur,
1771 2497 1870 2527 non
1908 2480 2018 2527 ideo
2055 2489 2216 2527 tamen
2255 2479 2317 2526 ad

182 2563 353 2619 Deum,
376 2561 459 2624 qui
481 2563 688 2626 propriae
713 2562 943 2625 dignitate
966 2572 1146 2609 naturae
1168 2562 1354 2609 cunctis
1381 2562 1599 2627 superior
1621 2571 1691 2608 est
1714 2562 1918 2619 naturis,
1945 2559 2150 2625 amplius
2171 2575 2315 2623 qnam

182 2657 270 2687 nos
294 2642 683 2706 appropinquare
713 2642 911 2689 dicendi
947 2652 1071 2691 sunt.
1102 2642 1239 2689 Unde
1269 2644 1411 2689 Satan
1444 2643 1642 2689 veniens
1671 2642 1795 2688 inter
1830 2640 1953 2687 filios
1989 2640 2093 2701 Dei,
2121 2649 2168 2687 et
2190 2649 2318 2687 stans

182 2721 228 2765 in
264 2731 527 2786 conspectu
559 2724 774 2784 Domini,
802 2732 847 2769 et
883 2733 1052 2769 mutuo
1075 2723 1296 2787 loquens,
1323 2723 1443 2769 sicut
1475 2723 1523 2769 in
1557 2721 1683 2769 libro
1716 2719 1805 2768 Job
1842 2720 2168 2785 conscriptum
2203 2722 2313 2778 est²,

183 2818 484 2865 nequaquam
512 2803 606 2850 hoc
628 2803 839 2850 adventu
859 2821 945 2850 suo
967 2820 1090 2851 asna
1101 2804 1337 2851 relaxatur
1356 2804 1561 2862 miseria,
1589 2812 1643 2849 ut
1657 2801 1841 2849 beatior
1861 2800 1959 2847 fiat.
1984 2800 2076 2857 Qui
2093 2800 2233 2846 etiam
2256 2799 2317 2846 de

182 2881 311 2927 coelis
342 2883 509 2928 ceteris
529 2883 668 2929 altior
703 2884 973 2930 corruendo
990 2920 1001 2942 ‚
1031 2894 1250 2949 patenter
1272 2884 1480 2931 ostendit
1502 2882 1621 2930 nihil
1642 2882 1703 2929 ad
1725 2880 2074 2929 beatitudinem
2098 2879 2319 2927 conferre

183 2960 277 3006 loci
299 2961 595 3023 dignitatem.
625 2967 729 3010 Non
759 2965 885 3011 enim
919 2965 1032 3027 quia
1060 2966 1186 3011 inter
1223 2964 1344 3011 filios
1367 2964 1479 3023 Dei,
1507 2963 1601 3010 hoc
1633 2973 1702 3010 est
1724 2962 1848 3009 inter
1877 2970 2066 3008 sanctos
2093 2959 2312 3023 angelOS,

184 3040 379 3086 veniens
402 3040 449 3084 in
476 3053 734 3106 conspectu
762 3045 848 3090 Dei
881 3044 1049 3105 astitit,
1091 3045 1139 3090 in
1166 3045 1266 3106 ejus
1302 3053 1613 3108 conspectum
1635 3042 1871 3089 Dominus
1894 3040 2042 3101 venit,
2084 3049 2134 3086 ut
2168 3038 2228 3085 ab
2255 3054 2315 3084 eo

221 3228 228 3245 ¹
245 3226 337 3265 Luc„
352 3234 424 3266 cap.
440 3234 532 3264 xxiii,
549 3235 578 3258 v.
597 3228 648 3259 43,
668 3244 707 3250 -—
725 3226 845 3269 ²101›.,
865 3237 935 3267 cap.
955 3230 1060 3268 1,v.7
1083 3233 1115 3261 et
1130 3237 1178 3269 sq.
