2638 3866
832 192 890 241 IN
924 193 1250 242 EPISTOLAM
1287 195 1368 243 AD
1404 193 1707 242 ROMANOS.
2258 202 2350 247 189

197 296 250 341 In
274 309 373 359 quo
397 302 559 341 autem
586 309 636 341 se
660 291 834 342 debeat
857 295 1098 360 corrigere
1124 295 1356 360 supponit
1382 294 1565 342 dicens.
1599 313 1620 339 α
1651 295 1747 352 Qui
1775 295 2022 360 praedicas.
2047 316 2070 342 υ
2102 301 2169 346 Ex
2192 300 2350 349 verbis

192 374 367 422 scilicet
390 374 523 440 legis,
546 384 638 423 etc.
670 395 692 419 α
710 375 804 434 Qui
825 376 1120 424 abominaris
1155 375 1302 431 idola,
1322 395 1347 421 u
1387 375 1437 424 id
1471 385 1542 423 est
1557 375 1928 426 simulacrorum
1956 379 2133 427 formas
2149 391 2350 446 propter

194 454 533 520 significatum,
559 473 671 504 cum
695 473 792 504 non
818 457 966 505 evitas
982 456 1283 521 sacrilegium
1300 467 1501 523 propter
1523 457 1701 523 ipsum,
1725 459 1835 523 quia
1862 460 1909 507 in
1932 461 2143 527 seipsum
2169 461 2348 510 malum

194 545 280 583 est.
306 537 618 602 Sacrilegium
641 536 816 585 dicitur
834 537 1033 586 violatio
1059 538 1125 586 rei
1146 554 1308 599 sacrae,
1338 538 1516 586 scilicet
1532 554 1700 586 eorum
1721 540 1928 588 maxime
1945 558 2050 606 quae
2079 541 2142 590 ad
2166 542 2349 591 cultum

194 617 283 665 Dei
305 619 564 683 pertinent,
594 618 739 666 veluti
760 618 1014 686 templum,
1049 629 1096 667 et
1119 636 1227 679 quae
1261 619 1323 667 ad
1359 620 1518 684 ipsum
1550 628 1784 685 spectant.
1823 622 2075 688 Templum
2109 640 2228 671 vero
2261 627 2347 673 Dei

193 697 292 746 sive
319 698 561 748 materiale
592 709 640 747 et
677 697 1001 764 figurativum,
1039 701 1138 748 sive
1176 700 1421 766 spirituale
1449 710 1498 748 et
1517 717 1686 748 verum
1708 699 1857 747 Judaei
1882 702 2138 762 violarunt,
2167 704 2214 752 in
2240 706 2346 771 ipso

193 780 467 829 manufacto
486 780 668 847 templo
691 781 1068 845 negotiationem
1104 781 1393 843 exercendo,
1417 791 1617 848 propter
1638 797 1785 847 quam
1804 799 1831 829 a
1854 784 2066 831 Domino
2090 785 2203 834 inde
2236 799 2346 835 sunt

190 860 398 925 expulsi3
427 862 502 910 vel
529 862 688 928 ipsum
713 862 979 910 Dominum
1002 862 1349 928 crucifigendo,
1375 863 1460 928 qui
1483 862 1544 910 de
1569 861 1751 928 templo
1770 863 1988 928 corporis
2019 865 2093 912 sui
2121 865 2341 931 loquens,

190 940 256 988 ait
273 943 283 966 ¹
303 959 315 988 ε
336 960 359 987 «
377 941 555 990 Solvite
578 942 812 1009 templum
835 942 950 1006 hoc,
969 952 1062 991 etc.
1079 963 1103 989 »
1137 963 1160 989 «
1182 927 1449 991 Dominum
1472 942 1754 1004 inhonoras,
1777 963 1798 986 n
1826 943 1875 990 id
1896 953 1966 991 est
1989 944 2103 993 facis
2125 946 2342 1012 despica-

189 1020 335 1069 bilem
354 1023 456 1071 aliis
478 1033 715 1087 quantum
741 1024 789 1071 in
814 1033 860 1072 te
883 1034 969 1072 est.
994 1024 1220 1072 Colorem
1242 1025 1291 1072 in
1316 1023 1538 1071 hocloco
1559 1023 1853 1071 rhetoricum
1881 1023 2008 1084 facit,
2026 1026 2108 1091 qui
2124 1029 2345 1092 repetitio

189 1100 379 1164 dicitur,
405 1103 592 1153 habens
615 1104 664 1151 in
690 1104 890 1153 diversis
907 1105 1131 1154 clausulis
1151 1105 1384 1153 orationis
1408 1104 1537 1152 idem
1561 1104 1870 1170 principium,
1895 1106 2018 1154 sicut
2037 1116 2122 1168 est,
2151 1128 2173 1154 «
2195 1109 2294 1173 qui,
2318 1130 2339 1153 »

189 1182 323 1248 quod
347 1184 606 1250 quinquies
631 1195 703 1233 est
727 1187 1029 1252 repetitum².

256 1284 279 1309 «
308 1267 497 1313 Nomen
523 1266 672 1329 enim,
690 1276 783 1315 etc.
807 1285 830 1312 ι)
851 1269 975 1314 Cum
999 1267 1221 1333 superius
1247 1266 1550 1332 singulariter
1569 1266 1758 1328 dixerit,
1791 1288 1813 1312 «
1835 1269 1873 1315 si
1897 1278 2057 1316 autem
2082 1279 2150 1332 tu,
2169 1289 2191 1314 υ
2212 1287 2341 1318 nunc

186 1361 301 1392 vero
324 1346 570 1411 pluraliter
591 1347 719 1396 dicat
759 1368 781 1392 a
808 1365 894 1414 per
916 1365 1020 1409 vos,
1053 1368 1075 1392 υ
1111 1348 1254 1414 plane
1295 1348 1505 1396 insinuat
1540 1349 1811 1413 generalem
1840 1349 1989 1396 Judaei
2013 1366 2269 1416 personam
2294 1369 2343 1399 se

186 1423 523 1487 introduxisse,
563 1427 700 1491 quasi
733 1425 1017 1491 generaliter
1054 1425 1285 1474 rebellem
1315 1425 1608 1490 redarguens
1642 1428 1899 1492 populum,
1933 1427 1994 1475 de
2028 1446 2125 1493 quo
2158 1445 2209 1477 se
2241 1447 2342 1478 esse

186 1504 520 1569 gloriabantur
541 1508 618 1555 isti
643 1508 865 1556 conversi
890 1507 1059 1569 Judaei,
1088 1508 1173 1572 qui
1195 1510 1357 1555 Romae
1382 1516 1534 1554 erant.
1563 1509 1614 1554 In
1640 1525 1740 1573 quo
1765 1508 1965 1574 quidem
2000 1510 2185 1576 populo
2223 1511 2343 1559 alios

185 1585 302 1634 dicit
328 1604 435 1635 reos
461 1588 573 1636 furti
596 1604 714 1649 esse,
743 1589 991 1651 exstitisse,
1019 1589 1093 1637 ve]
1118 1588 1281 1637 adhuc
1312 1604 1415 1636 esse
1440 1606 1450 1634 z
1479 1587 1599 1636 alios
1623 1588 1866 1651 adulterii,
1892 1599 1983 1638 etc.
2009 1591 2336 1640 Continuatio.

188 1670 313 1716 Bene
333 1669 443 1717 dico
470 1691 492 1714 «
511 1670 796 1731 inhonoras,
813 1691 835 1714 »
857 1679 907 1718 tu
929 1670 1150 1718 videlicet
1174 1669 1355 1736 popule
1378 1668 1674 1729 Judaeorum,
1697 1670 1810 1734 quia
1827 1687 1914 1735 per
1935 1687 2024 1718 vos
2041 1670 2343 1738 blasphema-

187 1758 265 1795 tur
287 1750 414 1798 inter
436 1761 618 1816 gentes,
638 1751 690 1798 id
713 1760 784 1798 est
804 1750 1041 1813 infideles,
1064 1767 1245 1798 nomen
1265 1750 1372 1810 Dei,
1393 1758 1440 1797 et
1455 1750 1628 1798 notitia
1650 1751 1752 1814 ejus
1770 1766 1918 1815 quam
1933 1768 2022 1799 vos
2038 1751 2219 1800 habere
2243 1755 2342 1818 glo—

185 1830 390 1879 riamini.
417 1835 478 1879 Ut
498 1833 631 1880 enim
663 1830 844 1879 Tullius
876 1832 1115 1894 meminit,
1148 1848 1273 1898 saepe
1297 1848 1354 1878 ex
1377 1830 1495 1877 vitio
1518 1829 1731 1878 hominis
1760 1831 1947 1898 culpari
1978 1832 2177 1881 scientia
2199 1835 2337 1897 solet,

182 1912 319 1975 quasi
354 1912 553 1961 scientia
582 1913 663 1962 illa
700 1912 826 1961 male
858 1913 1051 1979 operari
1086 1912 1276 1961 doceat.
1321 1930 1344 1957 «
1382 1911 1514 1959 Sicut
1548 1912 1780 1978 scriptum
1812 1922 1900 1960 est.
1937 1932 1959 1957 »
2003 1916 2058 1961 In
2103 1915 2341 1982 propheta

183 1992 429 2042 Ezechiele
454 1994 529 2041 his
553 1993 711 2042 verbis
727 1995 759 2053 ⁸,
778 2014 815 2037 ·«
830 2010 1013 2041 nomen
1035 2003 1255 2042 sanctum
1281 2009 1445 2040 meum
1468 1992 1602 2058 quod
1627 1992 1840 2058 polluisti
1873 1994 1921 2040 in
1947 1994 2201 2055 Gentibus,
2229 2016 2252 2041 »
2289 1999 2338 2046 id

181 2083 252 2120 est
285 2077 587 2141 contemptui
614 2075 689 2124 vel
721 2075 930 2123 irrisioni
965 2075 1136 2124 haberi
1170 2074 1368 2136 fecistis,
1403 2083 1450 2122 et
1478 2091 1590 2122 cum
1621 2074 1670 2121 in
1706 2091 1756 2122 se
1787 2075 2187 2140 pretiosissimum
2220 2089 2338 2126 esset

182 2153 438 2204 vilificastis
451 2159 481 2205 ⁶.

249 2256 272 2281 α
291 2237 604 2286 Circumcisio
625 2238 842 2303 quidem,
857 2248 950 2287 etc.
974 2258 996 2283 n
1015 2239 1244 2304 Superius
1266 2237 1462 2285 abstulit
1482 2236 1818 2300 gloriationem
1838 2238 1954 2301 legis
1973 2237 2113 2300 datae,
2137 2256 2223 2304 per
2243 2239 2338 2287 hoc

179 2317 314 2382 quod
334 2334 435 2366 non
461 2319 643 2367 faciunt
665 2336 772 2384 quae
796 2321 869 2369 lex
895 2320 1128 2386 praecipit,
1158 2329 1206 2366 et
1244 2319 1355 2366 ideo
1382 2319 1534 2383 magis
1556 2334 1583 2366 a
1614 2318 1718 2384 lege
1743 2329 2010 2383 arguuntur
2032 2338 2179 2385 quam
2197 2321 2336 2384 justi-

180 2397 398 2446 ficentur.
427 2402 566 2448 Nunc
588 2417 703 2449 vero
730 2418 817 2467 per
834 2402 929 2449 hoc
953 2402 1112 2467 ipsum
1143 2400 1278 2465 quod
1304 2400 1398 2464 legi
1433 2416 1534 2447 non
1572 2398 1928 2466 obtemperant,
1960 2401 2114 2448 aufert
2139 2402 2336 2466 gloriam

177 2479 574 2528 circumcisionis·
600 2482 723 2540 Quia
747 2483 870 2530 sicut
892 2481 1144 2546 legislatio
1168 2482 1234 2529 nil
1249 2480 1449 2546 prodest
1467 2480 1858 2546 suscipientibus,
1880 2481 1971 2529 nisi
1994 2498 2101 2529 eam
2119 2492 2332 2541 servent;

177 2560 240 2607 ita
272 2560 594 2623 circumcisio,
633 2562 725 2609 nisi
759 2562 850 2627 legi
889 2562 1262 2628 obtemperent:
1291 2570 1346 2608 ut
1379 2560 1603 2608 videlicet
1639 2570 1807 2608 caetera
1840 2571 2076 2627 praecepta
2107 2561 2336 2627 impleant

176 2640 298 2688 sicut
317 2652 612 2708 praeceptum
648 2643 1042 2691 circumcisionis.
1077 2642 1269 2708 Quippe
1293 2643 1377 2707 qui
1410 2642 1459 2688 in
1495 2658 1648 2688 unum
1677 2641 1952 2703 offenderit,
1987 2651 2038 2688 ut
2076 2642 2195 2689 alius
2219 2641 2335 2688 dicit

177 2722 427 2785 apostolus
444 2725 475 2783 ⁵,
502 2740 614 2771 reus
642 2734 713 2771 est
737 2725 978 2785 omnium,
998 2724 1050 2771 id
1067 2733 1139 2771 est
1160 2733 1486 2787 transgressor
1509 2731 1580 2768 est
1599 2738 1684 2769 seu
1706 2731 2016 2787 contemptor
2033 2722 2179 2768 totius
2197 2722 2330 2785 legis,

177 2803 399 2850 universa
435 2803 615 2851 scilicet
647 2804 736 2851 Dei
768 2814 1007 2870 praecepta
1042 2803 1352 2851 continentis.
1380 2804 1503 2848 Cum
1541 2802 1673 2849 enim
1706 2801 1780 2848 lex
1820 2802 1985 2849 omnia
2029 2801 2191 2861 simul,
2232 2819 2333 2850 non

176 2898 328 2929 unum
363 2892 548 2930 tantum
579 2884 841 2949 praecipiat,
865 2884 1083 2949 quisquis
1113 2899 1267 2930 unum
1290 2881 1656 2945 transgreditur,
1686 2881 1841 2945 legem
1868 2899 1970 2930 non
1995 2893 2170 2946 servat,
2197 2899 2254 2931 ac
2276 2885 2341 2931 sic

177 2979 263 3027 per
304 2963 683 3029 uniuscujusque
714 2964 939 3030 praecepti
977 2963 1407 3026 transgressionem
1436 2962 1552 3026 legis
1579 2962 1767 3010 violatae
1799 2980 1911 3011 reus
1945 2962 2166 3012 efficitur.
2215 2964 2340 3012 Nihil

177 3059 289 3108 ergo
313 3044 616 3092 circumcisio
646 3044 850 3093 carnalis
873 3044 934 3092 ad
960 3044 1161 3092 salutem
1185 3043 1404 3109 prodest,
1429 3044 1469 3091 si
1491 3043 1565 3091 lex
1589 3044 1640 3091 in
1667 3045 1849 3092 caeteris
1879 3044 2121 3105 violetur3
2149 3046 2272 3093 sicut
2294 3057 2338 3093 et

177 3122 458 3189 baptismus,
489 3126 627 3190 cujus
658 3126 847 3184 locum,
875 3124 1020 3173 beato
1053 3133 1307 3172 attestante
1329 3125 1565 3189 Gregorio
1578 3126 1609 3186 ⁶,
1637 3125 1941 3173 circumcisio
1971 3126 2182 3187 tenebat,
2217 3127 2255 3174 si
2288 3129 2335 3173 in

221 3260 228 3277 ¹
245 3257 358 3299 Joan..
377 3269 449 3301 cap.
467 3268 509 3302 ιι,
523 3270 553 3293 v.
571 3261 622 3295 19.
636 3278 677 3286 —
690 3262 701 3280 ²
717 3261 813 3295 Amb.
832 3262 930 3295 Sicut
947 3267 1008 3305 est,
1027 3263 1099 3305 qui,
1118 3263 1220 3304 quod,
1296 3280 1333 3285 —
1347 3264 1356 3282 ⁴
1373 3261 1469 3294 Amb.
1488 3261 1707 3304 Vivificastis.
1725 3281 1762 3286 —
1775 3262 1863 3296 ⁵Jac.
1878 3288 1885 3304 ‚
1904 3273 1973 3306 cap.
1991 3273 2031 3307 ιι,
2050 3273 2081 3297 v.
2102 3266 2151 3299 10.
2163 3266 2223 3289 —⁶
2237 3264 2334 3301 Mor„

178 3319 343 3355 quantum
359 3320 406 3349 est
427 3318 622 3360 repetitum.
644 3337 681 3342 —-
701 3320 712 3339 ³
727 3319 844 3352 Ezech.
860 3345 867 3361 ‚
885 3329 958 3363 cap.
979 3329 1094 3363 xxxw,
1116 3330 1145 3354 v.
1165 3323 1218 3354 22.
1294 3322 1350 3355 lib.
1369 3320 1431 3362 lv,
1448 3331 1521 3363 cap.
1543 3330 1589 3356 ιιι.
