2638 3866
832 202 1093 250 EI'lTOME
1127 202 1492 251 THEOLOGlAE
1526 202 1923 273 CHmSTlANAE.
2353 209 2449 256 589

297 300 544 363 exem'plum
566 302 688 346 daret
711 317 791 362 pro
814 301 977 362 populo
1004 303 1084 345 Dei
1104 303 1327 364 pugnandi
1357 314 1506 347 contra
1535 305 1731 348 inimicos
1746 339 1756 348 .
1782 305 1988 350 Similiter
2010 305 2065 350 de
2088 307 2348 368 martyribus
2377 309 2447 352 di-

298 370 449 423 cimus,
484 367 605 428 quod
631 383 706 412 eos
728 368 943 413 exteriora
964 368 1158 427 patibula
1180 368 1380 414 meliores
1403 385 1492 413 non
1516 370 1754 425 faciebant,
1777 371 1853 415 sed
1876 371 1982 416 tales
2007 387 2113 426 esse,
2140 374 2214 432 qui
2236 374 2450 418 Christum

298 434 544 498 diligerent,
580 433 884 478 ostendebant.
915 433 983 476 Sic
1010 449 1183 493 quoque
1211 434 1266 478 de
1288 436 1458 479 Christo
1489 452 1592 480 sane
1622 437 1868 491 asserimus,
1893 437 2039 497 quod,
2064 439 2241 498 quando
2265 439 2326 483 ad·
2346 456 2449 500 pas-

298 496 465 539 sionem
492 494 646 539 ductus
667 505 747 548 est,
772 505 816 538 et
834 494 880 536 in
907 493 1025 554 ligno
1049 493 1200 538 affixus
1229 506 1315 549 est,
1340 512 1430 538 non
1456 496 1552 556 plus
1581 498 1764 551 meruit,
1791 512 1922 556 quam
1954 499 2008 541 ab
2030 499 2121 559 ipsa
2147 501 2449 560 conceptione.

297 560 448 621 Neque
478 561 596 604 enim
622 571 726 604 tunc
746 559 902 603 melior
924 558 1128 613 effectus,
1153 576 1283 620 quam
1307 561 1362 603 ab
1390 561 1482 622 ipsa
1504 563 1687 622 pueritia
1716 563 1946 619 extitisset,
1972 579 2071 608 cum
2103 581 2154 609 ex
2178 576 2281 609 tunc
2311 567 2450 610 Deum

296 642 348 669 ex
379 638 474 670 toto
506 625 637 670 corde
673 625 885 687 diligeret.
922 625 991 668 Sic
1024 625 1153 685 igitur
1181 626 1226 669 in
1250 625 1488 682 voluntate,
1522 644 1611 671 non
1655 629 1701 671 in
1733 629 1935 688 operibus
1967 646 2062 689 quae
2094 631 2222 675 bonis
2254 642 2298 675 et
2331 633 2453 676 malis

296 693 545 736 communia
566 703 686 746 sunt,
712 692 915 735 meritum
936 706 1066 734 omne
1093 692 1302 735 consistit.
1328 692 1450 752 Saepe
1471 695 1591 737 enim
1611 694 1708 754 plus
1726 696 1907 752 jejunat,
1931 697 2067 757 magis
2081 698 2211 740 etiam
2234 713 2278 741 se
2302 698 2451 759 affligit

295 758 474 817 quilibet
486 758 730 819 hypocrita,
754 773 886 818 quam
903 756 1052 817 aliquis
1071 768 1255 801 sanctus.
1281 758 1415 813 Quod
1431 759 1474 801 in
1498 759 1589 803 sola
1609 760 1831 805 voluntate
1846 763 2048 806 meritum
2070 763 2139 816 sit,
2157 763 2260 807 inde
2277 780 2448 823 quoque

294 826 534 882 conjectare
562 823 687 879 licet,
712 823 832 884 quod
859 824 974 867 Deus
1006 822 1161 867 dicitur
1182 834 1393 867 scrutator
1414 841 1567 869 renum
1590 836 1634 869 et
1661 826 1881 881 cordium,
1907 828 1982 887 qui
2013 827 2168 871 dicitur
2191 830 2236 871 in
2259 830 2445 881 occulto,

294 890 454 934 scilicet
474 891 519 933 in
540 890 779 943 voluntate,
804 889 970 933 videre.
995 889 1124 933 Unde
1159 901 1202 933 et
1236 890 1468 949 Apostolus
1495 907 1506 934 ε
1538 891 1773 946 Iudicabit,
1810 893 1971 952 inquit,
2009 893 2179 937 occulta
2200 895 2446 945 hominum,

294 955 532 1000 secundum
561 956 830 1017 evangelium
864 971 1035 1009 meum,
1066 955 1113 999 id
1137 967 1221 1011 est,
1248 958 1371 1014 juxta
1392 957 1746 1016 praedicationem
1771 974 1932 1002 meam.
1956 959 2061 1003 Tale
2091 961 2251 1004 etenim
2281 972 2368 1013 est,
2401 977 2450 1003 ac

293 1021 328 1063 si
350 1021 512 1066 diceret
532 1038 543 1066 :
561 1023 721 1083 Opera,
738 1022 893 1082 quaein
907 1037 951 1065 se
971 1021 1263 1066 indifferentia
1280 1033 1393 1078 sunt,
1418 1039 1507 1066 non
1524 1034 1660 1079 curat,
1686 1024 1763 1068 sed
1778 1025 2011 1083 puritatem
2026 1026 2279 1070 intentionis
2298 1027 2445 1087 exigit.

294 1087 390 1131 Hoc
418 1087 537 1131 idem
566 1099 787 1132 attestatur
809 1088 965 1143 Isaias,
998 1089 1075 1131 ubi
1103 1087 1208 1133 dicit
1230 1104 1240 1131 :
1265 1088 1366 1131 Non
1391 1088 1605 1146 judicabit
1632 1090 1871 1134 secundum
1891 1092 2030 1135 visum
2061 1091 2288 1135 oculorum
2310 1107 2449 1151 neque

292 1154 532 1198 secundum
566 1154 763 1198 auditum
791 1155 961 1198 aurium
983 1165 1149 1214 arguet.
1181 1154 1226 1197 Si
1248 1154 1364 1198 enim
1385 1154 1489 1198 inde
1519 1156 1614 1215 quis
1645 1157 1781 1216 magis
1809 1157 1952 1217 placet
1972 1158 2082 1211 Deo,
2117 1158 2237 1217 quod
2269 1157 2450 1201 aedificat

293 1220 473 1264 domum
506 1221 784 1282 pauperibus,
817 1232 861 1264 et
881 1222 967 1264 hoc
999 1221 1099 1280 quia
1128 1231 1292 1281 potest,
1317 1237 1447 1280 quam
1477 1221 1550 1265 ille
1579 1223 1653 1281 qui
1685 1223 1886 1266 eamdem
1917 1223 2049 1266 habet
2070 1223 2339 1267 voluntatem
2370 1239 2450 1267 nec.

293 1285 492 1342 aedificat,
518 1287 618 1346 quia
640 1303 804 1347 pauper
825 1298 888 1330 est
913 1303 923 1330 t
951 1287 1102 1347 negari
1122 1303 1213 1330 non
1231 1297 1389 1347 potest,
1416 1288 1522 1347 quin
1544 1304 1598 1331 ex
1618 1289 1719 1343 hoc,
1740 1288 1859 1349 quod
1880 1288 1998 1332 dives
2020 1300 2099 1344 est,
2124 1291 2260 1350 magis
2281 1289 2451 1349 placeat

289 1353 399 1396 Deo.
426 1354 535 1396 Item
557 1354 591 1396 si
611 1354 886 1397 Hermannus
908 1353 1109 1396 eamdem
1129 1353 1262 1396 habet
1282 1352 1551 1397 voluntatem
1572 1369 1672 1397 cum
1693 1356 1898 1415 magistro
1920 1371 1998 1398 suo
2021 1355 2169 1409 Petro,
2195 1366 2238 1399 et
2260 1367 2440 1414 uterque

289 1420 517 1478 pecuniam
529 1420 587 1463 ad
602 1419 847 1463 faciendam
862 1419 1041 1462 domum
1055 1419 1316 1479 pauperibus
1334 1419 1517 1478 paravit,
1543 1431 1587 1463 et
1601 1420 1708 1464 alter
1727 1420 1926 1476 aedificat,
1944 1422 2014 1465 cui
2034 1422 2218 1481 pecunia
2234 1433 2446 1473 remanet,

290 1483 398 1528 alter
417 1501 522 1529 vero
546 1486 739 1541 minime,
767 1501 868 1529 cum
889 1486 930 1529 ei
951 1485 1138 1545 pecunia
1158 1484 1303 1528 ablata
1325 1486 1394 1539 sit,
1418 1501 1509 1528 non
1531 1486 1606 1545 qui
1630 1487 1829 1541 aedificat,
1854 1503 1986 1546 quam
2009 1488 2083 1546 qui
2102 1488 2187 1530 hoc
2209 1503 2300 1529 non
2320 1486 2447 1538 facit,

288 1552 462 1608 majoris
474 1552 615 1596 meriti
626 1551 741 1612 apud
754 1553 894 1595 Deum
915 1566 1005 1595 esse
1027 1550 1174 1594 debet.
1198 1550 1336 1594 Aliter
1358 1566 1449 1594 non
1466 1562 1529 1594 est
1549 1551 1679 1606 ratio,
1692 1568 1824 1611 quare
1837 1552 2026 1596 latrones
2047 1569 2138 1595 non
2161 1553 2245 1595 sint
2261 1552 2403 1611 [causa
2413 1551 2448 1611 P]

290 1615 562 1661 diminuendi
573 1619 775 1661 meritum
791 1617 906 1678 apud
919 1618 1083 1672 Deum3
1106 1616 1225 1676 quod
1239 1616 1417 1675 quidem
1431 1632 1562 1676 quam
1575 1617 1871 1661 irrationabile
1895 1619 1948 1661 sit
1969 1619 2167 1661 omnium
2185 1617 2352 1675 judicio
2375 1632 2448 1660 re·

288 1681 549 1742 linquamus.
574 1684 677 1727 Non
695 1699 801 1727 vero
823 1698 1050 1744 negamus,
1081 1682 1159 1742 [in]
1182 1682 1468 1726 exterioribus
1489 1683 1750 1742 quandoque
1771 1685 1976 1727 meritum
2003 1683 2179 1743 aliquod
2210 1683 2447 1743 temporale

288 1749 423 1807 sequi,
448 1760 498 1792 ut
517 1749 587 1794 vel
606 1750 743 1811 magis
766 1749 823 1792 ad
845 1764 1040 1792 amorem
1061 1749 1142 1792 Dei
1164 1748 1469 1803 accendamur,
1493 1748 1561 1792 vel
1582 1760 1631 1792 ut
1653 1750 1761 1804 aliis,
1792 1751 1867 1809 qui
1893 1765 1972 1793 nos
1991 1750 2142 1793 vident
2162 1750 2445 1801 remunerari,

287 1816 536 1875 exemplum
565 1817 679 1860 bene
702 1815 913 1876 operandi
935 1815 1233 1858 exhibeamus.
1258 1814 1345 1858 Sed
1365 1831 1467 1858 cum
1496 1815 1551 1858 de
1579 1816 1743 1859 meritis
1763 1816 1858 1859 haec
1881 1815 2159 1869 disseramus,
2187 1815 2308 1875 quasi
2329 1813 2445 1857 nulla

285 1895 376 1924 esse
397 1881 616 1936 videntur,
641 1883 742 1942 quia
771 1882 908 1942 gratia
934 1882 1098 1924 meritis
1127 1896 1263 1940 usque
1292 1880 1404 1924 adeo
1434 1897 1676 1942 repugnare
1706 1881 1893 1937 videtur,
1926 1881 2046 1941 quod
2077 1898 2177 1925 cum
2212 1881 2357 1924 omnia
2393 1896 2446 1923 ex

284 1948 422 2006 gratia
432 1948 531 2003 sint,
550 1949 705 1992 merita
718 1964 810 1992 non
830 1948 1030 1991 existant.
1050 1947 1183 1991 Unde
1195 1947 1430 2007 Apostolus
1452 1963 1461 1990 :
1488 1948 1532 1990 Si
1545 1963 1599 1991 ex
1620 1948 1799 2002 meritis,
1814 1949 1906 2005 jam
1921 1964 2011 1991 non
2030 1964 2083 1991 ex
2096 1947 2250 2008 gratia.
2262 1945 2446 1989 Videtur

285 2014 418 2067 enim,
442 2014 562 2073 quod
578 2030 633 2058 ex
654 2014 782 2058 nobis
800 2013 911 2057 nihil
925 2014 1033 2056 boni
1048 2014 1275 2074 possimus.
1303 2013 1373 2057 Sic
1393 2013 1510 2056 enim
1533 2013 1587 2056 de
1610 2014 1737 2056 nobis
1754 2025 1832 2066 est,
1857 2025 1907 2055 ut
1927 2013 1982 2056 de
1999 2013 2170 2056 medico
2194 2023 2237 2056 et
2252 2011 2441 2065 infirmo,

284 2080 358 2138 qui
388 2096 488 2123 cum
519 2080 682 2123 habeat
711 2079 986 2123 medicamen
1017 2090 1295 2139 apparatum,
1330 2090 1374 2122 et
1410 2078 1526 2122 dicat
1557 2078 1730 2122 infirmo
1758 2095 1768 2122 :
1795 2079 1924 2133 Vide,
1957 2080 2043 2122 hoc
2077 2078 2443 2122 medicamentum

283 2146 480 2189 consulet
499 2147 668 2189 sanitati
689 2157 776 2189 tuae
789 2178 801 2199 ,
826 2146 860 2188 si
882 2147 1114 2188 surrexeris
1137 2156 1181 2188 et
1203 2146 1418 2205 acceperis
1444 2160 1454 2187 t
1479 2143 1674 2201 infirmus
1696 2156 1842 2188 autem
1865 2160 1964 2188 cum
1985 2159 2159 2204 surgere
2181 2159 2271 2186 non
2291 2143 2440 2203 possit,

282 2210 389 2254 nihil
403 2212 674 2256 medicamen
691 2211 800 2254 illud
821 2211 884 2254 illi
897 2211 1072 2266 valebit,
1092 2212 1235 2270 sicque
1255 2227 1355 2254 cum
1372 2225 1450 2270 per
1470 2226 1514 2254 se
1531 2226 1705 2271 surgere
1728 2227 1819 2253 non
1837 2211 1987 2270 possit,
2008 2210 2260 2267 adjumento
2283 2208 2441 2251 medici

285 2277 341 2320 ad
362 2278 626 2339 surgendum
647 2277 829 2339 indiget,
853 2288 903 2320 ut
923 2277 1195 2321 medicamen
1219 2277 1399 2337 accipiat
1421 2287 1466 2319 et
1489 2288 1712 2336 acceptum
1734 2277 1815 2319 sibi
1835 2276 2048 2336 proficiat.
2069 2276 2343 2336 Quapropter
2363 2274 2443 2316 nisi

284 2343 494 2398 dicamus,
520 2335 639 2404 quod
659 2345 795 2388 homo
820 2360 872 2387 ex
894 2359 938 2387 se
961 2345 1093 2387 etiam
1104 2360 1182 2404 per
1197 2343 1382 2387 liberum
1405 2342 1630 2386 arbitrium
1652 2358 1709 2386 ex
1732 2353 1886 2386 natura
1906 2359 1984 2385 sua
2003 2342 2163 2386 habeat
2185 2341 2380 2401 diligere,
2401 2351 2444 2383 et

282 2410 323 2453 ei
342 2410 579 2462 adhaerere,
604 2427 695 2454 non
714 2426 942 2471 possumus
957 2411 1109 2465 vitare,
1128 2411 1234 2470 quin
1255 2411 1393 2471 gratia
1415 2410 1578 2453 meritis
1590 2409 1748 2453 nostris
1770 2408 2053 2469 praejudicare
2074 2407 2306 2468 probetur3
2325 2404 2443 2464 quod

281 2477 458 2536 quidem
486 2478 586 2537 quia
615 2477 662 2519 in
690 2476 870 2537 epistola
900 2477 957 2520 ad
984 2478 1206 2520 Romanos
1237 2492 1366 2536 super
1394 2491 1496 2519 eum
1524 2476 1671 2518 locum
1697 2491 1707 2518 ε
1739 2474 1874 2518 Jacob
1906 2473 2060 2528 dilexi,
2093 2484 2178 2516 etc.
2214 2472 2442 2531 diligenter

281 2544 488 2603 expressi,
520 2544 606 2587 hoc
634 2544 755 2602 quasi
777 2554 932 2586 notum
958 2542 1311 2603 praetereundum
1344 2541 1559 2586 existimo.
1593 2541 1637 2584 Si
1660 2552 1806 2584 autem
1826 2550 2023 2585 creatura
2050 2538 2107 2582 ad
2136 2538 2370 2598 imaginem
2398 2546 2441 2579 et

281 2609 605 2653 similitudinem
626 2611 707 2653 Dei
727 2610 856 2664 facta,
882 2626 935 2653 ex
957 2610 1023 2652 sui
1045 2620 1198 2652 natura
1219 2609 1355 2669 magis
1380 2608 1436 2651 ad
1458 2607 1623 2651 malum
1646 2623 1777 2666 quam
1797 2606 1963 2649 bonum
1988 2620 2129 2664 prona
2152 2614 2283 2655 esset,
2308 2603 2354 2644 in
2376 2602 2440 2644 sui

282 2674 457 2732 quidem
485 2686 639 2718 natura
668 2676 787 2719 bona
810 2692 899 2719 non
922 2676 1139 2719 existeret.
1160 2674 1282 2718 Velle
1305 2684 1450 2718 autem
1470 2673 1638 2716 bonum
1666 2672 1898 2730 unicuique
1920 2670 2114 2713 naturale
2138 2680 2218 2713 est.
2244 2667 2373 2711 Unde
2396 2678 2442 2710 et

282 2740 513 2799 Apostolus
541 2757 551 2784 ι
574 2741 696 2785 Velle
719 2742 887 2799 adjacet
908 2742 1032 2785 mihi.

1106 2955 1352 3016 CAPUT
1397 2955 1619 3015 XXXV.

1065 3104 1125 3140 De
1146 3100 1374 3140 remissione
1392 3107 1656 3153 peccatorum.

338 3227 465 3272 Nunc
488 3229 546 3272 de
564 3229 813 3272 remissione
835 3238 1113 3288 peccatorum
1139 3226 1379 3270 videamus.
1403 3227 1455 3268 In
1475 3223 1826 3268 reconciliatione
1846 3221 2085 3283 peccatoris
2115 3220 2171 3263 ad
2195 3220 2334 3263 Deum
2355 3219 2432 3260 tria

281 3295 515 3338 necessaria
537 3306 658 3351 sunt,
684 3295 826 3339 cordis
850 3295 1069 3350 contritio,
1094 3294 1181 3337 oris
1203 3292 1439 3347 confessio,
1464 3306 1647 3352 operum
1670 3290 1917 3334 satisfactio.
1943 3287 2096 3331 Cordis
2123 3286 2324 3330 contritio
2348 3284 2434 3327 sive
