2638 3866
847 233 1162 282 EXPOSITIO
1198 234 1384 283 SUPER
1418 235 1800 284 PSALTERIUM.
2299 241 2396 288 723

255 331 436 397 quippe
471 340 542 379 est
579 331 900 397 opprobrium
923 352 1023 383 non
1049 337 1266 403 accipere
1294 337 1522 386 adversus
1547 338 1821 403 proximum
1838 340 1868 399 ¹,
1895 348 1942 387 et
1965 355 2071 405 quoe
2093 339 2243 388 dubia
2265 351 2393 403 sunt,

220 426 237 437 ’
256 411 306 459 in
330 409 582 460 meliorem
612 422 798 477 partem
819 414 1139 481 interpretari,
1165 426 1213 466 et
1237 417 1369 466 illam
1398 434 1588 484 semper
1610 418 1874 466 Dominicoe
1900 420 2086 485 pietatis
2109 421 2394 469 sententiam

253 491 522 540 attendere’
555 511 567 540 :
600 514 622 539 α
642 494 798 543 Nolite
813 494 1049 559 judicare,
1085 507 1133 545 et
1163 515 1264 546 non
1282 497 1647 562 judicabimini:
1674 497 1823 547 nolite
1844 500 2190 562 condemnare,
2218 511 2266 549 et
2289 518 2387 549 non

256 572 718 623 condemnabimini.
750 594 773 621 n

692 1027 1107 1100 EXPOSITIO
1158 1027 1398 1089 SUPER
1451 1028 1950 1092 PSALTERIUM.

313 1252 429 1296 Petri
449 1252 669 1298 Abaelardi
687 1255 1014 1314 Expositionem
1036 1270 1166 1314 super
1188 1254 1415 1314 Epistolas
1439 1255 1569 1298 Pauli
1598 1265 1641 1298 et
1659 1271 1789 1314 super
1804 1254 2071 1298 Psalterium
2096 1255 2150 1297 ab
2174 1255 2396 1309 Oudino‘,

251 1318 287 1362 F
290 1318 476 1362 abricio*
504 1330 548 1362 et
575 1319 667 1363 aliis
687 1332 997 1375 memoratam,
1023 1321 1220 1364 nondum
1241 1331 1386 1363 autem
1414 1321 1526 1380 typis
1546 1321 1798 1364 mandatam
1825 1320 2089 1364 Bibliotheca
2116 1321 2249 1381 Regia
2276 1321 2394 1363 Pari·

251 1385 399 1428 siensis
427 1396 612 1428 asservat
641 1387 687 1428 in
719 1386 879 1430 Codice
902 1389 1036 1441 2543,
1060 1387 1415 1442 membranaceo,
1440 1387 1648 1430 sexcentis
1672 1387 1839 1429 circiter
1865 1387 1988 1429 annis
2014 1396 2206 1429 exarato.
2231 1386 2400 1429 Notulae

253 1460 398 1493 autem
418 1462 516 1494 sunt
530 1451 683 1495 breves
696 1463 740 1495 et
755 1469 850 1512 quae
862 1453 1048 1496 litteram
1070 1463 1236 1495 tantum
1251 1462 1459 1512 spectant,
1488 1468 1575 1495 non
1592 1453 1926 1496 commentarius
1945 1467 2046 1495 vere
2061 1451 2397 1511 philosophicus,

251 1515 327 1558 ubi
363 1515 525 1575 aliquid
556 1533 725 1577 sperare
749 1518 885 1578 possis
914 1528 987 1561 aut
1011 1517 1094 1561 alte
1126 1517 1378 1578 indagatum
1411 1529 1485 1561 aut
1509 1518 1687 1561 solerter
1713 1528 1757 1561 et
1781 1529 1902 1561 acute
1935 1518 2194 1577 expositum.
2222 1519 2401 1561 Constat

250 1590 395 1624 autem
420 1581 552 1626 libros
574 1584 761 1643 quinque
786 1584 1199 1627 Commentariorum
1228 1589 1273 1625 in
1304 1584 1552 1642 Epistolam
1588 1585 1643 1627 D.
1678 1583 1815 1626 Pauli
1851 1584 1912 1625 ad
1939 1584 2156 1625 Romanos
2179 1583 2253 1641 qui
2275 1598 2400 1641 supra

249 1645 466 1706 leguntur,
483 1664 655 1707 prorsus
677 1650 782 1693 alios
804 1666 894 1693 esse
916 1666 966 1693 ac
985 1651 1176 1706 jejunam
1198 1660 1242 1692 et
1262 1650 1417 1692 siccam
1440 1650 1752 1708 expositionem
1774 1648 1862 1691 illic
1885 1659 2115 1709 repertam.
2132 1649 2252 1707 Opus
2274 1648 2402 1707 igitur

249 1727 349 1755 cum
375 1729 530 1772 parum
560 1715 656 1759 luce
691 1715 870 1776 dignum
890 1715 1107 1760 videretur
1121 1748 1134 1771 ,
1167 1718 1304 1775 pauca
1331 1726 1500 1758 tantum
1531 1714 1773 1774 speciminis
1803 1713 1901 1757 loco
1939 1713 2101 1773 publici
2129 1714 2234 1770 juris
2262 1713 2400 1756 facere

250 1777 530 1823 decrevimus.

316 1957 583 2001 Pnonocus.
612 1955 784 2002 Omnis
806 1954 968 2003 divina
994 1955 1239 2021 Scriptura
1259 1955 1332 2003 vel
1359 1955 1564 2021 pertinet
1586 1954 1648 2003 ad
1670 1955 1942 2015 historiam,
1970 1954 2045 2002 vel
2070 1953 2132 2002 ad
2155 1952 2400 2001 moralita-

247 2044 362 2094 tem,
392 2035 465 2082 vel
487 2035 549 2082 ad
573 2035 813 2082 misticum
835 2035 1148 2083 intellectum.
1189 2039 1270 2083 Est
1306 2046 1468 2083 autem
1504 2034 1872 2098 intelligendum
1909 2034 2043 2099 quod
2067 2033 2274 2098 quadam
2298 2049 2402 2098 per-

249 2116 472 2163 mistione
487 2116 686 2174 alterna,
707 2133 919 2182 persaepe
940 2127 987 2164 et
1003 2117 1204 2164 historia
1220 2118 1269 2162 in
1287 2116 1574 2177 moralitate,
1592 2125 1640 2162 et
1659 2115 1903 2163 moralitas
1923 2116 1972 2161 in
1989 2114 2204 2174 historia,
2223 2123 2271 2161 et
2286 2115 2400 2160 mis-

247 2196 368 2242 ticus
391 2195 658 2243 intellectus
679 2196 941 2245 invenitur.
966 2196 1042 2244 Ad
1066 2197 1309 2243 misticum
1332 2212 1448 2243 vero
1471 2195 1765 2243 intellectum
1789 2195 1994 2260 pertinet
2016 2194 2288 2260 prophetia.
2319 2196 2400 2240 Est

248 2285 408 2324 autem
434 2276 691 2342 prophetia
715 2277 964 2342 inspiratio
994 2276 1158 2324 divina
1180 2292 1287 2341 quae
1313 2293 1400 2341 per
1422 2276 1648 2336 visiones,
1676 2276 1750 2324 vel
1774 2292 1859 2341 per
1892 2275 2031 2335 facta,
2058 2274 2134 2322 vel
2157 2290 2243 2338 per
2272 2273 2399 2320 dicta

247 2357 573 2421 quorumdam
595 2357 984 2405 incommutabili
1006 2358 1205 2406 veritate
1228 2366 1430 2404 eventus
1454 2373 1617 2404 rerum
1640 2355 1866 2403 ostendit.
1896 2358 1986 2402 Per
2007 2355 2217 2402 visiones
2238 2363 2294 2401 ut
2315 2370 2399 2418 per

247 2436 492 2497 Ezechiel,
520 2447 568 2485 et
587 2438 776 2498 Daniel,
803 2448 850 2485 et
879 2438 1192 2502 Evangelistae
1221 2437 1454 2485 Johannis
1478 2437 1732 2484 visionem.
1763 2439 1850 2483 Per
1872 2436 2012 2497 facta,
2041 2445 2092 2482 ut
2113 2451 2200 2501 per
2222 2435 2397 2481 immo-

246 2517 478 2565 lationem
506 2517 723 2580 Abrahae,
752 2520 801 2566 in
825 2536 922 2584 qua
952 2519 1179 2566 divinitas
1205 2528 1254 2565 et
1276 2517 1551 2564 humanitas
1572 2516 1761 2563 domini
1783 2516 1933 2563 nostri
1956 2518 2067 2563 Jesu
2088 2514 2392 2578 intelligitur3

247 2615 334 2664 per
370 2599 566 2646 arietem
603 2600 734 2647 enim
772 2600 1104 2659 immolatum,
1146 2599 1422 2646 humanitas
1459 2597 1662 2658 Christi,
1704 2596 1754 2644 id
1789 2606 1861 2644 est
1896 2612 2009 2643 caro
2049 2595 2222 2642 Christi
2258 2610 2397 2659 passa

246 2677 563 2741 significatum
609 2696 695 2745 per
735 2683 863 2728 lsaac
899 2697 1015 2728 vero
1055 2688 1357 2727 reservatum·
1388 2688 1435 2725 et
1477 2677 1684 2735 illesum,
1727 2678 1830 2742 ipsa
1870 2675 2045 2723 Christi
2085 2674 2311 2722 divinitas
2346 2675 2394 2720 in

247 2759 472 2823 passione
503 2759 661 2807 carnis
685 2759 829 2807 fuisse
857 2760 988 2808 illesa
1018 2759 1341 2823 cognoscitur.
1378 2761 1468 2805 Per
1499 2757 1627 2805 dicta
1650 2766 1851 2804 eventus
1880 2772 2041 2803 rerum
2074 2755 2396 2802 incommuta-

246 2837 333 2886 bili
359 2839 555 2887 veritate
579 2839 814 2900 ostendit,
843 2849 896 2886 ut
917 2840 1004 2887 ista
1027 2838 1301 2905 prophetia.
1328 2841 1411 2885 Est
1433 2847 1595 2885 autem
1618 2836 1874 2902 prophetia
1900 2834 2162 2899 aliquando
2189 2834 2249 2882 de
2274 2851 2395 2899 prae·

247 2920 408 2979 terito,
429 2919 689 2984 aliquando
709 2919 770 2967 de
792 2920 1014 2984 praesenti
1029 2955 1041 2979 ,
1064 2918 1326 2984 aliquando
1349 2918 1411 2966 de
1434 2917 1614 2964 futuro.
1651 2919 1724 2963 De
1748 2915 2004 2982 praeterito,
2030 2924 2082 2962 ut
2105 2915 2295 2974 Moises,
2322 2913 2396 2961 di-

249 3000 362 3048 vina
379 3000 692 3065 inspiratione
714 2999 935 3059 refectuS‚
957 2998 1129 3047 mundi
1148 2998 1515 3064 dispositionem
1533 2995 1927 3063 philosophando
1951 2994 2181 3056 ostendit,
2198 2993 2392 3042 dicens:

251 3099 276 3127 «
301 3084 353 3127 In
378 3081 619 3146 principio
642 3080 820 3128 creavit
849 3082 979 3127 Deus
1007 3079 1184 3129 coelum
1213 3088 1261 3127 et
1290 3088 1484 3128 terram.
1516 3098 1539 3122 »
1566 3080 1638 3125 De
1662 3076 1900 3143 praesenti,
1927 3085 1981 3123 ut
2007 3092 2018 3121 τ
2050 3095 2073 3119 α
2102 3078 2223 3123 Ecce
2246 3091 2395 3138 agnus

255 3271 268 3278 ⁷⁴
291 3288 299 3306 ¹
317 3288 449 3321 Psalm.
466 3298 537 3330 xiv,
556 3299 586 3322 v.
607 3292 638 3324 3.
654 3308 694 3314 —
708 3291 719 3310 ²
733 3288 862 3331 Μαῖα»,
889 3299 964 3334 cap.
980 3299 1045 3334 vn,
1064 3301 1095 3324 v.
1114 3292 1143 3326 1.
1173 3309 1208 3316 —
1229 3291 1241 3312 ³
1257 3290 1439 3325 comment.
1459 3289 1500 3323 de
1514 3289 1680 3331 scriptor.
1699 3286 1841 3329 Eva-les„
1861 3292 1885 3320 t.
1905 3285 1947 3327 11,
1959 3294 1993 3328 p.
2015 3287 2108 3320 1170,
2136 3303 2173 3309 —
2204 3285 2213 3304 ⁴
2230 3281 2390 3315 Biblioth.

251 3340 338 3374 med.
357 3345 389 3375 et
403 3342 469 3384 inf.
485 3344 643 3386 Latina„
662 3349 686 3377 t.
705 3343 759 3386 lv,
776 3353 811 3386 p.
824 3344 898 3379 234.
