2638 3866
324 213 417 260 184
1126 212 1296 260 PETRI
1333 209 1651 258 ABAELARDt

388 335 411 359 «
426 317 547 363 Cum
565 314 693 362 enim
722 322 942 378 gentes.»
967 315 1025 360 Et
1046 330 1157 361 vere
1177 329 1275 360 non
1307 312 1357 358 in
1386 311 1556 359 auditu
1577 310 1762 376 scriptae
1786 309 1917 375 legiS,
1945 311 2030 359 sed
2056 312 2106 360 in
2139 330 2285 379 opere
2312 317 2414 382 ejus
2432 356 2445 379 ‚

322 407 372 444 ut
409 396 592 444 dictum
624 404 722 454 est,
757 394 825 440 vis
858 392 1211 456 justificationis
1250 391 1483 439 consistit.
1507 389 1668 448 Quod
1711 401 1910 457 apparet
1940 408 1994 439 ex
2037 393 2334 457 Gentilibus,
2365 399 2449 462 qui

319 477 533 541 quamvis
562 475 715 539 legem
747 473 973 538 scriptam
995 489 1095 519 non
1120 471 1329 519 habeant
1353 486 1499 534 quam
1521 470 1686 518 audire
1714 472 1923 536 possint,
1949 488 2057 520 cum
2087 483 2247 523 tamen
2271 476 2450 527 Faciunt

319 574 374 604 ea
409 572 556 622 opera
586 572 690 620 quae
718 554 795 601 lex
817 555 1046 620 praecipit,
1073 568 1206 617 aeque
1229 561 1283 598 ut
1313 551 1463 598 Judaei
1497 550 1753 599 salvantur.
1785 555 1843 600 Et
1870 551 1966 600 hoc
1987 564 2056 601 est
2081 571 2135 601 :a
2160 557 2284 603 Cum
2318 559 2448 607 enim

318 636 544 697 Gentiles,
572 654 594 680 >›
619 635 667 682 id
693 644 763 682 est
784 635 995 681 Gentiles
1015 633 1098 697 qui
1119 632 1271 695 legem
1305 631 1485 679 scilicet
1509 632 1736 697 scriptam
1751 649 1860 687 *non
1891 632 2090 696 habent,
2121 654 2145 681 «
2172 637 2450 686 naturaliter

319 717 513 776 faciunt,
535 734 558 760 »
592 715 643 763 id
670 724 740 763 est
770 714 973 762 naturali
1009 713 1111 776 lege
1136 712 1383 770 instructi,
1419 710 1516 759 hoc
1549 722 1620 759 est
1648 713 1923 776 cognitione
1950 715 2037 762 Dei
2071 732 2126 764 ac
2163 716 2450 768 discretione

317 796 530 858 rationis,
558 812 705 861 quam
729 794 1021 852 naturaliter,
1049 792 1144 839 hoc
1170 802 1256 851 est,
1285 809 1342 839 ex
1365 809 1452 840 sua
1478 793 1721 841 creatione
1747 792 1944 856 habent,
1969 811 2068 843 non
2089 813 2147 844 ex
2165 798 2450 865 scripta'ali-

320 877 455 941 cujus
476 877 721 924 doctrina:
749 876 857 941 ipsi,
883 874 1011 932 dico,
1031 889 1131 920 non
1153 871 1388 920 habentes
1412 872 1692 937 hujusmodi
1714 873 1883 939 legem,
1910 875 1962 922 id
1984 885 2055 923 est
2077 878 2298 944 scriptam
2322 889 2450 928 exte-

317 958 431 1018 rius,
453 959 577 1005 'sicut
596 956 776 1004 habent
798 959 821 1002 J
826 954 962 1015 udaei,
991 974 1014 999 «
1038 953 1128 1017 ipsi
1149 951 1239 999 sibi
1263 963 1374 1000 sunt
1396 952 1489 1016 lex,
1512 972 1535 999 »
1561 953 1658 1002 hoe
1677 964 1748 1003 est
1771 954 1990 1004 eamdem
2012 960 2450 1009 remunerationem

318 1047 635 1103 assequuntur
670 1054 756 1102 per
790 1036 969 1100 seipsos
1003 1034 1105 1081 sine
1140 1032 1243 1097 lege
1278 1035 1472 1100 scripta,
1507 1052 1655 1100 quam
1685 1034 1754 1083 illi
1786 1053 1870 1102 per
1903 1036 2229 1086 obedientiam
2266 1041 2451 1106 scriptae

316 1119 447 1181 legis.
471 1121 659 1184 Quippe
685 1117 768 1182 qui
794 1114 1020 1163 exhibent
1039 1113 1245 1161 exterius
1268 1114 1319 1161 in
1343 1131 1489 1180 opere
1510 1115 1811 1163 voluntatem
1829 1116 2010 1164 bonam
2030 1134 2176 1181 quam
2194 1119 2377 1169 habent
2399 1122 2448 1170 in

318 1209 491 1260 mente,
508 1199 604 1245 hoc
625 1208 711 1260 est,
734 1213 893 1263 «opus
911 1196 1026 1260 legis
1044 1195 1273 1260 scriptum
1294 1195 1343 1242 in
1368 1195 1614 1244 cordibus.
1637 1215 1661 1239 »
1684 1199 1806 1244 Cum
1829 1197 1944 1245 dicit
1964 1218 1986 1242 c<
2000 1200 2233 1264 scriptum
2251 1221 2275 1245 »
2291 1218 2451 1267 perse-

316 1279 576 1326 verantiam
600 1278 738 1326 bonae
753 1276 1013 1325 voluntatis
1035 1276 1207 1323 innuit.
1231 1279 1292 1323 Ut
1314 1277 1444 1324 enim
1459 1276 1628 1324 beatus
1648 1277 1713 1325 ait
1734 1279 2020 1343 Gregorius,
2044 1279 2179 1344 quod
2203 1281 2450 1348 loquimur

318 1359 495 1419 transit,
525 1358 656 1423 quod
681 1358 933 1406 scribimus
954 1367 1220 1423 permanet.
1253 1359 1348 1415 Qui
1378 1358 1536 1423 itaque
1565 1358 1680 1423 legis
1708 1359 1950 1407 auditores
1971 1370 2100 1421 sunt,
2132 1363 2269 1426 quasi
2295 1362 2450 1428 legem

315 1440 578 1505 loquuntur
601 1457 746 1504 quam
768 1441 817 1487 in
841 1439 1134 1487 membranis
1162 1439 1386 1504 scriptam
1402 1478 1415 1501 ,
1442 1456 1544 1487 non
1570 1440 1621 1486 in
1645 1439 1873 1488 cordibus
1897 1451 2059 1490 tenent
2081 1441 2297 1506 affixam,
2326 1445 2450 1492 sicut

315 1537 339 1567 e
357 1522 595 1569 contrario
613 1522 687 1569 isti
705 1521 886 1569 faciunt
899 1557 912 1581 ,
939 1541 962 1563 «
975 1519 1163 1567 bonum
1185 1521 1253 1567 eis
1270 1519 1597 1568 testimonium
1614 1520 1846 1569 reddente
1867 1523 2158 1571 conscientia
2174 1523 2409 1590 ipsorum,
2422 1544 2446 1572 n

314 1601 408 1649 hoc
442 1612 511 1649 est
544 1619 738 1650 securos
770 1619 852 1649 eos
898 1602 1098 1649 faciente
1138 1600 1199 1647 de
1233 1601 1417 1664 justitia
1449 1617 1652 1666 operum
1681 1618 1882 1650 suorum
1916 1602 2046 1651 bona
2080 1604 2296 1670 ipsorum
2333 1621 2451 1653 con·

311 1683 501 1731 scientia
526 1693 668 1747 atque
689 1693 820 1731 recta
843 1682 1126 1742 intentione,
1154 1698 1260 1746 quae
1284 1681 1393 1739 illis,
1422 1698 1523 1729 non
1552 1683 1653 1729 aliis
1677 1684 1869 1748 cognita
1893 1694 1982 1732 est.
2002 1685 2280 1733 Secundum
2304 1702 2451 1751 quam

312 1763 506 1826 quidem
529 1764 849 1811 intentionem
871 1766 1002 1810 Deus
1035 1778 1182 1828 opera
1212 1771 1398 1827 pensat.
1429 1765 1528 1809 «Et
1551 1763 1674 1810 inter
1703 1779 1753 1810 se
1776 1764 2044 1812 invicem.»
2072 1766 2270 1813 Diversa
2295 1766 2453 1816 littera

312 1843 388 1892 hic
410 1844 502 1909 legi
532 1845 670 1892 solet.
700 1844 846 1892 Modo
872 1845 1002 1892 enim
1030 1843 1224 1908 genitivi
1253 1842 1457 1908 plurales
1482 1853 1731 1908 ponuntur
1753 1843 1848 1892 hoc
1871 1845 2039 1904 modo,
2072 1847 2451 1911 «cogitationum

314 1934 360 1970 et
389 1926 712 1973 accusantium
729 1961 742 1985 ‚
782 1946 805 1969 2>
849 1934 932 1973 aut
976 1925 1122 1972 etiam
1151 1923 1513 1990 defendentium
1531 1943 1545 1983 ;
1587 1923 1736 1971 modo
1780 1924 1976 1972 ablativi
2007 1926 2100 1988 sic,
2141 1945 2165 1972 «
2199 1927 2453 1990 cogitatio-

313 2005 454 2054 nibus
484 2006 835 2068 accusantibUS,
866 2016 996 2054 etc.»
1025 2005 1164 2053 Unde
1189 2006 1493 2069 Augustinus,
1520 2004 1578 2051 de
1609 2006 1810 2052 Ciuitate
1831 2008 1944 2069 Dei,
1976 2006 2063 2055 lib.
2090 2010 2174 2054 XX
2197 2026 2208 2054 :
2237 2028 2259 2051 «
2285 2011 2338 2055 ln
2369 2023 2452 2056 co-

313 2087 620 2148 gitationibus
646 2088 794 2150 enim,
820 2108 843 2131 2>
871 2087 990 2135 sicut
1013 2087 1244 2153 scriptum
1268 2096 1338 2134 est
1355 2125 1368 2144 ,
1400 2107 1422 2130 «
1448 2086 1584 2151 impii
1610 2086 1920 2150 interrogatio
1951 2089 2056 2135 erit.
2084 2091 2143 2135 Et
2166 2088 2420 2154 Apostolus
2438 2126 2450 2148 ,

315 2186 335 2208 «
357 2169 760 2232 Cogitationibus,
780 2189 802 2214 »
828 2169 1002 2234 inquit,
1033 2189 1055 2212 «
1075 2166 1428 2227 accusantibus,
1449 2187 1472 2211 ³>
1498 2166 1575 2214 vel
1596 2167 1737 2214 etiam
1758 2168 2118 2231 excusantibus,
2143 2189 2165 2211 «
2183 2169 2232 2215 in
2255 2169 2334 2216 die
2356 2185 2452 2234 qua

318 2265 339 2289 «
357 2249 588 2310 judicabit
602 2253 731 2297 Deus
749 2250 935 2297 occulta
950 2250 1227 2309 hominum,
1242 2259 1332 2296 etc.
1353 2268 1375 2292 >³
1392 2247 1525 2295 Idem
1541 2249 1592 2294 in
1609 2248 1857 2295 Psalmum
1881 2266 2053 2298 cxvm:
2074 2270 2095 2294 α
2115 2250 2290 2297 Omnia
2307 2265 2453 2315 opera

314 2325 387 2372 vel
407 2327 536 2377 bona
557 2329 633 2377 vel
655 2330 780 2377 mala
804 2347 827 2377 a
856 2330 1145 2394 cogitatione
1172 2329 1458 2394 procedunt.
1487 2331 1540 2375 In
1563 2329 1853 2391 cogitatione
1882 2330 2087 2394 quisque
2117 2330 2377 2391 innocens,
2403 2329 2453 2376 in

312 2407 597 2470 cogitatione
619 2427 729 2458 reus
750 2420 835 2458 est.
856 2412 1058 2475 Propter
1079 2409 1213 2474 quod
1237 2410 1467 2474 scriptum
1487 2418 1592 2456 est«
1612 2409 1847 2473 Cogitatio
1870 2419 2034 2457 sancta
2051 2409 2258 2458 servabit
2277 2418 2375 2456 te.»
2398 2411 2455 2455 Et

311 2486 447 2535 alibi:
466 2508 488 2533 «
504 2493 555 2536 In
572 2491 941 2555 cogitationibus
961 2491 1095 2556 impii
1111 2491 1423 2553 interrogatio
1441 2490 1546 2537 erit.
1567 2492 1662 2536 »Et
1683 2491 1938 2555 Apostolus
1955 2509 1966 2537 ε
1983 2511 2006 2534 ι(
2021 2489 2451 2555 Cogitationibus‚»

312 2568 482 2632 inquit,
504 2591 527 2614 «
549 2572 882 2620 accusantibus
908 2582 989 2619 aut
1013 2573 1156 2619 etiam
1183 2570 1539 2632 excusantibus,
1561 2579 1651 2618 etc.
1670 2590 1693 2613 2>
1722 2569 1856 2617 Idem
1877 2572 1925 2616 in
1950 2570 2200 2618 Psalmum
2216 2573 2271 2616 v¹
2292 2587 2302 2615 :
2325 2588 2348 2614 «
2362 2571 2455 2616 De-

311 2648 470 2696 cidant
490 2667 517 2697 a
533 2651 903 2715 cogitationibus
923 2653 1038 2713 suis,
1058 2671 1080 2696 »
1098 2652 1281 2699 dictum
1299 2660 1395 2713 est3
1418 2650 1644 2698 decidant
1664 2649 2001 2698 accusantibus
2019 2667 2069 2698 se
2085 2647 2455 2714 cogitationibus

314 2729 421 2789 suis,
448 2733 739 2781 conscientia
759 2750 862 2796 sua,
887 2734 1008 2781 sieut
1034 2733 1292 2798 Apostolus
1315 2732 1452 2791 dicit,
1481 2752 1503 2776 «
1530 2731 1888 2795 Cogitationum
1906 2732 2234 2780 accusantium
2254 2747 2338 2778 seu
2354 2729 2456 2777 'de—-

318 2804 627 2872 sendentium,
648 2823 739 2860 etc.
757 2835 780 2858 »
801 2818 923 2862 Puto
948 2824 1109 2862 autem
1127 2813 1254 2861 hanc
1275 2813 1441 2859 litterae
1464 2812 1780 2860 variationem
1803 2813 2008 2860 maxime
2030 2829 2085 2860 ex
2107 2809 2455 2865 consuetudine

317 2885 487 2933 Graecae
521 2888 690 2952 linguae
723 2894 1001 2958 contigisse3
1037 2911 1149 2941 cum
1171 2892 1395 2940 videlicet
1428 2892 1579 2939 Graeci
1609 2891 1817 2939 ablativo
1851 2901 2085 2953 carentes,
2121 2891 2331 2956 genitivo
2365 2904 2454 2952 pro

320 2962 524 3012 ablativo
548 2978 765 3016 utuntur.
792 2973 930 3020 Unde
951 2973 1126 3020 factum
1144 2983 1231 3035 est,
1258 2982 1312 3019 ut
1333 2972 1599 3019 secundum
1625 2971 1837 3020 diversas
1855 2972 2188 3019 translationes
2209 2987 2266 3015 ex
2288 2969 2454 3013 Graeco

319 3041 366 3086 in
400 3044 647 3108 Latinum,
680 3049 829 3096 modo
855 3051 1086 3115 genitivus
1108 3062 1321 3100 retentus
1352 3061 1422 3099 est
1454 3053 1502 3098 in
1527 3053 1695 3099 Latino
1725 3053 1846 3100 sicut
1874 3061 1977 3099 erat
1998 3052 2047 3097 in
2077 3052 2271 3108 Graeco,
2305 3044 2454 3094 modo

359 3197 367 3215 ³
390 3195 494 3228 Locus
515 3206 647 3230 mancus
658 3223 669 3239 ‚
693 3202 738 3232 sic
754 3203 972 3236 restituendus
989 3215 997 3235 :
1023 3219 1037 3234 ι
1055 3206 1211 3240 Decidant
1233 3217 1311 3247 ergo
1328 3216 1346 3240 a
1419 3208 1464 3239 tia
1480 3216 1550 3246 sua,
1568 3208 1653 3240 sicut
1668 3206 1844 3247 Apostolus
1862 3207 1957 3238 dicitt
1968 3217 1985 3233 α
1997 3205 2039 3237 Et
2055 3204 2286 3243 cogitationum
2303 3211 2454 3235 accusan-

316 3258 334 3280 a
351 3251 602 3289 cogitationibus
618 3254 701 3292 suis,
727 3255 847 3286 dictum
866 3261 930 3294 est;
950 3258 1100 3289 decidant
1121 3261 1347 3292 accusantibus
1419 3261 1499 3291 tium
1517 3270 1573 3292 seu
1591 3260 1849 3300 defendentium,
1867 3262 1899 3292 in
1918 3260 2111 3291 retentione
2124 3259 2202 3299 justi
2216 3257 2328 3298 judicii
2346 3255 2415 3288 Dei.
2435 3268 2452 3284 ⁷·

317 3311 351 3334 se
365 3305 615 3343 cogitationibus
631 3307 709 3346 suis,
737 3309 956 3341 testimonium
974 3312 1165 3350 perhibente
1181 3315 1347 3347 conscien-
1420 3314 1503 3356 Opp.
1519 3338 1528 3355 ,
1546 3320 1569 3347 t.
1586 3315 1640 3355 IV,
1661 3325 1690 3348 c.
1713 3316 1763 3348 19.
