2638 3866
1125 184 1438 237 DIALOGUS.
2261 187 2355 236 647

207 284 370 333 rustici
390 293 443 331 ut
469 282 662 331 litterati
689 283 750 331 de
780 276 872 332 hac
898 284 1074 332 sentire
1107 295 1403 348 asseruntur,
1439 295 1488 334 et
1517 285 1596 334 ille
1628 284 1929 335 firmissimus
1960 287 2009 335 in
2042 286 2139 336 fide
2160 287 2354 349 dicitur,

204 365 285 431 qui
329 381 641 413 communem
676 364 847 431 populi
879 380 981 411 non
1016 365 1204 412 excedit
1240 383 1452 414 sensum.
1480 366 1626 426 Quod
1658 367 1877 433 profecto
1919 367 2030 416 ideo
2069 379 2255 417 certum
2287 381 2359 418 est

203 445 438 506 accidere,
478 444 614 511 quod
651 444 833 493 nemini
862 444 994 510 apud
1028 462 1142 493 suos
1173 447 1292 511 quid
1323 448 1384 495 sit
1406 447 1704 496 credendum
1735 449 1846 497 licet
1876 448 2136 514 inquirere,
2174 467 2265 499 nec
2296 450 2359 499 de

205 525 282 573 his
320 543 427 591 quae
466 525 528 573 ab
565 525 794 574 omnibus
825 524 1052 573 dicuntur
1086 527 1286 592 impune
1323 527 1563 577 dubitare.
1603 528 1758 577 Pudet
1793 546 2004 594 namque
2038 530 2259 579 homines
2298 532 2360 580 de

204 605 281 654 his
302 623 351 655 se
382 607 686 672 interrogari,
721 606 783 654 de
805 605 983 672 quibus
1014 607 1310 672 respondere
1338 625 1439 656 non
1473 608 1732 658 sufficiunt.
1768 613 1920 659 Nemo
1949 612 2130 678 quippe
2156 612 2362 661 libenter

205 687 413 746 accedit,
457 687 540 753 qui
571 687 634 736 de
670 687 880 754 propriis
908 686 1092 735 viribus
1126 688 1326 751 diffidit,
1363 700 1409 737 et
1442 690 1694 739 ultroneus
1725 692 1874 740 currit
1908 692 1970 740 ad
2003 710 2243 759 pugnam,
2276 695 2361 760 qui

204 768 414 817 victoriae
451 777 612 835 sperat
634 768 854 833 gloriam.
898 769 956 816 Hi
992 770 1135 817 etiam
1173 770 1222 817 in
1259 779 1442 819 tantam
1483 788 1607 838 saepe
1643 783 1969 838 prorumpunt
2002 775 2266 836 insaniam,
2306 786 2362 823 ut

206 848 341 914 quod
375 865 425 896 se
447 864 549 896 non
573 865 716 914 posse
748 848 1013 913 intelligere
1044 849 1582 911 confitentur,credere
1610 870 1662 901 se
1687 852 1902 919 profiteri
1930 870 2030 902 non
2056 855 2357 916 erubescant,

206 929 341 994 quasi
363 929 413 977 in
438 929 710 996 prolatione
733 929 994 979 verborum
1025 931 1186 998 potius
1211 948 1360 997 quam
1390 933 1439 981 in
1470 933 1907 999 comprehensione
1927 935 2076 982 animi
2098 934 2218 983 fides
2245 952 2362 984 con·

206 1010 365 1072 sistat,
404 1020 452 1058 et
485 1010 582 1059 oris
614 1011 719 1077 ipsa
757 1014 816 1059 sit
853 1013 1003 1076 magis
1034 999 1199 1078 quam⁴
1219 1013 1398 1061 cordis.
1429 1015 1524 1072 Qui
1555 1014 1670 1063 hinc
1702 1023 1800 1080 quo
1831 1016 2038 1064 maxime
2073 1016 2358 1081 gloriantur,

210 1107 324 1139 cum
355 1100 488 1139 tanta
514 1091 713 1140 credere
741 1091 1023 1153 videantur,
1058 1111 1164 1159 quae
1187 1110 1278 1141 nec
1303 1110 1390 1142 ore
1422 1094 1590 1143 disseri
1626 1113 1718 1144 nec
1741 1105 1902 1144 mente
1931 1097 2124 1163 concipi
2150 1097 2358 1146 valeant.

206 1174 351 1231 Quos
393 1172 537 1221 etiam
573 1172 696 1222 adeo
730 1184 1140 1240 praesumptuosos
1173 1183 1222 1222 et
1257 1173 1408 1223 elatos
1455 1175 1567 1223 facit
1601 1177 1808 1242 propriae
1857 1187 1995 1225 sectae
2025 1178 2326 1243 singularitas
2346 1217 2358 1238 ‚

206 1262 261 1300 ut
294 1268 614 1319 quoscunque
648 1270 678 1303 a
716 1271 767 1302 se
802 1255 1013 1303 viderint
1042 1256 1092 1303 in
1134 1254 1230 1303 fide
1262 1255 1471 1317 divisos,
1514 1273 1541 1304 a
1576 1257 1907 1306 misericordia
1943 1259 2032 1307 Dei
2069 1259 2281 1321 alienos,
2316 1271 2365 1308 et

205 1333 436 1382 omnibus
468 1334 574 1383 aliis
607 1335 968 1397 condemnatis,
1003 1336 1134 1384 solos
1168 1353 1219 1384 se
1250 1336 1517 1402 praedicent
1547 1336 1733 1386 beatos.
1781 1338 1878 1386 Diu
1914 1340 2075 1404 itaque
2107 1340 2236 1389 hanc
2274 1358 2364 1406 ego

207 1414 394 1480 generis
415 1414 617 1463 humani
642 1417 904 1465 caecitatem
927 1426 1072 1482 atque
1098 1417 1373 1483 superbiam
1399 1418 1731 1481 considerans,
1757 1419 1820 1467 ad
1842 1419 2057 1468 divinam
2075 1438 2154 1469 me
2177 1422 2362 1469 contuli

205 1495 604 1556 misericordiam,
637 1497 915 1563 suppliciter
942 1508 990 1546 et
1007 1498 1183 1564 jugiter
1210 1515 1318 1546 eam
1346 1498 1631 1565 imploranS,
1660 1509 1714 1546 ut
1737 1499 1799 1548 de
1823 1510 1953 1548 tanta
1976 1517 2198 1549 errorum
2220 1519 2364 1551 vora-

204 1577 315 1641 gine
338 1586 386 1624 et
420 1586 520 1624 tam
551 1577 811 1626 miserabili
843 1578 1077 1644 charybdi
1106 1595 1185 1627 me
1213 1578 1439 1644 dignetur
1466 1579 1672 1627 educere
1708 1589 1851 1645 atque
1881 1580 1944 1629 ad
1977 1591 2174 1647 portum
2202 1583 2367 1631 salutis

204 1656 267 1705 de
297 1658 443 1705 tantis
465 1658 689 1724 procellis
713 1658 938 1725 dirigere.
964 1663 1036 1708 De
1059 1676 1158 1725 quo
1184 1661 1328 1708 etiam
1351 1677 1484 1707 nunc
1507 1678 1586 1708 me
1607 1661 1780 1708 videtis
1813 1661 2072 1710 sollicitum
2094 1673 2140 1710 et
2163 1680 2364 1729 respon·

215 1738 411 1787 sionum
433 1749 702 1787 vestrarum
726 1740 1032 1789 documentis
1054 1751 1287 1807 tanquam
1312 1741 1606 1807 discipulum
1626 1741 1941 1790 vehementer
1963 1744 2222 1792 intentum.

267 1822 476 1868 JUDAEUS.
513 1823 648 1868 Duos
683 1821 881 1886 quidem
914 1822 1055 1870 simul
1094 1823 1436 1886 interrogasti,
1483 1823 1569 1870 sed
1603 1822 1727 1871 duos
1770 1823 1908 1871 simul
1934 1826 2230 1890 respondere
2263 1844 2364 1875 non

208 1900 458 1959 convenit,
500 1917 563 1949 ne
605 1901 888 1950 multitudo'
911 1902 1219 1967 loquentium
1256 1903 1525 1970 praepediat
1566 1903 1879 1952 intellectum.
1924 1906 2278 1971 Respondebo,
2326 1910 2363 1956 si

202 1981 377 2047 placet,
405 1998 495 2046 ego
526 1983 729 2048 primus,
768 1985 882 2049 quia
913 1985 1058 2050 primi
1090 2001 1183 2032 nos
1214 1986 1263 2032 in
1296 1984 1481 2032 cultum
1514 1985 1604 2033 Dei
1634 1985 1872 2046 venimuS,
1909 1987 1985 2034 vel
2012 1987 2217 2051 primam
2250 1989 2365 2053 legis

205 2063 506 2129 suscepimus
539 2063 860 2129 disciplinam.
889 2068 1055 2113 Frater
1075 2082 1191 2112 vero
1220 2065 1308 2112 iste
1335 2066 1419 2130 qui
1443 2082 1493 2112 se
1518 2065 1835 2113 christianum
1863 2066 2137 2131 profitetur,
2167 2069 2253 2116 ubi
2285 2086 2364 2117 me

205 2142 419 2191 deficere
460 2144 538 2191 vel
584 2145 748 2192 minus
785 2145 1004 2193 sufficere
1040 2146 1372 2210 conspexerit,
1426 2146 1782 2211 imperfectioni
1820 2163 1939 2194 meae
1981 2148 2116 2211 quod
2159 2149 2364 2198 desuerit

202 2223 468 2289 supplebit,
499 2225 582 2289 qui
605 2226 742 2290 quasi
762 2225 862 2273 duo
891 2241 1072 2273 cornua
1095 2225 1145 2272 in
1169 2224 1363 2272 duobus
1391 2242 1561 2289 gerens
1581 2227 1922 2287 Testamentis,
1948 2227 2126 2292 quibus
2148 2240 2360 2278 armatus

204 2302 412 2352 validius
434 2304 564 2353 hosti
585 2306 805 2354 resistere
826 2306 1005 2372 poterit
1027 2315 1076 2353 et
1098 2305 1347 2353 dimicare.

269 2388 558 2435 Pmmsopn.
586 2388 822 2436 Assentio.

268 2469 475 2515 JUDAEUS.
510 2471 615 2516 Hoc
643 2477 806 2517 autem
840 2480 952 2519 ante
981 2470 1253 2519 collationis
1287 2481 1463 2520 nostrae
1493 2471 1775 2522 conflictum
1806 2491 2108 2540 praemonere
2142 2484 2190 2522 te
2217 2474 2356 2537 volo,

154 2539 155 2542 Ἴ
203 2562 267 2596 ne
308 2548 349 2596 si
382 2548 506 2597 forte
542 2549 898 2616 simplicitatem
935 2567 1095 2599 meam
1129 2551 1579 2618 philosophicarum
1616 2555 1813 2603 veritate
1856 2556 2101 2603 rationum
2137 2572 2363 2621 superare

203 2628 432 2690 videariS,
468 2639 515 2678 te
548 2640 741 2679 nostros
770 2631 882 2680 ideo
905 2633 1076 2681 vicisse
1107 2633 1341 2696 glorieris,
1376 2650 1467 2694 nec
1490 2633 1866 2684 imbecillitatem
1902 2636 2044 2683 unius
2072 2635 2361 2684 homunculi

202 2708 264 2756 ad
295 2710 467 2774 populi
497 2711 646 2759 totius
677 2723 930 2760 convertas
960 2713 1296 2778 ignominiam,
1324 2730 1415 2762 nec
1436 2731 1495 2763 ex
1527 2715 1738 2763 hominis
1762 2716 1881 2763 vitio
1911 2715 2057 2764 fidem
2081 2716 2358 2782 redarguas,

202 2804 294 2836 nec
316 2804 425 2836 eam
447 2789 755 2838 calumnieris
771 2808 1042 2853 erroneam,
1069 2793 1204 2858 quod
1227 2810 1318 2857 ego
1338 2810 1447 2842 eam
1469 2795 1701 2842 disserere
1725 2796 1887 2844 minus
1909 2796 2162 2845 sufficiam.

269 2872 458 2917 PfflLos.
485 2872 544 2917 Et
565 2869 662 2918 hoc
684 2888 882 2937 quoque
904 2873 1108 2939 provide
1130 2874 1242 2922 satis
1266 2874 1460 2922 videtur
1482 2892 1585 2923 esse
1604 2875 1812 2936 dictum3
1839 2876 1924 2925 sed
1946 2877 2077 2925 nulla
2102 2887 2173 2926 est
2196 2894 2360 2927 neces·

201 2951 340 2998 sitate
359 2951 675 3016 praemissum,
702 2969 815 3000 cum
838 2970 916 3001 me
937 2953 1162 3003 videlicet
1184 2953 1247 3002 ad
1272 2955 1483 3003 veritatis
1506 2956 1886 3021 inquisitionem,
1914 2975 2016 3006 non
2049 2958 2112 3007 ad
2142 2959 2360 3008 elationis

200 3032 576 3079 ostentationem
604 3031 827 3081 laborare
849 3050 951 3082 non
979 3033 1224 3097 dubitetis,
1253 3052 1345 3084 nec
1369 3046 1421 3084 ut
1449 3036 1716 3102 sophistam
1741 3038 1989 3100 corrixari,
2014 3039 2099 3087 sed
2119 3050 2172 3088 ut
2197 3039 2361 3106 philo-

199 3111 467 3179 losophum
492 3113 701 3161 rationes
724 3115 944 3177 scrutari,
971 3125 1042 3176 et,
1069 3115 1205 3181 quod
1229 3127 1300 3165 est
1329 3118 1613 3178 maximum,
1649 3135 1729 3166 me
1750 3118 1953 3167 salutem
1977 3120 2150 3169 anima:
2172 3123 2356 3170 venari.

268 3196 475 3242 JUDAEUS.
501 3195 742 3243 Dominus
761 3195 863 3261 ipse
886 3196 971 3261 qui
994 3195 1128 3244 hunc
1153 3198 1311 3246 zelum
1338 3198 1426 3246 tibi
1447 3199 1577 3247 visus
1600 3210 1672 3247 est
1695 3200 1976 3266 inspirasse,
2015 3211 2070 3249 ut
2090 3219 2182 3268 pro
2207 3202 2359 3250 salute

203 3273 374 3322 animae
401 3285 495 3323 tuae
529 3284 663 3325 tanta
690 3293 804 3324 eum
833 3277 1048 3343 inquiras
1077 3278 1425 3342 sollicitudine,
1451 3279 1596 3329 nobis
1619 3280 1748 3329 hanc
1779 3282 1995 3331 conserat
2015 3282 2322 3331 collationem
2340 3320 2352 3344 ,
