2638 3866
892 220 1236 271 THEOLOGIA
1281 222 1654 272 CHRISTIANA.
2255 224 2350 272 387

199 329 322 375 sicut
354 334 402 374 et
437 322 687 390 prophetis
720 321 1139 370 familiarissimum
1175 332 1262 382 est,
1304 334 1356 372 ut
1387 324 1612 373 videlicet
1638 339 1752 371 cum
1784 324 1850 372 ad
1878 339 2056 372 arcana
2085 324 2352 391 prophetiae

203 405 537 475 pervenerint,
579 403 699 452 nihil
736 401 1013 468 vulgaribus
1045 403 1204 452 verbis
1252 405 1480 464 efferant,
1519 404 1605 453 sed
1641 405 2087 471 comparationibus
2128 405 2351 454 similitu·

201 488 373 537 dinum
404 486 634 535 lectorem
673 483 823 548 magis
856 483 1080 533 alliciant.
1125 488 1243 544 Quae
1275 486 1408 535 enim
1443 487 1579 552 quasi
1615 485 1832 534 fabulosa
1872 497 2012 535 antea
2042 486 2347 546 videbantur,

203 580 251 617 et
283 568 346 618 ab
379 568 514 616 omni
540 566 740 615 utilitate
771 574 973 626 remota,
1009 565 1278 614 secundum
1303 566 1470 615 litterae
1505 566 1827 634 superficiem,
1862 569 2068 631 gratiora
2100 578 2212 616 sunt
2239 585 2352 616 cum

206 651 390 715 magnis
419 649 563 716 plena
596 646 834 713 mysteriis
863 646 1178 713 postmodum
1206 657 1412 714 reperta,
1449 665 1633 714 magnae
1670 649 1718 696 in
1755 665 1805 696 se
1836 649 2067 697 doctrinae
2103 651 2353 698 continent

202 731 590 780 aedificationem.
632 727 710 776 Ob
746 727 843 776 hoc
883 727 1042 789 enim,
1084 737 1201 775 teste
1236 729 1530 794 Augustino,
1570 739 1814 795 teguntur,
1865 747 1926 777 ne
1985 730 2243 792 vilescant,
2287 748 2352 795 qu

204 811 421 861 secundo
455 809 655 875 quidem
681 808 808 856 libro
832 807 891 856 de
909 809 1144 855 Doctrina
1166 808 1448 871 christiana,
1488 827 1603 859 cum
1632 826 1803 859 causas
1828 809 2120 858 difficultatis
2151 821 2197 858 et
2214 811 2352 860 facii—

205 893 348 941 litatis
384 907 528 940 sacrae
556 891 811 956 Scripturae
843 890 1076 956 aperiret,
1118 890 1213 937 ait¹
1256 909 1265 937 :
1305 890 1560 940 «Obscure
1596 891 1817 956 quaedam
1855 888 1982 940 dicta
2022 891 2353 939 densissimam

205 974 459 1038 caliginem
488 971 759 1034 obducunt,
789 970 923 1036 quod
949 980 1103 1019 totum
1128 971 1376 1036 provisum
1410 989 1512 1020 esse
1535 973 1763 1021 divinitus
1786 990 1886 1021 non
1919 972 2108 1035 dubito,
2146 972 2207 1020 ad
2240 972 2355 1020 edo-

206 1054 436 1102 mandam
467 1052 633 1102 labore
663 1051 956 1119 superbiam,
995 1062 1041 1100 et
1062 1051 1360 1101 intellectum
1394 1069 1422 1101 a
1456 1053 1647 1102 fastidio
1681 1054 2031 1113 revocandum,
2072 1071 2184 1101 cum
2225 1052 2356 1101 facile

207 1135 486 1200 investigata
521 1133 809 1201 plerumque
838 1133 1092 1182 vilescunt.
1115 1152 1140 1179 »
1177 1136 1319 1182 Item²
1358 1152 1368 1181 :
1400 1136 1534 1194 «Qui
1569 1150 1765 1201 prorsus
1797 1152 1895 1183 non
1933 1136 2186 1183 inveniunt
2222 1133 2356 1198 quod

207 1225 447 1281 quaerunt,
487 1215 613 1263 fame
635 1213 886 1277 laborant3
915 1216 999 1280 qui
1038 1225 1202 1263 autem
1234 1232 1337 1263 non
1372 1226 1612 1281 quaerunt,
1654 1217 1767 1281 quia
1805 1217 1853 1263 in
1893 1225 2126 1282 promptu
2148 1214 2355 1276 habent,

208 1296 397 1345 fastidio
423 1312 546 1362 saepe
568 1305 889 1344 marcescunt.
918 1295 1066 1360 Igitur
1088 1295 1340 1344 salubriter
1371 1297 1578 1364 Spiritus
1601 1307 1794 1345 sanctus
1819 1298 1886 1345 ita
1914 1298 2174 1362 scripturas
2197 1294 2360 1342 modi-

208 1377 384 1438 ficavit,
426 1386 479 1424 ut
510 1377 629 1425 locis
661 1377 979 1443 apertioribus
1011 1377 1125 1425 fami
1155 1388 1447 1440 occurreret,
1478 1378 1840 1426 obscurioribus
1870 1388 2031 1426 autem
2064 1377 2250 1425 fastidia
2275 1376 2360 1423 de·

207 1468 427 1522 tergeret.
457 1478 481 1503 »
517 1459 667 1516 Quasi
698 1475 815 1524 ergo
834 1459 884 1506 in
908 1458 1102 1507 latebris
1126 1459 1365 1507 Dominus
1385 1459 1631 1524 quiescere
1648 1459 1849 1525 gaudet,
1894 1469 1945 1506 ut
1982 1475 2080 1524 quo
2120 1458 2271 1521 magis
2311 1474 2362 1504 se

207 1539 435 1602 occultat,
463 1540 643 1604 gratior
664 1541 722 1588 sit
744 1540 835 1588 illis
854 1539 1032 1606 quibus
1048 1557 1097 1588 se
1114 1540 1403 1602 manifestat,
1430 1557 1531 1607 quo
1558 1541 1708 1606 magis
1727 1558 1784 1588 ex
1807 1539 2088 1588 difficultate
2111 1539 2364 1604 Scripturae

207 1620 470 1682 laboratur,
513 1620 739 1668 meritum
774 1620 1014 1670 lectorum
1052 1632 1297 1687 augeatur.
1338 1625 1409 1670 De
1442 1639 1540 1687 quo
1576 1621 1868 1683 Psalmista³,
1914 1620 2140 1686 «Posuit,
2180 1619 2359 1684 inquit,

210 1701 429 1750 tenebras
455 1700 711 1749 latibulum
745 1719 906 1751 suum.
925 1723 948 1748 >›
975 1706 1035 1750 Et
1064 1705 1314 1751 rursum⁴z
1345 1722 1367 1747 ι(
1387 1702 1661 1751 Tenebrosa
1694 1718 1820 1767 aqua
1850 1702 1900 1749 in
1929 1700 2142 1749 nubibus
2177 1699 2315 1760 aeris,
2336 1718 2357 1743 n

209 1783 346 1846 quia,
381 1782 539 1847 inquit
587 1783 877 1847 Gregorius,
905 1783 1113 1831 obscura
1135 1793 1204 1831 est
1229 1784 1426 1831 scientia
1455 1784 1506 1830 in
1530 1782 1798 1849 prophetis.
1837 1785 1909 1830 De
1934 1799 2033 1848 quo
2062 1791 2110 1829 et
2133 1780 2365 1845 scriptum

207 1873 279 1910 est
296 1864 345 1910 in
362 1862 488 1927 lege‘⁵
519 1880 530 1909 z
563 1883 586 1906 «
610 1864 818 1911 Accessit
841 1866 1030 1929 Moyses
1052 1863 1115 1912 ad
1140 1864 1396 1928 caliginem
1422 1865 1473 1912 in
1508 1880 1607 1929 qua
1630 1873 1732 1912 erat
1755 1867 1902 1911 Deus.
1927 1883 1950 1909 »
1980 1865 2038 1910 Et
2062 1861 2291 1910 Salomon
2316 1861 2365 1907 in

208 1943 619 2008 Paralipomenon
640 1944 707 1992 ait
722 1945 736 1969 ⁶
762 1962 772 1991 ε
804 1946 1079 1994 «Dominus
1100 1945 1343 2012 pollicitus
1365 1955 1438 1994 est
1462 1955 1513 1993 ut
1533 1944 1773 1994 habitaret
1793 1946 1844 1992 in
1868 1945 2086 2009 caligine.
2109 1965 2132 1987 ‚2
2159 1942 2291 1990 Idem
2315 1942 2363 1989 in

210 2024 502 2073 Proverbiis-⁷
530 2044 579 2072 2«
595 2025 760 2073 Gloria
782 2027 872 2073 Dei
895 2035 966 2074 est
987 2027 1142 2076 celare
1166 2027 1400 2090 verbum,
1427 2037 1475 2075 et
1505 2027 1654 2092 gloria
1679 2043 1848 2092 regum
1875 2026 2159 2089 investigare
2184 2040 2366 2071 sermo·

211 2123 341 2154 nem.
363 2125 387 2151 »
429 2107 525 2165 Qui
558 2107 702 2155 etiam
740 2106 802 2154 ad
834 2108 1182 2173 scripturarum
1218 2108 1535 2159 obscuritates
1576 2109 1712 2173 quasi
1751 2108 1813 2155 ad
1847 2106 2069 2166 latebras,
2106 2106 2154 2152 in
2190 2103 2367 2169 quibus

209 2186 483 2234 inveniatur
519 2190 673 2248 Deus,
713 2188 1086 2253 perscrutandas
1123 2189 1293 2237 invitat
1324 2205 1415 2236 nos
1447 2190 1495 2236 in
1532 2188 1801 2235 Proverbiek
1836 2187 2034 2234 dicens⁸
2073 2204 2082 2232 :
2117 2205 2138 2230 α
2168 2185 2367 2250 Sapiens

211 2268 561 2315 animadvertet
598 2268 882 2334 parabolam
925 2279 971 2317 et
1002 2270 1481 2335 interpretationem,
1518 2269 1664 2317 verba
1707 2268 1994 2334 sapientium
2032 2277 2080 2315 et
2118 2267 2367 2330 aenigmata

212 2365 411 2410 eorum;
437 2369 460 2392 ³>
487 2366 594 2413 quae
625 2349 825 2413 quidem
847 2359 982 2398 tanto
1002 2351 1189 2399 cariora
1223 2361 1335 2399 sunt
1354 2350 1613 2411 intellecta,
1650 2359 1834 2415 quanto
1865 2350 1914 2396 in
1947 2348 2022 2395 his
2047 2345 2367 2411 intelligendis

213 2429 367 2493 major
395 2445 554 2494 operae
577 2428 700 2477 facta
730 2439 803 2477 est
826 2430 1060 2496 impensa.
1092 2432 1216 2479 Hinc
1245 2441 1294 2480 et
1322 2431 1443 2479 illud
1465 2431 1748 2496 Hieronymi
1774 2430 1834 2478 ad
1867 2431 2097 2494 Magnum
2123 2437 2366 2476 oratorem

211 2509 462 2558 scribentis
482 2527 626 2575 super
647 2510 745 2558 hoc
768 2511 928 2577 ipsum
952 2512 1088 2578 quod
1109 2513 1159 2560 in
1185 2513 1387 2561 exordio
1410 2511 1777 2560 Proverbioram
1801 2511 2032 2559 Salomon
2060 2508 2211 2556 modo
2237 2507 2367 2554 dixe2

211 2592 272 2638 rit
307 2609 316 2637 :
345 2594 441 2638 «In
479 2591 714 2652 exordio,-
743 2593 925 2658 inquit,
968 2582 1336 2642 Proverbioratn
1367 2604 1649 2643 commonet
1682 2604 1736 2641 ut
1769 2592 2091 2656 intelligamus
2121 2604 2366 2637 sermones

212 2671 497 2735 prudentiae,
539 2674 865 2738 versutiasque
901 2674 1182 2737 verborum,
1217 2675 1490 2740 parabolas,
1530 2685 1576 2721 et
1609 2674 1871 2721 obscurum
1909 2687 2201 2728 sermonem,
2239 2669 2368 2716 dicta

212 2753 520 2817 sapientium,
547 2763 594 2801 et
621 2755 873 2820 aenigmata
902 2771 1008 2819 quae
1038 2757 1236 2821 proprie
1269 2755 1634 2803 dialecticorum
1668 2764 1715 2802 et
1748 2752 2155 2818 philosophorum
2187 2758 2364 2797 sunt.»

213 2835 462 2890 Quantum
491 2834 636 2881 etiam
655 2851 850 2900 semper
867 2835 1180 2901 philosophia
1200 2852 1375 2883 arcana
1399 2852 1484 2882 sua
1507 2834 1652 2881 nudis
1674 2833 1907 2899 publicari
1933 2831 2092 2880 verbis
2111 2830 2368 2894 dedignata

212 2913 288 2974 sit,
330 2923 378 2961 et
413 2914 620 2961 maxime
657 2914 720 2962 de
756 2914 941 2973 anima,
983 2925 1030 2962 et
1065 2915 1126 2962 de
1163 2915 1278 2976 diis,
1317 2930 1404 2980 per
1436 2914 1656 2962 fabulosa
1688 2912 1909 2978 quaedam
1951 2912 2200 2960 involucra
2232 2909 2369 2975 loqui

213 2995 545 3055 consueverit,
587 2994 665 3041 ille
698 3010 799 3042 non
841 2995 1100 3043 mediocris
1146 2995 1467 3061 philosophus
1508 3004 1555 3042 et
1591 2995 1755 3059 magni
1800 2992 2079 3060 philosophi
2125 2990 2369 3042 Ciceronis

217 3075 462 3139 expositor
483 3074 756 3123 Macrobius
784 3074 1147 3140 diligentissime
1172 3076 1330 3124 docet.
1359 3075 1570 3124 Remotis
1592 3076 1723 3123 enim
1747 3073 2002 3139 generibus
2027 3072 2368 3138 figmentorum

278 3281 339 3314 'De
362 3283 470 3317 doctr.
500 3283 643 3324 Christ„
670 3285 728 3318 lib.
758 3284 799 3325 ll,
827 3294 900 3326 cap.
916 3294 963 3318 vi.
979 3303 1017 3310 —
1031 3286 1043 3305 ²
1057 3285 1146 3320 Ibid.
1174 3303 1212 3310 -
1234 3287 1246 3307 ³
1261 3285 1392 3319 Psalm.
1410 3294 1491 3325 xvn,
1508 3294 1539 3318 v.
1560 3286 1611 3320 12.
1628 3302 1671 3310 —
1685 3286 1697 3306 ⁴
1711 3285 1798 3319 Ibid.
1819 3302 1858 3309 -
1875 3286 1886 3306 ⁵
1901 3284 2021 3324 Exod„
2037 3292 2109 3324 cap.
2129 3291 2186 3323 xx,
2205 3290 2234 3314 v.
2254 3281 2306 3314 21.
2329 3297 2369 3304 -

245 3334 367 3368 Paral.
389 3335 433 3378 ll,
457 3346 531 3379 cap.
548 3346 593 3377 vi,
614 3347 646 3371 v.
666 3339 694 3372 1.
717 3355 759 3364 —
774 3340 784 3360 '¹
801 3340 918 3381 Prov„
937 3348 1010 3382 cap.
1028 3349 1109 3383 xxv,
1122 3349 1156 3375 v.
1174 3342 1205 3375 2.
1226 3356 1264 3364 -
1287 3340 1299 3361 ⁸
1314 3340 1433 3380 Prov„
1448 3347 1521 3381 cap·
1539 3348 1564 3381 ¹2
1578 3347 1608 3372 V·
1624 3340 1657 3373 6·
