2638 3866
257 247 350 295 562
1058 247 1225 296 PETR1
1261 237 1581 296 ABAELARm

254 348 449 396 salvare.
487 351 591 395 Non
625 348 754 395 0111111
787 348 1014 413 possibile
1046 358 1116 397 est
1149 348 1459 411 antecedens,
1500 349 1592 396 nisi
1625 349 1852 415 possibile
1882 350 1942 397 sit
1975 359 2022 397 et
2051 367 2353 416 consequens
2383 366 2395 398 τ

254 427 466 492 alioquin
499 445 555 474 ex
588 427 803 492 possibili
830 428 1125 494 impossibile
1153 440 1452 495 sequeretur,
1479 429 1614 495 quod
1636 430 1838 479 omnino
1863 430 2036 478 falsum
2060 441 2146 478 est.
2173 431 2250 478 Sic
2268 433 2398 479 enim

253 509 301 554 in
326 509 483 572 primo
511 511 561 555 H
547 508 935 573 ypotlcetc'corum
963 510 1178 573 Boetius,
1205 510 1500 576 impossibile
1523 510 1765 559 diffiniens
1796 511 1860 559 ait
1885 529 1895 557 :
1927 529 1952 556 «
1978 511 2277 576 Impossibile
2299 521 2396 573 est,

255 604 352 651 quo
373 588 550 652 posito,
577 588 757 653 aliquid
778 590 950 638 falsum
969 601 1114 656 atque
1131 591 1428 657 impossibile
1447 592 1720 654 comitatur,
1751 612 1775 636 )>
1797 592 1893 640 hoc
1914 601 1984 639 est
2000 626 2012 650 ,
2035 591 2085 639 id
2101 590 2398 657 impossibile

253 677 322 714 est
336 668 468 732 quod
482 668 628 717 habet
650 670 712 718 ad
735 670 919 736 aliquid
940 671 1233 737 impossibile
1256 673 1531 720 necessariae
1554 673 1982 737 argumentationis
2004 671 2395 737 adjunctionem;

255 747 349 794 hoc
388 750 567 815 quippe
604 760 802 817 propter
837 752 1226 817 syllogismorum
1267 754 1628 819 complexiones
1667 753 1957 815 inducebat,
1998 754 2048 800 in
2094 751 2270 818 quibus
2312 769 2398 818 per

255 828 588 879 inductionem
613 832 983 897 impossibilium
1005 833 1401 895 conclusionum,
1428 833 1741 900 impossibilia
1764 851 1864 882 esse
1886 834 2128 899 praemissa
2151 834 2398 881 convictu-

255 926 336 956 rus
361 921 493 958 erat:
504 913 624 970 Quis
645 923 807 961 autem
830 916 1149 963 necessariam
1180 932 1355 979 negare
1379 915 1556 964 audeat
1579 925 1627 963 et
1647 915 1793 980 hujus
1819 914 2249 979 argumentationis
2275 914 2398 961 infe-

254 991 458 1039 rentiam
486 1011 497 1038 :
526 996 615 1041 Iste
644 1011 674 1042 a
697 998 800 1043 Deo
825 996 1050 1057 salvatur,
1086 1014 1200 1061 ergo
1225 999 1355 1044 Deus
1385 996 1517 1043 hunc
1540 996 1719 1044 salvat?
1752 998 1873 1043 Cum
1898 996 2059 1060 itaque
2083 994 2310 1060 possibile
2340 994 2399 1042 sit

254 1070 481 1132 inferens,
510 1074 734 1139 possibile
768 1087 838 1124 est
870 1087 917 1125 et
944 1077 1148 1126 illatum.
1174 1080 1327 1143 Atque
1350 1078 1417 1125 ita
1445 1077 1484 1124 si
1515 1076 1742 1142 possibile
1773 1077 1834 1124 sit
1860 1075 1992 1124 1111110
2025 1074 2196 1123 salvari
2220 1091 2249 1122 a
2272 1077 2393 1136 Deo,

255 1151 480 1215 possibile
516 1164 586 1202 est
608 1157 766 1204 Deum
786 1157 920 1205 hunc
943 1158 1168 1220 salvare„
1203 1168 1249 1206 et
1278 1158 1317 1206 si
1346 1174 1446 1205 non
1477 1157 1536 1204 sit
1569 1156 1796 1222 possibile
1829 1160 1987 1204 Deum
2017 1156 2149 1202 hunc
2181 1154 2395 1215 salvare,

254 1247 356 1278 non
380 1242 451 1280 est
471 1234 697 1298 possibile
719 1236 850 1285 hunc
871 1254 901 1285 a
923 1241 1027 1286 Deo
1051 1238 1223 1286 salvari
1250 1259 1261 1286 :
1284 1238 1380 1284 1100
1404 1246 1491 1297 051,
1517 1246 1571 1284 111
1592 1253 1738 1303 supra
1761 1237 2030 1303 posuimus,
2057 1237 2097 1283 si
2116 1252 2217 1283 non
2241 1244 2400 1301 potest

252 1313 380 1360 Deus
405 1313 537 1362 hunc
560 1317 759 1377 salvare,
789 1319 954 1384 utique
978 1336 1066 1367 1100
1092 1319 1195 1384 ipse
1214 1318 1386 1366 salvari
1406 1334 1435 1365 a
1455 1321 1559 1365 Deo
1582 1329 1757 1383 potest,
1782 1335 1837 1366 ac
1859 1335 1946 1384 per
1966 1317 2064 1365 1100
2085 1334 2175 1364 1100
2196 1316 2399 1363 0111111110

254 1391 445 1456 salvari,
466 1412 613 1460 quem
638 1399 833 1445 nonnisi
854 1416 941 1465 per
963 1402 1119 1446 Deum
1144 1398 1317 1447 salvari
1340 1415 1481 1464 posse
1504 1409 1710 1447 constat.
1746 1399 1892 1458 Quod
1915 1399 1955 1446 si
1979 1398 2152 1446 salvari
2184 1398 2271 1444 iste
2297 1413 2398 1444 11011

251 1484 426 1545 potest,
454 1477 672 1541 profecto
703 1478 910 1527 liberum
928 1480 1030 1544 jam
1051 1481 1176 1546 perit
1202 1479 1478 1540 arbitrium,
1513 1479 1780 1545 frustraque
1809 1480 1999 1527 homini
2025 1479 2092 1526 illi
2122 1494 2179 1526 ea
2205 1494 2311 1541 quae
2336 1476 2399 1524 ad

251 1555 564 1606 salvationem
582 1560 824 1624 pertinent
847 1561 1183 1625 injunguntur,
1210 1561 1294 1626 qui
1317 1560 1487 1609 salvari
1510 1561 1711 1609 omnino
1733 1577 1834 1608 non
1858 1570 2034 1626 potest,
2057 1576 2147 1607 nec
2169 1575 2225 1606 ea
2245 1558 2399 1606 facere

250 1635 424 1698 quibus
462 1639 634 1687 salvari
657 1650 832 1704 potest.
856 1642 1084 1688 Similiter
1118 1651 1166 1689 et
1196 1642 1235 1689 si
1268 1642 1405 1690 illum
1437 1645 1568 1690 Deus
1605 1641 1855 1689 meliorem
1888 1640 2041 1688 facere
2072 1656 2173 1686 11011
2208 1648 2397 1704 potest,

251 1715 417 1780 utique
448 1735 537 1765 1100
565 1719 665 1784 ipse
689 1720 751 1768 ab
773 1738 832 1769 eo
864 1721 1034 1769 melior
1063 1722 1166 1770 fieri
1198 1731 1375 1788 potest,
1403 1733 1547 1788 atque
1573 1723 1640 1770 ita
1665 1738 1755 1770 nec
1778 1722 1879 1770 ullo
1909 1720 2058 1769 modo
2082 1720 2252 1768 melior
2276 1718 2396 1778 fieri,

250 1796 382 1859 quod
406 1798 572 1862 utique
594 1800 634 1846 si
657 1799 808 1863 fieret,
835 1818 865 1850 a
886 1803 991 1850 Deo
1015 1801 1118 1850 fieri
1141 1819 1335 1851 11000550
1362 1813 1500 1851 05501.
1529 1802 1661 1850 Absit
1683 1812 1844 1850 autem
1869 1811 1921 1849 ut
1944 1801 2154 1866 aliquem
2177 1810 2400 1848 nostrum

248 1876 370 1925 adeo
404 1878 592 1927 bonum
622 1897 724 1928 esse
753 1882 1078 1930 concedamus
1108 1900 1164 1931 ac
1193 1883 1487 1948 perfectum,
1526 1893 1580 1930 ut
1607 1881 1806 1930 ulterius
1836 1898 2050 1929 01050010
2081 1898 2182 1929 11011
2215 1880 2396 1945 possit,

248 1974 543 2024 quamquam
567 1961 617 2007 in
644 1963 935 2011 contrariam
964 1963 1098 2012 Plato
1131 1964 1395 2029 plurimum
1424 1962 1667 2011 declinare
1694 1962 1915 2010 videatur
1943 1961 2247 2020 sententiam,
2285 1976 2400 2007 cum

249 2040 412 2088 omnia
442 2057 472 2089 a
503 2043 608 2088 Deo
641 2050 741 2089 tam
763 2042 894 2091 bona
925 2043 1029 2092 fieri
1063 2044 1216 2107 dicat,
1245 2055 1480 2110 quantum
1516 2030 1817 2109 singulorum
1854 2043 2086 2108 permittit
2118 2051 2313 2100 natura,
2353 2051 2401 2089 et

247 2122 404 2168 Deum
434 2138 490 2168 ex
511 2123 613 2187 ipsa
635 2140 826 2172 summa
848 2141 934 2172 sua
956 2125 1090 2174 110113
1111 2125 1383 2184 voluntate,
1416 2143 1565 2190 quam
1596 2125 1818 2172 omnium
1838 2123 2170 2171 faciendorum
2204 2138 2400 2170 causam

248 2202 512 2263 constituit,
548 2203 611 2250 ad
644 2202 922 2252 faciendum
956 2205 1144 2270 singula
1182 2206 1516 2272 compulsum,
1556 2215 1603 2252 et
1634 2204 1696 2253 ad
1723 2203 1998 2252 faciendum
2029 2212 2217 2250 tantum
2247 2201 2395 2262 bona,

247 2292 482 2345 quantum
506 2300 673 2331 eorum
701 2285 793 2332 fert
815 2296 862 2333 et
883 2295 1074 2335 natura.
1097 2287 1174 2334 Sic
1190 2287 1370 2353 quippe
1401 2286 1634 2351 scriptum
1654 2295 1725 2333 est
1745 2286 1796 2332 in
1822 2287 1994 2332 Tc'maeo
2021 2303 2032 2331 ε
2057 2303 2081 2329 «
2103 2282 2396 2342 Dicendum,

247 2361 427 2426 inquit,
454 2380 541 2410 cur
573 2363 799 2412 conditor
829 2365 1185 2432 fabricatorque
1209 2368 1436 2431 geniturae
1465 2383 1612 2414 omne
1634 2366 1732 2414 hoc
1755 2364 2108 2413 instituendum
2139 2363 2394 2429 putaverit.

249 2442 473 2508 Optimus
499 2453 615 2491 erat.
645 2443 717 2491 Ab
742 2446 928 2510 optimo
952 2464 1101 2512 porro
1133 2447 1314 2495 invidia
1340 2447 1487 2511 longe
1509 2447 1716 2511 relegata
1745 2456 1832 2493 est.
1859 2448 2025 2510 ltaque
2048 2453 2399 2508 consequenter

250 2523 325 2570 sui
357 2523 528 2572 similia
551 2535 741 2587 cuncta,
773 2537 920 2591 prout
950 2528 1184 2592 cujusque
1206 2537 1376 2576 natura
1405 2543 1556 2593 capax
1578 2526 1893 2574 beatitudinis
1916 2542 2020 2573 esse
2042 2530 2249 2589 poterat,
2274 2522 2400 2571 effici

249 2603 417 2664 voluit,
440 2621 587 2669 quam
611 2605 810 2669 quidem
831 2606 1132 2656 voluntatem
1153 2608 1242 2655 Dei
1264 2607 1500 2672 originem
1522 2624 1685 2655 rerum
1708 2606 2021 2654 certissimam
2043 2604 2082 2651 si
2101 2604 2208 2668 quis
2227 2615 2395 2668 ponat,

250 2694 377 2732 recte
403 2702 517 2733 eum
541 2696 710 2751 putare
733 2688 1050 2736 consentiam.
1076 2688 1256 2736 Volens
1286 2687 1525 2752 siquidem
1553 2690 1682 2735 Deus
1706 2687 1838 2734 bona
1870 2684 2066 2749 quidem
2098 2684 2263 2731 omnia
2284 2701 2400 2750 pro-

254 2765 440 2827 venire,
469 2766 582 2814 mali
617 2783 766 2832 porro
801 2767 1002 2830 nullius,
1038 2779 1183 2834 prout
1216 2785 1388 2816 eorum
1423 2785 1530 2834 quae
1563 2777 1826 2814 nascuntur
1859 2775 2032 2813 natura
2063 2764 2180 2826 fert,
2209 2764 2402 2829 reliquit

251 2846 582 2910 propaginem.
609 2868 631 2890 »
657 2850 715 2895 Et
733 2848 836 2896 haec
853 2848 1049 2914 quidem
1083 2849 1297 2897 Platonis
1316 2848 1465 2897 verba
1494 2848 1637 2914 plane
1658 2847 1823 2895 omnia
1837 2862 1867 2894 a
1887 2849 1992 2893 Deo
2015 2855 2115 2893 tam
2142 2844 2274 2892 bona
2295 2843 2399 2892 fieri

253 2923 507 2986 perhibere
542 2926 783 2991 videntur,
822 2938 1060 2993 quantum
1097 2928 1200 2977 fieri
1234 2929 1369 2977 bona
1404 2938 1624 2995 possunt,
1651 2928 1727 2976 vel
1765 2936 2001 2991 quantum
2041 2926 2144 2991 ipse
2178 2941 2235 2973 ea
2269 2925 2399 2973 bona

254 3000 407 3051 facere
435 3015 616 3070 potest,
652 3024 800 3072 quam
828 3010 972 3057 etiam
1003 3010 1243 3058 rationem
1268 3010 1419 3057 sancti
1441 3010 1591 3059 secuti
1614 3008 1856 3068 videntur,
1885 3024 1998 3056 011111
2023 3009 2182 3054 Deum
2212 3009 2398 3054 Patrem

252 3082 514 3146 probarent
548 3088 719 3134 Filium
753 3098 851 3136 tam
884 3089 1071 3137 bonum
1103 3090 1341 3155 genuisse,
1382 3100 1619 3154 quantum
1654 3089 1827 3155 potuit,
1867 3098 1923 3135 ut
1956 3088 1997 3135 ei
2028 3086 2222 3151 aequalis
2242 3085 2393 3150 {essen

252 3161 392 3210 Unde
416 3166 703 3228 Augustinus
719 3166 844 3216 libro
872 3172 1195 3230 Quaestionum
1218 3174 1497 3234 LXXXIII,
1525 3188 1631 3236 cap.
1656 3172 1786 3217 thv¹
1808 3188 1819 3217 :
1845 3171 2027 3228 «Deus,
2052 3166 2224 3231 inquit,
2251 3181 2398 3230 quem

300 3350 306 3367 ¹
329 3348 414 3391 Opp.
433 3354 457 3382 t.
474 3349 528 3384 v1.
