2638 3866
782 148 1180 216 1NTRonucT10
1215 166 1296 215 AD
1329 165 1740 214 ΤΗΕοιοῦιΑΜ.
2248 170 2331 217 141

186 269 403 329 fortuitu,
419 268 520 316 sive
536 265 883 333 praemeditate,
900 266 1016 331 quia
1035 264 1102 326 id,
1122 265 1306 332 optime
1324 268 1430 314 Deo
1447 265 1735 332 disponente
1755 276 1801 314 et
1823 265 2110 333 providente
2133 283 2221 315 cur
2237 268 2339 316 fieri

181 358 421 416 oporteat,
448 348 653 415 agimus,
680 365 739 396 ex
756 345 909 395 libero
934 346 1052 411 ejus,
1079 346 1118 394 si
1146 363 1246 394 non
1271 363 1329 394 ex
1347 356 1534 408 nostro,
1557 345 1778 412 procedit
1793 346 1992 395 arbitrio
2015 365 2024 393 :
2053 357 2099 394 et
2118 351 2339 413 quamvis

180 446 237 478 ea
274 446 387 478 casu
423 428 657 489 facimus,
685 427 805 477 nihil
829 437 1016 484 tamen,
1053 436 1290 492 quantum
1322 427 1385 474 ad
1412 427 1598 493 ipsum,
1625 443 1736 474 casu
1765 426 1842 489 fit,
1871 428 2008 492 cujus
2034 428 2339 494 providentia

180 520 352 559 cuncta
374 509 619 577 praecedit,
638 519 685 557 et
706 526 760 558 ex
785 509 888 573 ejus
908 508 1224 574 dispositione
1244 507 1484 574 quidquid
1506 508 1693 572 agimus
1712 509 1964 573 contingit.
1988 509 2126 558 Unde
2149 520 2196 558 et
2222 529 2339 576 pra·-

181 588 304 639 fatus
322 593 506 639 Doctor
531 591 858 651 Quaestionum
883 589 1107 636 LXXXIII
1128 605 1236 654 cap.
1251 595 1390 651 xxm,
1420 589 1486 637 ita
1510 588 1784 637 meminit¹:
1808 609 1829 634 «
1849 588 2101 655 Quidquid
2127 607 2238 639 casu
2266 590 2333 651 fit,

180 680 359 720 temere
382 671 452 720 fit.
479 672 528 719 Si
551 688 667 735 ergo
692 688 803 719 casu
828 670 989 736 aliqua
1013 669 1136 718 fiunt
1156 671 1204 717 in
1233 669 1443 728 mundo,
1470 687 1571 717 non
1595 669 1898 736 providentia
1920 670 2172 718 universus
2195 689 2338 720 mun·

179 751 272 800 dus
288 752 668 801 administratur.
695 773 716 796 >³
744 754 913 800 Item’:
936 771 958 796 α
983 750 1106 799 Illud
1122 750 1311 799 honum
1327 752 1463 816 cujus
1486 751 1852 818 participatione
1869 761 1981 798 sunt
1996 750 2126 800 bona
2145 763 2332 814 caetera,

179 849 280 881 non
304 843 503 900 propter
522 832 678 895 aliud,
706 832 790 881 sed
813 850 901 899 per
925 833 1235 898 semetipsum
1257 832 1448 880 bonum
1471 842 1558 880 est.
1582 831 1729 891 Quod
1755 831 1971 879 divinam
1998 833 2140 880 etiam
2167 837 2337 899 provi-

179 913 393 962 dentiam
413 930 662 962 vocamus.
694 913 821 961 Nihil
846 913 990 978 igitur
1011 929 1125 962 casu
1150 911 1204 960 fit
1230 913 1279 960 in
1303 912 1509 969 mundo.
1535 933 1557 958 υ
1591 915 1656 960 Ac
1681 913 1720 960 si
1742 922 1908 979 aperte
1940 912 2069 961 dicat
2093 933 2103 960 :
2133 913 2259 961 Nihil
2286 915 2337 963 fit

179 994 314 1059 quod
336 1011 436 1042 non
463 994 697 1060 ex'aliqua
719 993 1025 1060 providentia
1049 994 1216 1042 saltem
1240 993 1405 1042 divina
1421 993 1702 1060 proveniat,
1729 1010 1819 1041 nec
1840 1003 1999 1042 tamen
2024 993 2135 1042 ideo
2149 996 2338 1060 penitus

179 1091 262 1122 eos
283 1092 442 1123 errare
466 1075 708 1136 ducimus,
735 1075 819 1141 qui
845 1092 959 1123 casu
982 1074 1190 1142 plurima
1215 1073 1318 1122 fieri
1341 1073 1680 1140 profiteantur,
1720 1084 1958 1139 quantum
1992 1075 2053 1123 ad
2090 1086 2306 1124 nostram
2322 1116 2332 1136 ,

181 1165 230 1203 ut
255 1155 441 1204 dictum
460 1166 547 1218 est,
575 1157 985 1206 incertitudinem.
1013 1157 1107 1215 Qui
1131 1156 1294 1216 etiam,
1316 1155 1454 1220 juxta
1478 1154 1821 1221 Philosophos,
1845 1173 1957 1203 cum
1983 1173 2038 1204 ea
2060 1166 2242 1204 naturae
2263 1158 2336 1204 in-

177 1238 370 1302 cognita
388 1236 558 1286 dicunt
579 1255 685 1303 quae
709 1254 822 1287 casu
842 1238 1135 1305 proveniunt
1152 1274 1164 1298 ,
1181 1237 1279 1285 hoc
1302 1247 1372 1285 est
1391 1236 1572 1284 nullam
1599 1237 1668 1284 rei
1692 1247 1915 1284 naturam
1938 1236 2000 1284 ad
2024 1236 2122 1285 hoc
2164 1256 2342 1304 praeco—

179 1318 514 1383 gnoscendum
532 1319 769 1381 sufficere,
787 1330 837 1367 ut
853 1319 967 1368 inde
985 1328 1114 1367 certa
1128 1327 1309 1383 queant
1324 1335 1449 1379 esse;
1471 1317 1748 1366 nullatenus
1765 1317 1845 1364 hic
1862 1317 2035 1366 divinae
2058 1318 2335 1383 majestatis,

177 1399 263 1448 sed
287 1410 616 1448 creaturarum
640 1410 828 1449 tantum
849 1410 1071 1449 naturam
1096 1399 1367 1448 attendunt.
1386 1399 1482 1458 Qui
1500 1399 1644 1447 etiam
1669 1415 1783 1446 cum
1802 1414 1858 1446 ea
1877 1415 1983 1463 quae
2001 1416 2087 1465 pei·
2109 1400 2339 1448 miracula

179 1480 327 1543 fiunt,
352 1482 668 1548 impossibilia
694 1482 880 1544 dicunt,
904 1481 979 1530 vel
1000 1491 1171 1533 contra
1195 1490 1419 1529 naturam
1439 1479 1542 1528 fleri
1567 1480 1884 1546 profitentur,
1916 1490 1966 1526 ut
1997 1480 2233 1544 virginem
2255 1499 2338 1547 pa-

175 1578 305 1623 rere,
343 1562 417 1610 vel
449 1580 632 1611 caecum
670 1564 868 1611 ulterius
901 1563 1088 1623 videre,
1118 1562 1337 1629 profecto
1371 1561 1434 1610 ad
1463 1562 1695 1610 usitatum
1718 1571 1900 1610 naturae
1924 1578 2146 1622 cursum,
2182 1563 2255 1609 vel
2280 1563 2338 1611 ad

176 1643 513 1708 primordiales
552 1662 719 1693 rerum
759 1662 926 1693 causas
960 1645 1248 1711 respiciunt,
1290 1661 1391 1692 non
1428 1644 1491 1692 ad
1527 1642 1860 1691 excellentiam
1883 1642 2056 1690 divinae
2080 1644 2335 1707 potentiae,

174 1740 323 1789 quam
340 1725 559 1774 videlicet
584 1736 781 1774 constat
804 1743 861 1774 ex
886 1726 1083 1792 propria
1105 1735 1280 1774 natura
1303 1724 1542 1791 quidquid
1566 1723 1779 1772 decrevit
1798 1740 1969 1789 posse,
1998 1734 2044 1772 et
2069 1734 2239 1789 praeter
2262 1743 2339 1772 so-

173 1805 310 1855 litum
345 1807 471 1872 ipsas
505 1824 667 1856 rerum
701 1818 897 1856 naturas
933 1824 1230 1873 quocunque
1256 1807 1408 1855 modo
1444 1806 1652 1855 voluerit
1683 1815 1975 1872 permutare.
2004 1808 2121 1864 Quae
2149 1806 2187 1853 si
2211 1824 2340 1853 nunc

174 1903 376 1955 quoq-ue,
395 1887 648 1936 hominem
670 1906 726 1936 ex
750 1888 867 1936 limo
892 1898 1027 1936 terrae
1049 1888 1296 1949 formaret,
1327 1887 1400 1936 vel
1421 1887 1652 1936 feminam
1675 1887 1736 1935 de
1758 1897 1893 1934 costa
1915 1887 2006 1934 viri
2026 1886 2334 1952 produceret,

174 1968 298 2016 sicut
319 1969 370 2016 in
386 1969 556 2035 primis
579 1980 742 2017 actum
769 1980 838 2018 est
865 1969 1148 2035 parentibus
1177 1989 1186 2018 :
1214 1986 1360 2018 nemo
1382 1970 1549 2035 utique
1569 1979 1690 2016 esset
1710 1969 1794 2034 qui
1812 1977 1984 2015 contra
2010 1978 2232 2016 naturam
2267 1968 2338 2014 vel

173 2059 344 2114 praeter
366 2059 588 2098 naturam
609 2050 658 2097 id
680 2049 783 2098 fieri
797 2067 898 2098 non
919 2061 1154 2111 censeret,
1180 2067 1259 2111 eo,
1278 2061 1331 2098 ut
1351 2050 1537 2098 dictum
1557 2060 1646 2111 est,
1670 2048 1804 2114 quod
1822 2047 2209 2114 primordialium
2227 2064 2338 2095 cau-

173 2146 335 2177 sarum
359 2131 598 2179 institutio
622 2131 685 2179 ad
711 2131 807 2179 hoc
832 2131 1034 2179 minime
1057 2130 1279 2179 sufficere
1301 2140 1489 2197 posset,
1519 2131 1611 2178 nisi
1636 2133 1764 2178 Deus
1791 2139 1962 2195 praeter
1983 2129 2197 2188 solitum,
2225 2145 2339 2193 pro-

174 2211 277 2275 pria
301 2211 571 2274 voluntate,
607 2212 707 2259 vim
739 2211 1003 2277 quamdam
1026 2211 1175 2259 rebus
1212 2212 1499 2278 impertiret,
1529 2221 1583 2259 ut
1617 2211 1712 2258 hoc
1750 2210 1863 2258 inde
1887 2209 1991 2257 fieri
2021 2220 2213 2275 posset,
2244 2227 2339 2274 qua

123 2353 125 2360 y
175 2290 396 2340 videlicet
418 2292 671 2341 voluntate
695 2303 743 2340 et
762 2310 821 2340 ex
845 2292 998 2341 nihilo
1034 2303 1211 2341 cuncta
1245 2293 1404 2359 potuit
1431 2309 1610 2340 creare.
1648 2294 1715 2339 Ex
1752 2308 1851 2356 quo
1883 2290 2125 2356 liquidum
2153 2300 2247 2351 est,
2287 2302 2339 2337 ut

169 2372 271 2434 Jam
296 2390 398 2421 non
421 2374 570 2422 semel
588 2375 916 2433 meminimus,
950 2374 1361 2441 philosophorum
1391 2383 1642 2436 tractatus,
1684 2391 1771 2440 per
1797 2390 1922 2438 quos
1944 2373 2154 2420 maxime
2179 2389 2339 2420 rerum

174 2462 354 2501 naturae
379 2456 692 2519 vestigantur,
722 2456 788 2504 ita
812 2466 1144 2504 creaturarum
1176 2457 1382 2516 naturis,
1421 2465 1468 2504 et
1500 2472 1668 2503 earum
1703 2473 1795 2503 usu
1827 2454 2112 2520 quotidiano
2145 2464 2337 2501 conten-

174 2543 248 2581 tos
271 2551 391 2598 esse,
423 2546 477 2584 ut
516 2553 756 2584 summam
793 2537 924 2585 illam
964 2536 1137 2584 divinae
1177 2538 1406 2603 potentiae
1441 2546 1689 2595 naturam,
1726 2553 1831 2601 quae
1874 2535 2105 2582 universis
2135 2534 2338 2598 imperat

173 2616 381 2677 naturis,
424 2627 471 2664 et
503 2618 639 2682 cujus
672 2618 910 2667 voluntati
950 2617 1287 2684 obtemperare
1326 2618 1523 2684 proprie
1562 2627 1784 2665 naturam
1824 2614 2086 2663 dicendum
2128 2623 2219 2675 est,
2263 2615 2337 2661 vix

173 2705 255 2741 aut
301 2713 554 2763 nunquam
592 2698 827 2762 attingere
871 2698 1108 2760 audeant,
1146 2699 1232 2747 sed
1271 2715 1442 2746 omnes
1480 2715 1650 2745 eorum
1686 2697 1872 2761 regulas
1915 2694 2036 2742 infra
2082 2710 2212 2753 eam,
2257 2706 2337 2742 aut

110 2837 115 2839 -
174 2785 307 2823 extra
350 2793 459 2825 eam
500 2779 694 2843 penitus
733 2779 1014 2827 consistere.
1061 2778 1202 2827 Unde
1245 2795 1359 2826 cum
1398 2777 1582 2842 aliquid
1629 2775 1853 2842 possibile
1889 2774 1963 2822 vel
2012 2774 2331 2840 impossibile,

173 2856 224 2904 id
260 2867 331 2904 est
354 2867 536 2906 naturae
567 2859 838 2907 consentire
864 2859 938 2906 vel
970 2875 1238 2925 repugnare
1261 2858 1452 2918 dicunt,
1478 2858 1611 2922 juxta
1641 2856 1794 2904 solam
1828 2865 2157 2904 creaturarum
2187 2855 2336 2903 facul—

175 2948 347 3001 tatem,
375 2956 477 2987 non
511 2939 685 2987 divinae
719 2940 944 3005 potentiae
968 2941 1220 3000 virtutem,
1257 2939 1353 2986 hoc
1390 2939 1669 2986 metiuntur.
1718 2941 1783 2984 Ex
1816 2953 1914 3002 quo
1953 2946 2154 3002 apparet
2188 2953 2333 3001 quam

176 3035 344 3067 verum
389 3021 448 3067 sit
487 3020 620 3085 quod
666 3037 810 3086 supra
849 3020 1182 3080 meminimus,
1218 3021 1266 3067 in
1316 3019 1397 3068 illa
1430 3018 1652 3067 videlicet
1696 3017 2101 3084 philosophorum
2146 3017 2331 3083 regula,

175 3099 310 3163 cujus
352 3100 580 3166 possibile
623 3111 693 3148 est
743 3100 1054 3162 antecedens,
1098 3111 1146 3148 et
1181 3117 1511 3166 consequens,
1553 3116 1636 3147 eos
1673 3098 1734 3146 ad
1779 3108 2107 3147 creaturarum
2149 3108 2330 3146 tautum

218 3288 223 3305 ¹
242 3286 362 3325 Quaese.
384 3296 476 3329 xxiv,
502 3288 602 3330 0pp.,
627 3293 652 3320 t.
681 3287 734 3328 VI,
753 3289 813 3322 col.
842 3290 872 3322 6.
892 3306 929 3312 —
947 3287 1074 3327 ²Ibid.,
1101 3287 1182 3320 ibid.
