2638 3866
308 209 401 254 100
1110 208 1280 254 PETRI
1315 207 1632 255 ABAELARDI

304 290 487 355 natum,
515 310 659 372 Cujtis
682 306 896 371 quidem,
924 307 974 353 ni
1006 306 1162 368 fallor,
1187 306 1510 354 similitudinis
1533 306 1903 355 fundamentum
1935 309 2186 357 Anselmus
2226 313 2440 359 Cantua-

304 387 471 434 riensis
495 404 522 434 a
541 386 682 434 beato
704 387 906 452 sumpsit
938 388 1200 452 Augustino
1225 386 1463 434 scribente
1484 386 1546 433 ad
1568 388 1878 435 Laurentium
1905 390 2083 454 Papam
2107 389 2168 438 de
2195 391 2288 439 hoc
2312 393 2435 458 ipso,

304 476 350 512 et
375 466 557 514 fontem
580 476 626 513 et
648 466 749 530 eJus
772 466 948 528 rivum,
978 483 1187 530 quorum
1225 476 1294 514 est
1317 466 1486 514 eadem
1521 466 1803 528 substantia,
1843 483 1899 516 30
1925 468 2097 516 divinae
2120 472 2439 534 generationis

302 546 592 611 exemplum,
620 545 701 593 ubi
721 546 891 595 eadem
912 547 1175 595 substantia
1197 547 1467 611 generantis
1488 556 1534 593 et
1560 547 1705 610 geniti
1728 547 1987 597 inducitur.
2011 549 2105 598 Sed
2122 550 2223 598 haec
2242 568 2439 617 quoque

301 626 563 674 similitudo
596 627 657 674 ad
680 627 977 676 identitatem
1000 627 1276 676 substantiae
1301 627 1449 674 trium
1472 643 1788 692 personarum
1811 630 1860 677 in
1897 629 1993 678 hoc
2034 632 2194 679 minus
2221 630 2438 680 sufficere

299 706 504 768 videtur,
532 707 666 772 quod
689 707 859 757 eadem
884 725 1007 773 aqua
1027 725 1126 756 non
1151 718 1222 755 est
1243 707 1385 755 simul
1414 707 1577 771 fontis,
1606 718 1652 757 et
1687 710 1794 772 rivi,
1821 720 1869 758 et
1891 712 2062 775 stagni,
2093 711 2177 765 sed
2209 729 2297 778 per
2319 723 2439 760 tem-

298 787 445 849 poriS,
482 798 533 835 ut
565 787 746 836 dictum
778 798 873 850 est,
910 789 1280 849 successionem;
1319 789 1439 835 sicut
1473 799 1542 836 est
1581 790 1753 838 eadem
1783 791 1926 839 simul
1962 793 2163 840 essentia
2205 794 2354 840 Patris
2389 803 2457 841 et

298 866 399 913 Filii
417 877 461 914 et
482 869 684 933 Spiritus
707 870 875 917 sancti.
899 873 1003 916 Imo
1022 868 1192 916 eodem
1213 878 1432 935 tempore
1451 868 1540 917 alia
1555 880 1625 917 est
1647 870 1958 919 essentialiter
1973 888 2099 936 aqua
2125 872 2266 920 fontis
2288 889 2435 938 quam

298 946 384 993 rivi
406 965 488 995 seu
513 950 684 1013 stagni,
707 950 837 997 unde
875 949 1082 997 fortassis
1105 948 1206 996 haec
1234 949 1498 997 similitudo
1524 949 1591 998 illi
1616 951 1777 1016 potius
1808 950 2094 1017 suffragatur
2115 952 2298 1014 haeresi,
2328 970 2434 1019 quae

296 1027 359 1074 ita
390 1045 476 1093 per
508 1039 725 1095 tempora
755 1031 1071 1096 proprietates
1108 1046 1429 1095 personarum
1461 1032 1764 1092 commiscet,
1808 1043 1861 1079 ut
1916 1032 2136 1081 eamdem
2175 1051 2435 1100 personam

296 1106 423 1156 dicat
444 1110 639 1174 quando
669 1111 771 1158 vult
804 1127 904 1158 esse
932 1113 1136 1173 Patrem,
1163 1111 1360 1175 quando
1390 1111 1493 1159 vult
1516 1129 1618 1161 esse
1641 1113 1813 1161 Filium
1838 1113 1913 1161 vel
1935 1115 2164 1179 Spiritum
2191 1124 2429 1162 sanctum.

295 1189 437 1245 Quod
470 1200 515 1238 et
539 1207 628 1237 nos
646 1191 969 1256 providentes,
995 1191 1111 1239 alias
1133 1192 1369 1257 quasdam
1390 1193 1743 1256 similitudines,
1769 1204 1868 1242 tam
1890 1195 2155 1242 secundum
2180 1197 2432 1243 Gramma-

293 1269 410 1316 ticos
433 1286 576 1334 quam
605 1270 872 1318 secundum
902 1271 1220 1338 Philosophos
1246 1274 1466 1339 superius
1498 1273 1791 1332 induximus,
1827 1291 1945 1339 quas
1974 1275 2224 1341 proposito
2265 1285 2431 1324 nostro

291 1350 437 1412 magis
469 1351 726 1398 convenire
751 1351 1021 1414 credamus,
1054 1353 1139 1401 sed
1174 1370 1282 1401 eam
1311 1355 1550 1421 praecipue
1581 1371 1689 1420 quae
1725 1364 1916 1422 sumpta
1944 1364 2015 1403 est
2040 1354 2102 1404 de
2125 1355 2432 1422 Philosophis

290 1429 455 1493 majori
489 1431 674 1479 ratione
706 1432 940 1497 praeditis,
980 1450 1036 1481 ac
1077 1451 1164 1500 per
1194 1434 1290 1483 1100
1319 1452 1347 1483 3
1376 1434 1594 1483 doctrina
1628 1452 1750 1484 verae
1779 1435 2101 1502 Philosophiae
2132 1453 2236 1502 quae
2269 1436 2430 1484 Chris—

288 1518 363 1556 tus
398 1521 495 1571 est,
534 1513 693 1559 minus
729 1514 941 1571 remotiS.

351 1592 572 1657 Superest
592 1611 719 1641 nunc
744 1605 853 1660 post
869 1597 1230 1659 generationem
1243 1599 1361 1661 Filii,
1379 1599 1440 1647 de
1465 1600 1772 1665 processione
1788 1601 1991 1667 Spiritus
2010 1600 2160 1648 sancti
2172 1598 2420 1662 disserere,

286 1671 332 1716 in
368 1689 464 1735 quo
503 1675 736 1741 praecipue
772 1675 832 1724 de
864 1677 970 1742 ipso
1002 1670 1319 1740 confidentes,
1358 1696 1507 1743 quem·
1547 1680 1785 1746 Apostolis
1826 1683 2064 1729 Dominus
2099 1681 2422 1746 promittens¹‚

288 1771 309 1793 (ι
338 1751 419 1799 1110
447 1770 534 1801 vos
563 1754 778 1818 docebit,
812 1757 995 1822 inquit,
1035 1759 1226 1818 omnia,
1259 1770 1306 1806 et
1330 1770 1548 1825 suggeret
1570 1761 1710 1808 vobis
1744 1763 1909 1810 omnia
1936 1777 2234 1827 quaecunque
2258 1761 2427 1809 dixero

283 1832 434 1880 vobis.
457 1855 479 1878 >2
503 1838 652 1884 Tanto
674 1838 958 1903 ampliorem
983 1840 1181 1903 gratiam
1199 1839 1260 1887 ab
1283 1840 1389 1905 ipso
1404 1841 1453 1887 in
1469 1841 1566 1889 hoc
1584 1858 1849 1908 speramus,
1877 1852 2113 1907 quantum
2142 1841 2193 1889 id
2218 1841 2426 1906 amplius

281 1912 342 1959 ad
364 1914 518 1979 ipsum
543 1918 745 1982 pertinet
771 1919 906 1984 quod
938 1919 1168 1968 disserere
1203 1922 1442 1987 cupimus.
1477 1922 1679 1987 Spiritus
1717 1939 1744 1971 e
1772 1922 2021 1988 spirando¹
2055 1922 2193 1987 quasi
2224 1921 2427 1986 Spiritus

279 1992 433 2043 dictus
462 2007 548 2058 est,
578 1999 706 2047 unde
728 2000 911 2047 Veritas
927 2002 958 2062 ²³,
990 2020 1013 2046 «
1043 2001 1265 2066 Spiritus,
1292 2002 1466 2067 inquit,
1503 2002 1585 2050 ubi
1611 2003 1713 2050 vult
1736 2004 1899 2070 spirat.
1921 2023 1943 2047 n
1970 2006 2027 2051 Et
2048 2001 2288 2069 propheta
2313 2019 2428 2050 con-

277 2076 496 2125 veniente
533 2080 816 2146 metaphora
849 2081 1080 2146 Spiritum
1118 2082 1317 2129 Domini
1359 2082 1686 2147 distinguens,
1725 2085 1957 2149 Spiritum
1989 2084 2085 2131 oris
2126 2083 2229 2147 ejus
2267 2083 2425 2147 ipsum

278 2156 497 2220 appellat.
521 2159 731 2224 Ideoque
753 2162 858 2227 ipso
883 2179 971 2209 suo
995 2163 1192 2210 nomine
1212 2163 1476 2229 procedere
1500 2181 1555 2211 ex
1573 2167 1677 2211 Deo
1699 2167 1834 2213 Patre
1861 2164 1934 2212 vel
1958 2164 2077 2211 Filio
2098 2163 2260 2229 potius
2276 2178 2424 2226 quam

277 2235 404 2299 gigni
427 2237 708 2288 declaratur.
738 2244 1006 2308 Benignitas
1031 2244 1210 2311 quippe
1233 2244 1334 2310 ipsa
1359 2261 1465 2309 quae
1487 2244 1583 2292 hoc
1605 2246 1802 2293 nomine
1827 2245 2203 2305 demonstratur,
2230 2259 2330 2290 non
2355 2253 2425 2290 est

276 2314 435 2379 aliqua
457 2318 506 2365 in
532 2322 635 2368 Deo
667 2324 880 2386 potentia
906 2325 1004 2371 sive
1026 2325 1299 2390 sapientia&
1329 2342 1438 2372 cum
1478 2325 1698 2373 videlicet
1718 2327 1875 2391 ipsum
1897 2325 2168 2390 benignum
2183 2340 2292 2371 esse
2321 2339 2422 2371 non

277 2396 337 2442 sit
363 2396 412 2443 in
452 2399 612 2464 aliquo
648 2418 747 2449 esse
780 2405 1044 2469 sapientem
1077 2415 1158 2452 aut
1185 2414 1451 2470 potentem,
1481 2405 1565 2452 sed
1587 2405 1688 2453 haec
1711 2406 1812 2470 ejus
1837 2405 2030 2453 bonitas
2063 2404 2214 2468 magis
2250 2420 2421 2451 secun—

279 2475 394 2523 dum
418 2478 577 2543 ipsum
599 2481 840 2530 charitatis
863 2484 1089 2532 affectum
1113 2486 1211 2532 sive
1232 2485 1453 2533 effectum
1473 2485 1752 2551 accipienda
1776 2496 1862 2533 est.
1881 2485 2096 2532 Charitas
2110 2492 2289 2540 autem,
2309 2491 2424 2530 teste

278 2557 526 2621 Gregorio,
559 2562 716 2610 minus
742 2581 886 2628 quam
925 2566 1050 2612 inter
1091 2565 1215 2613 duos
1254 2565 1422 2614 haberi
1456 2582 1556 2613 non
1582 2575 1757 2631 potest.
1794 2568 1945 2613 Nemo
1977 2565 2131 2623 enim,
2158 2563 2331 2627 inquit,
2357 2562 2419 2609 ad

277 2640 580 2703 semetipsum
602 2642 882 2692 charitatem
912 2645 1088 2693 dicitur
1114 2645 1319 2707 habere,
1347 2645 1432 2694 sed
1456 2646 1768 2693 dilectionem
1805 2647 1855 2693 in
1880 2646 2084 2693 alterum
2109 2642 2340 2703 extendit,
2367 2651 2429 2689 ut.

276 2731 374 2762 esse
396 2717 596 2768 charitas
621 2725 787 2787 possit.
827 2726 1093 2774 Procedere
1118 2725 1280 2792 itaque
1303 2727 1392 2775 Dei
1416 2736 1503 2787 est,
1520 2743 1621 2774 sese
1643 2725 1706 2773 ad
1734 2727 1944 2791 aliquam
1966 2742 2068 2773 rem
2090 2741 2177 2791 per
2194 2724 2416 2771 affectum

276 2794 514 2845 charitatis
537 2802 902 2863 quodammodo
923 2806 1197 2869 extendere,
1220 2817 1273 2855 ut
1291 2824 1398 2855 eam
1417 2807 1640 2855 videlicet
1667 2805 1833 2870 diligat
1858 2823 1914 2855 ac
1934 2808 1973 2854 ei
1999 2823 2086 2872 per
2122 2820 2340 2853 amorem
2367 2819 2418 2850 se

277 2875 551 2939 conjungat.
576 2883 695 2928 Cum
714 2885 871 2948 itaque
894 2895 992 2934 tam
1013 2888 1157 2935 Filius
1178 2904 1323 2953 quam
1344 2889 1548 2954 Spiritus
1565 2897 1757 2935 sanctus
1782 2905 1838 2936 ex
1863 2891 2000 2935 Patre
2026 2887 2102 2948 sit,
2122 2886 2202 2933 hic
2218 2883 2415 2949 quidem

275 2955 477 3016 genitus,
503 2959 580 3006 ille
604 2964 885 3025 procedens,
915 2967 1074 3014 dissert
1109 2969 1158 3014 in
1182 2986 1240 3016 eo
1267 2970 1512 3032 generatio
1537 2969 1639 3032 ipsa
1679 2985 1706 3016 a
1742 2969 2067 3034 processione,
2101 2965 2235 3030 quod
2270 2965 2308 3010 is
2331 2963 2415 3027 qui

272 3045 539 3098 generatur,
566 3055 622 3086 ex
643 3042 744 3105 ipsa
776 3046 923 3092 Patris
955 3047 1216 3095 substantia
1243 3058 1329 3110 est,
1364 3065 1474 3095 cum
1502 3049 1621 3112 ipsa,
1651 3059 1701 3095 ut
1729 3048 1913 3095 dictum
1944 3056 2030 3107 est,
2048 3044 2297 3111 sapientia,
2319 3042 2414 3088 hoc

312 3243 319 3260 ⁸
336 3239 443 3282 Joan.,
463 3253 534 3284 cap.
554 3254 621 3283 xiv.
641 3256 669 3278 v.
688 3250 807 3281 26.-2
823 3249 876 3282 Sic
891 3250 971 3285 Cod.
991 3254 1071 3286 vict.
1091 3256 1243 3296 Spiritus
1263 3257 1430 3298 spirando
1446 3256 1538 3288 Amh.
1554 3257 1616 3280 ——³
1630 3256 1739 3295 joan„
1756 3264 1828 3295 cap.
1847 3263 1895 3293 nl,
1919 3264 1946 3286 v.
1976 3257 2004 3287 8.
2026 3270 2064 3275 ——
2084 3253 2093 3272 ⁴
2110 3252 2215 3285 LOCUS
2235 3250 2412 3291 Ιπθᾱῦῧω8

268 3304 286 3326 a
303 3295 334 3327 S.
352 3294 515 3331 Bernardo
530 3299 562 3330 iu
583 3298 685 3340 Epist.
705 3304 744 3334 ad
761 3302 993 3338 Innocentium.
