2638 3866
335 224 395 272 26
1128 226 1295 273 PETRI
1330 224 1644 273 ABAELARDI

337 341 360 366 «
386 322 533 370 Jacob
572 322 757 383 habita,
795 331 844 370 et
881 323 931 369 in
962 323 1104 371 Israel
1127 323 1418 387 hereditare,
1449 334 1496 371 et
1519 325 1569 371 in
1603 323 1762 372 electis
1793 322 1910 369 meis
1938 322 2071 369 mitte
2106 321 2307 370 radices.
2336 341 2359 366 υ
2395 325 2447 370 In

334 401 505 449 eodem
526 417 716 466 quoque
738 400 864 459 libro
895 403 1189 468 apertissime
1227 414 1534 470 peccatorum
1556 403 1888 452 remissionem
1916 402 2174 450 consistere
2213 402 2263 448 in
2295 402 2451 450 incar-

333 481 525 529 natione
547 481 715 528 divinae
739 482 979 546 sapientiae
998 500 1103 548 quae
1120 484 1332 531 Christus
1353 493 1445 543 est,
1468 483 1723 548 prophetat
1746 482 1932 542 dicens,
1960 491 2154 548 peccata
2184 481 2339 529 David
2366 497 2451 546 per

331 558 568 607 Christum
588 571 789 625 purgata*
811 578 928 610 esse.
956 562 1026 610 lbi
1048 564 1178 610 enim
1198 580 1308 611 cum
1330 562 1473 611 laude
1494 562 1648 611 David
1684 562 1817 627 plura
1848 562 2144 620 dicerentur,
2169 570 2448 609 summatu-

329 637 421 685 tius
438 638 589 686 laudis
607 639 656 686 in
678 639 774 688 hoc
803 658 900 689 uno
932 641 1132 690 collecta
1168 654 1237 690 est
1268 642 1401 707 quod
1437 642 1629 690 dicitur¹
1654 659 1663 688 :
1692 661 1715 685 ε(
1745 641 1961 688 Christus
1995 641 2217 706 purgavit
2252 649 2447 706 peccata

326 715 499 780 ipsius,
526 728 573 765 et
593 718 815 767 exaltavit
849 721 900 766 in
939 730 1171 768 aeternum
1199 738 1351 769 cornu
1382 722 1510 786 ejus,
1548 731 1594 769 et
1617 721 1753 768 dedit
1783 721 1850 767 illi
1884 729 2222 769 testamentum
2247 736 2443 784 regum,

326 805 371 842 et
390 796 552 844 sedem
577 798 736 861 gloriae
754 799 804 847 in
826 800 985 849 Israel.
1008 821 1030 844 »
1058 801 1274 849 Michaeas
1297 818 1491 866 quoque
1510 801 1571 849 de
1592 801 1683 848 hac
1705 810 1882 848 aeterna
1902 800 2047 849 Verbi
2063 802 2369 864 generatione
2389 817 2446 848 ex

326 884 479 939 patre,
507 893 597 924 nec
619 894 719 925 non
742 886 789 926 et
811 878 872 927 de
899 880 1153 945 temporali
1175 898 1231 928 ex
1250 891 1401 929 matre
1420 883 1507 929 ait²
1531 899 1541 928 :
1573 901 1595 924 c<
1623 884 1680 927 Et
1710 890 1762 927 tu
1785 880 2027 928 Bethleem
2050 880 2227 927 Effrata
2248 880 2448 945 parvula

324 970 374 1001 es
413 956 460 1002 in
493 956 704 1005 millibus
738 958 884 1019 Juda,
922 976 979 1006 ex
1004 968 1049 1007 te
1076 960 1346 1024 egredietur
1374 960 1458 1025 qui
1490 961 1548 1007 sit
1580 960 1857 1007 dominator
1882 960 1931 1007 in
1964 959 2128 1019 lsrael,
2162 969 2211 1007 et
2234 976 2446 1023 egressus

322 1033 424 1096 ejus
445 1034 506 1082 ab
528 1036 682 1098 initio,
709 1053 737 1084 a
761 1037 930 1085 diebus
954 1040 1240 1087 aeternitatis.
1271 1060 1293 1084 »
1319 1042 1492 1087 Dicant
1521 1039 1723 1087 rebelles
1745 1049 1793 1087 et
1816 1039 2051 1087 increduli
2073 1039 2239 1096 Judaei,
2266 1039 2327 1087 de
2346 1055 2444 1104 quo

319 1115 559 1162 nascituro
579 1116 630 1163 in
655 1116 893 1164 Bethleem
915 1117 1009 1165 hoc
1031 1119 1212 1166 dictum
1235 1120 1318 1180 sit,
1353 1119 1485 1183 quod
1510 1120 1731 1167 videlicet
1753 1136 1967 1184 egressus
1996 1119 2097 1182 ejus
2119 1118 2181 1166 ab
2206 1119 2344 1166 initio
2366 1119 2441 1180 sit,

317 1207 344 1239 a
365 1191 533 1242 diebus
551 1196 836 1243 aeternitatis.
866 1199 1115 1245 AEternum
1135 1200 1311 1264 quippe
1346 1209 1416 1246 est
1444 1200 1578 1264 quod
1600 1200 1782 1264 origine
1803 1208 1949 1247 caret.
1976 1198 2119 1257 Quod
2139 1198 2179 1244 si
2199 1197 2295 1245 hoc
2317 1199 2445 1246 refe-

315 1280 422 1318 rant
434 1273 496 1320 ad
507 1275 724 1322 Messiam
749 1275 899 1335 illum,
926 1277 1102 1324 scilicet
1124 1280 1384 1326 maximum
1408 1279 1710 1344 prophetam,
1737 1289 1788 1326 ut
1805 1280 1956 1340 aiunt,
1981 1295 2127 1343 quem
2150 1287 2439 1342 exspectant,

314 1351 396 1414 qui
418 1361 576 1401 tamen
603 1354 869 1419 secundum
906 1372 988 1403 eos
1023 1356 1175 1404 homo
1210 1375 1359 1422 purus
1397 1359 1509 1418 erit,
1542 1375 1643 1406 non
1676 1360 1820 1407 etiam
1856 1362 2008 1419 Deus,
2048 1357 2302 1405 ostendant
2337 1359 2443 1422 quis

314 1446 525 1494 egressus
544 1432 646 1496 ejus
666 1443 868 1482 aeternus
887 1436 970 1496 sit,
1000 1436 1077 1483 vel
1101 1436 1228 1484 unde
1253 1437 1534 1485 aeternaliter
1566 1438 1853 1502 egrediatur.
1882 1439 1930 1487 Si
1949 1448 2110 1486 autem
2140 1438 2302 1486 dicant
2330 1455 2442 1486 eum

312 1511 591 1558 aeternaliter
604 1514 764 1578 egredi
779 1531 836 1561 ex
851 1515 1108 1576 Bethleem,
1132 1533 1191 1564 eo
1212 1516 1344 1580 quod
1364 1517 1464 1581 ejus
1486 1519 1707 1566 nativitas
1725 1518 1774 1565 in
1795 1535 1853 1565 eo
1874 1517 1984 1565 loco
2009 1518 2164 1566 sutura
2185 1517 2246 1566 ab
2264 1527 2443 1569 aeterno

312 1591 506 1656 praevisa
540 1593 599 1638 sit
636 1609 663 1640 a
697 1596 800 1640 Deo
832 1605 880 1642 et
909 1595 1264 1660 praedestinata,
1308 1597 1405 1644 hoc
1436 1598 1602 1661 utique
1639 1598 1788 1645 modo
1823 1597 2076 1662 cujuslibet
2106 1598 2341 1658 hominis,
2369 1599 2442 1647 vel

311 1668 562 1732 cujuslibet
579 1673 647 1718 rei
673 1674 891 1730 nativitas
909 1685 1085 1723 aeterna
1106 1685 1199 1735 est,
1229 1676 1342 1740 quia
1364 1677 1583 1724 videlicet
1607 1677 1668 1725 ab
1684 1688 1862 1725 aeterno
1888 1678 2121 1743 praevisa³.
2149 1679 2320 1726 Dicant
2354 1679 2442 1726 ita-

311 1764 403 1811 que
425 1758 647 1799 aeternam
666 1753 1021 1814 generationem
1035 1771 1135 1802 esse
1152 1772 1297 1820 quam
1315 1773 1371 1803 ex
1389 1757 1632 1822 Scriptura
1652 1758 1830 1821 legunt,
1851 1768 1897 1806 et
1912 1757 2116 1823 legendo
2133 1757 2437 1822 profitentur,

311 1836 357 1873 et
383 1827 658 1891 profitentes
694 1847 793 1877 non
829 1833 1049 1880 credunt.
1077 1835 1417 1900 Respondeant
1449 1838 1592 1885 etiam
1622 1837 1742 1884 mihi
1773 1854 1883 1885 cum
1915 1838 2120 1884 audiunt
2152 1837 2440 1902 prophetam

309 1904 600 1956 dicentem‘:
628 1929 651 1955 «
682 1911 840 1958 Verbo
862 1913 1059 1961 Domini
1081 1914 1186 1961 coeli
1223 1915 1399 1964 firmati
1429 1926 1561 1978 sunt,
1601 1926 1649 1964 et
1677 1917 1847 1981 spiritu
1868 1918 1966 1963 oris
1987 1917 2088 1980 ejus
2110 1917 2268 1963 omnis
2292 1918 2442 1966 virtus

309 2001 501 2050 eorum,
527 1989 684 2053 »quid
702 2007 789 2055 per
808 1991 1010 2040 verbum
1023 1994 1217 2043 Domini
1236 2031 1248 2056 ,
1270 1995 1389 2061 quid
1409 1984 1495 2060 per
1512 2013 1566 2043 os
1586 1996 1711 2060 ejus,
1739 2006 1786 2043 et
1804 2013 1891 2062 per
1913 1997 2133 2061 spiritum
2154 1996 2435 2060 intelligant.

310 2067 468 2113 Unum
487 2069 666 2134 quippe
689 2071 908 2118 omnium
931 2072 1133 2121 aliarum
1157 2091 1318 2123 rerum
1341 2076 1631 2140 principium
1659 2079 1815 2123 Deum
1848 2086 2036 2125 constat
2062 2093 2183 2124 esse.
2211 2080 2273 2130 Et,
2292 2094 2439 2125 omne

308 2147 441 2208 quod
459 2157 556 2208 est,
579 2159 662 2197 aut
680 2153 807 2197 Deus
830 2161 923 2214 est,
947 2162 996 2199 et
1018 2153 1129 2200 ideo
1165 2164 1424 2214 aeternum,
1463 2165 1547 2202 aut
1579 2156 1642 2204 ab
1680 2165 1859 2203 aeterno
1894 2156 1977 2203 illo
2007 2157 2247 2222 principio
2278 2167 2440 2205 manet

307 2235 534 2273 creatum.
560 2229 800 2294 Scriptum
824 2241 1047 2296 praeterea
1069 2234 1161 2280 est³
1182 2251 1194 2280 ε
1221 2254 1244 2277 (ι
1262 2236 1316 2280 In
1340 2235 1576 2299 principio
1598 2236 1777 2283 creavit
1795 2236 2115 2284 Deuscoelum
2133 2246 2182 2284 et
2196 2245 2390 2298 terram,
2412 2256 2436 2282 υ

308 2305 435 2352 unde
454 2317 564 2354 ante
589 2307 684 2356 hoc
707 2310 829 2357 nihil
853 2322 1062 2360 creatum
1082 2329 1183 2360 esse
1208 2314 1391 2361 volunt.
1412 2314 1627 2364 Verbum
1649 2317 1809 2380 itaque
1839 2315 1956 2363 illud
1989 2334 2088 2380 quo
2120 2316 2227 2364 coeli
2263 2316 2438 2364 firmati

305 2394 437 2444 sunt,
464 2395 510 2432 et
529 2386 640 2434 ideo
663 2389 796 2452 prius
815 2399 885 2437 est
905 2390 979 2437 his
999 2407 1122 2456 quos
1146 2393 1415 2455 constituit,
1457 2405 1672 2442 creatum
1710 2412 1811 2442 non
1850 2405 1950 2455 est,
1982 2396 2081 2442 imo
2117 2405 2304 2443 creator
2336 2397 2437 2460 ipse

307 2465 388 2524 qui
409 2467 560 2527 Deus,
587 2485 685 2532 quo
706 2470 813 2516 coeli
836 2469 1011 2518 firmati
1034 2481 1162 2519 sunt.
1189 2474 1238 2519 Si
1261 2483 1424 2520 autem
1447 2474 1543 2521 hoc
1568 2474 1768 2523 verbum
1788 2475 2083 2523 locutionem
2114 2475 2324 2539 aliquam
2353 2478 2436 2524 Dei

307 2545 625 2611 transitoriam
665 2548 932 2613 appellant,
976 2551 1098 2597 sicut
1128 2557 1183 2598 “et
1216 2539 1420 2601 verbum
1457 2553 1694 2616 hominis,
1723 2571 1781 2602 eo
1803 2555 2025 2602 videlicet
2046 2555 2179 2619 quod
2205 2555 2436 2619 scriptum

308 2621 427 2666 est⁶:
460 2641 482 2664 «
509 2625 635 2669 Dixit
654 2629 809 2687 Deus,
837 2637 884 2676 et
919 2629 1208 2691 factasunt,
1234 2651 1257 2674 »
1283 2644 1427 2696 atque
1461 2634 1526 2681 ita
1558 2637 1686 2681 Deus
1721 2651 1916 2699 quoque
1947 2635 2070 2681 sicut
2099 2634 2252 2682 homo
2284 2635 2434 2682 modo
2487 2638 2492 2642 '

308 2697 549 2762 loquatur,
576 2719 686 2749 cum
706 2707 789 2750 aitq
812 2725 822 2750 :
854 2728 877 2753 «
905 2709 1006 2757 Fiat
1021 2709 1104 2757 lux
1119 2747 1131 2767 ‚
1161 2730 1186 2756 »
1215 2711 1365 2759 modo
1388 2714 1648 2775 conticeat,
1673 2716 1893 2779 profecto
1915 2713 2244 2779 permutabilis
2266 2724 2338 2762 est
2355 2714 2435 2762 di-

308 2778 511 2827 vinitatis
541 2783 797 2845 aeternitas,
823 2800 932 2832 cum
956 2802 1057 2832 non
1078 2806 1266 2855 semper
1289 2791 1419 2839 dicat
1437 2811 1460 2838 «
1478 2793 1580 2841 Fiat
1607 2794 1688 2840 lux
1709 2813 1732 2837 »
1760 2804 1806 2841 et
1823 2804 1979 2841 cetera
2000 2811 2105 2858 quae
2119 2794 2221 2858 jam
2238 2793 2432 2841 condita

307 2866 434 2902 sunt.
461 2859 589 2914 Quid
611 2861 751 2908 etiam
770 2879 892 2927 opus
914 2865 1065 2912 verbo
1089 2866 1289 2914 audibili
1310 2870 1397 2917 suit
1418 2881 1528 2918 ante
1547 2872 1717 2920 mundi
1739 2874 2155 2931 constitutionem,
2179 2889 2293 2920 cum
2309 2889 2432 2925 non-

305 2933 422 2980 dum
442 2947 561 2987 esset
585 2939 667 3002 qui
685 2938 987 3005 loqueretur,
1011 2945 1086 2991 vel
1106 2947 1192 3010 qui
1214 2947 1486 2996 audiretur?
1517 2951 1762 3015 Numquid
1790 2953 1932 3000 inane
1961 2952 2165 2999 verbum
2187 2968 2289 2999 non
2317 2968 2430 3016 pro-

307 3007 432 3068 tulit,
458 3010 496 3056 si
517 3027 638 3075 opus
660 3013 809 3061 verbo
832 3032 932 3063 non
965 3017 1128 3080 fuerit,
1155 3022 1415 3084 praesertim
1436 3040 1587 3087 quum
1613 3026 1714 3073 sola
1735 3025 1955 3073 voluntas
1970 3025 2228 3086 sufficeret,
2255 3042 2345 3073 nec
2368 3025 2428 3072 ad

346 3217 475 3270 ‘Eecli.‚
493 3227 563 3259 cap.
581 3229 688 3261 nvn,
709 3231 739 3254 v.
757 3223 807 3255 13.
820 3241 861 3246 —
876 3225 887 3243 ²
901 3225 1015 3266 Mz'ch„
1034 3236 1093 3268 cap
1124 3238 1162 3268 v,
1188 3240 1218 3261 r.
1235 3233 1264 3263 2.
1286 3249 1323 3253 -
1397 3241 1425 3263 v.
1445 3234 1475 3264 6.
1494 3250 1531 3255 -—
1550 3234 1561 3252 ⁵
1580 3233 1788 3274 Genes.‚cap.
1811 3242 1834 3272 ι,
1855 3243 1883 3266 v.
1905 3235 1933 3267 1.
1952 3250 1992 3257 —
2008 3234 2019 3253 ⁶
2032 3232 2147 3266 Psalm.
2167 3241 2270 3271 xxxii,
2292 3242 2321 3264 v.
2335 3234 2364 3266 9.
2389 3251 2423 3257 —

299 3269 309 3287 ³
329 3269 473 3302 Provisa
490 3270 569 3304 Cod.
591 3271 670 3305 Vict.
688 3278 721 3305 et
738 3274 851 3309 Tlieol.
872 3277 989 3310 christ.
1007 3297 1044 3303 —
1063 3280 1199 3313 ⁴Psa1m.
1221 3291 1324 3323 xxxii,
1397 3287 1457 3308 —-⁷
1475 3286 1605 3327 Genea„
1620 3295 1691 3328 cap.
1710 3295 1733 3327 1,
1753 3296 1783 3319 v.
1803 3289 1833 3320 3-
