2638 3866
1150 89 1166 113 ὀ

292 157 391 207 786
1200 159 1519 209 APPENDIX.

293 259 350 302 ab
373 260 463 316 ejus
482 270 658 318 pectore
679 258 844 301 mentio
867 257 1028 301 exulat.
1054 258 1165 301 Cum
1189 269 1334 302 autem
1354 260 1471 303 Deus
1491 258 1702 314 irascitur,
1715 273 1794 318 per
1814 259 2017 319 ingenitae
2037 260 2242 306 bonitatis
2258 261 2443 305 affluen-

291 339 398 382 tiam
419 337 720 382 misericordiae
742 336 1008 381 recordatur.
1038 337 1311 382 Recordatur
1333 355 1423 382 non
1445 338 1536 382 sine
1559 337 1797 394 oblivione,
1823 340 1899 399 qui
1920 340 2113 385 irascitur
2134 341 2224 387 sine
2246 357 2444 386 commo-

291 419 410 463 tione
429 422 610 479 mag'nus
632 419 843 461 Dominus
881 429 1045 471 noster,
1071 418 1144 478 qui
1165 419 1226 462 sic
1247 430 1385 462 tentat
1406 434 1591 473 summa,
1618 430 1667 463 ut
1682 435 1831 464 curam
1851 420 2105 465 inferiorum
2125 434 2215 465 non
2237 421 2440 483 negligat.

293 491 431 547 Hujus
460 491 692 550 imaginem
717 489 907 537 aemulari
920 525 931 542 ,
957 490 1083 547 hujus
1114 501 1157 535 te
1180 491 1410 550 oportebat
1429 491 1606 551 vestigia
1633 491 1734 535 totis
1755 492 1980 536 conatibus
2006 492 2263 553 amplexari,
2288 503 2337 536 ut
2358 492 2447 537 cal·

292 570 392 613 culo
414 587 544 629 quem
566 571 727 630 forcipe
751 571 905 614 tulerat
926 571 1118 631 Angelus
1142 570 1197 614 de
1221 571 1369 626 altari,
1399 587 1605 632 purgares
1631 572 1783 616 vitium
1806 572 2024 616 labiorum
2048 573 2180 618 Petri.
2203 574 2295 617 Nec
2316 574 2446 633 igno-

289 665 386 693 rare
411 652 479 708 jus
502 661 595 693 erat
613 661 656 694 te
682 651 905 695 hominem
927 667 1039 706 esse,
1064 667 1195 711 quem
1222 663 1266 697 et
1288 652 1426 713 culpae
1452 651 1668 701 lubricum
1690 652 1860 702 trahere
1882 653 1939 696 ad
1961 669 2160 713 poenam,
2192 664 2236 696 et
2255 652 2446 698 medicus

293 730 432 790 gratia
452 746 655 790 reparare
676 742 819 790 posset
841 730 898 780 ad
919 732 1113 777 veniam.

352 810 429 855 His
448 811 509 854 ita
532 811 739 867 decursis,
768 811 984 856 silentium
1011 813 1195 872 imperat
1221 813 1442 872 prolixitas,
1465 813 1687 857 orationis.
1727 813 1782 855 Et
1804 813 2008 872 quoniam
2027 829 2113 857 vox
2139 813 2293 858 lassata
2318 811 2448 857 refri-

293 891 400 950 gerii
431 903 604 951 portum
629 893 721 950 jam
754 894 941 952 expetit,
980 893 1038 936 ob
1071 893 1355 937 recreandum
1389 894 1578 938 Lectoris
1609 893 1828 937 fastidium
1861 893 2030 938 debitus
2048 894 2203 955 ‘primo
2236 893 2448 938 volumini

292 972 501 1019 terminus
533 972 744 1033 affigetur,
769 983 817 1016 ut
843 972 898 1016 ad
944 989 996 1017 ea
1022 990 1119 1033 quae
1140 974 1413 1034 promisimus
1438 973 1670 1018 enodanda
1691 973 1891 1018 secundi²
1915 974 2133 1019 luctamen
2156 972 2446 1020 laborisvoffi·

292 1051 448 1098 ciosius
470 1052 735 1113 accingatur.
1763 1035 1770 1039 η

1346 1536 1415 1589 Ι·ΙΙ

894 1749 1292 1808 EPISTOLA
1347 1715 1852 1827 BERENGARH

1084 1961 1141 1997 Ad
1156 1962 1365 2010 episcopum
1385 1962 1645 1998 mimatensem.

2080 2064 2109 2086 ψ,

293 2123 402 2164 Patri
429 2132 468 2163 et
491 2123 661 2163 Domino
682 2137 753 2163 suo
783 2124 833 2164 G.
842 2123 1094 2174 ,Mimatensi
1125 2124 1324 2177 episcopo,
1354 2124 1474 2177 pleno
1506 2123 1684 2173 dierum,
1722 2121 1980 2176 Berengarius
2019 2121 2202 2162 renovari
2235 2129 2278 2161 ut
2310 2121 2450 2174 aquilae

1170 2184 1418 2233 juventutem
1439 2197 1566 2224 suam.

353 2379 406 2421 In
429 2378 527 2421 loco
547 2377 735 2420 barbaro
758 2393 913 2439 corpus
934 2394 1081 2422 meum
1104 2395 1129 2421 a
1148 2379 1387 2429 latronibus
1410 2388 1473 2421 est
1492 2378 1775 2432 liberrimum,
1799 2377 1876 2421 sed
1900 2378 2071 2437 spiritus
2093 2393 2215 2420 meus
2235 2375 2352 2436 apud
2372 2390 2448 2419 vos

292 2458 339 2501 in
375 2457 474 2501 loco
507 2469 654 2501 sancto
688 2457 968 2518 periclitatur.
1003 2459 1277 2519 Quapropter
1305 2459 1351 2500 in
1373 2459 1505 2501 totius
1537 2458 1654 2501 orbis
1685 2464 1916 2517 conspectu
1945 2458 2070 2500 vobis
2101 2456 2305 2499 baculum
2338 2470 2448 2498 meae

292 2539 470 2600 porrigo
501 2537 777 2592 defensionis,
796 2530 859 2589 ⁵ut
889 2523 1136 2601 sanctorum
1168 2538 1316 2582 dentes
1344 2538 1545 2582 mordere
1572 2554 1667 2593 ‘non
1696 2538 1906 2591 audeant,
1938 2553 2066 2596 quem
2093 2535 2208 2580 vesci
2236 2534 2447 2595 spiraculo

291 2619 391 2663 vitae
426 2610 635 2683 permittit
671 2616 927 2664 truculentia
957 2618 1230 2679 gladiorum.'
1249 2620 1313 2662 Sis
1344 2620 1475 2680 igitur
1505 2618 1666 2679 Ulyxes
1694 2636 1804 2663 meae
1830 2635 1991 2674 causae,
2022 2629 2071 2661 ut
2104 2619 2225 2661 Circe
2256 2616 2448 2675 quamvis

291 2698 379 2743 filia
409 2701 533 2755 Solis,
558 2700 627 2758 jus
648 2717 795 2744 meum
827 2701 994 2762 magico
1010 2716 1235 2744 murmure
1258 2717 1349 2744 non
1372 2701 1529 2751 audeat
1555 2701 1808 2755 immutare,
1832 2710 1882 2742 ut
1903 2699 2020 2743 sidus
2046 2714 2154 2742 meae
2177 2696 2448 2740 conscientiae

289 2795 378 2822 non
394 2781 527 2841 possit
547 2781 711 2826 invidia
735 2781 975 2842 denigrare.
1003 2782 1146 2824 Minus
1168 2792 1282 2825 certe
1306 2781 1516 2837 dolerem,
1547 2782 1581 2824 si
1603 2781 1748 2825 fauces
1768 2780 1880 2841 lupi
1879 2779 2082 2823 biberent
2102 2793 2251 2822 meum
2272 2777 2446 2837 sangui-

291 2874 409 2914 nem,
435 2877 565 2920 quam
587 2861 622 2904 si
638 2862 784 2905 ovium
796 2843 1043 2905 dentibus
1033 2879 1079 2905 m
1102 2863 1233 2905 frusta
1255 2862 1486 2906 minuerer.
1510 2862 1685 2923 Corrige
1706 2854 1858 2922 igitur,
1876 2861 2028 2903 Pastor
2049 2860 2183 2914 bone,
2208 2867 2304 2901 tuas
2325 2871 2441 2912 oves,

290 2954 347 2982 ne
378 2953 528 2984 contra
549 2958 619 2985 me
646 2942 819 2998 balent,
844 2943 945 3002 quia
971 2959 1063 2986 non
1090 2959 1186 2986 sum
1214 2943 1339 3003 lupus
1359 2944 1582 3006 insidians,
1618 2942 1695 2987 sed
1716 2942 1835 2986 canis
1862 2950 2092 3001 protegens
2122 2954 2266 2983 ovem.
2292 2937 2443 2980 Fretus

287 3018 467 3065 tandem
485 3033 624 3065 vestro
649 3020 797 3068 fa‘vore
817 3024 1003 3066 sermoni
1024 3022 1120 3067 vela
1143 3023 1315 3078 levabo,
1334 3036 1379 3076 et
1391 3025 1509 3068 ’inter
1530 3023 1839 3077 oblatrantium
1858 3021 2103 3082 linguarum
2126 3018 2286 3078 Scyllas
2307 3016 2441 3059 firmae

289 3097 466 3143 rationis
486 3101 664 3160 remigio
687 3102 918 3162 navigabo.
946 3103 1136 3163 Imponit
1157 3103 1342 3163 plurima
1365 3105 1458 3148 dira
1478 3120 1588 3149 meae
1610 3120 1806 3164 personae
1826 3102 2023 3163 religiosa
2049 3116 2229 3154 manus,
2257 3108 2301 3142 et
2322 3111 2443 3165 sacro

333 3251 344 3272 ¹
356 3248 527 3283 Secundus
548 3250 601 3283 hic
618 3250 712 3284 labor
727 3261 793 3284 non
809 3256 910 3292 extat,
924 3261 985 3285 nec
1005 3261 1024 3285 a
1043 3252 1241 3294 Bet-angaria
1255 3258 1428 3294 susceptus
1443 3258 1506 3294 est,
1528 3258 1563 3288 ut
1579 3261 1621 3285 ex
1637 3252 1777 3293 epistola
1791 3250 1941 3291 sequenti
1957 3253 2060 3290 patet.
