2638 3866
236 198 333 245 644,
1139 191 1311 237 PETRI
1344 190 1658 237 ABAELARDI
1701 260 1703 262 Ι

236 296 307 339 dia
320 296 430 338 ferre
443 295 599 355 potuit,
616 308 694 335 nec
709 292 874 335 auferre
885 291 1122 350 praevaluit,
1140 291 1215 334 sed
1231 291 1455 351 gloriosius
1468 289 1766 350 persequendo
1781 290 1966 334 effecit.»
1985 292 2050 334 Ex
2063 292 2143 334 hac
2159 292 2374 351 scriptoris

235 363 354 421 quasi
392 374 586 419 expressa
612 358 812 417 imagine,
849 357 941 415 quis
969 373 1058 399 non
1090 367 1337 416 agnosceret
1358 356 1651 410 Abaelardum,
1673 367 1716 399 et
1736 356 2098 399 Introductionem
2127 357 2376 417 leeologz'ae

235 429 352 483 cujus
378 425 571 468 Lotulfus
599 434 642 465 et
666 423 903 475 Albericus,
931 422 1204 465 aemulatione
1225 421 1413 480 quadam
1433 422 1605 482 impulsi
1634 432 1759 480 atque
1782 421 1968 477 invidia,
1995 422 2207 465 delatores
2230 422 2375 466 fuere?

232 493 387 534 *Postea
411 492 455 532 in
478 489 634 531 eodem
648 504 779 548 opere
801 487 976 530 affertur
997 487 1106 530 liber
1127 486 1339 531 secundus
1354 486 1615 530 Christianae
1637 487 1883 546 Theologz'ae
1899 497 2047 530 contra
2067 503 2141 530 eos
2156 489 2230 546 qui
2245 486 2377 531 fidem

234 556 470 598 rationibus
493 553 836 613 investigandam
867 569 955 596 esse
980 553 1213 628 denegant.
1239 552 1556 628 Adfjiciendum
1578 564 1640 596 est
1669 553 1715 595 in
1751 554 1836 595 hoc
1865 552 2072 612 opusculo
2106 554 2301 628 copiam,
2335 564 2378 596 et

236 621 472 673 audaciam,
494 635 648 685 easque
672 619 803 669 etiam
823 620 1049 679 opiniones
1070 620 1251 662 inveniri
1273 635 1377 678 quas
1399 620 1442 675 in
1466 619 1628 662 caeteris
1648 618 1869 662 Abaelardi
1889 618 2089 678 operibus
2111 619 2315 679 reperias.

293 673 516 744 Dialogus·
534 691 645 734 inter·
663 685 874 741 Judaeum,
900 684 1210 743 Philosophum
1226 690 1266 727 ei
1281 679 1577 733 Christianum
1597 682 1836 728 identidem
1856 684 1935 728 sub
1957 685 2042 727 hoc
2062 684 2188 727 titulo
2208 684 2278 727 vel
2298 685 2377 728 sub

235 751 348 793 alio
338 767 382 792 ιιι
404 750 612 818 Catalogo
634 750 844 803 libi-orum
871 750 1259 825 manuscriptorum
1280 747 1446 810 Anglia'e
1474 761 1516 793 et
1545 749 1790 792 Hiberniae*
1812 748 1932 792 haud
1960 750 2091 793 semel
2117 761 2379 794 memoratus

234 828 315 871 est3
347 817 449 858 hinc
482 827 624 858 autem
647 817 741 859 Cas.
762 809 992 859 Oudinus²
1027 817 1335 876 scriptoresque
1351 785 1458 860 ²³Rei
1478 814 1714 859 Literariae³
1743 814 1952 874 quidquid
1980 813 2034 857 de
2061 815 2146 858 hoc
2175 815 2378 874 opusculo

234 850 400 935 dixere,
448 883 779 941 exscripserunt.
818 882 964 924 Primo
1008 882 1147 924 editus
1180 893 1242 925 est
1276 898 1301 924 a
1334 882 1452 925 Frid.
1493 879 1773 923 Rheinvvald⁴
1807 896 1830 923 e
1869 879 2020 923 codice
2051 880 2379 924 Vindobonensi

233 963 361 1005 quem
383 948 611 1006 Dionysius
632 947 855 1007 descripsit
870 948 982 990 inter
1006 948 1187 991 Codices
1207 947 1470 1007 theologicos
1485 946 1761 989 Bibliothecae
1784 945 2008 987 Palatinae⁵
2018 977 2029 999 ,
2052 956 2097 988 et
2117 947 2190 1004 qui
2209 947 2380 990 videtur

233 1013 289 1055 ad
316 1013 458 1055 saeculi
489 1029 572 1054 xm
596 1013 766 1055 initium
788 1013 937 1056 referri
959 1029 1099 1072 posse.
1125 1014 1272 1068 Quum
1290 1013 1433 1056 nullus
1454 1013 1508 1055 sit
1525 1012 1572 1054 in
1593 1011 1732 1054 Gallia
1751 1010 1891 1054 codex
1921 1011 2229 1070 manuscriptus
2251 1013 2378 1069 hujus

233 1079 388 1137 operis,
412 1089 578 1120 textum
601 1095 623 1120 a
647 1080 788 1138 primo
806 1079 970 1122 editore
995 1079 1145 1123 datum
1167 1079 1349 1123 fideliter
1369 1077 1731 1137 transcripsimus,
1755 1076 1903 1136 paucis
1923 1087 2069 1119 tamen
2088 1078 2262 1120 mutatis
2286 1093 2381 1136 quae

231 1147 276 1185 in
299 1143 458 1186 notulis
481 1143 778 1187 indicavimus.

289 1210 389 1263 Quo
420 1219 614 1267 tempore
646 1211 730 1252 hoc
757 1226 865 1268 opus
895 1210 1023 1253 fuerit
1057 1211 1342 1269 compositum
1376 1225 1465 1251 non
1499 1208 1597 1251 satis
1632 1217 1900 1265 compertum
1932 1216 2020 1259 est;
2057 1205 2132 1248 sed
2162 1223 2215 1250 ex
2249 1207 2379 1266 ipsius

231 1275 362 1317 libelli
384 1285 537 1316 natura
561 1290 610 1318 ac
626 1277 794 1318 ratione
817 1277 972 1333 conjici
992 1286 1151 1335 potest,
1176 1275 1297 1317 illum
1318 1275 1521 1334 scriptum
1538 1273 1663 1315 fuisse
1686 1272 1815 1332 paulo
1831 1282 1930 1331 post
1950 1272 1992 1313 E
1996 1271 2152 1314 thicam
2176 1283 2219 1316 et
2248 1273 2383 1315 leeo-

236 1341 397 1400 logiam
422 1339 720 1384 Christianam
743 1343 864 1398 cujus
885 1342 931 1384 in
954 1358 1023 1396 eo,
1048 1352 1097 1384 ut
1123 1341 1324 1395 diximus,
1349 1341 1513 1384 mentio
1535 1338 1598 1382 fit.

300 1908 641 1973 Aspiciebam
629 1926 679 1955 ιιι
703 1910 808 1956 visu
833 1910 1004 1971 noctis,
1031 1920 1078 1957 et
1103 1926 1214 1958 ecce
1237 1910 1327 1957 viri
1353 1920 1466 1972 tres,
1494 1909 1684 1958 diverso
1706 1912 1895 1959 tramite
1918 1911 2189 1972 venientes,
2218 1926 2385 1958 coram

234 2005 311 2035 me
343 1988 621 2049 astiterunt,
650 2006 774 2054 quos
797 2005 887 2053 ego
913 1990 1070 2037 statim
1093 1991 1230 2073 juxta
1253 1990 1449 2038 visionis
1478 1991 1709 2067 modum,
1745 1992 1882 2056 cujus
1918 1993 2014 2039 sint
2040 1990 2382 2070 professionis,

232 2068 308 2116 vel
339 2086 426 2118 cur
460 2069 522 2118 ad
557 2067 634 2118 me
669 2067 918 2130 venerint,
956 2069 1219 2136 interrogo.
1244 2066 1496 2119 HOmines
1518 2062 1710 2133 sumuS,
1728 2060 1999 2137 inquiunt,
2022 2058 2239 2120 diversis
2274 2059 2387 2120 fidei

233 2150 371 2197 sectis
404 2150 680 2202 innitentes.
706 2151 862 2198 Unius
884 2151 1064 2217 quippe
1085 2153 1176 2200 Dei
1196 2153 1405 2199 cultores
1432 2169 1535 2200 esse
1568 2169 1660 2200 nos
1683 2169 1854 2200 omnes
1880 2153 2059 2218 pariter
2081 2151 2384 2218 profitemur,

233 2230 420 2278 diversa
467 2240 630 2278 tamen
671 2231 766 2279 fide
811 2242 860 2279 et
895 2233 993 2279 vita
1037 2231 1128 2298 ipsi
1175 2232 1482 2281 famulantes.
1530 2235 1666 2281 Unus
1711 2233 1893 2299 quippe
1935 2242 2155 2299 nostrum
2201 2233 2388 2298 gentilis

235 2328 291 2358 ex
324 2298 400 2357 his
433 2296 556 2376 quos
582 2299 902 2377 philosophos
924 2297 1191 2378 appellant,
1228 2313 1433 2361 naturali
1463 2313 1567 2377 lege
1597 2323 1853 2361 contentus
1888 2323 1974 2362 est.
2014 2296 2104 2361 Alii
2131 2319 2248 2361 vero
2288 2312 2389 2362 duo

237 2392 495 2463 scripturas
522 2391 722 2453 habent,
759 2409 969 2457 quorum
1003 2393 1121 2440 alter
1154 2393 1373 2466 Judaem,
1406 2393 1525 2441 alter
1550 2394 1727 2442 dicitur
1757 2394 2070 2442 Christianus·
2103 2394 2199 2464 Diu
2227 2403 2388 2460 autem

237 2470 297 2518 de
334 2462 532 2519 diversis
572 2471 686 2520 fidei
724 2483 900 2520 nostrae
937 2473 1075 2520 sectis
1112 2474 1322 2521 invicem
1363 2463 1665 2522 conferentes
1709 2483 1852 2539 atque
1886 2457 2260 2531 contendentes,
2303 2482 2388 2520 tuo

235 2552 434 2599 tandem
454 2552 640 2616 judicio
666 2553 912 2600 cessimus.
1377 2560 1380 2564 '
1432 2568 1434 2570 ’
1566 2599 1570 2602 .

302 2635 403 2696 Ego
440 2650 584 2699 super
622 2634 734 2681 haec
755 2635 917 2710 itaque
951 2633 1263 2681 vehementer
1297 2633 1567 2694 admirans,
1615 2634 1723 2699 quis
1743 2628 1805 2681 ¹in
1839 2633 1944 2681 haec
1978 2634 2109 2700 ipsos
2146 2622 2390 2680 induxerit

237 2711 313 2758 vel
342 2708 706 2791 congregaverit
734 2730 929 2779 quaero,
943 2723 990 2762 et
1016 2714 1224 2795 maxime
1252 2731 1337 2785 cur
1357 2715 1405 2761 in
1428 2711 1543 2778 haec
1555 2731 1630 2762 me
1639 2713 1861 2787 judicem
1884 2713 2158 2779 elegerint?
2168 2715 2390 2779 Respon-

240 2782 373 2839 dens
393 2803 555 2859 autem
587 2788 945 2860 philosophus:
973 2791 1104 2858 Mea,
1142 2778 1319 2861 inquit,
1358 2811 1533 2860 opera
1524 2777 1637 2850 hoc
1668 2804 1738 2860 est
1760 2795 2042 2860 inceptum,
2075 2788 2345 2859 quoniam·
2339 2792 2389 2857 id

242 2888 482 2919 summum
515 2867 585 2921 est
621 2875 1052 2941 philosophorum,
1092 2833 1366 2925 iationibus
1391 2863 1641 2925 veritatem
1676 2875 1961 2939 investigare
1997 2884 2045 2923 et
2078 2875 2128 2921 in
2162 2854 2390 2923 omnibus

244 2966 341 2998 non
361 2952 640 3016 opinionem
666 2955 942 3015 hominum,
965 2956 1048 3004 sed
1074 2957 1273 3004 rationis
1297 2957 1433 3021 sequi
1447 2952 1706 3026 ducatum.
1725 2958 2012 3003 Nostrorum
2034 2955 2197 3019 itaque
2215 2953 2390 3020 scholis

286 3107 697 3152 =ox0niae‚1697m-s01.
718 3091 799 3152 phi,
821 3120 853 3143 n.
877 3114 951 3154 458,
969 3115 1005 3154 2,
1013 3114 1092 3152 392·
1117 3111 1154 3144 P.
1173 3111 1220 3155 11,
1239 3122 1272 3145 n.
1349 3088 1615 3147 '—⁵c0d:'iss‘s.
1630 3086 1753 3147 maol.
1781 3104 1871 3152 Bibl.
1909 3097 2258 3152 Palat.²1⁷ind6bon.‚
2303 3097 2385 3149 etc„

244 3160 341 3204 6086,
364 3161 456 3196 8206.
478 3164 538 3185 -2
555 3163 736 3196 Commeat.
759 3164 799 3196 de
817 3166 999 3207 scriptor.
1014 3165 1143 3199 Εεσῑοὲ.
1162 3160 1277 3206 Lipsiae
1348 3169 1522 3209 recensuit,
1545 3169 1707 3209 digessit,
1704 3170 1782 3199 'eta
1799 3166 1895 3199 Mich.
1908 3165 2026 3208 Denis,
2044 3160 2384 3206 Vindobonaesl754.

246 3218 339 3258 1722,
356 3217 408 3248 in-
391 3217 483 3258 -.‚fol
504 3221 583 3248 tom.
599 3216 647 3258 11,
665 3219 727 3251 col.
734 3220 857 3252 1170.
855 3236 895 3251 .-
915 3215 1041 3253 ³Hist.
1054 3220 1276 3254 Ζῐετέναίνεάε
1349 3221 1473 3263 ιιι-,ἔσῃ
1479 3222 1561 3282 vol.-
1571 3220 1610 3263 ·1‚
1631 3223 1668 3254 P.
1686 3229 1727 3263 ιι,
1748 3229 1792 3261 ῃ.
1806 3221 1898 3254 1996.

245 3269 281 3303 la
293 3271 451 3314 ergmce„¹
458 3275 537 3303 tom.
549 3269 624 3312 XII,
645 3280 678 3312 p.
700 3273 771 3305 132.
796 3259 1038 3316 —⁴Bessroliui,
1062 3275 1160 3317 1831,
1172 3276 1240 3307 111]-
1237 3273 1274 3317 8.
1935 3277 1938 3280 ’
