<?xml version="1.0" encoding="UTF-8"?>
<!DOCTYPE html PUBLIC "-//W3C//DTD XHTML 1.0 Transitional//EN"
    "http://www.w3.org/TR/xhtml1/DTD/xhtml1-transitional.dtd">
<html xmlns="http://www.w3.org/1999/xhtml" xml:lang="en" lang="en">
 <head>
  <title>
</title>
<meta http-equiv="Content-Type" content="text/html;charset=utf-8" />
  <meta name='ocr-system' content='tesseract 3.04.00' />
  <meta name='ocr-capabilities' content='ocr_page ocr_carea ocr_par ocr_line ocrx_word'/>
</head>
<body>
  <div class='ocr_page' id='page_1' title='image "./operahactenusseo00abeluoft_0640.png"; bbox 0 0 2638 3866; ppageno 0'>
   <div class='ocr_carea' id='block_1_1' title="bbox 268 198 1596 249">
    <p class='ocr_par' dir='ltr' id='par_1_1' title="bbox 268 198 1596 249">
     <span class='ocr_line' id='line_1_1' title="bbox 268 198 1596 249; baseline -0.004 0"><span class='ocrx_word' id='word_1_1' title='bbox 268 203 362 249; x_wconf 76' lang='lat'>630</span> <span class='ocrx_word' id='word_1_2' title='bbox 737 203 740 207; x_wconf 85' lang='lat'><em>&#39;</em></span> <span class='ocrx_word' id='word_1_3' title='bbox 1074 199 1246 246; x_wconf 84' lang='lat' dir='ltr'>PETRI</span> <span class='ocrx_word' id='word_1_4' title='bbox 1285 198 1596 246; x_wconf 85' lang='lat' dir='ltr'><strong>ABAELARDI</strong></span> 
     </span>
    </p>
   </div>
   <div class='ocr_carea' id='block_1_2' title="bbox 1105 437 1553 499">
    <p class='ocr_par' dir='ltr' id='par_1_2' title="bbox 1105 437 1553 499">
     <span class='ocr_line' id='line_1_2' title="bbox 1105 437 1553 499; baseline 0 -2"><span class='ocrx_word' id='word_1_5' title='bbox 1105 437 1348 498; x_wconf 84' lang='lat' dir='ltr'><strong>CAPUT</strong></span> <span class='ocrx_word' id='word_1_6' title='bbox 1402 439 1553 499; x_wconf 83' lang='lat' dir='ltr'>XXL</span> 
     </span>
    </p>
   </div>
   <div class='ocr_carea' id='block_1_3' title="bbox 760 584 1901 639">
    <p class='ocr_par' dir='ltr' id='par_1_3' title="bbox 760 584 1901 639">
     <span class='ocr_line' id='line_1_3' title="bbox 760 584 1901 639; baseline 0.001 -16"><span class='ocrx_word' id='word_1_7' title='bbox 760 584 949 634; x_wconf 86' lang='lat' dir='ltr'>Injustum</span> <span class='ocrx_word' id='word_1_8' title='bbox 992 598 1072 623; x_wconf 92' lang='lat' dir='ltr'>non</span> <span class='ocrx_word' id='word_1_9' title='bbox 1112 598 1195 624; x_wconf 87' lang='lat' dir='ltr'>esse</span> <span class='ocrx_word' id='word_1_10' title='bbox 1234 585 1395 638; x_wconf 81' lang='lat' dir='ltr'>dignum</span> <span class='ocrx_word' id='word_1_11' title='bbox 1441 586 1600 639; x_wconf 86' lang='lat' dir='ltr'>praemio</span> <span class='ocrx_word' id='word_1_12' title='bbox 1633 600 1710 625; x_wconf 88' lang='lat' dir='ltr'>non</span> <span class='ocrx_word' id='word_1_13' title='bbox 1750 586 1901 625; x_wconf 87' lang='lat' dir='ltr'>donari.</span> 
     </span>
    </p>
   </div>
   <div class='ocr_carea' id='block_1_4' title="bbox 263 713 2410 2290">
    <p class='ocr_par' dir='ltr' id='par_1_4' title="bbox 263 713 2410 2290">
     <span class='ocr_line' id='line_1_4' title="bbox 330 713 2401 780; baseline 0 -20"><span class='ocrx_word' id='word_1_14' title='bbox 330 714 424 762; x_wconf 87' lang='lat' dir='ltr'>Sed</span> <span class='ocrx_word' id='word_1_15' title='bbox 451 715 658 761; x_wconf 72' lang='lat' dir='ltr'><strong>Fortassis</strong></span> <span class='ocrx_word' id='word_1_16' title='bbox 690 715 906 778; x_wconf 83' lang='lat' dir='ltr'><strong>requiris,</strong></span> <span class='ocrx_word' id='word_1_17' title='bbox 942 714 981 761; x_wconf 91' lang='lat' dir='ltr'>si</span> <span class='ocrx_word' id='word_1_18' title='bbox 1009 713 1049 760; x_wconf 90' lang='lat' dir='ltr'>is</span> <span class='ocrx_word' id='word_1_19' title='bbox 1066 714 1154 778; x_wconf 87' lang='lat' dir='ltr'>qui</span> <span class='ocrx_word' id='word_1_20' title='bbox 1174 714 1394 780; x_wconf 88' lang='lat' dir='ltr'>poenitet,</span> <span class='ocrx_word' id='word_1_21' title='bbox 1415 715 1515 779; x_wconf 86' lang='lat' dir='ltr'>jam</span> <span class='ocrx_word' id='word_1_22' title='bbox 1538 715 1710 778; x_wconf 84' lang='lat' dir='ltr'>dignus</span> <span class='ocrx_word' id='word_1_23' title='bbox 1735 716 1796 762; x_wconf 91' lang='lat' dir='ltr'>sit</span> <span class='ocrx_word' id='word_1_24' title='bbox 1817 715 1912 762; x_wconf 89' lang='lat' dir='ltr'>vita</span> <span class='ocrx_word' id='word_1_25' title='bbox 1934 724 2133 775; x_wconf 86' lang='lat' dir='ltr'>aeterna,</span> <span class='ocrx_word' id='word_1_26' title='bbox 2159 715 2242 778; x_wconf 89' lang='lat' dir='ltr'>qui</span> <span class='ocrx_word' id='word_1_27' title='bbox 2267 714 2401 761; x_wconf 85' lang='lat' dir='ltr'>dam·</span> 
     </span>
     <span class='ocr_line' id='line_1_5' title="bbox 266 793 2404 859; baseline -0 -17"><span class='ocrx_word' id='word_1_28' title='bbox 266 796 458 842; x_wconf 88' lang='lat' dir='ltr'>natione</span> <span class='ocrx_word' id='word_1_29' title='bbox 485 794 658 859; x_wconf 86' lang='lat' dir='ltr'>dignus</span> <span class='ocrx_word' id='word_1_30' title='bbox 678 812 777 842; x_wconf 91' lang='lat' dir='ltr'>non</span> <span class='ocrx_word' id='word_1_31' title='bbox 803 794 908 841; x_wconf 77' lang='lat' dir='ltr'>est?</span> <span class='ocrx_word' id='word_1_32' title='bbox 933 793 1077 852; x_wconf 89' lang='lat' dir='ltr'>Quod</span> <span class='ocrx_word' id='word_1_33' title='bbox 1103 795 1143 842; x_wconf 89' lang='lat' dir='ltr'>si</span> <span class='ocrx_word' id='word_1_34' title='bbox 1164 794 1509 855; x_wconf 84' lang='lat' dir='ltr'><strong>concedamus,</strong></span> <span class='ocrx_word' id='word_1_35' title='bbox 1537 794 1761 859; x_wconf 88' lang='lat' dir='ltr'>objicitur</span> <span class='ocrx_word' id='word_1_36' title='bbox 1788 793 1931 842; x_wconf 90' lang='lat' dir='ltr'>nobis</span> <span class='ocrx_word' id='word_1_37' title='bbox 1963 811 2074 842; x_wconf 89' lang='lat' dir='ltr'>eum</span> <span class='ocrx_word' id='word_1_38' title='bbox 2103 811 2299 859; x_wconf 88' lang='lat' dir='ltr'>quoque</span> <span class='ocrx_word' id='word_1_39' title='bbox 2320 796 2404 858; x_wconf 89' lang='lat' dir='ltr'>qui</span> 
     </span>
     <span class='ocr_line' id='line_1_6' title="bbox 264 874 2404 941; baseline -0.001 -19"><span class='ocrx_word' id='word_1_40' title='bbox 264 885 372 940; x_wconf 89' lang='lat' dir='ltr'>post</span> <span class='ocrx_word' id='word_1_41' title='bbox 402 876 732 940; x_wconf 88' lang='lat' dir='ltr'>poenitentiam</span> <span class='ocrx_word' id='word_1_42' title='bbox 760 875 922 940; x_wconf 87' lang='lat' dir='ltr'>lapsus</span> <span class='ocrx_word' id='word_1_43' title='bbox 950 875 1115 939; x_wconf 88' lang='lat' dir='ltr'>periit,</span> <span class='ocrx_word' id='word_1_44' title='bbox 1145 875 1263 923; x_wconf 91' lang='lat' dir='ltr'>dum</span> <span class='ocrx_word' id='word_1_45' title='bbox 1290 875 1559 941; x_wconf 85' lang='lat' dir='ltr'>poeniteret,</span> <span class='ocrx_word' id='word_1_46' title='bbox 1586 875 1785 939; x_wconf 82' lang='lat' dir='ltr'>dignum</span> <span class='ocrx_word' id='word_1_47' title='bbox 1813 874 1910 922; x_wconf 84' lang='lat' dir='ltr'>vita</span> <span class='ocrx_word' id='word_1_48' title='bbox 1938 884 2114 923; x_wconf 86' lang='lat' dir='ltr'>aeterna</span> <span class='ocrx_word' id='word_1_49' title='bbox 2147 874 2325 921; x_wconf 17' lang='lat' dir='ltr'>fuisset:</span> <span class='ocrx_word' id='word_1_50' title='bbox 2358 884 2404 920; x_wconf 85' lang='lat' dir='ltr'>et</span> 
     </span>
     <span class='ocr_line' id='line_1_7' title="bbox 263 954 2400 1022; baseline -0.001 -20"><span class='ocrx_word' id='word_1_51' title='bbox 263 959 419 1003; x_wconf 85' lang='lat' dir='ltr'>Deum</span> <span class='ocrx_word' id='word_1_52' title='bbox 449 955 750 1020; x_wconf 87' lang='lat' dir='ltr'>arguendum</span> <span class='ocrx_word' id='word_1_53' title='bbox 772 955 955 1019; x_wconf 83' lang='lat' dir='ltr'>injuriae</span> <span class='ocrx_word' id='word_1_54' title='bbox 982 971 1084 1003; x_wconf 87' lang='lat' dir='ltr'>esse</span> <span class='ocrx_word' id='word_1_55' title='bbox 1110 955 1283 1015; x_wconf 87' lang='lat' dir='ltr'>videri,</span> <span class='ocrx_word' id='word_1_56' title='bbox 1317 957 1400 1021; x_wconf 92' lang='lat' dir='ltr'>qui</span> <span class='ocrx_word' id='word_1_57' title='bbox 1428 955 1679 1022; x_wconf 87' lang='lat' dir='ltr'>praemium</span> <span class='ocrx_word' id='word_1_58' title='bbox 1705 972 1803 1020; x_wconf 92' lang='lat' dir='ltr'>quo</span> <span class='ocrx_word' id='word_1_59' title='bbox 1833 955 1911 1003; x_wconf 82' lang='lat' dir='ltr'>ille</span> <span class='ocrx_word' id='word_1_60' title='bbox 1934 964 2049 1002; x_wconf 90' lang='lat' dir='ltr'>tunc</span> <span class='ocrx_word' id='word_1_61' title='bbox 2077 954 2249 1018; x_wconf 85' lang='lat' dir='ltr'>dignus</span> <span class='ocrx_word' id='word_1_62' title='bbox 2271 964 2372 1001; x_wconf 89' lang='lat' dir='ltr'>erat</span> <span class='ocrx_word' id='word_1_63' title='bbox 2388 991 2400 1013; x_wconf 93' lang='lat'><strong><em>‚</em></strong></span> 
     </span>
     <span class='ocr_line' id='line_1_8' title="bbox 265 1035 2404 1101; baseline -0.001 -19"><span class='ocrx_word' id='word_1_64' title='bbox 265 1038 306 1082; x_wconf 90' lang='lat' dir='ltr'>ei</span> <span class='ocrx_word' id='word_1_65' title='bbox 324 1046 439 1083; x_wconf 87' lang='lat' dir='ltr'>tunc</span> <span class='ocrx_word' id='word_1_66' title='bbox 463 1037 628 1084; x_wconf 88' lang='lat' dir='ltr'>saltem</span> <span class='ocrx_word' id='word_1_67' title='bbox 652 1053 752 1083; x_wconf 89' lang='lat' dir='ltr'>non</span> <span class='ocrx_word' id='word_1_68' title='bbox 773 1035 982 1083; x_wconf 81' lang='lat' dir='ltr'>reddidit</span> <span class='ocrx_word' id='word_1_69' title='bbox 997 1072 1009 1095; x_wconf 95' lang='lat'>,</span> <span class='ocrx_word' id='word_1_70' title='bbox 1036 1045 1089 1083; x_wconf 91' lang='lat' dir='ltr'>ut</span> <span class='ocrx_word' id='word_1_71' title='bbox 1118 1037 1185 1084; x_wconf 92' lang='lat' dir='ltr'>sic</span> <span class='ocrx_word' id='word_1_72' title='bbox 1215 1037 1315 1101; x_wconf 87' lang='lat' dir='ltr'>ejus</span> <span class='ocrx_word' id='word_1_73' title='bbox 1346 1035 1707 1084; x_wconf 85' lang='lat' dir='ltr'>damnationem</span> <span class='ocrx_word' id='word_1_74' title='bbox 1731 1035 2027 1101; x_wconf 85' lang='lat' dir='ltr'>praeveniret.</span> <span class='ocrx_word' id='word_1_75' title='bbox 2052 1035 2183 1082; x_wconf 90' lang='lat' dir='ltr'>Sicut</span> <span class='ocrx_word' id='word_1_76' title='bbox 2206 1035 2337 1081; x_wconf 90' lang='lat' dir='ltr'>enim</span> <span class='ocrx_word' id='word_1_77' title='bbox 2365 1035 2404 1081; x_wconf 89' lang='lat' dir='ltr'>si</span> 
     </span>
     <span class='ocr_line' id='line_1_9' title="bbox 266 1113 2404 1182; baseline -0 -20"><span class='ocrx_word' id='word_1_78' title='bbox 266 1127 382 1164; x_wconf 89' lang='lat' dir='ltr'>tunc</span> <span class='ocrx_word' id='word_1_79' title='bbox 406 1126 692 1173; x_wconf 89' lang='lat' dir='ltr'>moreretur,</span> <span class='ocrx_word' id='word_1_80' title='bbox 731 1133 787 1163; x_wconf 88' lang='lat' dir='ltr'>ex</span> <span class='ocrx_word' id='word_1_81' title='bbox 822 1116 903 1164; x_wconf 88' lang='lat' dir='ltr'>illo</span> <span class='ocrx_word' id='word_1_82' title='bbox 938 1118 988 1163; x_wconf 90' lang='lat' dir='ltr'>in</span> <span class='ocrx_word' id='word_1_83' title='bbox 1019 1133 1116 1181; x_wconf 89' lang='lat' dir='ltr'>quo</span> <span class='ocrx_word' id='word_1_84' title='bbox 1140 1126 1258 1164; x_wconf 88' lang='lat' dir='ltr'>tunc</span> <span class='ocrx_word' id='word_1_85' title='bbox 1290 1127 1391 1165; x_wconf 89' lang='lat' dir='ltr'>erat</span> <span class='ocrx_word' id='word_1_86' title='bbox 1413 1116 1681 1182; x_wconf 87' lang='lat' dir='ltr'>proposito,</span> <span class='ocrx_word' id='word_1_87' title='bbox 1718 1116 1893 1179; x_wconf 85' lang='lat' dir='ltr'>dignus</span> <span class='ocrx_word' id='word_1_88' title='bbox 1924 1116 2022 1164; x_wconf 84' lang='lat' dir='ltr'>vita</span> <span class='ocrx_word' id='word_1_89' title='bbox 2045 1125 2220 1163; x_wconf 86' lang='lat' dir='ltr'>aeterna</span> <span class='ocrx_word' id='word_1_90' title='bbox 2253 1113 2404 1162; x_wconf 84' lang='lat' dir='ltr'>salva-</span> 
     </span>
     <span class='ocr_line' id='line_1_10' title="bbox 264 1195 2405 1263; baseline -0.001 -19"><span class='ocrx_word' id='word_1_91' title='bbox 264 1207 393 1244; x_wconf 88' lang='lat' dir='ltr'>retur</span> <span class='ocrx_word' id='word_1_92' title='bbox 420 1216 430 1243; x_wconf 88' lang='lat'>:</span> <span class='ocrx_word' id='word_1_93' title='bbox 466 1199 528 1245; x_wconf 89' lang='lat' dir='ltr'>ita</span> <span class='ocrx_word' id='word_1_94' title='bbox 553 1207 599 1245; x_wconf 90' lang='lat' dir='ltr'>et</span> <span class='ocrx_word' id='word_1_95' title='bbox 622 1198 658 1244; x_wconf 92' lang='lat' dir='ltr'>si</span> <span class='ocrx_word' id='word_1_96' title='bbox 686 1207 851 1262; x_wconf 87' lang='lat' dir='ltr'>postea</span> <span class='ocrx_word' id='word_1_97' title='bbox 876 1197 1036 1262; x_wconf 85' lang='lat' dir='ltr'>lapsus</span> <span class='ocrx_word' id='word_1_98' title='bbox 1070 1198 1155 1259; x_wconf 81' lang='lat' dir='ltr'>sit,</span> <span class='ocrx_word' id='word_1_99' title='bbox 1184 1215 1240 1245; x_wconf 90' lang='lat' dir='ltr'>ex</span> <span class='ocrx_word' id='word_1_100' title='bbox 1269 1197 1443 1245; x_wconf 90' lang='lat' dir='ltr'>eodem</span> <span class='ocrx_word' id='word_1_101' title='bbox 1473 1198 1636 1245; x_wconf 89' lang='lat' dir='ltr'>animo</span> <span class='ocrx_word' id='word_1_102' title='bbox 1669 1213 1811 1262; x_wconf 90' lang='lat' dir='ltr'>quem</span> <span class='ocrx_word' id='word_1_103' title='bbox 1841 1197 1972 1263; x_wconf 87' lang='lat' dir='ltr'>prius</span> <span class='ocrx_word' id='word_1_104' title='bbox 2003 1196 2196 1257; x_wconf 90' lang='lat' dir='ltr'>habuit,</span> <span class='ocrx_word' id='word_1_105' title='bbox 2233 1195 2405 1259; x_wconf 75' lang='lat' dir='ltr'>dignus</span> 
     </span>
     <span class='ocr_line' id='line_1_11' title="bbox 263 1277 2403 1344; baseline -0.001 -20"><span class='ocrx_word' id='word_1_106' title='bbox 263 1278 434 1325; x_wconf 88' lang='lat' dir='ltr'>salvari</span> <span class='ocrx_word' id='word_1_107' title='bbox 459 1278 559 1325; x_wconf 81' lang='lat' dir='ltr'>fuit.</span> <span class='ocrx_word' id='word_1_108' title='bbox 589 1277 682 1324; x_wconf 84' lang='lat' dir='ltr'>Sed</span> <span class='ocrx_word' id='word_1_109' title='bbox 711 1277 822 1324; x_wconf 88' lang='lat' dir='ltr'>dico</span> <span class='ocrx_word' id='word_1_110' title='bbox 839 1315 851 1339; x_wconf 91' lang='lat'>,</span> <span class='ocrx_word' id='word_1_111' title='bbox 878 1279 992 1342; x_wconf 89' lang='lat' dir='ltr'>quia</span> <span class='ocrx_word' id='word_1_112' title='bbox 1025 1279 1148 1326; x_wconf 88' lang='lat' dir='ltr'>sicut</span> <span class='ocrx_word' id='word_1_113' title='bbox 1169 1278 1307 1325; x_wconf 87' lang='lat' dir='ltr'>multi</span> <span class='ocrx_word' id='word_1_114' title='bbox 1330 1295 1453 1344; x_wconf 84' lang='lat' dir='ltr'>saepe</span> <span class='ocrx_word' id='word_1_115' title='bbox 1481 1278 1791 1326; x_wconf 73' lang='lat' dir='ltr'>damnatione</span> <span class='ocrx_word' id='word_1_116' title='bbox 1814 1277 1948 1342; x_wconf 88' lang='lat' dir='ltr'>digni</span> <span class='ocrx_word' id='word_1_117' title='bbox 1976 1287 2104 1338; x_wconf 88' lang='lat' dir='ltr'>sunt,</span> <span class='ocrx_word' id='word_1_118' title='bbox 2130 1293 2220 1323; x_wconf 92' lang='lat' dir='ltr'>nec</span> <span class='ocrx_word' id='word_1_119' title='bbox 2244 1286 2403 1323; x_wconf 88' lang='lat' dir='ltr'>tamen</span> 
     </span>
     <span class='ocr_line' id='line_1_12' title="bbox 263 1355 2405 1424; baseline -0.001 -20"><span class='ocrx_word' id='word_1_120' title='bbox 263 1359 309 1404; x_wconf 83' lang='lat' dir='ltr'>in</span> <span class='ocrx_word' id='word_1_121' title='bbox 344 1358 434 1405; x_wconf 87' lang='lat' dir='ltr'>hac</span> <span class='ocrx_word' id='word_1_122' title='bbox 464 1375 548 1406; x_wconf 89' lang='lat' dir='ltr'>sua</span> <span class='ocrx_word' id='word_1_123' title='bbox 571 1358 783 1423; x_wconf 83' lang='lat' dir='ltr'>nequitia</span> <span class='ocrx_word' id='word_1_124' title='bbox 810 1359 1103 1418; x_wconf 89' lang='lat' dir='ltr'>moriuntur,</span> <span class='ocrx_word' id='word_1_125' title='bbox 1141 1369 1193 1406; x_wconf 90' lang='lat' dir='ltr'>ut</span> <span class='ocrx_word' id='word_1_126' title='bbox 1218 1359 1483 1417; x_wconf 88' lang='lat' dir='ltr'>damnatio,</span> <span class='ocrx_word' id='word_1_127' title='bbox 1514 1375 1661 1424; x_wconf 88' lang='lat' dir='ltr'>quam</span> <span class='ocrx_word' id='word_1_128' title='bbox 1683 1367 1980 1419; x_wconf 86' lang='lat' dir='ltr'>meruerant,</span> <span class='ocrx_word' id='word_1_129' title='bbox 2018 1359 2085 1404; x_wconf 89' lang='lat' dir='ltr'>eis</span> <span class='ocrx_word' id='word_1_130' title='bbox 2111 1373 2140 1404; x_wconf 89' lang='lat' dir='ltr'>a</span> <span class='ocrx_word' id='word_1_131' title='bbox 2164 1359 2268 1403; x_wconf 93' lang='lat' dir='ltr'>Deo</span> <span class='ocrx_word' id='word_1_132' title='bbox 2297 1355 2405 1403; x_wconf 88' lang='lat' dir='ltr'>red-</span> 
     </span>
     <span class='ocr_line' id='line_1_13' title="bbox 263 1437 2406 1503; baseline -0 -19"><span class='ocrx_word' id='word_1_133' title='bbox 263 1439 427 1499; x_wconf 71' lang='lat' dir='ltr'>datur,</span> <span class='ocrx_word' id='word_1_134' title='bbox 473 1457 561 1487; x_wconf 87' lang='lat' dir='ltr'>nec</span> <span class='ocrx_word' id='word_1_135' title='bbox 600 1450 757 1487; x_wconf 87' lang='lat' dir='ltr'>tamen</span> <span class='ocrx_word' id='word_1_136' title='bbox 796 1438 907 1486; x_wconf 89' lang='lat' dir='ltr'>ideo</span> <span class='ocrx_word' id='word_1_137' title='bbox 941 1443 1069 1486; x_wconf 90' lang='lat' dir='ltr'>Deus</span> <span class='ocrx_word' id='word_1_138' title='bbox 1106 1440 1343 1503; x_wconf 78' lang='lat' dir='ltr'>injustitiae</span> <span class='ocrx_word' id='word_1_139' title='bbox 1380 1448 1450 1486; x_wconf 87' lang='lat' dir='ltr'>est</span> <span class='ocrx_word' id='word_1_140' title='bbox 1482 1438 1773 1503; x_wconf 84' lang='lat' dir='ltr'>arguenduS,</span> <span class='ocrx_word' id='word_1_141' title='bbox 1812 1440 1924 1503; x_wconf 88' lang='lat' dir='ltr'>quia</span> <span class='ocrx_word' id='word_1_142' title='bbox 1958 1455 2059 1485; x_wconf 89' lang='lat' dir='ltr'>non</span> <span class='ocrx_word' id='word_1_143' title='bbox 2094 1437 2304 1485; x_wconf 86' lang='lat' dir='ltr'>reddidit</span> <span class='ocrx_word' id='word_1_144' title='bbox 2338 1437 2406 1484; x_wconf 89' lang='lat' dir='ltr'>eis</span> 
     </span>
     <span class='ocr_line' id='line_1_14' title="bbox 263 1516 2406 1585; baseline -0.001 -19"><span class='ocrx_word' id='word_1_145' title='bbox 263 1536 456 1583; x_wconf 89' lang='lat' dir='ltr'>poenam</span> <span class='ocrx_word' id='word_1_146' title='bbox 490 1536 635 1584; x_wconf 88' lang='lat' dir='ltr'>quam</span> <span class='ocrx_word' id='word_1_147' title='bbox 669 1530 975 1567; x_wconf 88' lang='lat' dir='ltr'>meruerant:</span> <span class='ocrx_word' id='word_1_148' title='bbox 1012 1520 1076 1567; x_wconf 90' lang='lat' dir='ltr'>ita</span> <span class='ocrx_word' id='word_1_149' title='bbox 1105 1536 1196 1567; x_wconf 91' lang='lat' dir='ltr'>nec</span> <span class='ocrx_word' id='word_1_150' title='bbox 1226 1521 1275 1566; x_wconf 92' lang='lat' dir='ltr'>in</span> <span class='ocrx_word' id='word_1_151' title='bbox 1308 1520 1514 1585; x_wconf 89' lang='lat' dir='ltr'>praemiis</span> <span class='ocrx_word' id='word_1_152' title='bbox 1544 1518 1820 1577; x_wconf 87' lang='lat' dir='ltr'>reddendis,</span> <span class='ocrx_word' id='word_1_153' title='bbox 1853 1535 1960 1583; x_wconf 87' lang='lat' dir='ltr'>quae</span> <span class='ocrx_word' id='word_1_154' title='bbox 1990 1516 2406 1583; x_wconf 80' lang='lat' dir='ltr'>perseverantibus</span> 
     </span>
     <span class='ocr_line' id='line_1_15' title="bbox 263 1597 2402 1665; baseline -0.001 -20"><span class='ocrx_word' id='word_1_155' title='bbox 263 1609 451 1647; x_wconf 85' lang='lat' dir='ltr'>tantum</span> <span class='ocrx_word' id='word_1_156' title='bbox 470 1601 836 1664; x_wconf 84' lang='lat' dir='ltr'>promittuntur,</span> <span class='ocrx_word' id='word_1_157' title='bbox 858 1602 1061 1647; x_wconf 76' lang='lat' dir='ltr'>veritate</span> <span class='ocrx_word' id='word_1_158' title='bbox 1080 1600 1368 1647; x_wconf 88' lang='lat' dir='ltr'>adtestante¹</span> <span class='ocrx_word' id='word_1_159' title='bbox 1395 1619 1405 1647; x_wconf 72' lang='grc' dir='ltr'><strong><em>ι</em></strong></span> <span class='ocrx_word' id='word_1_160' title='bbox 1440 1600 1570 1658; x_wconf 88' lang='lat' dir='ltr'>«Qui</span> <span class='ocrx_word' id='word_1_161' title='bbox 1586 1599 1959 1665; x_wconf 80' lang='lat' dir='ltr'>perseveraverit</span> <span class='ocrx_word' id='word_1_162' title='bbox 1987 1615 2139 1663; x_wconf 87' lang='lat' dir='ltr'>usque</span> <span class='ocrx_word' id='word_1_163' title='bbox 2162 1598 2212 1645; x_wconf 91' lang='lat' dir='ltr'>in</span> <span class='ocrx_word' id='word_1_164' title='bbox 2238 1597 2402 1656; x_wconf 87' lang='lat' dir='ltr'>finem,</span> 
     </span>
     <span class='ocr_line' id='line_1_16' title="bbox 263 1676 2407 1744; baseline -0.001 -19"><span class='ocrx_word' id='word_1_165' title='bbox 263 1679 342 1726; x_wconf 91' lang='lat' dir='ltr'>hic</span> <span class='ocrx_word' id='word_1_166' title='bbox 378 1680 534 1726; x_wconf 86' lang='lat' dir='ltr'>salvus</span> <span class='ocrx_word' id='word_1_167' title='bbox 569 1680 672 1726; x_wconf 89' lang='lat' dir='ltr'>erit.</span> <span class='ocrx_word' id='word_1_168' title='bbox 699 1701 720 1722; x_wconf 88' lang='lat'>»</span> <span class='ocrx_word' id='word_1_169' title='bbox 757 1682 862 1726; x_wconf 90' lang='lat' dir='ltr'>Non</span> <span class='ocrx_word' id='word_1_170' title='bbox 892 1696 1007 1743; x_wconf 88' lang='lat' dir='ltr'>ergo</span> <span class='ocrx_word' id='word_1_171' title='bbox 1037 1680 1303 1728; x_wconf 85' lang='lat' dir='ltr'>concedere</span> <span class='ocrx_word' id='word_1_172' title='bbox 1329 1681 1565 1743; x_wconf 83' lang='lat' dir='ltr'>cogimur,</span> <span class='ocrx_word' id='word_1_173' title='bbox 1602 1689 1654 1728; x_wconf 86' lang='lat' dir='ltr'>ut.</span> <span class='ocrx_word' id='word_1_174' title='bbox 1682 1680 1794 1744; x_wconf 85' lang='lat' dir='ltr'>quia</span> <span class='ocrx_word' id='word_1_175' title='bbox 1825 1678 2120 1744; x_wconf 88' lang='lat' dir='ltr'>quandoque</span> <span class='ocrx_word' id='word_1_176' title='bbox 2155 1694 2299 1742; x_wconf 87' lang='lat' dir='ltr'>poena</span> <span class='ocrx_word' id='word_1_177' title='bbox 2333 1676 2407 1724; x_wconf 85' lang='lat' dir='ltr'>vel</span> 
     </span>
     <span class='ocr_line' id='line_1_17' title="bbox 265 1758 2404 1825; baseline -0.001 -19"><span class='ocrx_word' id='word_1_178' title='bbox 265 1761 462 1823; x_wconf 85' lang='lat' dir='ltr'>praemio</span> <span class='ocrx_word' id='word_1_179' title='bbox 485 1760 592 1824; x_wconf 86' lang='lat' dir='ltr'>quis</span> <span class='ocrx_word' id='word_1_180' title='bbox 615 1760 789 1824; x_wconf 86' lang='lat' dir='ltr'>dignus</span> <span class='ocrx_word' id='word_1_181' title='bbox 812 1760 969 1820; x_wconf 84' lang='lat' dir='ltr'>fuerit,</span> <span class='ocrx_word' id='word_1_182' title='bbox 997 1760 1107 1807; x_wconf 89' lang='lat' dir='ltr'>ideo</span> <span class='ocrx_word' id='word_1_183' title='bbox 1140 1761 1342 1825; x_wconf 88' lang='lat' dir='ltr'>dignum</span> <span class='ocrx_word' id='word_1_184' title='bbox 1366 1760 1442 1807; x_wconf 87' lang='lat' dir='ltr'>vel</span> <span class='ocrx_word' id='word_1_185' title='bbox 1465 1761 1650 1823; x_wconf 88' lang='lat' dir='ltr'>justum</span> <span class='ocrx_word' id='word_1_186' title='bbox 1678 1760 1753 1819; x_wconf 86' lang='lat' dir='ltr'>sit,</span> <span class='ocrx_word' id='word_1_187' title='bbox 1782 1762 1938 1807; x_wconf 87' lang='lat' dir='ltr'>Deum</span> <span class='ocrx_word' id='word_1_188' title='bbox 1961 1758 2080 1807; x_wconf 80' lang='lat' dir='ltr'>illud</span> <span class='ocrx_word' id='word_1_189' title='bbox 2103 1759 2145 1806; x_wconf 89' lang='lat' dir='ltr'>ei</span> <span class='ocrx_word' id='word_1_190' title='bbox 2169 1758 2404 1816; x_wconf 81' lang='lat' dir='ltr'>conferre,</span> 
     </span>
     <span class='ocr_line' id='line_1_18' title="bbox 265 1838 2403 1906; baseline -0.001 -19"><span class='ocrx_word' id='word_1_191' title='bbox 265 1857 377 1888; x_wconf 89' lang='lat' dir='ltr'>cum</span> <span class='ocrx_word' id='word_1_192' title='bbox 397 1841 491 1888; x_wconf 89' lang='lat' dir='ltr'>alio</span> <span class='ocrx_word' id='word_1_193' title='bbox 509 1840 658 1888; x_wconf 91' lang='lat' dir='ltr'>modo</span> <span class='ocrx_word' id='word_1_194' title='bbox 679 1840 850 1888; x_wconf 90' lang='lat' dir='ltr'>melius</span> <span class='ocrx_word' id='word_1_195' title='bbox 869 1841 1103 1888; x_wconf 90' lang='lat' dir='ltr'>utendum</span> <span class='ocrx_word' id='word_1_196' title='bbox 1123 1858 1182 1888; x_wconf 92' lang='lat' dir='ltr'>eo</span> <span class='ocrx_word' id='word_1_197' title='bbox 1206 1858 1306 1888; x_wconf 91' lang='lat' dir='ltr'>esse</span> <span class='ocrx_word' id='word_1_198' title='bbox 1326 1840 1607 1906; x_wconf 89' lang='lat' dir='ltr'>providerit,</span> <span class='ocrx_word' id='word_1_199' title='bbox 1640 1841 1753 1904; x_wconf 86' lang='lat' dir='ltr'>quia</span> <span class='ocrx_word' id='word_1_200' title='bbox 1773 1841 1916 1888; x_wconf 89' lang='lat' dir='ltr'>etiam</span> <span class='ocrx_word' id='word_1_201' title='bbox 1937 1840 2071 1887; x_wconf 90' lang='lat' dir='ltr'>malis</span> <span class='ocrx_word' id='word_1_202' title='bbox 2087 1838 2211 1886; x_wconf 91' lang='lat' dir='ltr'>bene</span> <span class='ocrx_word' id='word_1_203' title='bbox 2239 1839 2403 1898; x_wconf 84' lang='lat' dir='ltr'>utitur,</span> 
     </span>
     <span class='ocr_line' id='line_1_19' title="bbox 266 1918 2408 1986; baseline -0 -20"><span class='ocrx_word' id='word_1_204' title='bbox 266 1930 312 1967; x_wconf 92' lang='lat' dir='ltr'>et</span> <span class='ocrx_word' id='word_1_205' title='bbox 331 1937 644 1985; x_wconf 85' lang='lat' dir='ltr'>quaecumque</span> <span class='ocrx_word' id='word_1_206' title='bbox 675 1921 881 1986; x_wconf 89' lang='lat' dir='ltr'>pessima</span> <span class='ocrx_word' id='word_1_207' title='bbox 913 1921 1094 1986; x_wconf 90' lang='lat' dir='ltr'>optime</span> <span class='ocrx_word' id='word_1_208' title='bbox 1129 1921 1360 1986; x_wconf 88' lang='lat' dir='ltr'>disponit.</span> <span class='ocrx_word' id='word_1_209' title='bbox 1391 1919 1537 1978; x_wconf 89' lang='lat' dir='ltr'>Quod</span> <span class='ocrx_word' id='word_1_210' title='bbox 1563 1920 1602 1966; x_wconf 90' lang='lat' dir='ltr'>si</span> <span class='ocrx_word' id='word_1_211' title='bbox 1634 1920 1755 1967; x_wconf 88' lang='lat' dir='ltr'>forte</span> <span class='ocrx_word' id='word_1_212' title='bbox 1784 1920 1891 1984; x_wconf 88' lang='lat' dir='ltr'>quis</span> <span class='ocrx_word' id='word_1_213' title='bbox 1922 1919 2074 1979; x_wconf 89' lang='lat' dir='ltr'>dicat,</span> <span class='ocrx_word' id='word_1_214' title='bbox 2107 1935 2219 1966; x_wconf 91' lang='lat' dir='ltr'>eum</span> <span class='ocrx_word' id='word_1_215' title='bbox 2234 1918 2317 1982; x_wconf 89' lang='lat' dir='ltr'>qui</span> <span class='ocrx_word' id='word_1_216' title='bbox 2346 1919 2408 1965; x_wconf 88' lang='lat' dir='ltr'>ad</span> 
     </span>
     <span class='ocr_line' id='line_1_20' title="bbox 266 1999 2408 2066; baseline -0.001 -19"><span class='ocrx_word' id='word_1_217' title='bbox 266 2001 434 2049; x_wconf 89' lang='lat' dir='ltr'>horam</span> <span class='ocrx_word' id='word_1_218' title='bbox 467 2005 624 2049; x_wconf 87' lang='lat' dir='ltr'>Deum</span> <span class='ocrx_word' id='word_1_219' title='bbox 656 2001 895 2060; x_wconf 87' lang='lat' dir='ltr'>amando,</span> <span class='ocrx_word' id='word_1_220' title='bbox 932 2018 1041 2049; x_wconf 87' lang='lat' dir='ltr'>vere</span> <span class='ocrx_word' id='word_1_221' title='bbox 1073 2002 1311 2066; x_wconf 88' lang='lat' dir='ltr'>poenituit,</span> <span class='ocrx_word' id='word_1_222' title='bbox 1341 2001 1426 2048; x_wconf 92' lang='lat' dir='ltr'>sed</span> <span class='ocrx_word' id='word_1_223' title='bbox 1451 2010 1611 2048; x_wconf 90' lang='lat' dir='ltr'>tamen</span> <span class='ocrx_word' id='word_1_224' title='bbox 1642 2001 1690 2047; x_wconf 92' lang='lat' dir='ltr'>in</span> <span class='ocrx_word' id='word_1_225' title='bbox 1716 2000 1810 2048; x_wconf 88' lang='lat' dir='ltr'>hac</span> <span class='ocrx_word' id='word_1_226' title='bbox 1831 2000 2111 2066; x_wconf 84' lang='lat' dir='ltr'>poenitentia</span> <span class='ocrx_word' id='word_1_227' title='bbox 2137 1999 2214 2046; x_wconf 86' lang='lat' dir='ltr'>vel</span> <span class='ocrx_word' id='word_1_228' title='bbox 2244 2015 2408 2045; x_wconf 88' lang='lat' dir='ltr'>amore</span> 
     </span>
     <span class='ocr_line' id='line_1_21' title="bbox 267 2079 2409 2147; baseline -0.001 -19"><span class='ocrx_word' id='word_1_229' title='bbox 267 2098 366 2128; x_wconf 91' lang='lat' dir='ltr'>non</span> <span class='ocrx_word' id='word_1_230' title='bbox 401 2082 791 2147; x_wconf 85' lang='lat' dir='ltr'>perseveraverit,</span> <span class='ocrx_word' id='word_1_231' title='bbox 827 2097 928 2127; x_wconf 88' lang='lat' dir='ltr'>non</span> <span class='ocrx_word' id='word_1_232' title='bbox 957 2080 1065 2129; x_wconf 91' lang='lat' dir='ltr'>ideo</span> <span class='ocrx_word' id='word_1_233' title='bbox 1101 2082 1243 2129; x_wconf 83' lang='lat' dir='ltr'>fuisse</span> <span class='ocrx_word' id='word_1_234' title='bbox 1274 2082 1471 2146; x_wconf 83' lang='lat' dir='ltr'>praemio</span> <span class='ocrx_word' id='word_1_235' title='bbox 1501 2080 1705 2143; x_wconf 87' lang='lat' dir='ltr'>dignum</span> <span class='ocrx_word' id='word_1_236' title='bbox 1736 2081 1842 2127; x_wconf 87' lang='lat' dir='ltr'>vitae</span> <span class='ocrx_word' id='word_1_237' title='bbox 1878 2098 1888 2126; x_wconf 93' lang='lat'><strong>:</strong></span> <span class='ocrx_word' id='word_1_238' title='bbox 1922 2079 2140 2145; x_wconf 85' lang='lat' dir='ltr'>profecto</span> <span class='ocrx_word' id='word_1_239' title='bbox 2177 2096 2287 2127; x_wconf 90' lang='lat' dir='ltr'>cum</span> <span class='ocrx_word' id='word_1_240' title='bbox 2319 2096 2409 2127; x_wconf 90' lang='lat' dir='ltr'>nec</span> 
     </span>
     <span class='ocr_line' id='line_1_22' title="bbox 265 2160 2410 2226; baseline -0.001 -18"><span class='ocrx_word' id='word_1_241' title='bbox 265 2171 380 2209; x_wconf 87' lang='lat' dir='ltr'>tunc</span> <span class='ocrx_word' id='word_1_242' title='bbox 407 2162 718 2210; x_wconf 90' lang='lat' dir='ltr'>damnatione</span> <span class='ocrx_word' id='word_1_243' title='bbox 747 2161 919 2226; x_wconf 86' lang='lat' dir='ltr'>dignus</span> <span class='ocrx_word' id='word_1_244' title='bbox 948 2161 1090 2209; x_wconf 88' lang='lat' dir='ltr'>fuisse</span> <span class='ocrx_word' id='word_1_245' title='bbox 1115 2161 1425 2221; x_wconf 86' lang='lat' dir='ltr'>conceditur,</span> <span class='ocrx_word' id='word_1_246' title='bbox 1449 2178 1541 2208; x_wconf 87' lang='lat' dir='ltr'>nec</span> <span class='ocrx_word' id='word_1_247' title='bbox 1561 2160 1742 2223; x_wconf 89' lang='lat' dir='ltr'>justus,</span> <span class='ocrx_word' id='word_1_248' title='bbox 1777 2177 1867 2208; x_wconf 90' lang='lat' dir='ltr'>nec</span> <span class='ocrx_word' id='word_1_249' title='bbox 1890 2171 2115 2226; x_wconf 89' lang='lat' dir='ltr'>peccator</span> <span class='ocrx_word' id='word_1_250' title='bbox 2138 2169 2254 2207; x_wconf 89' lang='lat' dir='ltr'>tunc</span> <span class='ocrx_word' id='word_1_251' title='bbox 2277 2160 2410 2207; x_wconf 85' lang='lat' dir='ltr'>exsti-</span> 
     </span>
     <span class='ocr_line' id='line_1_23' title="bbox 266 2243 655 2290; baseline 0.003 -1"><span class='ocrx_word' id='word_1_252' title='bbox 266 2244 374 2289; x_wconf 86' lang='lat' dir='ltr'>tisse</span> <span class='ocrx_word' id='word_1_253' title='bbox 397 2243 655 2290; x_wconf 89' lang='lat' dir='ltr'>videbitur.</span> 
     </span>
    </p>
   </div>
   <div class='ocr_carea' id='block_1_5' title="bbox 1093 2417 1569 2476">
    <p class='ocr_par' dir='ltr' id='par_1_5' title="bbox 1093 2417 1569 2476">
     <span class='ocr_line' id='line_1_24' title="bbox 1093 2417 1569 2476; baseline 0 -1"><span class='ocrx_word' id='word_1_254' title='bbox 1093 2417 1338 2476; x_wconf 86' lang='lat' dir='ltr'><strong>CAPUT</strong></span> <span class='ocrx_word' id='word_1_255' title='bbox 1389 2419 1569 2476; x_wconf 84' lang='lat' dir='ltr'><strong>XXH.</strong></span> 
     </span>
    </p>
   </div>
   <div class='ocr_carea' id='block_1_6' title="bbox 1052 2560 1615 2613">
    <p class='ocr_par' dir='ltr' id='par_1_6' title="bbox 1052 2560 1615 2613">
     <span class='ocr_line' id='line_1_25' title="bbox 1052 2560 1615 2613; baseline 0 -13"><span class='ocrx_word' id='word_1_256' title='bbox 1052 2564 1112 2600; x_wconf 91' lang='lat' dir='ltr'>De</span> <span class='ocrx_word' id='word_1_257' title='bbox 1144 2570 1302 2613; x_wconf 88' lang='lat' dir='ltr'>peccato</span> <span class='ocrx_word' id='word_1_258' title='bbox 1338 2560 1615 2600; x_wconf 85' lang='lat' dir='ltr'>inremissibili.</span> 
     </span>
    </p>
   </div>
   <div class='ocr_carea' id='block_1_7' title="bbox 269 2682 2411 3153">
    <p class='ocr_par' dir='ltr' id='par_1_7' title="bbox 269 2682 2411 3153">
     <span class='ocr_line' id='line_1_26' title="bbox 335 2682 2409 2752; baseline -0.002 -18"><span class='ocrx_word' id='word_1_259' title='bbox 335 2690 455 2734; x_wconf 91' lang='lat' dir='ltr'>Cum</span> <span class='ocrx_word' id='word_1_260' title='bbox 479 2697 656 2748; x_wconf 84' lang='lat' dir='ltr'>autem,</span> <span class='ocrx_word' id='word_1_261' title='bbox 686 2696 737 2734; x_wconf 88' lang='lat' dir='ltr'>ut</span> <span class='ocrx_word' id='word_1_262' title='bbox 757 2687 983 2745; x_wconf 88' lang='lat' dir='ltr'>diximus,</span> <span class='ocrx_word' id='word_1_263' title='bbox 1006 2682 1158 2734; x_wconf 36' lang='lat' dir='ltr'>omne*</span> <span class='ocrx_word' id='word_1_264' title='bbox 1175 2697 1428 2752; x_wconf 89' lang='lat' dir='ltr'>peccatum</span> <span class='ocrx_word' id='word_1_265' title='bbox 1449 2703 1534 2752; x_wconf 87' lang='lat' dir='ltr'>per</span> <span class='ocrx_word' id='word_1_266' title='bbox 1547 2686 1879 2752; x_wconf 85' lang='lat' dir='ltr'>poenitentiam</span> <span class='ocrx_word' id='word_1_267' title='bbox 1903 2686 2059 2733; x_wconf 88' lang='lat' dir='ltr'>statim</span> <span class='ocrx_word' id='word_1_268' title='bbox 2081 2684 2409 2732; x_wconf 88' lang='lat' dir='ltr'>remissionem</span> 
     </span>
     <span class='ocr_line' id='line_1_27' title="bbox 270 2764 2410 2833; baseline -0.001 -20"><span class='ocrx_word' id='word_1_269' title='bbox 270 2768 487 2833; x_wconf 87' lang='lat' dir='ltr'>accipiat,</span> <span class='ocrx_word' id='word_1_270' title='bbox 511 2768 737 2832; x_wconf 79' lang='lat' dir='ltr'>quaeritur</span> <span class='ocrx_word' id='word_1_271' title='bbox 767 2785 854 2815; x_wconf 90' lang='lat' dir='ltr'>cur</span> <span class='ocrx_word' id='word_1_272' title='bbox 878 2767 1062 2815; x_wconf 88' lang='lat' dir='ltr'>Veritas</span> <span class='ocrx_word' id='word_1_273' title='bbox 1081 2767 1328 2832; x_wconf 89' lang='lat' dir='ltr'>quoddam</span> <span class='ocrx_word' id='word_1_274' title='bbox 1347 2777 1598 2833; x_wconf 86' lang='lat' dir='ltr'>peccatum</span> <span class='ocrx_word' id='word_1_275' title='bbox 1617 2765 1946 2814; x_wconf 88' lang='lat' dir='ltr'>inremissibile</span> <span class='ocrx_word' id='word_1_276' title='bbox 1974 2765 2160 2824; x_wconf 84' lang='lat' dir='ltr'>dixerit,</span> <span class='ocrx_word' id='word_1_277' title='bbox 2187 2764 2259 2811; x_wconf 89' lang='lat' dir='ltr'>vel</span> <span class='ocrx_word' id='word_1_278' title='bbox 2284 2780 2410 2810; x_wconf 89' lang='lat' dir='ltr'>nun·</span> 
     </span>
     <span class='ocr_line' id='line_1_28' title="bbox 272 2843 2410 2913; baseline -0.002 -19"><span class='ocrx_word' id='word_1_279' title='bbox 272 2863 416 2910; x_wconf 86' lang='lat' dir='ltr'>quam</span> <span class='ocrx_word' id='word_1_280' title='bbox 438 2849 598 2913; x_wconf 88' lang='lat' dir='ltr'>ipsum</span> <span class='ocrx_word' id='word_1_281' title='bbox 620 2848 974 2908; x_wconf 90' lang='lat' dir='ltr'>remissionem,</span> <span class='ocrx_word' id='word_1_282' title='bbox 1005 2848 1100 2895; x_wconf 90' lang='lat' dir='ltr'>hoc</span> <span class='ocrx_word' id='word_1_283' title='bbox 1122 2858 1214 2908; x_wconf 88' lang='lat' dir='ltr'>est,</span> <span class='ocrx_word' id='word_1_284' title='bbox 1242 2848 1669 2907; x_wconf 84' lang='lat' dir='ltr'>condonationem,</span> <span class='ocrx_word' id='word_1_285' title='bbox 1696 2846 1972 2894; x_wconf 89' lang='lat' dir='ltr'>habiturum</span> <span class='ocrx_word' id='word_1_286' title='bbox 1989 2884 2000 2906; x_wconf 85' lang='lat'>‚</span> <span class='ocrx_word' id='word_1_287' title='bbox 2028 2845 2169 2911; x_wconf 90' lang='lat' dir='ltr'>quale</span> <span class='ocrx_word' id='word_1_288' title='bbox 2193 2854 2263 2892; x_wconf 87' lang='lat' dir='ltr'>est</span> <span class='ocrx_word' id='word_1_289' title='bbox 2290 2843 2410 2891; x_wconf 89' lang='lat' dir='ltr'>illud</span> 
     </span>
     <span class='ocr_line' id='line_1_29' title="bbox 273 2923 2410 2995; baseline -0.001 -22"><span class='ocrx_word' id='word_1_290' title='bbox 273 2938 521 2991; x_wconf 88' lang='lat' dir='ltr'>peccatum</span> <span class='ocrx_word' id='word_1_291' title='bbox 552 2928 859 2995; x_wconf 86' lang='lat' dir='ltr'>blasphemiae</span> <span class='ocrx_word' id='word_1_292' title='bbox 890 2929 940 2975; x_wconf 93' lang='lat' dir='ltr'>in</span> <span class='ocrx_word' id='word_1_293' title='bbox 972 2929 1201 2994; x_wconf 87' lang='lat' dir='ltr'>Spiritum</span> <span class='ocrx_word' id='word_1_294' title='bbox 1234 2931 1481 2989; x_wconf 86' lang='lat' dir='ltr'>Sanctum,</span> <span class='ocrx_word' id='word_1_295' title='bbox 1517 2929 1578 2976; x_wconf 88' lang='lat' dir='ltr'>de</span> <span class='ocrx_word' id='word_1_296' title='bbox 1608 2946 1706 2994; x_wconf 89' lang='lat' dir='ltr'>quo</span> <span class='ocrx_word' id='word_1_297' title='bbox 1729 2945 1840 2975; x_wconf 91' lang='lat' dir='ltr'>eum</span> <span class='ocrx_word' id='word_1_298' title='bbox 1865 2928 2036 2975; x_wconf 86' lang='lat' dir='ltr'>dixisse</span> <span class='ocrx_word' id='word_1_299' title='bbox 2068 2925 2312 2973; x_wconf 77' lang='lat' dir='ltr'>Matthaeus</span> <span class='ocrx_word' id='word_1_300' title='bbox 2345 2923 2410 2970; x_wconf 92' lang='lat' dir='ltr'>sic</span> 
     </span>
     <span class='ocr_line' id='line_1_30' title="bbox 269 3006 2409 3074; baseline 0 -24"><span class='ocrx_word' id='word_1_301' title='bbox 269 3006 432 3053; x_wconf 84' lang='lat' dir='ltr'>refert²</span> <span class='ocrx_word' id='word_1_302' title='bbox 459 3025 468 3052; x_wconf 74' lang='lat' dir='ltr'>t</span> <span class='ocrx_word' id='word_1_303' title='bbox 501 3027 521 3051; x_wconf 86' lang='lat'>«</span> <span class='ocrx_word' id='word_1_304' title='bbox 543 3009 701 3055; x_wconf 91' lang='lat' dir='ltr'>Omne</span> <span class='ocrx_word' id='word_1_305' title='bbox 730 3018 982 3074; x_wconf 88' lang='lat' dir='ltr'>peccatum</span> <span class='ocrx_word' id='word_1_306' title='bbox 1006 3018 1052 3055; x_wconf 91' lang='lat' dir='ltr'>et</span> <span class='ocrx_word' id='word_1_307' title='bbox 1071 3008 1371 3073; x_wconf 87' lang='lat' dir='ltr'>blasphemia</span> <span class='ocrx_word' id='word_1_308' title='bbox 1399 3010 1667 3056; x_wconf 88' lang='lat' dir='ltr'>remittetur</span> <span class='ocrx_word' id='word_1_309' title='bbox 1691 3007 1987 3067; x_wconf 90' lang='lat' dir='ltr'>hominibus,</span> <span class='ocrx_word' id='word_1_310' title='bbox 2014 3007 2217 3072; x_wconf 89' lang='lat' dir='ltr'>Spiritus</span> <span class='ocrx_word' id='word_1_311' title='bbox 2250 3014 2409 3052; x_wconf 85' lang='lat' dir='ltr'>autem</span> 
     </span>
     <span class='ocr_line' id='line_1_31' title="bbox 272 3083 2411 3153; baseline -0.001 -22"><span class='ocrx_word' id='word_1_312' title='bbox 272 3083 567 3149; x_wconf 89' lang='lat' dir='ltr'>blasphemia</span> <span class='ocrx_word' id='word_1_313' title='bbox 598 3104 698 3134; x_wconf 92' lang='lat' dir='ltr'>non</span> <span class='ocrx_word' id='word_1_314' title='bbox 733 3089 1032 3148; x_wconf 78' lang='lat' dir='ltr'>remittetur3</span> <span class='ocrx_word' id='word_1_315' title='bbox 1073 3098 1119 3135; x_wconf 92' lang='lat' dir='ltr'>et</span> <span class='ocrx_word' id='word_1_316' title='bbox 1144 3089 1436 3153; x_wconf 90' lang='lat' dir='ltr'>quicumque</span> <span class='ocrx_word' id='word_1_317' title='bbox 1471 3090 1642 3137; x_wconf 89' lang='lat' dir='ltr'>dixerit</span> <span class='ocrx_word' id='word_1_318' title='bbox 1673 3089 1876 3136; x_wconf 89' lang='lat' dir='ltr'>verbum</span> <span class='ocrx_word' id='word_1_319' title='bbox 1912 3097 2080 3134; x_wconf 78' lang='lat' dir='ltr'>contra</span> <span class='ocrx_word' id='word_1_320' title='bbox 2115 3085 2285 3147; x_wconf 84' lang='lat' dir='ltr'>Filium</span> <span class='ocrx_word' id='word_1_321' title='bbox 2322 3083 2411 3129; x_wconf 91' lang='lat' dir='ltr'>ho-</span> 
     </span>
    </p>
   </div>
   <div class='ocr_carea' id='block_1_8' title="bbox 316 3287 1253 3333">
    <p class='ocr_par' dir='ltr' id='par_1_8' title="bbox 316 3287 1253 3333">
     <span class='ocr_line' id='line_1_32' title="bbox 316 3287 1253 3333; baseline 0.005 -13"><span class='ocrx_word' id='word_1_322' title='bbox 316 3291 321 3307; x_wconf 83' lang='lat'><strong>¹</strong></span> <span class='ocrx_word' id='word_1_323' title='bbox 340 3287 476 3330; x_wconf 54' lang='lat' dir='ltr'>Mami„</span> <span class='ocrx_word' id='word_1_324' title='bbox 495 3298 567 3330; x_wconf 85' lang='lat' dir='ltr'>cap.</span> <span class='ocrx_word' id='word_1_325' title='bbox 586 3298 619 3330; x_wconf 85' lang='lat' dir='ltr'>x,</span> <span class='ocrx_word' id='word_1_326' title='bbox 637 3299 664 3323; x_wconf 88' lang='lat' dir='ltr'>v.</span> <span class='ocrx_word' id='word_1_327' title='bbox 683 3294 734 3324; x_wconf 78' lang='lat'>22.</span> <span class='ocrx_word' id='word_1_328' title='bbox 754 3309 795 3315; x_wconf 90' lang='lat'>—</span> <span class='ocrx_word' id='word_1_329' title='bbox 809 3293 819 3311; x_wconf 80' lang='lat'><em>2</em></span> <span class='ocrx_word' id='word_1_330' title='bbox 835 3291 938 3333; x_wconf 63' lang='lat' dir='ltr'>lbid„</span> <span class='ocrx_word' id='word_1_331' title='bbox 963 3300 1036 3332; x_wconf 83' lang='lat' dir='ltr'>cap.</span> <span class='ocrx_word' id='word_1_332' title='bbox 1065 3301 1125 3332; x_wconf 63' lang='grc' dir='ltr'>Συ,</span> <span class='ocrx_word' id='word_1_333' title='bbox 1146 3303 1177 3324; x_wconf 88' lang='grc' dir='ltr'>ν.</span> <span class='ocrx_word' id='word_1_334' title='bbox 1200 3294 1253 3325; x_wconf 85' lang='lat'>31.</span> 
     </span>
    </p>
   </div>
  </div>
 </body>
</html>
