2638 3866
756 183 1152 235 1NTRODUCT10
1188 188 1270 236 AD
1305 185 1713 235 THEOLOGIAM.
2247 191 2308 238 39

163 283 490 350 inseparabilis
524 299 688 331 comes
710 300 994 351 corporum,
1029 303 1116 352 per
1153 287 1325 335 eadem
1354 302 1559 352 corpora
1598 304 1649 334 se
1687 288 1909 336 scindere
1940 297 2162 355 putatur,
2198 292 2310 354 quia

160 364 361 430 Spiritus
382 374 575 413 sanctus
593 373 640 413 et
658 364 939 429 hujusmodi
955 375 1040 423 est,
1063 367 1146 432 qni
1168 385 1223 416 ex
1244 383 1332 415 suo
1356 375 1475 414 statu
1500 383 1646 430 quem
1666 369 1715 415 in
1733 386 1783 416 se
1803 369 1927 434 ipso,
1947 386 2047 417 non
2066 369 2113 416 in
2131 369 2310 418 effectis

159 444 257 491 suis
279 443 457 506 habet,
484 445 687 492 omnino
719 444 918 510 simplex
945 461 1047 493 esse
1070 457 1215 512 atque
1246 445 1682 506 incommutabilis,
1709 458 1756 495 et
1789 448 2156 514 quodammodo
2188 450 2308 497 mul-

160 524 305 590 tiplex
337 541 439 573 esse
472 524 741 573 secundum
777 524 947 573 effecta
988 537 1212 591 putatur,
1241 527 1375 593 quod
1416 535 1487 573 est
1520 526 1728 592 seipsum
1757 528 1805 575 in
1837 545 2040 594 corpora
2064 529 2305 589 scindere,

158 604 428 654 secundum
462 606 599 671 quod
631 606 735 672 ipsa
766 591 988 654 videlicet
1016 608 1176 656 anima
1213 606 1542 673 inseparabilis
1578 623 1742 655 comes
1776 618 1847 656 est
1881 626 2171 675 corporum,
2197 627 2308 658 cum

159 684 284 734 hanc
314 685 498 733 scilicet
535 684 895 752 multiplicitatis
918 687 1175 736 scissuram
1202 688 1337 736 nullo
1370 686 1521 734 modo
1553 698 1790 751 quantum
1815 687 1878 736 ad
1902 689 2107 754 seipsam
2131 689 2311 739 habere

157 766 328 832 possit,
355 765 442 814 sed
459 803 472 828 ‚
499 776 555 814 ut
584 766 770 814 dictum
792 775 892 826 est,
921 777 1159 832 quantum
1181 768 1243 817 ad
1264 768 1451 827 effecta,
1487 784 1690 815 suorum
1719 768 1942 816 videlicet
1975 768 2313 818 distributione

158 845 430 906 donorum,
457 863 569 894 cum
593 846 733 897 aliam
769 847 845 895 isti
882 848 1107 912 gratiam,
1134 849 1278 897 aliam
1313 849 1380 896 illi
1403 848 1607 910 tribuat,
1646 858 1692 896 et
1720 865 1769 896 se
1807 849 1965 915 ipsum
1989 850 2187 915 singulis
2211 868 2308 899 non

157 926 400 992 aequaliter
420 928 494 975 vel
523 927 697 976 eodem
721 927 870 976 modo
893 930 1111 978 conferat
1131 948 1141 976 ε
1170 940 1224 977 ut
1249 929 1365 977 hinc
1388 946 1584 995 quoque
1601 929 1749 977 alium
1775 930 1998 996 spiritum
2022 931 2109 978 iste
2127 969 2139 991 ,
2164 931 2311 980 alium

156 1006 234 1057 ille
265 1007 442 1056 habere
465 1008 668 1056 dicatur.
703 1009 898 1073 Egregie
928 1027 1126 1075 quoque
1146 1011 1303 1077 putari
1329 1009 1510 1058 dictum
1540 1019 1610 1058 est
1635 1020 1681 1058 et
1710 1027 1811 1058 nou
1843 1027 1945 1059 esse
1962 1049 1974 1073 ,
2006 1012 2118 1076 quia
2141 1012 2178 1059 si
2204 1029 2313 1061 vere

157 1104 212 1135 ac
231 1080 426 1155 'proprie
447 1089 735 1153 loquamur,
763 1106 862 1137 non
887 1099 959 1138 est
982 1089 1084 1138 haec
1114 1090 1439 1156 multiplicitas
1468 1090 1689 1156 spiritus,
1719 1091 1804 1139 sed
1828 1091 2109 1139 effectorum
2137 1093 2305 1158 ipsius,

154 1184 271 1216 cum
294 1185 405 1218 eum
422 1168 647 1216 videlicet
667 1169 718 1216 in
734 1169 831 1217 hoc
854 1187 955 1218 uno
978 1171 1276 1237 muliplicem
1298 1171 1540 1231 dicamuS,
1569 1172 1683 1236 quia
1707 1172 1989 1238 multiplicia
2011 1172 2152 1232 facit,
2175 1174 2309 1238 quod

155 1260 226 1297 est
244 1249 414 1298 effecta
439 1254 540 1315 eJus
563 1250 714 1314 magis
733 1267 836 1299 esse
859 1250 1047 1299 diversa
1069 1268 1214 1316 quam
1233 1252 1411 1318 ipsum.
1439 1255 1561 1299 Cum
1585 1252 1746 1316 itaque
1768 1252 1815 1299 in
1838 1253 1938 1318 ipsa
1956 1253 2117 1301 anima
2139 1254 2310 1301 mundi

156 1329 405 1378 individua
439 1339 487 1378 et
523 1330 751 1390 dividua,
785 1331 917 1390 sive,
960 1341 1013 1378 ut
1046 1331 1231 1379 dictum
1267 1342 1360 1392 est,
1400 1331 1567 1379 eadem
1601 1342 1649 1379 et
1685 1331 1873 1379 diversa
1903 1342 2160 1383 concurrat
2189 1334 2310 1380 sub-

155 1411 353 1471 stantia,
388 1410 576 1459 addidit
607 1410 683 1458 his
718 1411 911 1459 duobus
934 1412 980 1458 in
1019 1413 1122 1477 ipsa
1149 1413 1311 1459 anima
1340 1411 1742 1460 concurrentibus
1776 1412 2022 1476 quandam
2052 1413 2310 1461 mixturam

154 1490 280 1538 effici
307 1508 366 1539 ex
397 1491 652 1539 individuo
675 1500 724 1539 et
749 1491 969 1552 dividuo,
993 1491 1171 1540 scilicet
1193 1492 1293 1540 sive
1321 1509 1379 1539 ex
1401 1492 1574 1540 eodem
1601 1502 1648 1539 et
1671 1491 1880 1550 diverso,
1906 1491 2002 1540 hoc
2023 1503 2093 1540 est
2123 1494 2308 1541 incom-

155 1572 374 1620 mutabili
396 1582 444 1619 et
465 1572 702 1620 mutabili.
731 1575 783 1619 ln
807 1588 903 1637 qua
921 1571 1147 1637 quidem,
1176 1582 1224 1620 ut
1255 1572 1322 1619 ita
1346 1571 1533 1631 dicam,
1562 1574 1766 1620 mixtura
1790 1572 1993 1638 Spiritus
2022 1574 2174 1620 sancti
2196 1590 2308 1638 pro·

155 1651 330 1716 prietas
352 1651 659 1717 distinguitur
676 1691 688 1715 ,
714 1662 762 1701 et
783 1653 966 1717 integre
987 1652 1177 1700 videtui·
1197 1669 1421 1718 expressa
1445 1663 1543 1700 tam
1573 1653 1621 1699 in
1655 1669 1705 1699 se
1725 1652 1830 1717 ipso
1853 1669 2000 1717 quam
2024 1653 2073 1700 in
2099 1653 2302 1715 effectis,
2356 1650 2358 1652 '

155 1741 209 1779 ut
229 1731 413 1781 dictum
431 1742 530 1792 est,
551 1733 664 1780 suis.
691 1732 817 1780 Dicit
840 1733 1005 1797 itaque
1019 1769 1033 1790 ,
1056 1732 1171 1797 quia
1186 1735 1316 1780 Deus
1338 1732 1434 1780 hoc
1458 1733 1649 1779 tertium
1675 1731 1950 1780 substantiae
1966 1749 2139 1798 genus,
2162 1733 2228 1781 ita
2253 1744 2304 1782 ut

151 1810 336 1860 dictum
356 1822 449 1870 est,
477 1813 709 1873 mixtum,
739 1813 919 1860 locavit
954 1812 1171 1860 medium
1194 1813 1319 1860 inter
1345 1823 1600 1878 utramque
1631 1812 1947 1861 substantiam
1965 1852 1978 1874 ,
2011 1813 2309 1862 individuam

153 1891 332 1941 scilicet
364 1903 510 1959 atque
544 1893 820 1954 dividuam,
859 1893 974 1958 quia
1005 1910 1119 1941 cum
1150 1894 1210 1940 sit
1248 1890 1351 1958 ipse
1386 1893 1580 1958 spiritus
1615 1911 1673 1941 ex
1703 1895 1831 1951 Deo,
1863 1904 2092 1958 tanquam
2117 1892 2179 1941 ab
2202 1895 2309 1960 ipso

154 1973 451 2037 procedens,
480 1983 741 2039 utrumque
773 1989 945 2021 eorum
984 1973 1046 2021 ab
1084 1974 1190 2039 ipso
1232 1972 1377 2021 habet
1411 1973 1486 2037 agi
1519 1990 1548 2021 a
1578 1990 1678 2038 quo
1716 1991 1818 2022 esse
1842 1974 2006 2022 habet.
2041 1977 2099 2022 Et
2122 1974 2217 2022 hoc
2239 1986 2310 2022 est

154 2052 341 2113 dicere,
369 2054 508 2119 quod
531 2057 662 2102 Deus
686 2054 864 2102 locavit
904 2054 998 2103 hoc
1031 2055 1190 2120 ipsum
1229 2054 1400 2102 animae
1442 2071 1591 2119 genus
1624 2055 1749 2102 inter
1779 2065 1981 2120 utraque
2014 2072 2159 2120 supra
2181 2055 2311 2103 dicta-

154 2134 291 2197 quasi
312 2134 529 2182 medium
549 2134 746 2193 horum,
773 2134 870 2183 hoc
889 2144 960 2182 est
982 2135 1188 2183 mixtum
1211 2153 1267 2183 ex
1292 2136 1359 2183 eis
1382 2153 1394 2182 ε
1418 2151 1474 2183 ac
1492 2136 1530 2182 si
1559 2135 1761 2194 diceret,
1788 2134 1923 2199 quod
1942 2134 2003 2182 ab
2022 2135 2128 2200 ipso
2152 2138 2256 2183 Deo
2281 2153 2307 2183 a

154 2230 253 2277 quo
271 2224 366 2271 est,
401 2216 505 2281 ipsa
532 2216 695 2264 anima
727 2225 827 2263 tam
850 2215 946 2263 hoc
978 2232 1124 2281 quam
1148 2215 1267 2263 illud
1290 2215 1459 2271 habet,
1499 2225 1553 2263 ut
1576 2215 1798 2263 videlicet
1822 2225 1870 2262 et
1891 2214 2142 2262 individua
2165 2216 2224 2262 sit
2255 2226 2307 2263 ut

141 2293 420 2355 <substantia
443 2312 546 2356 sua,
572 2305 619 2344 et
636 2295 833 2344 dividua
858 2296 1126 2344 secundum
1150 2297 1338 2353 effecta.
1366 2296 1512 2354 Quod
1536 2305 1699 2344 autem
1725 2295 1907 2344 dictum
1933 2304 2003 2343 est
2033 2316 2055 2338 «
2080 2295 2253 2343 locavit
2280 2317 2303 2339 ιι

154 2390 367 2438 congrue
391 2375 574 2424 dictum
599 2386 670 2425 est
685 2376 823 2440 juxta
844 2376 1180 2443 metaphoram
1203 2377 1464 2424 locutionis
1493 2392 1590 2440 qua
1616 2376 1801 2424 dictum
1831 2387 1902 2424 est
1933 2376 2148 2425 medium
2171 2378 2311 2441 quasi>

153 2453 278 2502 inter
299 2456 461 2521 aliqua
483 2457 843 2505 circumstantia
864 2457 1246 2506 collocanclum¹.
1274 2460 1534 2521 Postquam
1571 2466 1733 2504 antem
1767 2457 2024 2521 assignavit
2051 2456 2304 2503 mixturam

153 2535 324 2583 animae
345 2552 402 2583 ex
419 2536 671 2585 individuo
691 2547 740 2585 et
755 2536 956 2585 dividuo
972 2575 984 2598 ,
1004 2538 1172 2585 transit
1193 2537 1256 2585 ad
1279 2537 1539 2584 mixturam
1563 2554 1617 2584 ex
1646 2535 1818 2584 eodem
1838 2546 1886 2584 et
1905 2536 2094 2584 diverso
2107 2573 2119 2596 ,
2141 2534 2304 2582 dicens

153 2616 364 2663 animam
387 2615 608 2665 eamdem
629 2616 803 2669 eodem
824 2617 975 2666 modo
989 2635 1047 2665 ex
1061 2618 1235 2666 eodem
1252 2627 1299 2666 et
1315 2617 1506 2666 diverso
1525 2617 1811 2677 consistere,
1837 2617 1960 2664 sicut
1979 2632 2036 2663 ex
2054 2613 2304 2662 individuo

153 2703 201 2741 et
221 2694 423 2743 dividuo
443 2697 676 2745 consistit.
707 2697 872 2762 Cujus,
900 2698 1076 2763 inquit,
1104 2714 1214 2764 pars
1237 2697 1385 2755 idem,
1402 2713 1513 2761 pars
1530 2696 1774 2744 diversum
1801 2704 2018 2752 vocetur,
2039 2710 2151 2742 cum
2175 2693 2305 2743 vide-

152 2774 264 2822 licet
287 2775 480 2840 spiritus
501 2776 580 2824 ille
603 2785 651 2823 et
682 2776 812 2825 idem
835 2777 895 2825 sit
915 2777 965 2826 in
989 2776 1255 2825 substantia
1279 2792 1391 2823 cum
1415 2778 1520 2822 Deo
1543 2785 1591 2822 et
1617 2777 1814 2839 Noym',
1849 2774 1898 2822 id
1928 2783 2000 2830 est
2030 2790 2143 2822 cum
2168 2776 2304 2823 Patre

153 2863 199 2901 et
226 2853 375 2916 Filio,
416 2865 464 2903 et
496 2855 715 2904 diversus
751 2857 803 2904 in
842 2858 1137 2923 proprietate
1172 2871 1407 2922 personae.
1443 2857 1702 2902 Possumus
1740 2864 1787 2903 et
1824 2852 2069 2913 eumdem,
2111 2853 2208 2902 hoc
2239 2864 2311 2902 est

152 2934 598 2983 incommutabilem
637 2952 749 2984 eum
796 2937 846 2984 in
885 2954 935 2985 se
978 2936 1169 2998 dicere,
1214 2945 1263 2984 et
1313 2935 1557 2983 diversum
1605 2933 1975 2999 quodammodo
2011 2950 2098 3000 per
2133 2933 2301 2982 effecta

152 3032 252 3064 esse
268 3052 280 3075 ,
306 3032 420 3064 cum
446 3033 546 3063 non
583 3015 742 3064 solum
775 3017 876 3083 ipse
901 3033 1007 3082 quae
1037 3016 1225 3064 diversa
1247 3026 1361 3064 sunt
1377 3051 1391 3076 ,
1419 3015 1609 3073 fecerit,
1637 3014 1908 3065 secundum
1930 3014 2066 3081 quod
2088 3016 2314 3081 superius,

152 3094 337 3144 dictum
372 3105 444 3144 est
480 3113 538 3144 ex
586 3095 787 3146 dividua
835 3107 1060 3146 constare
1105 3095 1372 3144 substantia
1391 3133 1403 3145 .
1451 3097 1763 3143 verumetiam
1810 3112 1862 3143 ea
1905 3112 1990 3161 per
2031 3104 2303 3161 temporum

199 3276 298 3309 ¹Cod.
319 3275 400 3310 Υἱοὶ.
422 3276 640 3312 collocatum.
661 3295 699 3303 -
713 3276 788 3311 'Sic
813 3277 893 3311 Cod.
917 3277 998 3311 vict.
1028 3279 1105 3321 Νοῷ
1129 3278 1225 3312 Amb.
