<?xml version="1.0" encoding="UTF-8"?>
<!DOCTYPE html PUBLIC "-//W3C//DTD XHTML 1.0 Transitional//EN"
    "http://www.w3.org/TR/xhtml1/DTD/xhtml1-transitional.dtd">
<html xmlns="http://www.w3.org/1999/xhtml" xml:lang="en" lang="en">
 <head>
  <title>
</title>
<meta http-equiv="Content-Type" content="text/html;charset=utf-8" />
  <meta name='ocr-system' content='tesseract 3.04.00' />
  <meta name='ocr-capabilities' content='ocr_page ocr_carea ocr_par ocr_line ocrx_word'/>
</head>
<body>
  <div class='ocr_page' id='page_1' title='image "./operahactenusseo00abeluoft_0608.png"; bbox 0 0 2638 3866; ppageno 0'>
   <div class='ocr_carea' id='block_1_1' title="bbox 187 199 1519 250">
    <p class='ocr_par' dir='ltr' id='par_1_1' title="bbox 187 199 1519 250">
     <span class='ocr_line' id='line_1_1' title="bbox 187 199 1519 250; baseline 0.002 -1"><span class='ocrx_word' id='word_1_1' title='bbox 187 201 281 250; x_wconf 88' lang='grc'>598</span> <span class='ocrx_word' id='word_1_2' title='bbox 993 199 1168 248; x_wconf 84' lang='lat' dir='ltr'>PETRI</span> <span class='ocrx_word' id='word_1_3' title='bbox 1206 200 1519 250; x_wconf 85' lang='lat' dir='ltr'><strong>ABAELARDI</strong></span> 
     </span>
    </p>
   </div>
   <div class='ocr_carea' id='block_1_2' title="bbox 129 297 2342 3111">
    <p class='ocr_par' dir='ltr' id='par_1_2' title="bbox 129 297 2342 1820">
     <span class='ocr_line' id='line_1_2' title="bbox 185 297 2342 375; baseline 0.003 -24"><span class='ocrx_word' id='word_1_4' title='bbox 185 303 317 369; x_wconf 91' lang='lat' dir='ltr'>quod</span> <span class='ocrx_word' id='word_1_5' title='bbox 339 301 594 350; x_wconf 85' lang='lat' dir='ltr'><strong>desiderat.</strong></span> <span class='ocrx_word' id='word_1_6' title='bbox 622 299 700 347; x_wconf 92' lang='lat' dir='ltr'>Sic</span> <span class='ocrx_word' id='word_1_7' title='bbox 722 308 769 346; x_wconf 89' lang='lat' dir='ltr'>et</span> <span class='ocrx_word' id='word_1_8' title='bbox 790 297 1010 346; x_wconf 86' lang='lat' dir='ltr'>infirmus</span> <span class='ocrx_word' id='word_1_9' title='bbox 1034 299 1111 346; x_wconf 88' lang='lat' dir='ltr'>uri</span> <span class='ocrx_word' id='word_1_10' title='bbox 1132 299 1209 347; x_wconf 89' lang='lat' dir='ltr'>vel</span> <span class='ocrx_word' id='word_1_11' title='bbox 1228 301 1379 349; x_wconf 90' lang='lat' dir='ltr'>secari</span> <span class='ocrx_word' id='word_1_12' title='bbox 1398 301 1574 350; x_wconf 91' lang='lat' dir='ltr'>dicitur</span> <span class='ocrx_word' id='word_1_13' title='bbox 1595 311 1649 350; x_wconf 89' lang='lat' dir='ltr'>ut</span> <span class='ocrx_word' id='word_1_14' title='bbox 1670 313 1881 368; x_wconf 91' lang='lat' dir='ltr'>sanetur,</span> <span class='ocrx_word' id='word_1_15' title='bbox 1907 314 1957 354; x_wconf 90' lang='lat' dir='ltr'>et</span> <span class='ocrx_word' id='word_1_16' title='bbox 1978 308 2205 372; x_wconf 84' lang='lat' dir='ltr'><strong>Martyres</strong></span> <span class='ocrx_word' id='word_1_17' title='bbox 2227 311 2342 375; x_wconf 51' lang='lat' dir='ltr'>pati¹</span> 
     </span>
     <span class='ocr_line' id='line_1_3' title="bbox 185 379 2319 450; baseline 0.003 -17"><span class='ocrx_word' id='word_1_18' title='bbox 185 395 239 433; x_wconf 94' lang='lat' dir='ltr'>ut</span> <span class='ocrx_word' id='word_1_19' title='bbox 269 384 331 432; x_wconf 90' lang='lat' dir='ltr'>ad</span> <span class='ocrx_word' id='word_1_20' title='bbox 361 383 605 431; x_wconf 86' lang='lat' dir='ltr'><strong>Christum</strong></span> <span class='ocrx_word' id='word_1_21' title='bbox 629 380 941 446; x_wconf 83' lang='lat' dir='ltr'>perveniant3</span> <span class='ocrx_word' id='word_1_22' title='bbox 975 379 1049 427; x_wconf 93' lang='lat' dir='ltr'>vel</span> <span class='ocrx_word' id='word_1_23' title='bbox 1078 379 1293 429; x_wconf 90' lang='lat' dir='ltr'>Christus</span> <span class='ocrx_word' id='word_1_24' title='bbox 1324 382 1451 448; x_wconf 88' lang='lat' dir='ltr'>ipse,</span> <span class='ocrx_word' id='word_1_25' title='bbox 1483 392 1538 430; x_wconf 86' lang='lat' dir='ltr'>ut</span> <span class='ocrx_word' id='word_1_26' title='bbox 1566 400 1657 432; x_wconf 90' lang='lat' dir='ltr'>nos</span> <span class='ocrx_word' id='word_1_27' title='bbox 1684 385 1786 450; x_wconf 90' lang='lat' dir='ltr'>ejus</span> <span class='ocrx_word' id='word_1_28' title='bbox 1809 387 2035 435; x_wconf 89' lang='lat' dir='ltr'>Passione</span> <span class='ocrx_word' id='word_1_29' title='bbox 2063 389 2319 439; x_wconf 90' lang='lat' dir='ltr'>salvemur.</span> 
     </span>
     <span class='ocr_line' id='line_1_4' title="bbox 184 460 2328 534; baseline 0.002 -20"><span class='ocrx_word' id='word_1_30' title='bbox 184 469 291 514; x_wconf 93' lang='lat' dir='ltr'>Non</span> <span class='ocrx_word' id='word_1_31' title='bbox 321 475 480 512; x_wconf 88' lang='lat' dir='ltr'>tamen</span> <span class='ocrx_word' id='word_1_32' title='bbox 510 460 622 509; x_wconf 93' lang='lat' dir='ltr'>ideo</span> <span class='ocrx_word' id='word_1_33' title='bbox 644 460 923 526; x_wconf 90' lang='lat' dir='ltr'>simpliciter</span> <span class='ocrx_word' id='word_1_34' title='bbox 945 461 1212 509; x_wconf 79' lang='lat' dir='ltr'>concedere</span> <span class='ocrx_word' id='word_1_35' title='bbox 1234 462 1472 527; x_wconf 85' lang='lat' dir='ltr'><strong>cogimur,</strong></span> <span class='ocrx_word' id='word_1_36' title='bbox 1506 473 1561 511; x_wconf 88' lang='lat' dir='ltr'>ut</span> <span class='ocrx_word' id='word_1_37' title='bbox 1587 463 1684 513; x_wconf 92' lang='lat' dir='ltr'>hoc</span> <span class='ocrx_word' id='word_1_38' title='bbox 1702 466 1851 514; x_wconf 91' lang='lat' dir='ltr'>velint</span> <span class='ocrx_word' id='word_1_39' title='bbox 1880 485 1891 514; x_wconf 72' lang='grc' dir='ltr'><strong><em>ε</em></strong></span> <span class='ocrx_word' id='word_1_40' title='bbox 1926 485 2165 534; x_wconf 85' lang='lat' dir='ltr'>nusquam</span> <span class='ocrx_word' id='word_1_41' title='bbox 2198 472 2328 519; x_wconf 91' lang='lat' dir='ltr'>enim</span> 
     </span>
     <span class='ocr_line' id='line_1_5' title="bbox 182 541 2328 616; baseline 0.003 -23"><span class='ocrx_word' id='word_1_42' title='bbox 182 546 339 612; x_wconf 85' lang='lat' dir='ltr'>passio</span> <span class='ocrx_word' id='word_1_43' title='bbox 364 543 586 592; x_wconf 89' lang='lat' dir='ltr'>voluntas</span> <span class='ocrx_word' id='word_1_44' title='bbox 606 558 707 589; x_wconf 91' lang='lat' dir='ltr'>esse</span> <span class='ocrx_word' id='word_1_45' title='bbox 729 550 904 607; x_wconf 91' lang='lat' dir='ltr'>potest,</span> <span class='ocrx_word' id='word_1_46' title='bbox 924 542 1016 590; x_wconf 90' lang='lat' dir='ltr'>nisi</span> <span class='ocrx_word' id='word_1_47' title='bbox 1041 541 1125 590; x_wconf 93' lang='lat' dir='ltr'>ubi</span> <span class='ocrx_word' id='word_1_48' title='bbox 1144 552 1315 591; x_wconf 86' lang='lat' dir='ltr'>contra</span> <span class='ocrx_word' id='word_1_49' title='bbox 1335 544 1635 593; x_wconf 89' lang='lat' dir='ltr'>voluntatem</span> <span class='ocrx_word' id='word_1_50' title='bbox 1657 546 1839 613; x_wconf 90' lang='lat' dir='ltr'>aliquid</span> <span class='ocrx_word' id='word_1_51' title='bbox 1857 548 1940 610; x_wconf 81' lang='lat' dir='ltr'>sit3</span> <span class='ocrx_word' id='word_1_52' title='bbox 1967 565 2058 597; x_wconf 91' lang='lat' dir='ltr'>nec</span> <span class='ocrx_word' id='word_1_53' title='bbox 2074 551 2328 616; x_wconf 86' lang='lat' dir='ltr'>quisquam</span> 
     </span>
     <span class='ocr_line' id='line_1_6' title="bbox 184 621 2326 690; baseline 0.003 -17"><span class='ocrx_word' id='word_1_54' title='bbox 184 628 230 673; x_wconf 89' lang='lat' dir='ltr'>in</span> <span class='ocrx_word' id='word_1_55' title='bbox 257 642 315 673; x_wconf 89' lang='lat' dir='ltr'>eo</span> <span class='ocrx_word' id='word_1_56' title='bbox 340 624 536 689; x_wconf 88' lang='lat' dir='ltr'>patitur,</span> <span class='ocrx_word' id='word_1_57' title='bbox 562 621 648 669; x_wconf 91' lang='lat' dir='ltr'>ubi</span> <span class='ocrx_word' id='word_1_58' title='bbox 673 638 810 670; x_wconf 90' lang='lat' dir='ltr'>suam</span> <span class='ocrx_word' id='word_1_59' title='bbox 833 622 1001 688; x_wconf 87' lang='lat' dir='ltr'>implet</span> <span class='ocrx_word' id='word_1_60' title='bbox 1024 623 1344 685; x_wconf 87' lang='lat' dir='ltr'>voluntatem,</span> <span class='ocrx_word' id='word_1_61' title='bbox 1374 635 1421 673; x_wconf 91' lang='lat' dir='ltr'>et</span> <span class='ocrx_word' id='word_1_62' title='bbox 1445 625 1579 690; x_wconf 93' lang='lat' dir='ltr'>quod</span> <span class='ocrx_word' id='word_1_63' title='bbox 1604 625 1708 675; x_wconf 85' lang='lat' dir='ltr'>fieri</span> <span class='ocrx_word' id='word_1_64' title='bbox 1730 645 1844 676; x_wconf 91' lang='lat' dir='ltr'>eum</span> <span class='ocrx_word' id='word_1_65' title='bbox 1867 628 2094 678; x_wconf 87' lang='lat' dir='ltr'>oblectat.</span> <span class='ocrx_word' id='word_1_66' title='bbox 2118 633 2177 678; x_wconf 91' lang='lat' dir='ltr'>Et</span> <span class='ocrx_word' id='word_1_67' title='bbox 2199 642 2326 680; x_wconf 88' lang='lat' dir='ltr'>certe</span> 
     </span>
     <span class='ocr_line' id='line_1_7' title="bbox 183 703 2330 774; baseline 0.002 -20"><span class='ocrx_word' id='word_1_68' title='bbox 183 704 437 772; x_wconf 83' lang='lat' dir='ltr'>Apostolus</span> <span class='ocrx_word' id='word_1_69' title='bbox 459 703 542 769; x_wconf 92' lang='lat' dir='ltr'>qui</span> <span class='ocrx_word' id='word_1_70' title='bbox 552 704 643 751; x_wconf 84' lang='lat' dir='ltr'>ait¹</span> <span class='ocrx_word' id='word_1_71' title='bbox 662 721 673 750; x_wconf 75' lang='grc' dir='ltr'><strong><em>ι</em></strong></span> <span class='ocrx_word' id='word_1_72' title='bbox 694 722 716 749; x_wconf 72' lang='grc' dir='ltr'>α</span> <span class='ocrx_word' id='word_1_73' title='bbox 733 703 888 769; x_wconf 92' lang='lat' dir='ltr'>Cupio</span> <span class='ocrx_word' id='word_1_74' title='bbox 912 703 1126 765; x_wconf 83' lang='lat' dir='ltr'>dissolvi,</span> <span class='ocrx_word' id='word_1_75' title='bbox 1148 714 1196 752; x_wconf 94' lang='lat' dir='ltr'>et</span> <span class='ocrx_word' id='word_1_76' title='bbox 1212 721 1314 752; x_wconf 92' lang='lat' dir='ltr'>esse</span> <span class='ocrx_word' id='word_1_77' title='bbox 1337 721 1450 753; x_wconf 91' lang='lat' dir='ltr'>cum</span> <span class='ocrx_word' id='word_1_78' title='bbox 1473 706 1683 769; x_wconf 70' lang='lat' dir='ltr'>Christo,</span> <span class='ocrx_word' id='word_1_79' title='bbox 1706 708 1796 756; x_wconf 89' lang='lat' dir='ltr'>»id</span> <span class='ocrx_word' id='word_1_80' title='bbox 1813 719 1900 767; x_wconf 82' lang='lat' dir='ltr'>est,</span> <span class='ocrx_word' id='word_1_81' title='bbox 1924 709 1987 758; x_wconf 89' lang='lat' dir='ltr'>ad</span> <span class='ocrx_word' id='word_1_82' title='bbox 2001 710 2098 758; x_wconf 93' lang='lat' dir='ltr'>hoc</span> <span class='ocrx_word' id='word_1_83' title='bbox 2111 712 2254 774; x_wconf 87' lang='lat' dir='ltr'>mori,</span> <span class='ocrx_word' id='word_1_84' title='bbox 2274 721 2330 759; x_wconf 93' lang='lat' dir='ltr'>ut</span> 
     </span>
     <span class='ocr_line' id='line_1_8' title="bbox 183 783 2329 858; baseline 0.003 -24"><span class='ocrx_word' id='word_1_85' title='bbox 183 787 245 835; x_wconf 88' lang='lat' dir='ltr'>ad</span> <span class='ocrx_word' id='word_1_86' title='bbox 267 803 380 834; x_wconf 87' lang='lat' dir='ltr'>eum</span> <span class='ocrx_word' id='word_1_87' title='bbox 408 784 707 851; x_wconf 84' lang='lat' dir='ltr'>perveniam,</span> <span class='ocrx_word' id='word_1_88' title='bbox 741 784 843 850; x_wconf 91' lang='lat' dir='ltr'>ipse</span> <span class='ocrx_word' id='word_1_89' title='bbox 873 783 989 832; x_wconf 91' lang='lat' dir='ltr'>alibi</span> <span class='ocrx_word' id='word_1_90' title='bbox 1017 787 1394 834; x_wconf 75' lang='lat' dir='ltr'>commemorat²</span> <span class='ocrx_word' id='word_1_91' title='bbox 1417 805 1428 834; x_wconf 72' lang='grc' dir='ltr'><strong>ε</strong></span> <span class='ocrx_word' id='word_1_92' title='bbox 1459 806 1482 833; x_wconf 77' lang='grc' dir='ltr'><strong><em>κ</em></strong></span> <span class='ocrx_word' id='word_1_93' title='bbox 1510 787 1745 836; x_wconf 90' lang='lat' dir='ltr'>Nolumus</span> <span class='ocrx_word' id='word_1_94' title='bbox 1770 789 2019 855; x_wconf 87' lang='lat' dir='ltr'>expoliari,</span> <span class='ocrx_word' id='word_1_95' title='bbox 2046 791 2132 839; x_wconf 91' lang='lat' dir='ltr'>sed</span> <span class='ocrx_word' id='word_1_96' title='bbox 2155 808 2329 858; x_wconf 84' lang='lat' dir='ltr'>super-</span> 
     </span>
     <span class='ocr_line' id='line_1_9' title="bbox 182 864 2327 928; baseline 0.002 -13"><span class='ocrx_word' id='word_1_97' title='bbox 182 867 358 928; x_wconf 78' lang='lat' dir='ltr'>vestiri,</span> <span class='ocrx_word' id='word_1_98' title='bbox 387 875 439 913; x_wconf 94' lang='lat' dir='ltr'>ut</span> <span class='ocrx_word' id='word_1_99' title='bbox 459 864 773 913; x_wconf 86' lang='lat' dir='ltr'>absorbeatur</span> <span class='ocrx_word' id='word_1_100' title='bbox 790 865 993 914; x_wconf 85' lang='lat' dir='ltr'>mortale</span> <span class='ocrx_word' id='word_1_101' title='bbox 1006 866 1160 914; x_wconf 90' lang='lat' dir='ltr'>avita.</span> <span class='ocrx_word' id='word_1_102' title='bbox 1188 886 1211 910; x_wconf 80' lang='grc'>»</span> <span class='ocrx_word' id='word_1_103' title='bbox 1229 868 1388 925; x_wconf 87' lang='lat' dir='ltr'>Quam</span> <span class='ocrx_word' id='word_1_104' title='bbox 1410 868 1553 916; x_wconf 89' lang='lat' dir='ltr'>etiam</span> <span class='ocrx_word' id='word_1_105' title='bbox 1565 870 1854 918; x_wconf 86' lang='lat' dir='ltr'>sententiam</span> <span class='ocrx_word' id='word_1_106' title='bbox 1870 887 1899 919; x_wconf 87' lang='lat' dir='ltr'>a</span> <span class='ocrx_word' id='word_1_107' title='bbox 1920 872 2134 919; x_wconf 93' lang='lat' dir='ltr'>Domino</span> <span class='ocrx_word' id='word_1_108' title='bbox 2147 872 2327 921; x_wconf 90' lang='lat' dir='ltr'>dictam</span> 
     </span>
     <span class='ocr_line' id='line_1_10' title="bbox 183 945 2327 1012; baseline 0.003 -17"><span class='ocrx_word' id='word_1_109' title='bbox 183 948 350 997; x_wconf 89' lang='lat' dir='ltr'>beatus</span> <span class='ocrx_word' id='word_1_110' title='bbox 362 946 648 1012; x_wconf 85' lang='lat' dir='ltr'>Augustinus</span> <span class='ocrx_word' id='word_1_111' title='bbox 671 946 908 1008; x_wconf 88' lang='lat' dir='ltr'>meminit,</span> <span class='ocrx_word' id='word_1_112' title='bbox 935 945 1021 993; x_wconf 94' lang='lat' dir='ltr'>ubi</span> <span class='ocrx_word' id='word_1_113' title='bbox 1046 949 1187 994; x_wconf 86' lang='lat' dir='ltr'>Petro</span> <span class='ocrx_word' id='word_1_114' title='bbox 1207 946 1352 995; x_wconf 82' lang='lat' dir='ltr'>dixit³</span> <span class='ocrx_word' id='word_1_115' title='bbox 1381 966 1392 995; x_wconf 91' lang='lat'><strong>:</strong></span> <span class='ocrx_word' id='word_1_116' title='bbox 1424 967 1447 994; x_wconf 79' lang='grc' dir='ltr'><em>α</em></span> <span class='ocrx_word' id='word_1_117' title='bbox 1474 950 1712 998; x_wconf 82' lang='lat' dir='ltr'>Extendes</span> <span class='ocrx_word' id='word_1_118' title='bbox 1734 967 1906 999; x_wconf 90' lang='lat' dir='ltr'>manus</span> <span class='ocrx_word' id='word_1_119' title='bbox 1931 961 2037 999; x_wconf 88' lang='lat' dir='ltr'>tuas</span> <span class='ocrx_word' id='word_1_120' title='bbox 2061 961 2109 999; x_wconf 91' lang='lat' dir='ltr'>et</span> <span class='ocrx_word' id='word_1_121' title='bbox 2130 953 2250 1000; x_wconf 90' lang='lat' dir='ltr'>alius</span> <span class='ocrx_word' id='word_1_122' title='bbox 2281 963 2327 1001; x_wconf 91' lang='lat' dir='ltr'>te</span> 
     </span>
     <span class='ocr_line' id='line_1_11' title="bbox 182 1026 2327 1094; baseline 0.002 -18"><span class='ocrx_word' id='word_1_123' title='bbox 182 1030 357 1094; x_wconf 85' lang='lat' dir='ltr'>cinget,</span> <span class='ocrx_word' id='word_1_124' title='bbox 384 1038 430 1075; x_wconf 91' lang='lat' dir='ltr'>et</span> <span class='ocrx_word' id='word_1_125' title='bbox 451 1026 596 1074; x_wconf 89' lang='lat' dir='ltr'>ducet</span> <span class='ocrx_word' id='word_1_126' title='bbox 618 1042 717 1091; x_wconf 93' lang='lat' dir='ltr'>quo</span> <span class='ocrx_word' id='word_1_127' title='bbox 744 1035 796 1073; x_wconf 91' lang='lat' dir='ltr'>tu</span> <span class='ocrx_word' id='word_1_128' title='bbox 818 1043 921 1073; x_wconf 93' lang='lat' dir='ltr'>non</span> <span class='ocrx_word' id='word_1_129' title='bbox 944 1027 1031 1074; x_wconf 89' lang='lat' dir='ltr'>vis.</span> <span class='ocrx_word' id='word_1_130' title='bbox 1060 1045 1085 1071; x_wconf 87' lang='lat'>»</span> <span class='ocrx_word' id='word_1_131' title='bbox 1107 1028 1203 1085; x_wconf 89' lang='lat' dir='ltr'>Qui</span> <span class='ocrx_word' id='word_1_132' title='bbox 1233 1028 1376 1075; x_wconf 90' lang='lat' dir='ltr'>etiam</span> <span class='ocrx_word' id='word_1_133' title='bbox 1403 1027 1538 1092; x_wconf 84' lang='lat' dir='ltr'>juxta</span> <span class='ocrx_word' id='word_1_134' title='bbox 1560 1029 1886 1078; x_wconf 76' lang='lat' dir='ltr'>infirmitatem</span> <span class='ocrx_word' id='word_1_135' title='bbox 1906 1031 2128 1080; x_wconf 84' lang='lat' dir='ltr'>humanae</span> <span class='ocrx_word' id='word_1_136' title='bbox 2147 1043 2327 1081; x_wconf 84' lang='lat' dir='ltr'>naturae</span> 
     </span>
     <span class='ocr_line' id='line_1_12' title="bbox 183 1106 2326 1174; baseline 0.002 -17"><span class='ocrx_word' id='word_1_137' title='bbox 183 1119 478 1174; x_wconf 87' lang='lat' dir='ltr'>assumptam</span> <span class='ocrx_word' id='word_1_138' title='bbox 514 1107 641 1156; x_wconf 90' lang='lat' dir='ltr'>Patri</span> <span class='ocrx_word' id='word_1_139' title='bbox 673 1107 761 1155; x_wconf 63' lang='lat' dir='ltr'>ait*</span> <span class='ocrx_word' id='word_1_140' title='bbox 786 1125 798 1154; x_wconf 73' lang='grc' dir='ltr'><strong><em>ε</em></strong></span> <span class='ocrx_word' id='word_1_141' title='bbox 831 1126 854 1150; x_wconf 89' lang='lat'><strong><em>«</em></strong></span> <span class='ocrx_word' id='word_1_142' title='bbox 881 1107 929 1154; x_wconf 92' lang='lat' dir='ltr'>Si</span> <span class='ocrx_word' id='word_1_143' title='bbox 948 1106 1179 1173; x_wconf 91' lang='lat' dir='ltr'>possibile</span> <span class='ocrx_word' id='word_1_144' title='bbox 1209 1117 1296 1168; x_wconf 90' lang='lat' dir='ltr'>est,</span> <span class='ocrx_word' id='word_1_145' title='bbox 1323 1117 1534 1156; x_wconf 86' lang='lat' dir='ltr'>transeat</span> <span class='ocrx_word' id='word_1_146' title='bbox 1552 1126 1578 1157; x_wconf 92' lang='lat' dir='ltr'>a</span> <span class='ocrx_word' id='word_1_147' title='bbox 1601 1126 1679 1158; x_wconf 89' lang='lat' dir='ltr'>me</span> <span class='ocrx_word' id='word_1_148' title='bbox 1702 1111 1834 1158; x_wconf 85' lang='lat' dir='ltr'>Calix</span> <span class='ocrx_word' id='word_1_149' title='bbox 1854 1112 1957 1169; x_wconf 91' lang='lat' dir='ltr'>iste,</span> <span class='ocrx_word' id='word_1_150' title='bbox 1994 1122 2326 1162; x_wconf 84' lang='lat' dir='ltr'>verumtamen</span> 
     </span>
     <span class='ocr_line' id='line_1_13' title="bbox 183 1186 2328 1258; baseline 0.001 -20"><span class='ocrx_word' id='word_1_151' title='bbox 183 1207 282 1239; x_wconf 88' lang='lat' dir='ltr'>non</span> <span class='ocrx_word' id='word_1_152' title='bbox 306 1190 428 1237; x_wconf 91' lang='lat' dir='ltr'>sicut</span> <span class='ocrx_word' id='word_1_153' title='bbox 450 1206 539 1253; x_wconf 90' lang='lat' dir='ltr'>ego</span> <span class='ocrx_word' id='word_1_154' title='bbox 561 1187 692 1249; x_wconf 90' lang='lat' dir='ltr'>volo,</span> <span class='ocrx_word' id='word_1_155' title='bbox 722 1186 807 1235; x_wconf 93' lang='lat' dir='ltr'>sed</span> <span class='ocrx_word' id='word_1_156' title='bbox 828 1188 951 1235; x_wconf 88' lang='lat' dir='ltr'>sicut</span> <span class='ocrx_word' id='word_1_157' title='bbox 969 1197 1039 1235; x_wconf 89' lang='lat' dir='ltr'>tu.</span> <span class='ocrx_word' id='word_1_158' title='bbox 1066 1208 1088 1232; x_wconf 72' lang='lat'>&gt;³</span> <span class='ocrx_word' id='word_1_159' title='bbox 1112 1190 1335 1252; x_wconf 84' lang='lat' dir='ltr'>Magnam</span> <span class='ocrx_word' id='word_1_160' title='bbox 1357 1189 1538 1254; x_wconf 91' lang='lat' dir='ltr'>quippe</span> <span class='ocrx_word' id='word_1_161' title='bbox 1560 1190 1728 1238; x_wconf 90' lang='lat' dir='ltr'>mortis</span> <span class='ocrx_word' id='word_1_162' title='bbox 1748 1192 2024 1256; x_wconf 90' lang='lat' dir='ltr'>passionem</span> <span class='ocrx_word' id='word_1_163' title='bbox 2047 1192 2208 1240; x_wconf 89' lang='lat' dir='ltr'>anima</span> <span class='ocrx_word' id='word_1_164' title='bbox 2227 1194 2328 1258; x_wconf 92' lang='lat' dir='ltr'>ejus</span> 
     </span>
     <span class='ocr_line' id='line_1_14' title="bbox 182 1267 2324 1337; baseline 0.002 -19"><span class='ocrx_word' id='word_1_165' title='bbox 182 1270 458 1318; x_wconf 86' lang='lat' dir='ltr'>naturaliter</span> <span class='ocrx_word' id='word_1_166' title='bbox 491 1267 799 1329; x_wconf 85' lang='lat' dir='ltr'>formidabat,</span> <span class='ocrx_word' id='word_1_167' title='bbox 837 1284 927 1315; x_wconf 91' lang='lat' dir='ltr'>nec</span> <span class='ocrx_word' id='word_1_168' title='bbox 950 1268 1277 1316; x_wconf 87' lang='lat' dir='ltr'>voluntarium</span> <span class='ocrx_word' id='word_1_169' title='bbox 1312 1269 1357 1316; x_wconf 92' lang='lat' dir='ltr'>ei</span> <span class='ocrx_word' id='word_1_170' title='bbox 1387 1286 1488 1317; x_wconf 92' lang='lat' dir='ltr'>esse</span> <span class='ocrx_word' id='word_1_171' title='bbox 1518 1279 1708 1335; x_wconf 89' lang='lat' dir='ltr'>poterat</span> <span class='ocrx_word' id='word_1_172' title='bbox 1738 1271 1875 1335; x_wconf 91' lang='lat' dir='ltr'>quod</span> <span class='ocrx_word' id='word_1_173' title='bbox 1908 1271 2098 1337; x_wconf 89' lang='lat' dir='ltr'>poenale</span> <span class='ocrx_word' id='word_1_174' title='bbox 2126 1274 2324 1323; x_wconf 88' lang='lat' dir='ltr'>sciebat.</span> 
     </span>
     <span class='ocr_line' id='line_1_15' title="bbox 181 1347 2327 1416; baseline 0.001 -17"><span class='ocrx_word' id='word_1_175' title='bbox 181 1356 252 1399; x_wconf 91' lang='lat' dir='ltr'>De</span> <span class='ocrx_word' id='word_1_176' title='bbox 275 1367 374 1416; x_wconf 93' lang='lat' dir='ltr'>quo</span> <span class='ocrx_word' id='word_1_177' title='bbox 389 1367 501 1398; x_wconf 86' lang='lat' dir='ltr'>cum</span> <span class='ocrx_word' id='word_1_178' title='bbox 523 1348 638 1397; x_wconf 90' lang='lat' dir='ltr'>alibi</span> <span class='ocrx_word' id='word_1_179' title='bbox 660 1349 893 1414; x_wconf 84' lang='lat' dir='ltr'>scriptum</span> <span class='ocrx_word' id='word_1_180' title='bbox 915 1347 1001 1396; x_wconf 77' lang='lat' dir='ltr'>sit³</span> <span class='ocrx_word' id='word_1_181' title='bbox 1028 1367 1039 1396; x_wconf 93' lang='lat'><strong>:</strong></span> <span class='ocrx_word' id='word_1_182' title='bbox 1066 1367 1089 1394; x_wconf 93' lang='lat'>«</span> <span class='ocrx_word' id='word_1_183' title='bbox 1114 1348 1318 1398; x_wconf 89' lang='lat' dir='ltr'>Oblatus</span> <span class='ocrx_word' id='word_1_184' title='bbox 1334 1359 1405 1398; x_wconf 90' lang='lat' dir='ltr'>est</span> <span class='ocrx_word' id='word_1_185' title='bbox 1426 1350 1541 1415; x_wconf 90' lang='lat' dir='ltr'>quia</span> <span class='ocrx_word' id='word_1_186' title='bbox 1562 1351 1664 1416; x_wconf 91' lang='lat' dir='ltr'>ipse</span> <span class='ocrx_word' id='word_1_187' title='bbox 1687 1351 1868 1409; x_wconf 88' lang='lat' dir='ltr'>voluit;</span> <span class='ocrx_word' id='word_1_188' title='bbox 1901 1371 1925 1397; x_wconf 88' lang='lat'>»</span> <span class='ocrx_word' id='word_1_189' title='bbox 1952 1362 2036 1400; x_wconf 88' lang='lat' dir='ltr'>aut</span> <span class='ocrx_word' id='word_1_190' title='bbox 2059 1355 2327 1402; x_wconf 88' lang='lat' dir='ltr'>secundum</span> 
     </span>
     <span class='ocr_line' id='line_1_16' title="bbox 179 1428 2327 1500; baseline 0.001 -20"><span class='ocrx_word' id='word_1_191' title='bbox 179 1432 449 1481; x_wconf 90' lang='lat' dir='ltr'>Divinitatis</span> <span class='ocrx_word' id='word_1_192' title='bbox 479 1440 703 1478; x_wconf 88' lang='lat' dir='ltr'>naturam</span> <span class='ocrx_word' id='word_1_193' title='bbox 738 1428 1075 1494; x_wconf 91' lang='lat' dir='ltr'>accipiendum</span> <span class='ocrx_word' id='word_1_194' title='bbox 1103 1439 1192 1492; x_wconf 91' lang='lat' dir='ltr'>est,</span> <span class='ocrx_word' id='word_1_195' title='bbox 1233 1430 1282 1478; x_wconf 93' lang='lat' dir='ltr'>in</span> <span class='ocrx_word' id='word_1_196' title='bbox 1318 1430 1456 1494; x_wconf 89' lang='lat' dir='ltr'>cujus</span> <span class='ocrx_word' id='word_1_197' title='bbox 1478 1429 1726 1479; x_wconf 89' lang='lat' dir='ltr'>voluntate</span> <span class='ocrx_word' id='word_1_198' title='bbox 1746 1431 1835 1485; x_wconf 85' lang='lat' dir='ltr'>fuit</span> <span class='ocrx_word' id='word_1_199' title='bbox 1865 1432 2003 1480; x_wconf 92' lang='lat' dir='ltr'>illum</span> <span class='ocrx_word' id='word_1_200' title='bbox 2026 1444 2327 1500; x_wconf 88' lang='lat' dir='ltr'>assumptum</span> 
     </span>
     <span class='ocr_line' id='line_1_17' title="bbox 179 1510 2328 1578; baseline 0 -16"><span class='ocrx_word' id='word_1_201' title='bbox 179 1514 429 1562; x_wconf 91' lang='lat' dir='ltr'>hominem</span> <span class='ocrx_word' id='word_1_202' title='bbox 445 1512 563 1578; x_wconf 90' lang='lat' dir='ltr'>pati,</span> <span class='ocrx_word' id='word_1_203' title='bbox 579 1520 662 1571; x_wconf 82' lang='lat' dir='ltr'>aut</span> <span class='ocrx_word' id='word_1_204' title='bbox 682 1510 829 1560; x_wconf 77' lang='lat' dir='ltr'>voluit</span> <span class='ocrx_word' id='word_1_205' title='bbox 841 1510 1026 1558; x_wconf 87' lang='lat' dir='ltr'>dictum</span> <span class='ocrx_word' id='word_1_206' title='bbox 1041 1519 1112 1558; x_wconf 91' lang='lat' dir='ltr'>est</span> <span class='ocrx_word' id='word_1_207' title='bbox 1130 1527 1220 1577; x_wconf 91' lang='lat' dir='ltr'>pro</span> <span class='ocrx_word' id='word_1_208' title='bbox 1237 1510 1470 1575; x_wconf 77' lang='lat' dir='ltr'>disposuit</span> <span class='ocrx_word' id='word_1_209' title='bbox 1482 1529 1496 1558; x_wconf 85' lang='grc'>.-</span> <span class='ocrx_word' id='word_1_210' title='bbox 1510 1511 1645 1576; x_wconf 86' lang='lat' dir='ltr'>juxta</span> <span class='ocrx_word' id='word_1_211' title='bbox 1665 1511 1787 1559; x_wconf 90' lang='lat' dir='ltr'>illud</span> <span class='ocrx_word' id='word_1_212' title='bbox 1812 1513 2091 1561; x_wconf 79' lang='lat' dir='ltr'>Psalmistae⁶</span> <span class='ocrx_word' id='word_1_213' title='bbox 2111 1532 2121 1560; x_wconf 93' lang='lat'><strong>:</strong></span> <span class='ocrx_word' id='word_1_214' title='bbox 2149 1533 2171 1559; x_wconf 86' lang='lat'>«</span> <span class='ocrx_word' id='word_1_215' title='bbox 2191 1518 2328 1574; x_wconf 89' lang='lat' dir='ltr'>Quae-</span> 
     </span>
     <span class='ocr_line' id='line_1_18' title="bbox 179 1592 2329 1659; baseline 0 -16"><span class='ocrx_word' id='word_1_216' title='bbox 179 1611 387 1659; x_wconf 90' lang='lat' dir='ltr'>cumque</span> <span class='ocrx_word' id='word_1_217' title='bbox 403 1592 557 1641; x_wconf 87' lang='lat' dir='ltr'>voluit</span> <span class='ocrx_word' id='word_1_218' title='bbox 575 1592 702 1640; x_wconf 89' lang='lat' dir='ltr'>fecit.</span> <span class='ocrx_word' id='word_1_219' title='bbox 729 1612 752 1636; x_wconf 68' lang='lat' dir='ltr'><strong>n</strong></span> <span class='ocrx_word' id='word_1_220' title='bbox 770 1593 967 1639; x_wconf 89' lang='lat' dir='ltr'>Constat</span> <span class='ocrx_word' id='word_1_221' title='bbox 980 1592 1142 1656; x_wconf 89' lang='lat' dir='ltr'>itaque</span> <span class='ocrx_word' id='word_1_222' title='bbox 1155 1601 1408 1657; x_wconf 86' lang='lat' dir='ltr'>peccatum</span> <span class='ocrx_word' id='word_1_223' title='bbox 1431 1608 1789 1657; x_wconf 89' lang='lat' dir='ltr'>nonnunquam</span> <span class='ocrx_word' id='word_1_224' title='bbox 1816 1594 2054 1642; x_wconf 88' lang='lat' dir='ltr'>committi</span> <span class='ocrx_word' id='word_1_225' title='bbox 2077 1594 2180 1642; x_wconf 90' lang='lat' dir='ltr'>sine</span> <span class='ocrx_word' id='word_1_226' title='bbox 2202 1597 2329 1644; x_wconf 85' lang='lat' dir='ltr'>mala</span> 
     </span>
     <span class='ocr_line' id='line_1_19' title="bbox 180 1672 2327 1742; baseline 0.001 -19"><span class='ocrx_word' id='word_1_227' title='bbox 180 1677 370 1742; x_wconf 89' lang='lat' dir='ltr'>penitus</span> <span class='ocrx_word' id='word_1_228' title='bbox 391 1675 665 1736; x_wconf 88' lang='lat' dir='ltr'>voluntate,</span> <span class='ocrx_word' id='word_1_229' title='bbox 692 1682 748 1721; x_wconf 90' lang='lat' dir='ltr'>ut</span> <span class='ocrx_word' id='word_1_230' title='bbox 768 1689 826 1721; x_wconf 85' lang='lat' dir='ltr'>ex</span> <span class='ocrx_word' id='word_1_231' title='bbox 848 1672 944 1720; x_wconf 90' lang='lat' dir='ltr'>hoc</span> <span class='ocrx_word' id='word_1_232' title='bbox 972 1673 1214 1738; x_wconf 91' lang='lat' dir='ltr'>liquidum</span> <span class='ocrx_word' id='word_1_233' title='bbox 1237 1674 1314 1736; x_wconf 91' lang='lat' dir='ltr'>sit,</span> <span class='ocrx_word' id='word_1_234' title='bbox 1346 1672 1482 1738; x_wconf 91' lang='lat' dir='ltr'>quod</span> <span class='ocrx_word' id='word_1_235' title='bbox 1507 1683 1760 1739; x_wconf 89' lang='lat' dir='ltr'>peccatum</span> <span class='ocrx_word' id='word_1_236' title='bbox 1782 1683 1875 1735; x_wconf 91' lang='lat' dir='ltr'>est,</span> <span class='ocrx_word' id='word_1_237' title='bbox 1901 1675 2204 1723; x_wconf 86' lang='lat' dir='ltr'>voluntatem</span> <span class='ocrx_word' id='word_1_238' title='bbox 2225 1693 2327 1725; x_wconf 89' lang='lat' dir='ltr'>non</span> 
     </span>
     <span class='ocr_line' id='line_1_20' title="bbox 129 1757 1614 1820; baseline -0.001 -16"><span class='ocrx_word' id='word_1_239' title='bbox 129 1808 130 1811; x_wconf 48' lang='lat'>,</span> <span class='ocrx_word' id='word_1_240' title='bbox 179 1757 294 1805; x_wconf 88' lang='lat' dir='ltr'>dici.</span> <span class='ocrx_word' id='word_1_241' title='bbox 1610 1817 1614 1820; x_wconf 10' lang='grc' dir='ltr'><strong><em>ἢ</em></strong></span> 
     </span>
    </p>

    <p class='ocr_par' dir='ltr' id='par_1_3' title="bbox 175 1832 2327 2305">
     <span class='ocr_line' id='line_1_21' title="bbox 245 1832 2319 1902; baseline -0 -17"><span class='ocrx_word' id='word_1_242' title='bbox 245 1836 500 1902; x_wconf 87' lang='lat' dir='ltr'>Equidem,</span> <span class='ocrx_word' id='word_1_243' title='bbox 537 1834 743 1900; x_wconf 91' lang='lat' dir='ltr'>inquies,</span> <span class='ocrx_word' id='word_1_244' title='bbox 779 1834 844 1881; x_wconf 88' lang='lat' dir='ltr'>ita</span> <span class='ocrx_word' id='word_1_245' title='bbox 874 1842 962 1893; x_wconf 89' lang='lat' dir='ltr'>est,</span> <span class='ocrx_word' id='word_1_246' title='bbox 999 1832 1085 1880; x_wconf 91' lang='lat' dir='ltr'>ubi</span> <span class='ocrx_word' id='word_1_247' title='bbox 1106 1834 1261 1881; x_wconf 89' lang='lat' dir='ltr'>coacti</span> <span class='ocrx_word' id='word_1_248' title='bbox 1284 1850 1558 1899; x_wconf 84' lang='lat' dir='ltr'>peccamuS,</span> <span class='ocrx_word' id='word_1_249' title='bbox 1585 1833 1670 1882; x_wconf 92' lang='lat' dir='ltr'>sed</span> <span class='ocrx_word' id='word_1_250' title='bbox 1692 1850 1794 1881; x_wconf 91' lang='lat' dir='ltr'>non</span> <span class='ocrx_word' id='word_1_251' title='bbox 1818 1835 1910 1896; x_wconf 89' lang='lat' dir='ltr'>ita,</span> <span class='ocrx_word' id='word_1_252' title='bbox 1948 1834 2033 1882; x_wconf 88' lang='lat' dir='ltr'>uhi</span> <span class='ocrx_word' id='word_1_253' title='bbox 2066 1835 2319 1884; x_wconf 87' lang='lat' dir='ltr'>volentes:</span> 
     </span>
     <span class='ocr_line' id='line_1_22' title="bbox 178 1913 2326 1981; baseline -0 -17"><span class='ocrx_word' id='word_1_254' title='bbox 178 1918 325 1967; x_wconf 89' lang='lat' dir='ltr'>veluti</span> <span class='ocrx_word' id='word_1_255' title='bbox 356 1918 395 1965; x_wconf 92' lang='lat' dir='ltr'>si</span> <span class='ocrx_word' id='word_1_256' title='bbox 425 1916 519 1964; x_wconf 91' lang='lat' dir='ltr'>tale</span> <span class='ocrx_word' id='word_1_257' title='bbox 549 1915 668 1981; x_wconf 89' lang='lat' dir='ltr'>quid</span> <span class='ocrx_word' id='word_1_258' title='bbox 699 1914 999 1962; x_wconf 89' lang='lat' dir='ltr'>committere</span> <span class='ocrx_word' id='word_1_259' title='bbox 1021 1913 1248 1976; x_wconf 86' lang='lat' dir='ltr'>velimuS,</span> <span class='ocrx_word' id='word_1_260' title='bbox 1283 1914 1418 1979; x_wconf 93' lang='lat' dir='ltr'>quod</span> <span class='ocrx_word' id='word_1_261' title='bbox 1442 1930 1750 1979; x_wconf 85' lang='lat' dir='ltr'>nequaquam</span> <span class='ocrx_word' id='word_1_262' title='bbox 1775 1913 1952 1962; x_wconf 92' lang='lat' dir='ltr'>debere</span> <span class='ocrx_word' id='word_1_263' title='bbox 1975 1932 2004 1963; x_wconf 91' lang='lat' dir='ltr'>a</span> <span class='ocrx_word' id='word_1_264' title='bbox 2025 1915 2169 1963; x_wconf 92' lang='lat' dir='ltr'>nobis</span> <span class='ocrx_word' id='word_1_265' title='bbox 2191 1932 2326 1964; x_wconf 89' lang='lat' dir='ltr'>com-</span> 
     </span>
     <span class='ocr_line' id='line_1_23' title="bbox 178 1993 2323 2065; baseline -0.001 -18"><span class='ocrx_word' id='word_1_266' title='bbox 178 2000 302 2047; x_wconf 89' lang='lat' dir='ltr'>mitti</span> <span class='ocrx_word' id='word_1_267' title='bbox 331 1998 523 2065; x_wconf 87' lang='lat' dir='ltr'>scimus.</span> <span class='ocrx_word' id='word_1_268' title='bbox 560 1996 632 2044; x_wconf 91' lang='lat' dir='ltr'>lbi</span> <span class='ocrx_word' id='word_1_269' title='bbox 666 1996 846 2061; x_wconf 90' lang='lat' dir='ltr'>quippe</span> <span class='ocrx_word' id='word_1_270' title='bbox 880 1993 1007 2043; x_wconf 89' lang='lat' dir='ltr'>mala</span> <span class='ocrx_word' id='word_1_271' title='bbox 1038 1994 1117 2042; x_wconf 92' lang='lat' dir='ltr'>illa</span> <span class='ocrx_word' id='word_1_272' title='bbox 1161 1995 1385 2043; x_wconf 90' lang='lat' dir='ltr'>voluntas</span> <span class='ocrx_word' id='word_1_273' title='bbox 1431 2005 1479 2043; x_wconf 88' lang='lat' dir='ltr'>et</span> <span class='ocrx_word' id='word_1_274' title='bbox 1522 2005 1778 2060; x_wconf 88' lang='lat' dir='ltr'>peccatum</span> <span class='ocrx_word' id='word_1_275' title='bbox 1806 1995 1938 2043; x_wconf 90' lang='lat' dir='ltr'>idem</span> <span class='ocrx_word' id='word_1_276' title='bbox 1969 2012 2071 2044; x_wconf 88' lang='lat' dir='ltr'>esse</span> <span class='ocrx_word' id='word_1_277' title='bbox 2115 1996 2323 2057; x_wconf 89' lang='lat' dir='ltr'>videtur,</span> 
     </span>
     <span class='ocr_line' id='line_1_24' title="bbox 177 2074 2327 2143; baseline -0.001 -15"><span class='ocrx_word' id='word_1_278' title='bbox 177 2080 313 2128; x_wconf 90' lang='lat' dir='ltr'>verbi</span> <span class='ocrx_word' id='word_1_279' title='bbox 344 2080 493 2143; x_wconf 87' lang='lat' dir='ltr'>gratia</span> <span class='ocrx_word' id='word_1_280' title='bbox 525 2096 537 2125; x_wconf 78' lang='lat' dir='ltr'>t</span> <span class='ocrx_word' id='word_1_281' title='bbox 579 2076 711 2124; x_wconf 86' lang='lat' dir='ltr'>videt</span> <span class='ocrx_word' id='word_1_282' title='bbox 751 2075 922 2141; x_wconf 90' lang='lat' dir='ltr'>aliquis</span> <span class='ocrx_word' id='word_1_283' title='bbox 953 2074 1229 2137; x_wconf 89' lang='lat' dir='ltr'>mulierem,</span> <span class='ocrx_word' id='word_1_284' title='bbox 1259 2076 1310 2122; x_wconf 93' lang='lat' dir='ltr'>in</span> <span class='ocrx_word' id='word_1_285' title='bbox 1340 2076 1783 2141; x_wconf 88' lang='lat' dir='ltr'>concupiscentiam</span> <span class='ocrx_word' id='word_1_286' title='bbox 1826 2076 2012 2136; x_wconf 89' lang='lat' dir='ltr'>incidit,</span> <span class='ocrx_word' id='word_1_287' title='bbox 2047 2086 2096 2124; x_wconf 91' lang='lat' dir='ltr'>et</span> <span class='ocrx_word' id='word_1_288' title='bbox 2119 2075 2327 2126; x_wconf 89' lang='lat' dir='ltr'>delecta-</span> 
     </span>
     <span class='ocr_line' id='line_1_25' title="bbox 177 2155 2324 2222; baseline -0.002 -12"><span class='ocrx_word' id='word_1_289' title='bbox 177 2162 308 2209; x_wconf 91' lang='lat' dir='ltr'>tione</span> <span class='ocrx_word' id='word_1_290' title='bbox 325 2161 481 2209; x_wconf 89' lang='lat' dir='ltr'>carnis</span> <span class='ocrx_word' id='word_1_291' title='bbox 505 2175 643 2206; x_wconf 91' lang='lat' dir='ltr'>mens</span> <span class='ocrx_word' id='word_1_292' title='bbox 664 2157 765 2221; x_wconf 89' lang='lat' dir='ltr'>ejus</span> <span class='ocrx_word' id='word_1_293' title='bbox 789 2157 1017 2221; x_wconf 87' lang='lat' dir='ltr'>tangitur,</span> <span class='ocrx_word' id='word_1_294' title='bbox 1045 2165 1099 2203; x_wconf 92' lang='lat' dir='ltr'>ut</span> <span class='ocrx_word' id='word_1_295' title='bbox 1117 2155 1178 2203; x_wconf 88' lang='lat' dir='ltr'>ad</span> <span class='ocrx_word' id='word_1_296' title='bbox 1203 2155 1556 2221; x_wconf 88' lang='lat' dir='ltr'>turpitudinem</span> <span class='ocrx_word' id='word_1_297' title='bbox 1573 2157 1731 2204; x_wconf 91' lang='lat' dir='ltr'>coitus</span> <span class='ocrx_word' id='word_1_298' title='bbox 1754 2156 2063 2205; x_wconf 86' lang='lat' dir='ltr'>accendatur.</span> <span class='ocrx_word' id='word_1_299' title='bbox 2078 2160 2189 2204; x_wconf 91' lang='lat' dir='ltr'>Haec</span> <span class='ocrx_word' id='word_1_300' title='bbox 2210 2174 2324 2222; x_wconf 90' lang='lat' dir='ltr'>ergo</span> 
     </span>
     <span class='ocr_line' id='line_1_26' title="bbox 175 2236 2035 2305; baseline -0.003 -16"><span class='ocrx_word' id='word_1_301' title='bbox 175 2242 397 2289; x_wconf 89' lang='lat' dir='ltr'>voluntas</span> <span class='ocrx_word' id='word_1_302' title='bbox 420 2251 467 2288; x_wconf 90' lang='lat' dir='ltr'>et</span> <span class='ocrx_word' id='word_1_303' title='bbox 492 2250 633 2305; x_wconf 89' lang='lat' dir='ltr'>turpe</span> <span class='ocrx_word' id='word_1_304' title='bbox 652 2237 946 2287; x_wconf 90' lang='lat' dir='ltr'>desiderium</span> <span class='ocrx_word' id='word_1_305' title='bbox 970 2236 1091 2302; x_wconf 88' lang='lat' dir='ltr'>quid</span> <span class='ocrx_word' id='word_1_306' title='bbox 1113 2236 1262 2299; x_wconf 91' lang='lat' dir='ltr'>aliud,</span> <span class='ocrx_word' id='word_1_307' title='bbox 1288 2237 1466 2302; x_wconf 90' lang='lat' dir='ltr'>inquis,</span> <span class='ocrx_word' id='word_1_308' title='bbox 1494 2246 1566 2284; x_wconf 92' lang='lat' dir='ltr'>est</span> <span class='ocrx_word' id='word_1_309' title='bbox 1586 2253 1734 2301; x_wconf 93' lang='lat' dir='ltr'>quam</span> <span class='ocrx_word' id='word_1_310' title='bbox 1750 2237 2035 2303; x_wconf 81' lang='lat' dir='ltr'>peccatum?</span> 
     </span>
    </p>

    <p class='ocr_par' dir='ltr' id='par_1_4' title="bbox 175 2317 2328 3031">
     <span class='ocr_line' id='line_1_27' title="bbox 243 2317 2323 2387; baseline -0.001 -17"><span class='ocrx_word' id='word_1_311' title='bbox 243 2321 531 2387; x_wconf 90' lang='lat' dir='ltr'>Respondeo</span> <span class='ocrx_word' id='word_1_312' title='bbox 557 2339 568 2367; x_wconf 78' lang='lat' dir='ltr'>z</span> <span class='ocrx_word' id='word_1_313' title='bbox 606 2319 724 2384; x_wconf 89' lang='lat' dir='ltr'>quid</span> <span class='ocrx_word' id='word_1_314' title='bbox 748 2319 787 2365; x_wconf 91' lang='lat' dir='ltr'>si</span> <span class='ocrx_word' id='word_1_315' title='bbox 822 2319 910 2366; x_wconf 90' lang='lat' dir='ltr'>ista</span> <span class='ocrx_word' id='word_1_316' title='bbox 936 2317 1161 2365; x_wconf 84' lang='lat' dir='ltr'>voluntas</span> <span class='ocrx_word' id='word_1_317' title='bbox 1188 2318 1516 2383; x_wconf 81' lang='lat' dir='ltr'>temperantiae</span> <span class='ocrx_word' id='word_1_318' title='bbox 1536 2317 1714 2365; x_wconf 88' lang='lat' dir='ltr'>virtute</span> <span class='ocrx_word' id='word_1_319' title='bbox 1741 2318 2010 2366; x_wconf 85' lang='lat' dir='ltr'>refrenetur</span> <span class='ocrx_word' id='word_1_320' title='bbox 2039 2334 2130 2365; x_wconf 89' lang='lat' dir='ltr'>nec</span> <span class='ocrx_word' id='word_1_321' title='bbox 2163 2327 2323 2367; x_wconf 90' lang='lat' dir='ltr'>tamen</span> 
     </span>
     <span class='ocr_line' id='line_1_28' title="bbox 176 2395 2325 2467; baseline -0.002 -17"><span class='ocrx_word' id='word_1_322' title='bbox 176 2402 502 2467; x_wconf 85' lang='lat' dir='ltr'>extinguatur,</span> <span class='ocrx_word' id='word_1_323' title='bbox 531 2400 592 2447; x_wconf 88' lang='lat' dir='ltr'>ad</span> <span class='ocrx_word' id='word_1_324' title='bbox 616 2415 831 2466; x_wconf 87' lang='lat' dir='ltr'>pugnam</span> <span class='ocrx_word' id='word_1_325' title='bbox 858 2407 1140 2463; x_wconf 89' lang='lat' dir='ltr'>permaneat</span> <span class='ocrx_word' id='word_1_326' title='bbox 1161 2407 1208 2445; x_wconf 91' lang='lat' dir='ltr'>et</span> <span class='ocrx_word' id='word_1_327' title='bbox 1231 2397 1294 2444; x_wconf 92' lang='lat' dir='ltr'>ad</span> <span class='ocrx_word' id='word_1_328' title='bbox 1326 2407 1569 2446; x_wconf 89' lang='lat' dir='ltr'>certamen</span> <span class='ocrx_word' id='word_1_329' title='bbox 1598 2395 1821 2463; x_wconf 87' lang='lat' dir='ltr'>persistat</span> <span class='ocrx_word' id='word_1_330' title='bbox 1842 2415 1932 2446; x_wconf 91' lang='lat' dir='ltr'>nec</span> <span class='ocrx_word' id='word_1_331' title='bbox 1954 2397 2147 2446; x_wconf 86' lang='lat' dir='ltr'>deficiat</span> <span class='ocrx_word' id='word_1_332' title='bbox 2166 2399 2325 2447; x_wconf 81' lang='lat' dir='ltr'>victa?</span> 
     </span>
     <span class='ocr_line' id='line_1_29' title="bbox 177 2477 2326 2548; baseline -0.002 -17"><span class='ocrx_word' id='word_1_333' title='bbox 177 2482 271 2531; x_wconf 89' lang='lat' dir='ltr'>Ubi</span> <span class='ocrx_word' id='word_1_334' title='bbox 304 2483 435 2531; x_wconf 92' lang='lat' dir='ltr'>enim</span> <span class='ocrx_word' id='word_1_335' title='bbox 467 2497 654 2548; x_wconf 88' lang='lat' dir='ltr'>pugna,</span> <span class='ocrx_word' id='word_1_336' title='bbox 695 2480 734 2526; x_wconf 91' lang='lat' dir='ltr'>si</span> <span class='ocrx_word' id='word_1_337' title='bbox 763 2478 1017 2544; x_wconf 90' lang='lat' dir='ltr'>pugnandi</span> <span class='ocrx_word' id='word_1_338' title='bbox 1049 2478 1172 2525; x_wconf 88' lang='lat' dir='ltr'>desit</span> <span class='ocrx_word' id='word_1_339' title='bbox 1200 2478 1434 2525; x_wconf 88' lang='lat' dir='ltr'>materia:</span> <span class='ocrx_word' id='word_1_340' title='bbox 1473 2488 1558 2526; x_wconf 90' lang='lat' dir='ltr'>aut</span> <span class='ocrx_word' id='word_1_341' title='bbox 1588 2477 1721 2525; x_wconf 91' lang='lat' dir='ltr'>unde</span> <span class='ocrx_word' id='word_1_342' title='bbox 1755 2479 2006 2543; x_wconf 82' lang='lat' dir='ltr'>praemium</span> <span class='ocrx_word' id='word_1_343' title='bbox 2041 2478 2248 2541; x_wconf 89' lang='lat' dir='ltr'>grande,</span> <span class='ocrx_word' id='word_1_344' title='bbox 2286 2480 2326 2526; x_wconf 89' lang='lat' dir='ltr'>si</span> 
     </span>
     <span class='ocr_line' id='line_1_30' title="bbox 176 2557 2325 2628; baseline -0.003 -16"><span class='ocrx_word' id='word_1_345' title='bbox 176 2581 275 2612; x_wconf 89' lang='lat' dir='ltr'>non</span> <span class='ocrx_word' id='word_1_346' title='bbox 313 2565 373 2612; x_wconf 91' lang='lat' dir='ltr'>sit</span> <span class='ocrx_word' id='word_1_347' title='bbox 407 2563 542 2628; x_wconf 92' lang='lat' dir='ltr'>quod</span> <span class='ocrx_word' id='word_1_348' title='bbox 573 2561 833 2609; x_wconf 91' lang='lat' dir='ltr'>toleremus</span> <span class='ocrx_word' id='word_1_349' title='bbox 859 2559 1036 2622; x_wconf 76' lang='lat' dir='ltr'>grave?</span> <span class='ocrx_word' id='word_1_350' title='bbox 1074 2561 1198 2606; x_wconf 92' lang='lat' dir='ltr'>Cum</span> <span class='ocrx_word' id='word_1_351' title='bbox 1228 2568 1472 2606; x_wconf 90' lang='lat' dir='ltr'>certamen</span> <span class='ocrx_word' id='word_1_352' title='bbox 1498 2557 1729 2620; x_wconf 90' lang='lat' dir='ltr'>defuerit,</span> <span class='ocrx_word' id='word_1_353' title='bbox 1755 2575 1856 2606; x_wconf 91' lang='lat' dir='ltr'>non</span> <span class='ocrx_word' id='word_1_354' title='bbox 1878 2559 1980 2622; x_wconf 88' lang='lat' dir='ltr'>jam</span> <span class='ocrx_word' id='word_1_355' title='bbox 2003 2568 2218 2624; x_wconf 91' lang='lat' dir='ltr'>superest</span> <span class='ocrx_word' id='word_1_356' title='bbox 2238 2575 2325 2623; x_wconf 93' lang='lat' dir='ltr'>pu-</span> 
     </span>
     <span class='ocr_line' id='line_1_31' title="bbox 176 2637 2328 2711; baseline -0.002 -20"><span class='ocrx_word' id='word_1_357' title='bbox 176 2661 341 2707; x_wconf 87' lang='lat' dir='ltr'>gnare,</span> <span class='ocrx_word' id='word_1_358' title='bbox 377 2644 461 2692; x_wconf 91' lang='lat' dir='ltr'>sed</span> <span class='ocrx_word' id='word_1_359' title='bbox 490 2642 742 2711; x_wconf 90' lang='lat' dir='ltr'>praemium</span> <span class='ocrx_word' id='word_1_360' title='bbox 773 2640 1051 2706; x_wconf 82' lang='lat' dir='ltr'>percipere3</span> <span class='ocrx_word' id='word_1_361' title='bbox 1088 2638 1170 2686; x_wconf 93' lang='lat' dir='ltr'>hic</span> <span class='ocrx_word' id='word_1_362' title='bbox 1204 2648 1368 2687; x_wconf 89' lang='lat' dir='ltr'>autem</span> <span class='ocrx_word' id='word_1_363' title='bbox 1399 2638 1666 2704; x_wconf 90' lang='lat' dir='ltr'>pugnando</span> <span class='ocrx_word' id='word_1_364' title='bbox 1690 2648 1948 2696; x_wconf 88' lang='lat' dir='ltr'>certamus,</span> <span class='ocrx_word' id='word_1_365' title='bbox 1980 2645 2035 2686; x_wconf 88' lang='lat' dir='ltr'>ut</span> <span class='ocrx_word' id='word_1_366' title='bbox 2069 2637 2185 2686; x_wconf 90' lang='lat' dir='ltr'>alibi</span> <span class='ocrx_word' id='word_1_367' title='bbox 2219 2655 2328 2686; x_wconf 89' lang='lat' dir='ltr'>cer-</span> 
     </span>
     <span class='ocr_line' id='line_1_32' title="bbox 176 2719 2326 2790; baseline -0.003 -15"><span class='ocrx_word' id='word_1_368' title='bbox 176 2727 368 2775; x_wconf 89' lang='lat' dir='ltr'>taminis</span> <span class='ocrx_word' id='word_1_369' title='bbox 401 2724 776 2790; x_wconf 87' lang='lat' dir='ltr'>triumphatores</span> <span class='ocrx_word' id='word_1_370' title='bbox 809 2736 1045 2770; x_wconf 88' lang='lat' dir='ltr'>coronam</span> <span class='ocrx_word' id='word_1_371' title='bbox 1076 2720 1418 2786; x_wconf 88' lang='lat' dir='ltr'>percipiamus.</span> <span class='ocrx_word' id='word_1_372' title='bbox 1446 2723 1510 2767; x_wconf 91' lang='lat' dir='ltr'>Ut</span> <span class='ocrx_word' id='word_1_373' title='bbox 1540 2735 1657 2768; x_wconf 91' lang='lat' dir='ltr'>vero</span> <span class='ocrx_word' id='word_1_374' title='bbox 1689 2736 1855 2784; x_wconf 86' lang='lat' dir='ltr'>pugna</span> <span class='ocrx_word' id='word_1_375' title='bbox 1884 2720 1961 2779; x_wconf 83' lang='lat' dir='ltr'>sit,</span> <span class='ocrx_word' id='word_1_376' title='bbox 1997 2719 2189 2767; x_wconf 89' lang='lat' dir='ltr'>hostem</span> <span class='ocrx_word' id='word_1_377' title='bbox 2223 2736 2326 2768; x_wconf 90' lang='lat' dir='ltr'>esse</span> 
     </span>
     <span class='ocr_line' id='line_1_33' title="bbox 175 2800 2325 2871; baseline -0.002 -16"><span class='ocrx_word' id='word_1_378' title='bbox 175 2807 426 2869; x_wconf 89' lang='lat' dir='ltr'>convenit,</span> <span class='ocrx_word' id='word_1_379' title='bbox 463 2806 547 2871; x_wconf 92' lang='lat' dir='ltr'>qui</span> <span class='ocrx_word' id='word_1_380' title='bbox 577 2805 789 2865; x_wconf 88' lang='lat' dir='ltr'>resistat,</span> <span class='ocrx_word' id='word_1_381' title='bbox 825 2819 925 2850; x_wconf 90' lang='lat' dir='ltr'>non</span> <span class='ocrx_word' id='word_1_382' title='bbox 956 2803 1039 2867; x_wconf 93' lang='lat' dir='ltr'>qui</span> <span class='ocrx_word' id='word_1_383' title='bbox 1071 2818 1269 2867; x_wconf 92' lang='lat' dir='ltr'>prorsus</span> <span class='ocrx_word' id='word_1_384' title='bbox 1292 2800 1500 2849; x_wconf 87' lang='lat' dir='ltr'>deficiat.</span> <span class='ocrx_word' id='word_1_385' title='bbox 1536 2804 1648 2848; x_wconf 84' lang='lat' dir='ltr'>Haec</span> <span class='ocrx_word' id='word_1_386' title='bbox 1669 2817 1784 2849; x_wconf 90' lang='lat' dir='ltr'>vero</span> <span class='ocrx_word' id='word_1_387' title='bbox 1816 2810 1888 2848; x_wconf 92' lang='lat' dir='ltr'>est</span> <span class='ocrx_word' id='word_1_388' title='bbox 1917 2810 2081 2848; x_wconf 88' lang='lat' dir='ltr'>nostra</span> <span class='ocrx_word' id='word_1_389' title='bbox 2102 2801 2325 2850; x_wconf 86' lang='lat' dir='ltr'>voluntas</span> 
     </span>
     <span class='ocr_line' id='line_1_34' title="bbox 179 2880 2325 2952; baseline -0.003 -17"><span class='ocrx_word' id='word_1_390' title='bbox 179 2888 322 2949; x_wconf 90' lang='lat' dir='ltr'>mala,</span> <span class='ocrx_word' id='word_1_391' title='bbox 350 2887 410 2935; x_wconf 91' lang='lat' dir='ltr'>de</span> <span class='ocrx_word' id='word_1_392' title='bbox 443 2903 540 2952; x_wconf 89' lang='lat' dir='ltr'>qua</span> <span class='ocrx_word' id='word_1_393' title='bbox 568 2885 942 2951; x_wconf 89' lang='lat' dir='ltr'>triumphamus,</span> <span class='ocrx_word' id='word_1_394' title='bbox 980 2900 1093 2930; x_wconf 92' lang='lat' dir='ltr'>cum</span> <span class='ocrx_word' id='word_1_395' title='bbox 1130 2899 1240 2930; x_wconf 90' lang='lat' dir='ltr'>eam</span> <span class='ocrx_word' id='word_1_396' title='bbox 1277 2881 1451 2929; x_wconf 85' lang='lat' dir='ltr'>divinae</span> <span class='ocrx_word' id='word_1_397' title='bbox 1483 2880 1824 2946; x_wconf 84' lang='lat' dir='ltr'>subjugamuS,</span> <span class='ocrx_word' id='word_1_398' title='bbox 1867 2897 1958 2928; x_wconf 90' lang='lat' dir='ltr'>nec</span> <span class='ocrx_word' id='word_1_399' title='bbox 1988 2897 2096 2929; x_wconf 90' lang='lat' dir='ltr'>eam</span> <span class='ocrx_word' id='word_1_400' title='bbox 2127 2897 2325 2947; x_wconf 91' lang='lat' dir='ltr'>prorsus</span> 
     </span>
     <span class='ocr_line' id='line_1_35' title="bbox 178 2962 1808 3031; baseline -0.004 -16"><span class='ocrx_word' id='word_1_401' title='bbox 178 2967 516 3030; x_wconf 88' lang='lat' dir='ltr'>extinguimus,</span> <span class='ocrx_word' id='word_1_402' title='bbox 546 2976 599 3014; x_wconf 91' lang='lat' dir='ltr'>ut</span> <span class='ocrx_word' id='word_1_403' title='bbox 620 2982 811 3031; x_wconf 89' lang='lat' dir='ltr'>semper</span> <span class='ocrx_word' id='word_1_404' title='bbox 828 2964 1111 3026; x_wconf 88' lang='lat' dir='ltr'>habeamus,</span> <span class='ocrx_word' id='word_1_405' title='bbox 1137 2973 1310 3012; x_wconf 86' lang='lat' dir='ltr'>contra</span> <span class='ocrx_word' id='word_1_406' title='bbox 1332 2978 1482 3028; x_wconf 88' lang='lat' dir='ltr'>quam</span> <span class='ocrx_word' id='word_1_407' title='bbox 1504 2962 1808 3010; x_wconf 89' lang='lat' dir='ltr'>dimicemus.</span> 
     </span>
    </p>

    <p class='ocr_par' dir='ltr' id='par_1_5' title="bbox 245 3041 2320 3111">
     <span class='ocr_line' id='line_1_36' title="bbox 245 3041 2320 3111; baseline -0.003 -17"><span class='ocrx_word' id='word_1_408' title='bbox 245 3047 375 3107; x_wconf 89' lang='lat' dir='ltr'>Quid.</span> <span class='ocrx_word' id='word_1_409' title='bbox 407 3047 537 3094; x_wconf 90' lang='lat' dir='ltr'>enim</span> <span class='ocrx_word' id='word_1_410' title='bbox 567 3063 798 3111; x_wconf 88' lang='lat' dir='ltr'>magnum</span> <span class='ocrx_word' id='word_1_411' title='bbox 827 3062 918 3110; x_wconf 92' lang='lat' dir='ltr'>pro</span> <span class='ocrx_word' id='word_1_412' title='bbox 954 3048 1058 3092; x_wconf 92' lang='lat' dir='ltr'>Deo</span> <span class='ocrx_word' id='word_1_413' title='bbox 1097 3044 1320 3105; x_wconf 85' lang='lat' dir='ltr'>facimuS‚</span> <span class='ocrx_word' id='word_1_414' title='bbox 1361 3044 1402 3092; x_wconf 90' lang='lat' dir='ltr'>si</span> <span class='ocrx_word' id='word_1_415' title='bbox 1437 3043 1559 3092; x_wconf 90' lang='lat' dir='ltr'>nihil</span> <span class='ocrx_word' id='word_1_416' title='bbox 1589 3053 1766 3092; x_wconf 84' lang='lat' dir='ltr'>nostrae</span> <span class='ocrx_word' id='word_1_417' title='bbox 1797 3042 2036 3091; x_wconf 85' lang='lat' dir='ltr'>voluntati</span> <span class='ocrx_word' id='word_1_418' title='bbox 2068 3041 2320 3090; x_wconf 89' lang='lat' dir='ltr'>adversum</span> 
     </span>
    </p>
   </div>
   <div class='ocr_carea' id='block_1_3' title="bbox 179 3247 2321 3350">
    <p class='ocr_par' dir='ltr' id='par_1_6' title="bbox 179 3247 2321 3350">
     <span class='ocr_line' id='line_1_37' title="bbox 222 3247 2321 3296; baseline -0.003 -9"><span class='ocrx_word' id='word_1_419' title='bbox 222 3257 230 3276; x_wconf 85' lang='lat'>¹</span> <span class='ocrx_word' id='word_1_420' title='bbox 247 3253 379 3296; x_wconf 81' lang='lat' dir='ltr'>Philip.</span> <span class='ocrx_word' id='word_1_421' title='bbox 393 3251 422 3295; x_wconf 78' lang='lat'>1,</span> <span class='ocrx_word' id='word_1_422' title='bbox 433 3261 506 3294; x_wconf 84' lang='lat' dir='ltr'>cap.</span> <span class='ocrx_word' id='word_1_423' title='bbox 524 3261 549 3295; x_wconf 87' lang='lat'>1,</span> <span class='ocrx_word' id='word_1_424' title='bbox 564 3262 595 3286; x_wconf 85' lang='lat' dir='ltr'>v.</span> <span class='ocrx_word' id='word_1_425' title='bbox 611 3254 665 3285; x_wconf 83' lang='lat'>23.</span> <span class='ocrx_word' id='word_1_426' title='bbox 682 3252 742 3277; x_wconf 78' lang='lat'>—²</span> <span class='ocrx_word' id='word_1_427' title='bbox 758 3249 909 3284; x_wconf 83' lang='lat' dir='ltr'>Corinth.</span> <span class='ocrx_word' id='word_1_428' title='bbox 925 3249 968 3290; x_wconf 85' lang='lat'>11,</span> <span class='ocrx_word' id='word_1_429' title='bbox 989 3258 1067 3292; x_wconf 86' lang='lat' dir='ltr'>cap.</span> <span class='ocrx_word' id='word_1_430' title='bbox 1086 3257 1127 3292; x_wconf 75' lang='lat' dir='ltr'>V,</span> <span class='ocrx_word' id='word_1_431' title='bbox 1144 3258 1176 3282; x_wconf 85' lang='lat' dir='ltr'>v.</span> <span class='ocrx_word' id='word_1_432' title='bbox 1200 3250 1233 3283; x_wconf 85' lang='lat'>4.</span> <span class='ocrx_word' id='word_1_433' title='bbox 1252 3267 1291 3275; x_wconf 92' lang='lat'>—</span> <span class='ocrx_word' id='word_1_434' title='bbox 1306 3251 1318 3271; x_wconf 74' lang='lat'><em>²</em></span> <span class='ocrx_word' id='word_1_435' title='bbox 1332 3248 1442 3291; x_wconf 85' lang='lat' dir='ltr'>Joan.‚</span> <span class='ocrx_word' id='word_1_436' title='bbox 1465 3257 1540 3291; x_wconf 79' lang='lat' dir='ltr'>cap.</span> <span class='ocrx_word' id='word_1_437' title='bbox 1562 3257 1637 3292; x_wconf 74' lang='lat' dir='ltr'>xxi,</span> <span class='ocrx_word' id='word_1_438' title='bbox 1653 3258 1688 3283; x_wconf 85' lang='lat' dir='ltr'>v.</span> <span class='ocrx_word' id='word_1_439' title='bbox 1713 3250 1764 3283; x_wconf 89' lang='lat'>18.</span> <span class='ocrx_word' id='word_1_440' title='bbox 1782 3265 1824 3274; x_wconf 90' lang='lat'><em>-</em></span> <span class='ocrx_word' id='word_1_441' title='bbox 1837 3251 1848 3272; x_wconf 89' lang='lat'><strong>⁴</strong></span> <span class='ocrx_word' id='word_1_442' title='bbox 1864 3248 1992 3288; x_wconf 65' lang='lat' dir='ltr'>Matth„</span> <span class='ocrx_word' id='word_1_443' title='bbox 2010 3255 2083 3289; x_wconf 79' lang='lat' dir='ltr'>cap.</span> <span class='ocrx_word' id='word_1_444' title='bbox 2100 3254 2198 3288; x_wconf 71' lang='lat' dir='ltr'>xxvi,</span> <span class='ocrx_word' id='word_1_445' title='bbox 2210 3256 2242 3281; x_wconf 87' lang='lat' dir='ltr'>v.</span> <span class='ocrx_word' id='word_1_446' title='bbox 2268 3247 2321 3282; x_wconf 77' lang='lat'>39.</span> 
     </span>
     <span class='ocr_line' id='line_1_38' title="bbox 179 3303 1089 3350; baseline -0.007 -8"><span class='ocrx_word' id='word_1_447' title='bbox 179 3325 222 3334; x_wconf 85' lang='lat'><em>—</em></span> <span class='ocrx_word' id='word_1_448' title='bbox 237 3309 248 3330; x_wconf 78' lang='lat'>⁸</span> <span class='ocrx_word' id='word_1_449' title='bbox 266 3307 356 3349; x_wconf 64' lang='lat' dir='ltr'>lsai„</span> <span class='ocrx_word' id='word_1_450' title='bbox 381 3316 456 3349; x_wconf 80' lang='lat' dir='ltr'>cap.</span> <span class='ocrx_word' id='word_1_451' title='bbox 474 3316 545 3350; x_wconf 79' lang='lat' dir='ltr'>un,</span> <span class='ocrx_word' id='word_1_452' title='bbox 560 3315 593 3339; x_wconf 83' lang='lat' dir='ltr'>v.</span> <span class='ocrx_word' id='word_1_453' title='bbox 611 3309 642 3340; x_wconf 80' lang='lat'>7.</span> <span class='ocrx_word' id='word_1_454' title='bbox 661 3323 699 3330; x_wconf 95' lang='lat'>-</span> <span class='ocrx_word' id='word_1_455' title='bbox 716 3306 728 3326; x_wconf 83' lang='lat'>⁸</span> <span class='ocrx_word' id='word_1_456' title='bbox 743 3303 873 3338; x_wconf 80' lang='lat' dir='ltr'>Psalm.</span> <span class='ocrx_word' id='word_1_457' title='bbox 892 3312 990 3346; x_wconf 80' lang='lat' dir='ltr'>cxm,</span> <span class='ocrx_word' id='word_1_458' title='bbox 1007 3312 1039 3336; x_wconf 88' lang='lat' dir='ltr'>v.</span> <span class='ocrx_word' id='word_1_459' title='bbox 1058 3305 1089 3337; x_wconf 85' lang='lat'>3.</span> 
     </span>
    </p>
   </div>
  </div>
 </body>
</html>
