2638 3866
911 246 970 295 ΙΝ
1004 244 1335 296 EPlSTOLAM
1369 247 1450 296 AD
1484 246 1790 295 ROMANOS.
2332 247 2428 296 313

280 361 524 412 corporeae
545 345 822 395 substantiae
843 355 1066 395 naturam
1086 346 1276 396 amittit.
1294 348 1451 406 Quaeri
1471 348 1615 396 etiam
1633 356 1809 413 potest,
1834 350 1946 396 cum'
1966 349 2095 396 Deus
2110 346 2212 413 ipse
2228 358 2430 413 propter

280 443 331 474 se
351 427 510 492 potius
532 443 679 492 quam
706 436 903 494 propter
925 442 1074 493 opera
1093 442 1179 475 sua
1200 428 1260 475 sit
1282 427 1570 487 laudanduS,
1597 426 1850 492 quomodo
1874 428 2002 476 (licat
2024 427 2294 494 ApostoluS‚
2317 445 2428 476 eum

281 519 479 575 propter
504 526 653 576 opera
679 525 766 558 sua
789 526 891 558 esse
914 508 1301 575 glorificandum,
1333 510 1382 558 id
1407 521 1478 558 est
1500 510 1706 558 maxima
1731 509 1874 558 laude
1907 510 2125 576 dignum.
2157 514 2227 559 Ex
2249 528 2300 559 se
2329 513 2430 577 ipsc

280 590 460 656 quippe
494 590 655 638 honus
686 589 763 639 vel
790 589 933 638 laude
963 590 1137 655 dignus
1166 600 1238 638 est
1269 591 1428 655 potius
1460 607 1608 656 quam
1639 607 1697 639 ex
1731 590 1961 656 operibus
1998 592 2122 654 suis,
2155 601 2202 641 et
2231 602 2431 659 propter

281 671 440 736 ipsum
472 686 618 737 opera
642 671 743 736 ejus
774 671 936 737 potius
965 680 1077 719 sunt
1099 670 1342 719 laudanda
1363 671 1437 719 vel
1463 671 1595 719 hona
1618 687 1763 736 quam
1787 671 1888 736 ipse
1911 682 2109 738 propter
2143 689 2306 739 opera.
2336 674 2430 720 Sed
2489 720 2500 736 ,

279 748 390 799 licet
422 767 479 799 ex
510 752 667 817 seipso
702 752 863 817 potius
895 767 1041 815 quam
1074 767 1130 798 ex
1164 750 1343 799 effectis
1378 753 1474 799 suis
1509 752 1610 818 ipse
1639 750 1801 799 bonus
1832 751 1908 810 sit,
1945 752 2019 799 vel
2051 752 2224 816 dignus
2257 752 2425 812 laude,

282 830 407 878 actio
438 840 598 879 tamen
625 832 728 897 ipsa
753 831 1011 896 gratiarum
1043 831 1119 879 vel
1150 830 1346 880 effectus
1376 831 1533 880 laudis
1567 840 1757 891 nostrae,
1785 847 1932 896 quam
1954 832 1999 879 ei
2031 832 2345 898 persolvimus
2374 850 2430 881 ex

281 910 511 976 operibus
540 928 648 977 quae
676 928 764 978 per
795 911 954 978 ipsum
986 912 1342 975 cognoscimus,
1378 912 1709 977 consequitur,
1736 912 1858 960 sicut
1887 922 1934 960 et
1966 912 2219 976 cujuslibet
2240 912 2431 961 artificis

280 990 384 1039 laus
420 992 470 1039 in
506 991 736 1058 operibus
770 992 873 1057 ejus
903 993 1230 1056 cognoscitur,
1270 1003 1318 1040 et
1354 994 1574 1058 quamvis
1605 1002 1807 1059 propter
1829 993 2076 1041 scientiam
2108 1009 2256 1058 quam
2285 993 2431 1042 habet

277 1072 377 1136 J‘am
407 1071 583 1138 dignus
608 1073 670 1121 sit
692 1071 853 1130 laude,
880 1083 927 1120 et
947 1073 1169 1122 notitiam
1195 1083 1356 1122 tamen
1380 1091 1585 1140 operum
1609 1074 1711 1138 ejus
1729 1073 1942 1122 laudatio
1976 1074 2076 1138 ejus
2100 1075 2427 1139 consequitur.

283 1156 380 1202 Nec
402 1155 658 1219 Apostolus
682 1153 777 1203 hoc
806 1154 919 1202 loco
942 1153 1058 1202 dicit
1089 1157 1246 1203 Deum
1275 1155 1478 1219 dignum
1501 1155 1643 1203 laude
1675 1144 1876 1220 propter
1896 1172 2044 1220 opera
2066 1173 2172 1221 quae
2195 1156 2321 1214 fecit,
2346 1157 2429 1204 sed

282 1250 373 1282 nos
388 1234 451 1282 ad
468 1235 570 1299 ejus
584 1234 806 1283 hortatur
822 1234 1016 1283 laudem
1039 1222 1238 1301 propter
1263 1252 1411 1302 opera
1435 1235 1536 1300 ejus
1558 1252 1665 1300 quae
1688 1236 2043 1299 cognoscimus.
2063 1256 2087 1281 «
2110 1237 2203 1301 Ipsi
2219 1236 2386 1299 gloria,
2403 1255 2426 1281 υ

282 1315 455 1380 inquit,
488 1315 609 1375 «sit,
642 1336 664 1359 >2
690 1315 742 1363 id
765 1326 837 1363 est
855 1315 1041 1381 optima
1068 1326 1115 1363 et
1143 1307 1335 1364 summa
1357 1326 1404 1363 et
1425 1316 1518 1364 late
1537 1325 1707 1382 patens
1729 1315 1872 1377 fama,
1906 1335 1929 1360 α
1955 1316 2004 1362 in
2028 1316 2185 1364 secula
2204 1353 2216 1377 ,
2241 1335 2264 1360 »
2290 1316 2339 1364 id
2362 1326 2432 1365 est

281 1411 368 1459 per
389 1411 560 1443 omnes
582 1396 912 1444 successiones
937 1404 1231 1461 temporum.
1267 1416 1290 1441 «
1314 1401 1485 1457 Amen,
1520 1415 1544 1441 2>
1582 1395 1630 1444 id
1662 1405 1731 1443 est
1756 1395 1856 1456 fiat,
1890 1395 2023 1460 quod
2052 1405 2123 1444 est
2147 1396 2429 1444 adverbium

282 1476 501 1541 optandi,
527 1476 789 1542 aliquando
812 1478 957 1525 etiam
982 1476 1324 1538 confirmandi,
1350 1476 1548 1541 quando
1571 1476 1794 1525 videlicet
1813 1477 2010 1543 ponitur
2031 1494 2141 1544 pro,
2166 1497 2187 1521 α
2205 1478 2270 1525 ita
2294 1486 2382 1535 est,
2403 1496 2425 1519 ›>

282 1554 356 1603 vel
385 1576 408 1602 κ
435 1574 603 1604 verum
630 1567 717 1605 est..
738 1577 760 1600 n

353 1657 375 1680 α
396 1636 610 1685 Obsecro
631 1638 837 1703 itaque¹.
865 1639 1030 1696 »Quia
1067 1638 1292 1687 videlicet
1325 1638 1432 1687 talis
1472 1640 1547 1687 vel
1577 1648 1737 1687 tantus
1770 1649 1868 1700 est,
1896 1657 1953 1686 ex
1989 1656 2089 1703 quo
2123 1639 2317 1698 omnia,
2346 1655 2432 1704 per

283 1737 447 1786 quem,
472 1732 588 1783 etc.,
611 1721 815 1770 obsecro
851 1731 906 1769 ut
935 1739 1024 1770 vos
1060 1724 1192 1788 ipsos
1222 1724 1265 1770 ei
1297 1722 1504 1770 hostiam
1538 1723 1812 1789 praeparetis
1844 1723 2032 1787 potiuS,
2071 1737 2219 1786 quam
2257 1739 2433 1787 pecora

285 1811 439 1850 vestra
464 1802 556 1867 ipsi
585 1802 820 1850 mactetiS.
848 1802 996 1861 Quasi
1019 1802 1292 1866 adjurando
1324 1819 1409 1850 eos
1435 1812 1667 1862 coarctat,
1695 1819 1808 1851 cum
1831 1802 1947 1850 dicit
1974 1818 1986 1849 z
2017 1804 2148 1849 «Per
2167 1802 2434 1850 misericor·

284 1881 415 1929 diam
435 1882 543 1944 Dei,
567 1901 589 1926 υ
614 1899 671 1930 ac
695 1883 734 1930 si
760 1883 971 1931 diceret:
998 1881 1130 1931 Sicut
1160 1883 1222 1931 de
1250 1870 1580 1932 misericordia
1611 1883 1712 1947 ejus
1735 1882 1997 1941 confiditis,
2032 1883 2096 1930 ita
2126 1892 2173 1930 et
2194 1883 2257 1931 ad
2282 1883 2432 1949 ipsam

284 1961 602 2011 obtinendam
644 1974 881 2028 quantum
920 1963 1086 2012 valetis
1125 1981 1213 2011 vos
1253 1965 1544 2031 praeparetis.
1590 1967 1807 2030 Corpora
1843 1972 2078 2029 pecorum
2113 1981 2227 2011 cum
2263 1964 2432 2012 offere-

284 2042 461 2091 bantur
484 2044 533 2091 in
556 2043 807 2106 sacrificiO,
830 2043 1206 2105 occidebantur3
1234 2055 1410 2093 nostra·
1429 2054 1591 2093 autem
1608 2061 1818 2110 corpora
1837 2061 1950 2091 cum
1973 2047 2076 2091 Deo
2099 2043 2429 2106 immolantur,

285 2123 410 2171 vitiis
452 2124 519 2172 ita
555 2124 847 2182 moriuntur,
879 2134 933 2172 ut
964 2124 1059 2172 vita
1096 2141 1198 2172 non
1228 2126 1493 2190 priventur.
1533 2128 1592 2171 Et
1624 2124 1721 2172 hoc
1749 2134 1819 2172 est
1848 2122 1982 2188 quod
2012 2122 2156 2180 dicit,
2185 2123 2433 2171 «hostiam

285 2204 544 2264 viventem,
565 2225 587 2250 υ
609 2215 657 2252 et
679 2215 795 2252 tunc
816 2204 1036 2270 profecto
1064 2204 1410 2252 immolationis
1435 2214 1611 2252 nostrae
1635 2204 1923 2267 obsequium
1951 2202 2240 2253 rationabile
2275 2214 2363 2263 est,
2395 2206 2432 2251 si

286 2300 377 2332 nos
415 2285 547 2350 ipsos
583 2286 648 2333 ita
685 2285 992 2333 immolemus
1030 2286 1191 2351 potius
1227 2302 1374 2350 quam
1412 2302 1590 2351 pecora
1626 2295 1790 2333 nostra
1827 2284 1870 2332 ei
1904 2294 2191 2345 mactemuS,
2230 2283 2307 2331 vel
2345 2301 2434 2332 nos

285 2366 415 2431 ipsos
448 2375 648 2432 propter
681 2383 794 2414 eum
824 2352 1186 2415 interficiamus.
1228 2366 1574 2414 «Conformari
1605 2366 1721 2414 huic
1754 2365 1973 2424 seculo,»
2013 2364 2064 2412 id
2095 2374 2166 2413 est
2199 2365 2435 2413 seculares

286 2445 368 2510 qui
383 2455 665 2511 praesentem
689 2447 836 2495 vitam
859 2446 1066 2512 diligunt
1082 2447 1277 2495 imitari.
1299 2467 1322 2491 t<
1338 2446 1432 2494 Sed
1446 2447 1791 2506 reformamini,
1815 2467 1836 2489 »
1855 2446 1905 2505 id
1919 2455 1990 2494 est
2007 2445 2194 2493 studete
2211 2461 2433 2510 reparare

285 2542 342 2574 ac
372 2543 608 2575 renovare
634 2527 858 2575 humanae
894 2528 1093 2576 rationis
1123 2543 1320 2575 sensum
1351 2528 1559 2593 peccatis
1588 2527 1878 2592 jamdudum
1910 2525 2297 2574 obtenebratum.
2329 2546 2351 2568 «
2373 2528 2434 2572 Ut

286 2606 354 2654 sic
385 2606 630 2672 probetis,
652 2627 675 2653 »
704 2608 754 2656 id
789 2619 860 2657 est
892 2625 1185 2674 cognoscere
1217 2608 1427 2670 valeatis,
1454 2607 1531 2656 vel
1559 2608 1703 2656 etiam
1736 2607 1839 2656 aliis
1871 2606 2143 2666 ostendere,
2173 2615 2218 2653 et
2248 2607 2432 2653 ratione

287 2686 494 2752 probare
525 2689 735 2753 possitis,
767 2707 914 2754 «quae
936 2690 1001 2737 sit
1019 2689 1242 2737 voluntas
1267 2690 1378 2745 Dei,
1403 2709 1426 2732 >³
1463 2688 1514 2736 id
1547 2697 1617 2736 est
1641 2688 1760 2753 quid
1790 2691 1920 2735 Deus
1952 2704 1979 2735 a
2013 2686 2158 2734 'nobis
2188 2684 2290 2733 fieri
2321 2686 2433 2734 velit

288 2777 343 2814 ut
372 2765 492 2814 boni
526 2768 674 2816 simus
700 2769 749 2815 in
780 2769 1023 2817 nobismet
1049 2769 1182 2834 ipsis,
1208 2769 1308 2815 imo
1335 2768 1439 2815 aliis
1467 2783 1662 2832 quoque
1685 2768 1758 2815 vel
1790 2767 1879 2832 ipsi
1902 2769 2005 2814 Deo
2030 2765 2427 2831 beneplacentes,

288 2856 336 2894 et
368 2846 566 2895 tandem
591 2849 800 2913 perfecte
829 2850 877 2895 in
903 2849 1159 2896 virtutibus
1181 2848 1504 2895 consummati
1522 2855 1541 2909 ,'
1564 2846 1825 2895 crescendo
1856 2863 2047 2911 semper
2072 2847 2119 2893 in
2142 2845 2330 2907 melius,
2357 2847 2431 2894 vel

291 2928 338 2974 in
373 2928 553 2976 coelesti
581 2929 678 2976 vita
709 2929 928 2994 perfectae
955 2927 1284 2977 beatitudinis.
1319 2928 1480 2975 «Dico
1509 2928 1657 2975 enim.
1679 2947 1702 2972 »
1740 2927 1874 2974 Dixi:
1908 2927 2101 2974 «Nolite
2139 2926 2432 2975 conformari

289 3004 403 3053 huic
434 3005 744 3068 seculo,·sed
773 3005 1128 3066 reformamini,
1171 3014 1262 3053 etc.
1288 3024 1312 3048 n
1339 3014 1387 3053 et
1416 3005 1589 3053 merito
1619 3004 1670 3052 id
1700 3015 1788 3053 'vos
1819 3020 2014 3062 moneo,
2052 3004 2162 3068 quia
2189 3002 2290 3051 ‘hoc
2323 3003 2432 3051 dico

293 3106 315 3130 «
336 3103 424 3152 per
447 3087 647 3150 gratiam
681 3103 786 3151 quae
815 3086 928 3134 data
956 3095 1028 3134 est
1059 3085 1196 3147 mihi,
1221 3103 1245 3130 »
1270 3085 1321 3134 id
1345 3095 1416 3134 est
1443 3102 1530 3152 per
1555 3085 1882 3150 magisterium
1913 3083 2032 3132 mihi
2063 3100 2209 3150 super
2234 3101 2322 3132 vos
2350 3084 2433 3131 in-

285 3167 508 3229 junctum
526 3167 687 3236 dicere
710 3167 1015 3233 compellor«
1036 3165 1264 3215 omnibus
1286 3167 1368 3232 qui
1392 3176 1505 3215 sunt
1527 3155 1650 3214 inter
1662 3183 1767 3227 vos,
1789 3164 1878 3213 »id
1895 3174 1963 3213 est
1977 3164 2107 3230 apud
2122 3166 2298 3212 Gentes
2314 3180 2431 3211 con-

338 3348 463 3389 fflem..
480 3358 552 3393 cap.
573 3359 630 3386 xu.

451 3424 479 3447 11
2217 3411 2267 3448 40
