2638 3866
816 218 874 266 ΙΝ
909 217 1239 268 EPlSTOLAM
1275 220 1354 269 AD
1390 219 1694 268 ROMANOS.
2247 221 2330 268 ⁴0¹

186 319 487 385 particulam,
507 335 608 368 non
625 317 785 367 cordis
806 317 1184 367 immunditiam.
1210 320 1433 387 Alioquin
1453 337 1554 370 non
1576 319 1798 368 diceret«
1824 319 2129 387 reputabitur
2151 337 2339 388 praepu-

186 400 305 448 tium
322 400 372 450 in
391 399 824 449 circumcisionem.
848 419 871 443 n
898 400 947 447 Si
968 400 1275 466 praeputium,
1297 401 1347 451 id
1371 411 1444 451 est
1466 403 1570 468 ipsa
1590 401 1873 467 praeputiata
1895 400 2166 462 Gentilitas,
2194 418 2338 467 quam

186 499 271 531 vos
293 482 471 531 scilicet
490 485 514 530 J
520 481 641 531 udaei
658 481 795 546 quasi
812 480 875 530 ad
894 481 1214 545 ignominiam
1233 484 1528 549 praeputium
1545 482 1747 545 vocatis,
1772 501 1795 527 «
1817 482 2054 532 custodiat
2072 482 2339 548 legisjusti-

184 563 271 611 tias
296 584 319 607 n
346 564 508 630 potius
531 579 678 628 quam
701 561 895 627 figuraS,
918 560 970 609 id
988 570 1059 610 est
1080 562 1278 629 impleat
1301 564 1504 613 moralia
1526 563 1735 612 caritatis
1755 573 2010 629 praecepta,
2038 580 2144 628 quae
2168 580 2339 613 unum—

181 660 424 710 quemque
441 643 722 709 justificant,
747 659 914 692 nonne
937 644 1229 708 praeputium
1249 644 1393 707 illius,
1413 644 1464 693 id
1489 653 1560 692 est
1582 644 1686 710 ipsa
1708 643 1959 691 Gentilitas
1980 645 2232 711 proprium
2254 644 2336 692 ha-

180 723 301 773 bens
318 725 624 791 praeputium,
642 723 834 773 carnale
846 723 1068 773 videlicet
1088 742 1202 774 cum
1218 742 1319 791 quo
1335 726 1440 792 ipsa
1455 725 1684 786 nascitur,
1702 724 2005 790 reputabitur
2021 740 2051 771 a
2066 727 2170 772 Deo
2191 724 2340 791 digna

179 805 376 870 praemio
402 822 513 854 vere
536 815 584 854 et
604 804 930 872 spiritualiter,
952 816 1004 853 ut
1027 805 1211 856 dictum
1235 818 1324 869 est,
1347 806 1770 867 circumcisorum,
1795 814 1842 853 et
1865 805 2023 871 ipsum
2047 806 2332 871 praeputium

175 886 330 950 legem
352 902 714 946 consummans,
732 885 782 935 id
801 895 873 938 est
894 884 1196 954 adimplens?
1216 887 1474 937 Plenitudo
1498 887 1627 935 enim
1647 885 1782 951 legiS,
1801 895 1853 933 ut
1872 895 2040 952 postea
2056 885 2250 947 dicitur,
2264 898 2332 935 est

178 965 386 1016 dilectio.
405 966 551 1026 Quod
566 967 789 1019 videlicet
801 983 1143 1018 consummare
1158 967 1331 1033 legem,
1355 978 1426 1017 est
1448 968 1492 1016 ei
1508 985 1566 1016 ex
1579 977 1769 1030 natura,
1793 966 1842 1015 id
1858 977 1929 1015 est
1942 983 1998 1015 ex
2019 967 2333 1015 instructione

175 1046 291 1112 legis
312 1048 544 1098 naturalis
566 1047 669 1107 illa,
697 1065 804 1114 quae
826 1047 928 1097 duo
952 1047 1182 1109 dicimus,
1214 1050 1512 1098 continentis
1542 1058 1779 1115 praecepta
1805 1048 2014 1096 caritatis
2036 1066 2046 1094 :
2075 1047 2221 1106 Quod
2247 1049 2331 1097 tibi

175 1144 274 1176 non
297 1130 387 1191 vis,
412 1139 528 1192 etc„
556 1150 578 1173 ιι
604 1128 843 1194 judicabit
870 1139 936 1189 te,
967 1150 990 1174 ι»
1019 1129 1070 1178 id
1098 1140 1186 1192 est,
1213 1147 1352 1178 reum
1376 1130 1627 1179 manifeste
1650 1130 1926 1189 convincet,
1953 1129 2037 1195 qui
2061 1128 2164 1193 lege
2189 1130 2330 1178 etiam

172 1210 347 1275 scripta
370 1211 651 1270 instructus,
686 1209 748 1260 de
773 1227 867 1275 qua
902 1210 1137 1275 gloriaris,
1164 1210 1289 1260 bene
1315 1229 1455 1277 agere
1476 1211 1694 1276 negligis.
1722 1213 1786 1258 Te
1819 1210 1947 1272 dico,
1987 1209 2166 1271 Judaee,
2196 1230 2217 1256 «
2247 1213 2330 1276 qui

171 1291 507 1356 praevaricator
530 1309 581 1341 es
601 1292 735 1357 legis,
762 1311 785 1337 »
806 1291 863 1340 id
885 1302 956 1340 est
987 1301 1311 1358 transgressor
1334 1310 1421 1359 per
1441 1293 1651 1341 litteram
1677 1291 2000 1351 occidentem,
2031 1290 2082 1338 id
2110 1301 2181 1338 est
2204 1292 2329 1339 litte-

170 1371 318 1420 ralem
339 1389 559 1435 sensum,
583 1372 776 1423 carnale
797 1373 991 1437 signum
1016 1373 1067 1421 in
1093 1373 1273 1438 quibus
1297 1374 1523 1431 confidis,
1559 1371 1948 1438 significantibus
1971 1372 2197 1431 maxime,
2227 1390 2326 1420 non

168 1452 444 1518 significatis
466 1453 717 1505 adhaerens
736 1491 748 1515 ,
771 1454 823 1502 id
843 1464 915 1503 est
939 1453 1102 1518 figuris
1119 1455 1281 1520 potius
1304 1471 1451 1520 quam
1475 1454 1618 1505 rebus
1654 1455 1786 1522 ipsis,
1830 1463 1876 1502 et
1913 1453 2216 1501 similitudini
2238 1472 2325 1520 po-

168 1533 260 1581 tius
282 1551 431 1599 quam
454 1535 658 1584 veritati.

238 1634 259 1658 α
280 1618 386 1662 Non
411 1616 541 1664 enim
564 1616 665 1681 qui,
694 1636 716 1660 »
753 1619 879 1665 Bene
912 1615 1025 1664 dico
1048 1616 1336 1682 praeputium
1360 1633 1447 1681 per
1478 1616 1728 1664 bonorum
1751 1632 1956 1681 operum
1977 1613 2323 1662 exhibitionem

167 1696 378 1759 reputari
394 1697 442 1743 in
466 1697 905 1758 circumcisionem,
927 1706 975 1744 et
994 1695 1120 1744 bene
1143 1696 1255 1745 dico
1278 1697 1698 1745 circumcisionem
1715 1713 1802 1762 per
1816 1695 1941 1743 mala
1961 1711 2110 1760 opera
2122 1696 2325 1744 transire

165 1774 215 1822 in
239 1777 545 1843 praeputium.
589 1779 709 1826 Nam
742 1777 809 1824 illi
839 1777 1096 1827 carnaliter
1118 1777 1391 1827 circumcisi
1414 1778 1502 1826 etsi
1532 1778 1582 1826 in
1618 1777 1870 1825 manifesto
1903 1775 2127 1824 dicantur
2151 1775 2319 1837 Judaei,

166 1872 265 1903 non
300 1866 462 1907 tamen
499 1874 630 1918 vere,
666 1858 716 1906 id
740 1867 813 1907 est
837 1856 985 1906 corde
1016 1867 1131 1906 sunt
1162 1857 1331 1920 Judaei,
1366 1858 1453 1906 sed
1483 1859 1646 1925 potius
1683 1858 1752 1906 illi
1786 1856 2051 1924 supradicti
2089 1857 2318 1917 Gentiles,

164 1954 443 2003 quanquam
465 1938 603 1988 nullo
628 1938 780 1989 modo
815 1948 1158 2005 reputarentur
1194 1939 1349 1988 Judaei
1385 1940 1462 1989 vel
1490 1940 1778 1990 circumcisi.
1812 1938 2051 1988 Manifesti
2075 1937 2226 1987 Judaei
2249 1938 2320 1987 di-

163 2027 355 2079 cuntur,
383 2020 468 2083 qui
493 2020 599 2069 solo
623 2020 823 2069 nomine
857 2029 904 2067 et
936 2020 1134 2068 natione
1164 2020 1298 2068 Judae
1327 2020 1479 2068 Judaei
1509 2030 1872 2087 nuncupantur,
1903 2019 2019 2067 foris
2054 2019 2317 2067 Dominum

161 2115 282 2147 voce
304 2099 606 2162 confitentes,
632 2111 679 2150 et
706 2111 867 2152 mente
889 2100 951 2149 ab
973 2117 1033 2149 eo
1060 2090 1358 2150 recedentes.
1385 2105 1457 2150 De
1479 2101 1658 2167 quibus
1683 2102 1885 2149 dicitur¹
1907 2119 1917 2146 ε
1951 2120 1973 2146 «
2005 2100 2214 2166 Populus
2237 2100 2315 2148 hic

161 2178 298 2228 labiis
319 2198 397 2229 me
419 2180 650 2241 honorat,
678 2199 764 2230 cor
788 2191 952 2232 autem
975 2198 1148 2231 eorum
1172 2181 1318 2246 longe
1339 2192 1410 2231 est
1431 2199 1460 2231 a
1483 2199 1576 2231 me.
1611 2204 1633 2227 >2
1668 2202 1691 2226 α
1714 2182 1809 2230 Sed
1833 2181 1918 2247 qui
1945 2181 1992 2228 in
2026 2180 2314 2229 abscondito

159 2259 348 2308 Judaeus
371 2272 458 2309 est.
483 2281 506 2307 »
526 2261 825 2310 Confitentes
846 2265 1003 2310 Deum
1019 2263 1067 2309 in
1094 2262 1243 2311 corde
1267 2262 1350 2310 ubi
1374 2266 1506 2311 Deus
1529 2263 1678 2324 videt,
1696 2273 1744 2311 et
1766 2263 1850 2328 qui
1867 2265 1972 2310 Deo
1996 2264 2176 2310 servire
2198 2273 2316 2310 sata·

158 2351 296 2410 gunt,
321 2358 422 2391 non
442 2342 505 2391 ad
521 2342 779 2395 hominum
800 2353 1067 2409 aspectum.
1100 2346 1307 2408 «Neque
1335 2361 1443 2410 quae
1472 2345 1522 2392 in
1561 2344 1817 2393 manifesto
1846 2352 1918 2391 est
1943 2343 2266 2402 circumcisio,
2288 2365 2310 2387 »

157 2421 208 2468 id
224 2431 296 2470 est
319 2439 427 2487 quae
453 2424 728 2474 manufacta
750 2433 838 2483 est,
870 2443 893 2470 «
911 2424 960 2472 in
987 2441 1151 2486 carne,
1170 2444 1194 2470 η
1213 2424 1263 2472 id
1280 2435 1350 2473 est
1367 2426 1416 2473 in
1439 2426 1597 2474 carnis
1614 2425 1875 2486 ablatione,
1903 2440 2003 2472 non
2024 2434 2095 2471 est
2111 2425 2314 2472 circum-

158 2502 291 2562 cisio,
317 2502 367 2552 id
392 2514 465 2552 est
488 2521 588 2553 non
612 2521 724 2555 vera
748 2505 980 2555 vitiorum
1002 2505 1250 2555 damnatio
1281 2516 1330 2555 et
1351 2506 1758 2573 concupiscentiae
1785 2505 2065 2564 destructio,
2089 2505 2172 2552 sed
2200 2521 2311 2553 vera

156 2581 459 2633 circumcisio
482 2595 554 2633 est
575 2586 656 2637 illa
677 2603 784 2652 quae
812 2597 884 2634 est
906 2586 1084 2647 cordis,
1108 2586 1159 2634 id
1181 2596 1252 2634 est
1274 2603 1361 2652 per
1389 2580 1537 2652 qu'am
1571 2587 1633 2637 ab
1666 2588 1831 2635 animo
1866 2586 1982 2634 vitia
2007 2595 2055 2633 et
2077 2587 2310 2652 concupi-

155 2663 344 2712 scentiae
366 2676 696 2731 amputantur.
717 2667 1050 2729 Circumcisio,
1073 2667 1204 2729 dioc,
1224 2668 1274 2715 in
1294 2669 1485 2734 spiritu,
1508 2685 1609 2716 non
1635 2669 1812 2725 littera,
1833 2667 1990 2724 idest,
2012 2666 2149 2734 juxta
2171 2666 2308 2731 spiri·

155 2743 333 2793 tualem
354 2755 402 2793 et
421 2747 694 2811 mysticum,
714 2764 817 2798 non
833 2747 1088 2797 litteralem
1104 2764 1299 2796 sensum
1319 2748 1458 2796 facta.
1487 2769 1510 2792 α
1530 2749 1693 2820 Cujus,
1716 2769 1737 2792 n
1759 2748 1938 2796 scilicet
1958 2746 2109 2794 Judaei
2125 2746 2200 2794 vel
2221 2748 2309 2794 cir-

153 2825 463 2876 cumcisionis
480 2828 755 2893 spiritualis,
776 2828 921 2879 «laus
937 2839 1007 2876 est
1025 2845 1081 2877 ex
1098 2831 1202 2875 Deo
1217 2849 1240 2873 »
1257 2829 1372 2893 quia
1391 2832 1522 2876 Deus
1544 2846 1652 2879 eam
1674 2828 1931 2895 approbat,
1947 2844 2047 2877 non
2061 2827 2302 2885 homines,

152 2904 200 2953 id
222 2915 294 2954 est
308 2906 544 2968 carnales,
570 2909 653 2972 qui
678 2907 902 2961 videlicet
933 2909 1089 2973 legem
1124 2909 1380 2958 carnaliter
1413 2919 1618 2971 tantum,
1657 2927 1757 2958 non
1797 2909 2106 2976 spiritualiter
2135 2909 2307 2958 intelli—

153 2996 289 3049 gunt,
310 2997 357 3036 et
380 3004 530 3054 opera
552 2990 703 3053 magis
719 3006 869 3055 quam
893 2990 1112 3041 animum
1135 3001 1358 3055 pensant,
1386 2991 1604 3040 videntes
1617 2991 1666 3039 in
1690 2991 1827 3053 facie,
1852 3008 1951 3039 non
1970 2992 2019 3038 in
2038 2990 2201 3038 corde.

219 3087 244 3113 «
268 3069 397 3127 Quid
421 3086 536 3134 ergo
560 3071 786 3137 amplius,
810 3081 902 3118 etc.
933 3091 955 3114 »
983 3072 1358 3138 oppositionem
1381 3088 1530 3137 quam
1556 3082 1752 3138 possent
1774 3072 1930 3120 Judaei
1957 3072 2112 3121 facere
2135 3081 2302 3120 contra

150 3149 425 3211 praedictam
452 3153 691 3203 rationem
715 3152 881 3218 objicit
903 3153 993 3203 sibi
1017 3155 1291 3220 Apostolus,
1318 3164 1374 3201 ut
1392 3172 1497 3204 eam
1521 3154 1693 3203 solvat.
1721 3155 1943 3203 Dicerent
1970 3155 2099 3203 enim
2121 3154 2268 3202 Judaei
2290 3173 2298 3198 ς

197 3333 346 3376 mmm..
366 3346 437 3377 cap.
456 3348 507 3377 xv,
534 3348 561 3370 v.
582 3341 614 3372 8.
