2638 3866
795 205 1054 253 EPITOME
1085 207 1449 255 THEOLOGlAE
1494 207 1884 257 CHRISTIANAE.
2320 211 2414 257 573

265 308 457 369 quamvis
479 306 657 351 diversae
686 321 695 349 :
722 306 821 365 quia
850 305 974 361 licet,
999 308 1073 366 qui
1095 308 1329 368 scripserit,
1355 324 1443 351 uno
1465 307 1600 351 modo
1623 319 1791 352 tantum
1817 307 2098 363 intellexerit,
2120 319 2265 352 tamen
2288 320 2331 353 et
2355 321 2416 352 tot

266 387 308 418 et
330 385 419 417 tam
437 373 615 417 diversis
637 371 779 415 modis
799 387 924 431 posse
945 373 1252 417 convenienter
1272 373 1433 433 exponi
1455 373 1634 433 Spiritus
1656 385 1826 418 sanctus
1844 374 2062 434 cognovit.

324 440 410 484 Sed
433 439 549 484 dicat
572 438 833 499 Augustinus
854 437 1120 482 voluntatem
1146 455 1281 493 suam,
1305 455 1385 483 nos
1407 455 1511 483 vero
1538 439 1734 492 dicimus,
1762 441 1879 499 quia,
1916 441 2023 484 sicut
2044 456 2192 484 veram
2213 441 2416 484 humani-

266 517 399 551 tatem
427 506 637 559 assumsit,
659 505 720 547 ita
746 504 948 546 humanae
971 503 1228 548 infirmitatis
1255 521 1379 549 veros
1406 505 1596 549 defectus
1622 506 1852 549 habuerit:
1885 506 2004 565 quod
2031 516 2075 550 et
2100 507 2236 549 sancti
2265 508 2419 549 unani-

266 573 393 616 miter
413 582 622 615 asserunt.
647 572 734 614 Leo
755 585 869 629 papa
887 586 897 613 :
915 571 1139 621 Dominus,
1164 571 1318 629 inquit,
1345 571 1464 613 Jesus
1476 571 1665 615 Christus
1687 572 1830 614 omnia
1855 582 2000 614 nostra
2022 582 2178 631 proeter
2194 583 2418 631 peccatum

268 638 478 681 assumsit.
504 636 629 680 Idem
644 650 815 695 quoque
838 635 1101 695 Augustinus
1122 636 1426 679 :Voluntatem
1443 648 1633 679 nostram
1657 637 1852 680 assumsit
1871 648 1914 680 et
1936 637 2149 679 tristitiam
2175 653 2184 680 :
2205 638 2418 681 tristitiam

266 702 532 747 confidenter
548 702 663 756 dico,
682 702 782 761 quia
799 716 972 744 crucem
988 701 1196 761 praedico.
1214 701 1425 745 Habuerit
1440 701 1568 761 igitur
1580 717 1727 745 veram
1739 702 1952 745 tristitiam
1970 713 2013 746 et
2027 718 2152 746 veros
2169 702 2355 754 dolores,
2377 716 2418 746 et

267 785 356 813 non
376 768 679 813 simulatorios.
697 768 762 811 De
779 767 865 811 hoc
884 767 1016 820 enim,
1043 766 1162 827 quod
1175 766 1360 810 Hilarius
1379 766 1498 822 dicit,
1524 783 1625 811 eum
1642 784 1730 810 non
1750 768 1872 811 aliter
1889 768 2065 811 sensisse
2079 767 2219 811 clavos
2238 769 2419 827 pedibus

266 846 309 879 et
329 834 530 879 manibus
551 834 722 888 infixos,
746 849 878 893 quam
899 833 934 876 si
956 849 1064 876 cerae
1078 832 1371 893 infigerentur,
1401 849 1559 877 errasse
1583 835 1789 894 arguitur.
1806 834 1898 877 Nisi
1920 834 2036 877 enim
2059 844 2168 877 esset
2190 833 2248 876 ibi
2261 836 2417 893 passio,

268 917 356 944 non
376 912 486 945 esset
508 901 572 944 ibi
593 899 755 960 aliquid
777 911 928 943 contra
949 899 1234 942 voluntatem.
1259 899 1387 942 Unde
1410 899 1455 941 in
1482 899 1625 943 futura
1644 901 1731 942 vita
1749 933 1760 952 ,
1784 899 1860 942 ubi
1887 899 2004 942 nulla
2027 900 2108 942 erit
2128 900 2284 959 passio,
2316 901 2419 942 nihil

267 978 415 1011 contra
425 966 694 1010 voluntatem
707 964 796 1010 fiet.
808 965 1020 1009 Voluntas
1039 966 1156 1008 enim
1171 981 1392 1024 nunquam
1413 977 1476 1010 est
1488 967 1569 1009 nisi
1583 982 1682 1010 cum
1699 966 1986 1010 delectatione
2002 983 2014 1020 3
2038 966 2196 1025 quippe
2212 965 2331 1024 quod
2346 966 2422 1009 de·

266 1031 395 1076 lectat
404 1032 513 1077 illud
519 1032 732 1087 volumus,
741 1031 860 1091 quod
872 1047 974 1075 vero
986 1030 1184 1074 molestat
1194 1031 1426 1075 abhorrere
1437 1031 1638 1076 solemus.
1651 1033 1812 1075 Contra
1822 1031 2088 1075 voluntatem
2100 1032 2242 1089 itaque
2252 1031 2421 1074 dolores

266 1097 362 1142 illos
369 1109 495 1159 atque
509 1098 725 1143 molestias
734 1098 978 1158 patiebatur
991 1111 1002 1151 3
1016 1112 1156 1156 neque
1173 1097 1290 1140 enim
1314 1097 1490 1157 aliquod
1504 1098 1705 1141 meritum
1716 1098 1777 1140 ibi
1798 1097 2045 1140 haberetur.
2057 1097 2211 1140 Passus
2223 1107 2285 1139 est
2300 1112 2418 1157 ergo,

268 1179 358 1206 non
371 1164 491 1223 quod
506 1165 636 1209 vellet
642 1165 735 1225 pati
748 1163 886 1224 [quod
897 1163 931 1222 P]
942 1164 987 1206 in
1000 1173 1140 1207 morte
1150 1163 1429 1217 formidabat,
1445 1163 1521 1207 sed
1535 1164 1634 1222 quia
1645 1164 1816 1208 Patrem
1833 1163 2053 1223 diligebat,
2075 1178 2204 1222 quem
2219 1164 2303 1206 hoc
2313 1163 2421 1206 velle

268 1228 445 1284 sciebat,
465 1240 510 1273 et
531 1230 630 1289 quia
650 1245 728 1289 per
749 1239 935 1272 mortem
950 1243 1072 1271 suam
1091 1224 1275 1272 salutem
1289 1229 1476 1287 proximi
1495 1228 1587 1272 fieri
1609 1229 1825 1289 cupiebat.
1851 1229 1891 1272 N
1894 1245 1942 1271 ec
1960 1229 2165 1287 sequitur,
2191 1228 2226 1271 si
2247 1239 2422 1288 propter

266 1295 352 1337 hoc
381 1296 472 1355 pati
492 1295 651 1350 voluit,
683 1311 787 1356 ergo
814 1294 906 1354 pati
933 1293 1086 1337 voluit.
1112 1293 1230 1336 Sicut
1255 1293 1310 1337 de
1333 1294 1477 1353 aliquo
1499 1294 1671 1338 infirmo
1694 1294 1831 1338 videri
1853 1305 2016 1355 potest,
2041 1294 2115 1353 qui
2135 1293 2254 1336 nullo
2289 1294 2423 1336 modo

267 1361 408 1404 sanari
441 1372 609 1421 potest,
645 1361 727 1404 nisi
754 1360 969 1404 incidatur
995 1359 1065 1403 vel
1094 1371 1319 1419 coquatur.
1342 1360 1447 1403 Vult
1475 1376 1578 1420 ergo
1612 1361 1744 1404 incidi
1768 1371 1814 1403 ut
1837 1371 2025 1414 sanetur,
2049 1375 2130 1403 nec
2160 1370 2305 1402 tamen
2331 1360 2423 1402 vult

268 1425 416 1480 incidi,
435 1427 570 1471 immo
591 1427 846 1470 incisionem
867 1426 1141 1470 reformidat.
1161 1425 1213 1468 Id
1234 1426 1375 1486 ipsum
1397 1425 1452 1470 de
1477 1426 1620 1485 aliquo
1638 1427 1902 1469 incarcerato
1921 1425 2004 1469 dici
2026 1436 2184 1484 potest,
2209 1425 2283 1484 qui
2301 1423 2423 1468 aliter

269 1508 484 1537 carcerem
514 1492 696 1537 evadere
720 1493 893 1553 nequit,
918 1493 999 1536 nisi
1027 1491 1161 1535 filium
1187 1508 1314 1536 suum
1339 1493 1430 1552 ipse
1461 1492 1507 1534 in
1535 1507 1751 1535 carcerem
1778 1502 1928 1552 ponat.
1961 1490 2067 1534 Ideo
2097 1490 2188 1533 vult
2216 1489 2351 1532 filium
2378 1491 2422 1532 in

270 1574 486 1603 carcerem
507 1574 688 1619 ponere,
717 1570 766 1602 ut
791 1559 881 1619 ipse
904 1557 1062 1602 evadat
1086 1574 1096 1602 z
1123 1574 1212 1601 non
1235 1569 1381 1601 tamen
1402 1557 1516 1613 vult,
1541 1557 1674 1601 filium
1696 1558 1971 1609 incarcerari,
1996 1556 2140 1617 potius
2162 1555 2263 1598 inde
2286 1554 2420 1598 dolet.

270 1624 357 1667 Ubi
380 1641 484 1669 vero
509 1636 573 1669 est
595 1624 721 1669 dolor
736 1625 805 1669 vel
823 1625 979 1684 passio,
1004 1624 1067 1667 ibi
1083 1640 1174 1667 non
1195 1635 1274 1679 est,
1293 1634 1343 1667 ut
1363 1623 1565 1678 diximus,
1583 1623 1797 1667 voluntas.
1817 1623 1970 1681 Neque
1987 1637 2178 1681 unquam
2195 1622 2240 1663 in
2256 1621 2425 1663 Christo

270 1689 393 1734 aliter
419 1690 500 1734 fuit
528 1690 584 1735 de
613 1692 699 1735 hoc
721 1706 851 1750 quam
878 1690 924 1733 in
953 1690 1237 1750 martyribus,
1268 1690 1343 1749 qui
1370 1689 1547 1748 quidem
1577 1689 1664 1748 pati
1690 1687 1919 1741 nolebant,
1953 1687 2069 1731 unde
2102 1696 2394 1746 persecutores
2410 1719 2422 1738 ,

270 1766 480 1814 quantum
509 1767 733 1817 poterant,
766 1756 1012 1816 fugiebant3
1047 1755 1254 1799 volebant
1281 1766 1429 1798 tamen
1458 1756 1549 1814 pati
1578 1764 1755 1814 propter
1792 1753 2069 1796 dilectionem
2102 1752 2273 1795 Christi.
2303 1751 2426 1795 Velle

272 1833 415 1865 autem
428 1822 611 1882 lapidari
632 1822 700 1866 vel
722 1822 936 1875 comburi,
961 1821 997 1864 si
1014 1821 1099 1864 hoc
1114 1819 1207 1864 fieri
1224 1831 1383 1881 posset,
1405 1819 1564 1863 nullius
1579 1820 1724 1862 meriti
1745 1830 1870 1862 esset.
1890 1820 2072 1879 Propter
2090 1818 2303 1860 Christum
2320 1819 2424 1877 pati,

269 1898 447 1947 propter
470 1887 748 1931 dilectionem
769 1888 850 1931 Dei
878 1887 988 1931 velle
1010 1887 1215 1941 truncari,
1241 1886 1444 1930 meritum
1466 1886 1615 1929 habet.
1641 1885 1729 1928 Ubi
1752 1885 1941 1928 Christus
1968 1885 2013 1927 in
2036 1884 2319 1927 fundamento
2347 1900 2426 1943 po-

271 1953 403 2008 nitur,
428 1954 505 1996 ubi
537 1954 654 1997 Deus
676 1968 874 2013 suprema
896 1964 940 1996 et
958 1954 1097 2010 major
1124 1967 1253 1995 causa
1274 1952 1562 2006 constituitur,
1588 1951 1649 1994 ibi
1672 1952 1875 1994 meritum
1899 1950 2108 1994 duntaxat
2130 1949 2331 1993 habetur.
2355 1950 2428 1991 Di-

269 2018 405 2062 cimus
427 2020 566 2074 enim,
600 2018 719 2078 quod
740 2019 995 2078 martyrium
1022 2017 1301 2061 dilectionem
1322 2018 1409 2061 sive
1434 2018 1598 2060 bonam
1624 2017 1892 2059 voluntatem
1923 2032 2013 2059 non
2045 2015 2204 2069 donat,
2229 2014 2306 2057 sed
2330 2029 2425 2057 eam

270 2084 465 2128 habitam
481 2095 525 2128 et
540 2085 731 2128 ostendit
745 2096 789 2128 et
811 2094 1063 2145 augmentat
1080 2083 1358 2142 quaudoque.
1377 2082 1510 2138 Quod
1527 2093 1673 2124 autem
1694 2083 1945 2141 martyrium
1967 2097 2046 2140 per
2060 2096 2104 2124 se
2127 2080 2254 2123 alicui
2267 2079 2423 2122 volun-

272 2151 429 2194 tarium
452 2167 543 2194 non
564 2151 633 2205 sit,
659 2149 762 2194 inde
782 2161 902 2210 patet
921 2150 1022 2210 quia
1038 2149 1281 2206 jucundum
1297 2165 1388 2192 non
1410 2159 1490 2191 est.
1517 2148 1649 2202 Quod
1671 2164 1762 2191 non
1784 2148 1838 2190 sit
1855 2146 2115 2204 jucundum,
2135 2146 2425 2204 Hieronymus

274 2216 463 2260 ostendit
480 2232 608 2276 super
628 2217 739 2259 Ecce
761 2232 892 2276 quam
913 2215 1081 2258 bonum
1103 2224 1147 2258 et
1169 2230 1298 2274 quam
1315 2213 1572 2271 jucundum,
1596 2213 1674 2256 ubi
1699 2213 1804 2256 dicit
1829 2228 1839 2256 z
1865 2213 1941 2255 Est
1961 2212 2077 2255 enim
2098 2211 2282 2265 bonum,
2306 2211 2425 2270 quod

273 2297 364 2325 non
386 2293 450 2326 est
476 2281 743 2340 jucundum,
774 2292 823 2323 ut
847 2281 1118 2341 martyrium.
1142 2281 1240 2323 Hoc
1261 2295 1434 2339 quoque
1463 2279 1673 2322 Dominus
1703 2279 1833 2322 Petro
1858 2277 2083 2322 manifeste
2115 2278 2302 2337 aperuit,
2327 2291 2426 2319 cum

274 2347 383 2390 dixit
408 2363 418 2391 ε
444 2348 499 2391 Et
521 2347 650 2392 ducet
666 2358 727 2403 te,
751 2363 839 2407 quo
860 2358 909 2390 tu
930 2362 1020 2390 non
1041 2347 1121 2390 vis.
1139 2347 1185 2390 Si
1207 2356 1454 2406 opponatur
1480 2361 1490 2389 :
1515 2344 1696 2388 Oblatus
1721 2355 1800 2394 est,
1823 2343 1923 2403 quia
1943 2344 2034 2403 ipse
2053 2342 2206 2396 voluit,
2228 2341 2423 2391 dicimus,

273 2414 374 2473 quia
394 2414 548 2467 voluit,
572 2414 619 2458 id
640 2425 718 2468 est,
746 2413 1028 2458 necessariam
1049 2423 1236 2456 mortem
1252 2411 1508 2471 approbavit
1528 2410 1597 2454 vel
1611 2410 1834 2468 judicavit.
1860 2410 1929 2452 Sic
1951 2420 1995 2452 et
2011 2408 2242 2469 Apostolus
2268 2423 2278 2450 ε
2298 2407 2427 2461 Quod

274 2480 391 2523 enim
405 2480 507 2524 volo
530 2481 616 2524 hoc
638 2496 729 2523 non
751 2495 850 2541 ago,
878 2478 955 2523 sed
977 2478 1098 2538 quod
1117 2477 1222 2522 nolo
1242 2477 1351 2520 illud
1372 2477 1500 2522 facio.
1526 2476 1658 2532 Quod
1678 2475 1796 2531 volo,
1822 2476 1896 2530 ait,
1922 2474 1968 2518 id
1990 2486 2068 2529 est,
2090 2473 2207 2533 quod
2232 2473 2426 2533 approbo

273 2543 521 2590 faciendum
549 2562 559 2590 :
584 2545 704 2606 quod
726 2545 848 2601 nolo,
873 2544 920 2589 id
943 2555 1022 2601 est,
1047 2560 1137 2588 non
1160 2543 1374 2604 approbo.

1110 2759 1354 2819 CAPUT
1397 2758 1599 2819 XXVI.

1147 2906 1207 2943 De
1234 2903 1438 2942 voluntate
1469 2902 1558 2942 Dei.

337 3031 450 3087 Quia
483 3029 537 3075 de
571 3031 793 3075 voluntate
827 3030 909 3073 Dei
940 3029 1209 3073 mentionem
1237 3028 1432 3082 fecimus,
1469 3029 1583 3072 circa
1608 3042 1707 3070 eam
1734 3024 2081 3086 pertractandam
2121 3023 2432 3083 aliquantulum

276 3098 533 3140 insistamus.
551 3096 766 3139 Voluntas
788 3095 916 3157 igitur
938 3095 1019 3139 Dei
1036 3095 1207 3138 duobus
1227 3094 1371 3138 modis
1386 3093 1558 3138 dicitur.
1583 3094 1694 3135 Cum
1715 3091 1813 3135 dico
1837 3091 1953 3134 enim
1980 3106 1990 3134 ε
2016 3091 2133 3133 Deus
2147 3089 2238 3133 vult
2260 3090 2346 3132 hoc
2361 3089 2429 3131 vel

278 3162 401 3217 illud,
425 3162 597 3205 duobus
619 3161 761 3205 modis
777 3162 940 3222 exponi
961 3171 1102 3220 potest
1122 3175 1132 3203 :
1154 3159 1260 3203 Vult
1279 3160 1381 3214 hoc,
1406 3159 1452 3202 id
1475 3169 1555 3211 est,
1581 3157 1769 3218 disponit
1789 3173 1800 3200 :
1826 3157 1894 3200 vel
1914 3156 2006 3199 vult
2026 3156 2127 3210 hoc,
2151 3155 2199 3198 id
2221 3166 2298 3207 est,
2325 3169 2429 3196 con-

278 3227 391 3271 sulit.
418 3229 495 3271 His
511 3227 681 3271 duobus
703 3227 846 3271 modis
866 3237 1037 3270 tantum
1057 3227 1103 3269 in
1124 3225 1271 3269 divina
1294 3226 1503 3285 scriptura
1525 3224 1723 3268 voluntas
1747 3223 1826 3266 Dei
1850 3223 1985 3282 accipi
2007 3222 2236 3271 invenitur,
2261 3230 2310 3262 ut
2330 3218 2387 3260 ibi
2416 3233 2425 3258 ε

278 3292 434 3335 Omnia
457 3309 724 3353 quaecunque
746 3293 883 3336 voluit
899 3292 1015 3347 fecit,
1041 3291 1088 3335 id
1110 3302 1190 3347 est,
1217 3291 1440 3351 disposuit.
1467 3291 1523 3333 Et
1539 3289 1641 3333 alibi
1668 3305 1678 3333 :
1698 3288 1922 3333 Voluntati
1946 3289 2036 3345 ejus
2055 3287 2149 3346 quis
2171 3283 2363 3329 resistet?
2385 3282 2428 3324 id
