2638 3866
1173 244 1481 294 DlALOGUS.
2309 244 2403 291 663

253 361 309 393 ex
336 342 474 392 vobis
510 360 657 392 omne
694 343 1015 392 masculinum
1046 346 1095 393 in
1136 346 1527 410 generationibus
1562 347 1755 408 vestris,
1795 356 1894 395 tam
1933 344 2219 394 vernaculus
2255 362 2400 411 quam

252 424 495 491 emptitius
522 434 570 472 et
594 424 872 490 quicunque
899 442 1000 473 non
1032 425 1172 474 fuerit
1197 427 1258 475 de
1289 428 1434 493 stirpe
1458 437 1643 488 vestra3
1675 447 1698 472 ι)
1722 427 1942 493 profecto
1967 425 2079 493 [per
2110 425 2241 492 hoc]
2265 427 2398 492 quod

252 506 318 553 ait
337 525 360 551 «
378 522 435 554 ex
458 505 599 553 vobis
616 525 639 551 »ι
658 521 757 553 non
774 515 964 553 tantum
989 505 1226 554 Abraham
1249 517 1296 555 et
1318 518 1541 573 posteros
1561 508 1663 572 ejus
1686 507 2073 574 comprehendit,
2096 507 2179 556 sed
2203 508 2400 574 insuper

253 602 337 634 eos
367 586 647 651 quicunque
677 585 739 634 ad
764 585 992 635 familiam
1027 596 1074 634 et
1107 588 1460 653 possessionem
1491 606 1662 637 eorum
1692 589 1956 655 pertinent,
1995 598 2049 636 ut
2084 589 2151 636 eis
2179 588 2403 637 videlicet

254 667 490 732 imperare
525 675 722 733 possent
757 675 805 714 et
833 666 896 714 ad
931 666 1348 716 circumcisionem
1383 685 1570 734 cogere.
1607 670 1746 717 Unde
1778 670 1922 717 etiam
1958 680 2216 735 postquam
2251 669 2400 717 dixit:

256 766 279 791 «
301 757 348 795 et
370 746 527 807 vobis,
548 766 572 792 »
591 756 639 795 et
661 756 830 813 postea
851 745 1067 795 subdidit
1086 765 1097 794 z
1129 748 1213 795 «in
1236 750 1626 813 generationibus
1644 751 1811 799 vestris
1829 760 1929 798 tam
1952 751 2237 799 vernaculus
2255 767 2403 815 quam

252 827 514 893 emptitius,
534 849 557 871 π)
582 837 630 875 et
649 826 826 876 deinde
852 826 1024 893 adjecit
1052 847 1063 876 ε
1090 848 1113 874 «
1134 838 1181 877 et
1203 830 1478 897 quicunque
1503 848 1603 879 non
1628 830 1769 878 fuerit
1790 831 1851 879 de
1875 831 2022 896 stirpe
2039 840 2212 892 vestra,
2231 852 2254 875 >2
2287 831 2406 897 [per

253 907 346 956 hoc
376 907 511 973 quod
534 908 655 956 dixit
683 909 779 956 «in
806 909 1197 972 generationibus
1220 911 1389 959 vestris
1419 921 1466 959 et
1495 913 1773 977 quicunque
1804 928 1904 958 non
1941 911 2030 959 erit
2060 911 2120 959 de
2155 912 2301 977 stirpe
2324 927 2405 958 ve·

252 987 364 1055 stra]
381 1006 392 1035 :
418 988 711 1053 ”diligenter
727 990 976 1055 expressit,
994 990 1128 1056 quod
1147 991 1366 1057 superius
1382 992 1816 1059 comprehenderat
1831 1009 1942 1040 cum
1957 993 2113 1040 dixit«
2131 1009 2186 1040 ex
2198 991 2356 1052 vobis,
2379 1011 2400 1035 »

252 1085 351 1116 non
370 1069 530 1117 solum
553 1069 778 1118 videlicet
800 1087 1001 1119 suorum
1023 1072 1357 1137 generationes
1371 1074 1712 1139 posteriorum,
1736 1072 1821 1121 sed
1836 1073 1980 1121 etiam
2004 1072 2233 1121 familiam
2257 1088 2402 1138 quam

251 1149 500 1213 possident
513 1150 907 1215 alienigenarum.
932 1153 1024 1211 Qui
1050 1154 1194 1201 etiam
1216 1154 1500 1202 sententiam
1515 1154 1746 1214 dicendo,
1776 1174 1799 1216 (ς
1828 1154 2014 1219 eritque
2028 1163 2221 1219 pactum
2240 1170 2402 1201 meum

250 1230 298 1277 in
324 1246 469 1278 carne
494 1240 666 1290 vestra,
696 1251 719 1275 ›>
746 1232 814 1280 sic
835 1231 955 1280 dixit
979 1234 1261 1297 generaliter
1289 1254 1311 1278 c<
1338 1235 1386 1281 in
1412 1251 1555 1283 carne
1579 1244 1752 1296 vestra,
1773 1256 1795 1279 >2
1816 1235 1939 1283 sicut
1962 1244 2073 1282 ante
2096 1234 2279 1282 dixerat
2301 1255 2323 1277 <c
2351 1235 2399 1281 in

251 1309 407 1358 vobis.
437 1331 460 1355 >³
489 1312 706 1377 Alioquin
731 1313 938 1360 multum
961 1314 1229 1380 incongrue
1252 1325 1375 1363 esset
1398 1316 1713 1381 promissum,
1740 1316 1876 1381 quasi
1899 1332 1998 1363 non
2023 1325 2219 1380 pactum
2243 1316 2331 1362 Dei
2350 1317 2400 1362 in

251 1406 397 1439 carne
421 1392 640 1458 ipsorum
663 1410 924 1459 apparere,
950 1396 1039 1443 nisi
1063 1406 1111 1443 et
1138 1395 1336 1444 advenae
1353 1396 1480 1444 ‘sicut
1512 1407 1558 1444 et
1583 1398 1727 1444 ceteri
1756 1395 2233 1444 circumciderentur.
2263 1397 2402 1444 Unde

248 1481 295 1519 et
318 1489 405 1537 per
428 1474 522 1520 hoc
546 1473 681 1538 quod
701 1473 893 1535 dicitur,
920 1476 1011 1523 «in
1041 1493 1185 1525 carne
1207 1487 1381 1536 vestra,
1403 1478 1573 1543 »ipsos
1597 1494 1793 1543 quoque
1817 1478 2028 1526 advenas
2050 1477 2401 1543 comprehendi

248 1563 452 1601 constat.
489 1554 611 1602 Illud
628 1572 824 1620 quoque
844 1557 979 1621 quod
997 1558 1257 1606 novissime
1290 1558 1505 1606 additam
1535 1559 1821 1606 sententiam
1852 1568 2157 1606 consummat
2187 1577 2197 1605 z
2232 1577 2255 1603 «
2284 1561 2402 1606 Mas·

248 1632 385 1680 culus
420 1635 555 1699 cujus
583 1637 803 1702 praeputii
829 1654 942 1686 caro
970 1639 1252 1688 circumcisa
1282 1656 1383 1687 non
1411 1637 1575 1699 fuerit,
1611 1638 1786 1704 peribit
1818 1639 1980 1686 anima
2013 1638 2093 1687 illa
2125 1637 2186 1685 de
2218 1640 2402 1704 populo

248 1731 364 1775 suo,
408 1716 523 1781 quia
560 1727 757 1783 pactum
803 1735 968 1767 meum
1007 1720 1195 1768 irritum
1227 1720 1362 1780 fecit,
1399 1740 1423 1766 »
1465 1720 1718 1784 quomodo
1756 1720 1819 1768 ad
1857 1720 2100 1786 praemissa
2138 1719 2313 1784 quibus
2356 1732 2405 1768 et

247 1794 444 1844 advenae
472 1798 572 1861 jam
597 1809 710 1846 sunt
734 1799 1077 1866 comprehensi
1102 1801 1322 1864 refertur,
1354 1802 1446 1849 nisi
1473 1812 1520 1849 et
1542 1818 1654 1849 cum
1687 1801 1885 1849 advenis
1914 1811 2109 1866 pactum
2140 1818 2282 1849 suum
2313 1804 2370 1849 sit
2388 1842 2398 1860 ‚

248 1876 415 1924 saltem
448 1894 560 1925 cum
594 1878 769 1927 dicitur
796 1897 807 1926 ι
839 1899 861 1926 «
879 1881 1262 1930 Circumcidetur
1285 1899 1344 1930 ex
1368 1882 1531 1943 vobis,
1550 1903 1573 1926 J)
1600 1892 1692 1930 etc.
1720 1881 1867 1940 Quod
1888 1898 2004 1929 vero
2028 1892 2255 1930 aeternam
2280 1899 2402 1946 quo-

247 1972 343 2020 que
377 1959 649 2006 animarum
680 1959 1032 2010 beatitudinem
1064 1979 1120 2011 ex
1143 1963 1367 2028 legitimis
1390 1964 1558 2011 vestris
1579 1962 1718 2010 vobis
1744 1979 1845 2011 esse
1873 1964 2161 2028 promissam
2193 1974 2402 2012 astruere

246 2035 452 2097 laboras,
488 2039 728 2087 vilissimae
748 2041 1038 2105 conjecturae
1072 2059 1173 2091 esse
1205 2061 1260 2091 ex
1285 2045 1388 2109 ipsa
1420 2044 1524 2108 lege
1553 2053 1711 2110 potest
1741 2042 1947 2090 ostendi.
1975 2045 2065 2090 Per
2092 2043 2188 2091 hoc
2222 2044 2403 2109 quippe

246 2117 380 2181 quod
414 2118 591 2166 dicitur
624 2136 737 2167 cum
764 2121 944 2169 foedere
978 2124 1272 2188 sempiterno
1309 2123 1384 2171 vel
1420 2124 1469 2170 in
1500 2123 1656 2171 foedus
1688 2132 1938 2184 aeternum,
1976 2140 2059 2170 eos
2093 2124 2176 2187 qui
2199 2141 2257 2171 ex
2284 2142 2401 2189 prae-

246 2207 387 2262 cepto
421 2200 510 2246 Dei
544 2200 953 2249 circumcidentur
986 2203 1030 2250 ei
1062 2203 1111 2250 in
1142 2214 1434 2270 perpetuum
1470 2205 1536 2251 ita
1569 2203 1823 2252 foederatos
1860 2203 2105 2267 intelligis,
2145 2213 2199 2252 ut
2228 2221 2316 2252 nec
2350 2207 2398 2252 in

248 2277 413 2326 futuro
450 2280 512 2328 ab
547 2282 649 2344 ejus
686 2282 837 2346 gratia
871 2282 1224 2348 disjungantur.
1256 2285 1393 2332 Unde
1427 2295 1475 2333 et
1509 2284 1731 2332 Israelem
1763 2301 1846 2332 seu
1883 2287 2008 2332 Esau
2038 2285 2114 2333 vel
2146 2285 2399 2351 plerosque

247 2359 482 2424 reprobos
519 2361 795 2410 nullatenus
827 2362 1173 2429 ambigendum
1210 2377 1280 2414 est
1318 2383 1419 2414 esse
1454 2365 1727 2414 salvandos.
1767 2366 1916 2413 Miror
1950 2366 2092 2414 etiam
2128 2366 2261 2431 quod
2299 2383 2396 2414 non

245 2441 451 2489 attendis
481 2452 711 2491 aeternum
746 2444 845 2492 sive
877 2445 1226 2512 sempiternum
1255 2446 1530 2512 frequenter
1559 2447 1610 2494 in
1642 2446 1746 2511 lege
1777 2448 1844 2495 sic
1875 2447 2045 2512 accipi,
2078 2457 2131 2494 ut
2153 2447 2258 2495 vitae
2280 2465 2398 2513 prae-

245 2521 390 2568 sentis
422 2524 827 2588 perseverantiam
863 2541 962 2573 non
991 2526 1206 2576 excedat.
1233 2527 1372 2576 Unde
1395 2528 1537 2576 etiam
1568 2528 1674 2594 ipso
1705 2537 1848 2593 pacto
1878 2528 2254 2575 circumcisionis
2285 2544 2395 2575 cum

245 2602 563 2666 praemittitur,
594 2604 856 2671 «daboque
883 2606 970 2654 tibi
997 2617 1045 2655 et
1071 2609 1243 2656 semini
1268 2618 1355 2657 tuo
1381 2619 1558 2657 terram
1581 2609 1979 2674 peregrinationis
2005 2618 2097 2656 tuae
2126 2618 2173 2655 et
2199 2625 2395 2656 omnem

247 2690 420 2729 terram
456 2686 649 2732 Canaan
694 2686 744 2733 in
780 2688 1130 2752 possessionem
1166 2697 1391 2737 aeternam
1412 2727 1425 2751 ‚
1447 2708 1470 2734 n
1509 2707 1607 2737 non
1647 2689 1795 2736 credo
1831 2698 1875 2736 te
1909 2689 2031 2736 adeo
2071 2689 2305 2749 delirare,
2347 2700 2397 2737 ut

244 2763 516 2811 aeternitatis
546 2764 790 2813 vocabulo
826 2767 933 2815 vitae
975 2785 1172 2835 quoque
1218 2769 1386 2817 suturae
1420 2769 1770 2817 beatitudinem
1806 2769 2050 2830 includas,
2090 2769 2151 2817 de
2189 2786 2285 2834 qua
2318 2770 2397 2818 hic

244 2843 543 2908 superfluum
568 2855 639 2892 est
667 2847 930 2912 quicquam
950 2851 1225 2916 praecipere.
1255 2852 1388 2916 Saepe
1406 2851 1567 2907 etiam,
1597 2850 1719 2898 sicut
1746 2850 1892 2911 nosti,
1923 2850 1973 2898 in
1997 2851 2109 2916 ipsis
2141 2850 2258 2915 legis
2288 2868 2399 2917 ope-

244 2922 378 2971 ribus
409 2941 516 2989 quae
547 2925 596 2972 in
627 2925 718 2974 hac
747 2937 937 2976 tantum
970 2930 1065 2978 vita
1094 2921 1487 2993 celebrabantur,
1516 2931 1589 2979 lex
1620 2930 1884 2996 adjungere
1913 2930 2057 2992 solet,
2096 2930 2394 2996 «legitimum

242 3004 591 3069 sempiternum
617 3006 706 3054 erit
728 3007 871 3056 nobis
895 3009 949 3056 in>
971 3011 1155 3058 cunctis
1178 3011 1569 3076 generationibus
1591 3021 1638 3059 et
1660 3011 2043 3060 habitationibus
2063 3013 2249 3060 vestris.
2267 3033 2289 3055 ³>
2319 3013 2395 3059 Sic

242 3085 390 3144 enim,
418 3095 471 3133 ut
494 3103 550 3134 ex
573 3086 792 3153 pluribus
816 3090 998 3155 aliquid
1030 3091 1285 3140 afferamus
1314 3092 1587 3159 exemplum
1605 3130 1617 3154 ,
1642 3092 1704 3141 de
1736 3092 2025 3141 celebranda
2049 3092 2298 3142 festivitate
2329 3103 2394 3140 ta-

243 3163 618 3215 bernaculorum
654 3168 845 3233 adjecit.
889 3173 1010 3218 Cum
1049 3172 1179 3220 enim
1208 3174 1544 3238 praemisisset:
1583 3193 1606 3219 a
1628 3173 1932 3238 Sumetisque
1966 3172 2105 3221 vobis
2134 3173 2212 3221 die
2238 3174 2393 3237 primo

244 3242 423 3294 fructus
456 3247 641 3297 arboris
670 3249 1007 3316 pulcherrimae
1031 3253 1340 3319 spatulasque
1369 3256 1667 3320 palmarum,
1695 3265 1742 3302 et
1766 3271 1927 3303 ramos
1959 3254 2075 3319 ligni
2100 3254 2394 3301 diversarum

245 3323 491 3374 frondium
511 3339 558 3376 et
585 3330 750 3379 salices
770 3331 831 3380 de
854 3342 1084 3394 torrente,
1112 3346 1158 3383 et
1181 3333 1458 3384 laetabimini
1482 3336 1531 3384 in
1556 3337 1768 3384 Domino
1795 3339 1898 3384 Deo
1925 3346 2103 3394 vestro,
2132 3333 2395 3383 celebrabi-
