2638 3866
313 188 406 238 156
1112 178 1283 227 PETRI
1317 175 1633 227 ABAELARDI

308 288 448 354 lymis
479 288 680 333 Romam
712 281 974 340 venientes,
1008 279 1089 327 ubi
1114 279 1338 345 princeps
1369 277 1500 324 orbis
1533 275 1791 336 residebat,
1825 276 1903 324 cui
1939 286 2076 324 erant
2107 277 2196 343 ipsi
2220 276 2438 342 subjecti,

311 368 458 417 fidem
488 382 634 431 quam
663 362 794 429 apud
825 360 1204 425 Hierosolymam
1239 358 1508 405 didicerant
1551 357 1776 406 Romanis
1813 357 2271 421 evangelizaverunt.
2294 377 2318 403 n
2343 360 2439 406 No-

310 447 512 496 tandum
535 461 648 492 vero
671 444 801 507 quia,
817 443 855 490 si
869 442 1119 505 diligenter
1140 437 1441 487 attendamus
1454 453 1559 501 quae
1578 436 1706 484 dicta
1726 446 1861 499 sunt,
1876 436 2008 485 nulla
2031 437 2120 485 erit
2137 438 2443 504 superiorum

313 526 566 575 doctorum
585 535 631 572 et
653 523 914 589 Haymonis
937 521 1265 570 contrarietas.
1300 518 1349 565 Si
1378 518 1508 565 enim
1542 517 1724 582 integre
1744 534 1889 584 supra
1915 528 2235 567 memoratum
2259 519 2444 585 capitu-

310 607 414 655 lum
445 606 786 653 Ecclesiasticae
819 603 1041 650 Hclrtorz'ae
1073 615 1433 666 percurramus,
1465 598 1766 647 inveniemus
1795 601 1987 647 Petrum
2018 599 2231 664 primum
2258 616 2315 648 ex
2336 614 2443 646 om-

311 686 454 734 nibus
486 685 732 752 apostolis,
758 701 858 732 non
882 700 936 731 ex
966 680 1191 729 omnibus
1223 678 1519 740 doctoribus,
1548 679 1776 727 Romanis
1797 679 2093 744 praedicasse.
2122 680 2441 744 Hieronymus

312 783 506 832 quoque
530 783 643 814 cum
673 765 787 812 dicit
820 766 1062 811 Romanos
1085 776 1113 808 a
1139 762 1300 820 Petr0,
1328 775 1416 825 per
1439 758 1830 824 praedicationem
1853 759 1973 823 ejus,
2007 759 2154 808 fidem
2177 760 2438 825 accepisse,

313 847 411 895 sive
435 857 612 906 tenere,
640 845 759 892 nihil
778 844 929 904 obest,
956 858 1067 890 cum
1090 856 1177 906 per
1200 838 1460 904 discipulos
1492 839 1635 901 Petri,
1659 855 1686 887 a
1708 839 2041 905 Hierosolyma
2058 841 2320 901 venientes,
2341 855 2450 900 non,

313 943 399 992 per
419 927 578 992 ipsum
597 929 790 973 Petrum
818 923 868 970 id
887 921 989 970 fieri
1010 919 1238 986 potuerit.
1264 921 1452 983 Haymo
1470 936 1586 968 vero
1609 929 1751 984 negat
1767 937 1853 985 per
1870 921 2023 986 ipsam
2041 921 2165 968 Petri
2186 934 2444 986 personam

314 1005 367 1053 id
389 1007 565 1054 factum
588 1022 713 1064 esse;
734 1003 861 1051 unde
885 1012 932 1049 et
954 1017 1063 1049 cum
1089 1003 1256 1047 Petrus
1272 999 1334 1047 ab
1358 1016 1418 1047 eo
1442 1001 1739 1063 nominatur,
1764 999 1956 1049 additur
1982 1001 2141 1066 «ipse.
2166 1021 2189 1045 υ
2216 1004 2447 1048 Praeterea

314 1102 414 1133 non
450 1086 564 1134 dicit
594 1088 779 1150 Haymo
797 1118 810 1140 ‚
850 1081 983 1147 quod
1014 1095 1096 1127 eos
1124 1083 1291 1127 Petrus
1325 1097 1425 1127 non
1463 1081 1709 1141 instruxit,
1737 1080 1822 1129 sed
1855 1081 1989 1147 quod
2020 1098 2120 1129 non
2156 1081 2370 1147 primum
2397 1078 2448 1127 id

315 1166 492 1214 fecerit.
513 1165 658 1224 Quod
674 1181 790 1212 vero
810 1164 875 1211 ait
893 1161 1146 1228 praedictus
1164 1161 1420 1226 Gregorius
1431 1164 1624 1210 Petrum
1643 1164 1805 1209 Romae
1822 1161 2100 1228 praedicasse
2116 1161 2207 1209 sub
2224 1160 2444 1219 Claudio,

314 1262 413 1294 non
436 1246 621 1294 addidit
643 1246 854 1311 primum
874 1259 985 1290 eum
1010 1241 1316 1308 praedicasse,
1349 1241 1435 1290 sed
1458 1241 1620 1290 multis
1650 1242 1992 1291 miraculorum
2018 1243 2270 1290 virtutibus
2293 1241 2450 1289 mani-

314 1326 428 1374 feste
450 1326 692 1373 Christum
712 1341 813 1372 esse
835 1323 924 1370 Dei
948 1322 1119 1369 Filium
1143 1322 1503 1388 comprobasse.
1526 1323 1672 1382 Quod
1691 1333 1850 1372 autem
1875 1334 1990 1371 tunc
2011 1322 2216 1384 addidit,
2248 1339 2305 1371 ex
2335 1332 2451 1370 tunc

314 1405 607 1454 Christianos
634 1422 734 1453 esse
763 1407 923 1451 Romae
944 1403 1168 1469 coepisse,
1192 1413 1349 1468 potest
1366 1404 1582 1470 intelligi,
1605 1421 1689 1453 eos
1709 1414 1826 1452 tunc
1846 1422 1931 1470 per
1951 1407 2147 1452 Petrum
2171 1402 2451 1452 manifestos

314 1487 470 1548 fuisse,
497 1488 580 1552 qui
599 1487 730 1552 prius
753 1484 929 1533 occulti
963 1500 1063 1532 esse
1093 1494 1378 1550 potuerunt.
1403 1488 1514 1534 Haec
1544 1494 1705 1534 autem
1734 1486 1964 1551 Epistola,
1997 1485 2214 1552 quamvis
2238 1485 2451 1550 primum

314 1567 488 1633 scripta
520 1567 661 1615 fuisse
688 1583 789 1614 non
825 1564 1066 1626 credatur,
1109 1565 1267 1630 prima
1301 1575 1464 1614 tamen
1493 1583 1522 1615 a
1553 1567 1729 1615 sanctis
1751 1566 1971 1614 Patribus
1994 1566 2215 1614 ordinata
2232 1574 2319 1625 est,
2341 1563 2454 1629 quia

314 1660 480 1698 contra
498 1652 707 1716 primum
731 1650 902 1697 vitium
920 1659 966 1697 et
989 1657 1271 1697 c'aeterorum
1294 1650 1524 1712 radicem,
1544 1650 1680 1716 quod
1703 1661 1772 1699 est
1793 1650 2035 1717 superbia,
2063 1650 2310 1714 dirigitur;
2332 1648 2457 1696 sicut

314 1732 542 1797 scriptum
566 1733 656 1779 est¹
678 1750 687 1778 :
720 1731 954 1778 «Initium
977 1731 1136 1778 omnis
1155 1732 1339 1796 peccati
1359 1731 1610 1797 superbia3
1636 1752 1657 1774 2>
1674 1731 1751 1779 vel
1767 1732 1911 1779 etiam
1926 1733 2039 1795 quia
2058 1729 2130 1779 ad'
2142 1731 2307 1797 primae
2324 1728 2451 1777 sedis

316 1811 575 1860 Ecclesiam
608 1811 890 1859 destinatur.
920 1814 992 1859 De
1015 1810 1112 1859 hoc
1133 1821 1295 1858 autem
1317 1812 1382 1860 ita
1404 1815 1592 1876 Haymo
1617 1811 1837 1859 meminit
1863 1828 1875 1860 ε
1907 1833 1929 1855 «
1950 1811 2162 1877 Epistola
2176 1819 2339 1859 autem
2363 1809 2452 1857 ista

314 1908 414 1939 non
435 1892 569 1939 illum
589 1891 809 1939 ordinem
828 1901 959 1939 tenet
981 1892 1034 1939 in
1058 1908 1266 1957 corpore
1289 1892 1630 1958 Epistolarum,
1669 1909 1768 1957 quo
1791 1902 1861 1940 est
1876 1892 2149 1957 conscripta
2168 1909 2179 1938 :
2206 1889 2290 1938 sed
2313 1904 2456 1938 causa

315 1970 556 2035 dignitatis
589 1975 937 2034 Romanorum,
961 1972 1045 2037 qui
1067 1981 1181 2020 tunc
1214 1973 1446 2037 temporis
1476 1973 1710 2020 universis
1738 1972 1960 2036 gentibus
1994 1971 2315 2038 imperabant,
2355 1969 2458 2035 pri-

314 2061 498 2100 matum
524 2052 748 2101 obtinuit.
775 2055 879 2100 Hoc
899 2061 1061 2100 autem
1084 2051 1263 2100 sactum
1285 2062 1379 2111 est,
1409 2069 1509 2101 non
1529 2053 1590 2101 ab
1619 2053 1868 2119 Apostolo,
1894 2052 1979 2101 sed
2001 2053 2162 2119 potius
2183 2050 2246 2099 ab
2265 2050 2348 2098 illo
2373 2050 2457 2115 qui

314 2148 481 2180 omnes
504 2135 605 2198 ejus
620 2133 852 2199 Epistolas
872 2132 963 2180 sub
980 2150 1081 2180 uno
1104 2149 1309 2199 corpore
1332 2134 1518 2182 curavit
1535 2133 1776 2198 colligere.
1798 2152 1822 2178 »
1848 2137 1967 2182 Item
1989 2133 2147 2181 idem:
2173 2154 2195 2178 «
2214 2135 2457 2197 Interpre—

313 2221 473 2260 tantur
498 2223 659 2261 autem
683 2213 886 2260 Romani
912 2212 1158 2274 sublimeS,
1186 2213 1286 2262 sive
1309 2223 1533 2263 tonantes
1559 2230 1571 2262 :
1598 2214 1712 2279 quia
1733 2213 1814 2262 illo
1838 2223 2056 2281 tempore
2078 2229 2178 2278 quo
2203 2210 2456 2277 Apostolus

315 2290 438 2339 hanc
474 2293 733 2358 Epistolam
770 2293 838 2340 eis
862 2293 1004 2355 misit,
1032 2294 1216 2341 cunctis
1247 2294 1468 2358 gentibus
1494 2294 1907 2360 principabantur,
1950 2304 1998 2342 et
2030 2291 2320 2341 intonabant
2337 2305 2456 2357 prae-

314 2381 467 2437 cepta.
490 2393 513 2417 >2
541 2373 763 2421 Creditur
793 2381 954 2420 autem
979 2372 1240 2438 Apostolus
1269 2384 1553 2439 praesentem
1585 2374 1850 2440 Epistolam
1874 2377 2076 2421 Romam
2106 2373 2290 2420 misisse
2313 2387 2342 2419 a
2363 2373 2458 2419 Co-

314 2451 477 2499 rintho
495 2470 581 2518 per
599 2451 831 2511 Phoeben,
857 2453 1126 2501 ministram
1145 2453 1364 2501 Ecclesiae
1386 2454 1616 2502 Cenchris
1631 2492 1643 2516 ,
1666 2455 1750 2519 qui
1767 2464 1838 2501 est
1853 2454 1988 2501 locus
2004 2453 2186 2501 vicinus
2200 2450 2453 2512 Corintho,

315 2532 413 2579 imo
447 2543 616 2597 portus
649 2533 798 2599 ipsius
833 2531 1072 2592 Corinthi,
1107 2532 1230 2580 sicut
1259 2536 1489 2599 Origenes
1514 2551 1659 2600 super
1678 2534 1808 2582 hanc
1832 2533 2094 2599 Epistolam
2120 2532 2357 2580 meminit.
2386 2533 2458 2578 De

317 2627 411 2675 qua
442 2613 639 2676 quidem
666 2612 845 2661 Phoebe
880 2613 982 2678 ipse
1009 2614 1264 2679 Apostolus
1286 2614 1336 2662 in
1356 2614 1452 2663 fine
1468 2615 1691 2681 Epistolae
1712 2615 1777 2662 ait
1799 2615 1893 2662 sic'
1913 2632 1924 2660 :
1952 2634 1974 2659 «
1994 2611 2297 2662 Commendo
2321 2610 2457 2659 vobis

320 2689 546 2754 Phoeben,
568 2710 784 2741 sororem
798 2702 1030 2756 nostram,
1047 2703 1139 2741 etc.
1160 2713 1183 2737 >2
1201 2696 1358 2752 Quem
1375 2695 1573 2760 quidem
1589 2696 1754 2743 locum
1769 2695 2090 2759 Hieronymus
2107 2708 2353 2759 exponens
2363 2691 2454 2739 ait:

323 2788 344 2812 κ
374 2770 462 2817 Hic
497 2781 731 2822 monstrat
771 2772 1026 2838 Apostolus
1061 2790 1162 2821 non
1195 2775 1530 2840 accipiendam
1563 2791 1824 2841 personam
1854 2791 1955 2823 esse
1996 2775 2083 2823 viri
2122 2774 2196 2823 vel
2235 2772 2455 2833 feminae,

320 2850 515 2913 quando
536 2854 761 2901 Romanis
783 2869 869 2919 per
886 2854 1155 2914 mulierem,
1186 2864 1239 2902 ut
1260 2854 1427 2919 fertur,
1450 2855 1629 2904 litteras
1650 2856 1811 2917 mittit,
1835 2865 1929 2904 etc.
1950 2875 1973 2899 n

364 3033 373 3053 ¹
390 3029 507 3075 Eccn„
524 3043 595 3076 cap.
612 3045 648 3077 x,
664 3046 695 3071 v.
712 3039 761 3072 15.
778 3056 815 3063 —-—
828 3041 960 3083 ²R0m.,
977 3051 1049 3082 cap.
1067 3051 1138 3085 xvi,
1153 3053 1183 3076 v.
1200 3045 1229 3077 1.

1249 3197 1532 3208 ——-—-—
