2638 3866
271 219 368 266 490
1077 214 1250 261 PETRI
1285 212 1602 261 ABAELARDI

272 319 474 366 modum
489 320 537 364 in
563 316 776 365 secundo
801 315 1210 371 Perihernzenias‚
1238 315 1319 374 ait,
1346 329 1518 360 vocem
1541 329 1640 361 esse
1666 330 1811 362 unam
1838 325 1886 362 et
1907 316 2184 365 affectiones
2215 320 2408 367 multas.

269 400 363 445 Aut
394 415 504 445 cum
539 397 805 443 Priscianus
836 395 955 444 dixit
992 394 1143 442 multa
1181 394 1381 441 nomina
1413 393 1624 442 incidere
1661 396 1710 442 in
1748 412 1894 443 unam
1929 414 2116 458 vocem,
2145 399 2295 447 multa
2327 417 2408 447 seu

270 477 456 526 diversa
494 477 796 542 accipiuntur
834 476 1102 524 secundum
1144 475 1303 540 ipsum
1339 474 1637 539 significandi
1679 476 1891 524 officium
1932 477 1994 524 ad
2026 478 2240 526 diversos
2271 480 2414 528 intel-

267 556 416 604 lectus
457 555 837 616 constituendos,
880 556 1010 603 unde
1050 554 1394 602 affirmationes
1436 555 1511 602 vel
1548 557 1745 604 nomina
1789 556 2031 604 dicuntur.
2078 561 2256 613 Vocem
2295 576 2410 607 vero

268 653 415 684 unam
448 636 564 684 dicit
600 654 658 684 ex
692 638 794 702 ipsa
829 636 1112 702 prolationis
1152 645 1199 682 et
1233 636 1340 682 soni
1378 635 1548 695 forma,
1583 654 1682 684 non
1722 654 1779 684 ex
1818 636 1997 697 officio,
2040 654 2151 685 cum
2192 639 2412 688 videlicet

265 717 373 764 voci
404 717 501 766 hoc
534 735 713 766 nomen
747 735 805 765 ex
841 717 1065 782 qualitate
1097 716 1221 775 soni,
1259 732 1360 763 non
1395 733 1454 763 ex
1485 716 1646 764 officio
1686 716 1985 781 significandi
2019 718 2185 766 datum
2218 719 2294 767 sit.
2333 721 2413 768 Sic

264 797 425 861 itaque
456 815 514 845 ex
539 797 849 861 adjunctione
876 797 1200 861 subjectorum
1223 796 1354 844 idem
1387 806 1434 844 et
1464 796 1707 844 diversum
1743 796 2018 861 frequenter
2041 814 2149 847 suas
2172 799 2410 863 significa-

264 876 419 924 tiones
457 888 784 934 commutant‚
825 878 946 925 sicut
989 886 1036 924 et
1073 886 1242 924 ceterae
1281 894 1404 943 saepe
1441 876 1701 938 dictioneS,
1750 886 1805 923 ut
1841 878 1881 924 si
1922 878 2081 926 dicam
2118 879 2410 928 citharoedus

263 954 422 1004 bonus
460 968 507 1005 et
539 957 690 1004 homo
727 957 906 1017 bonus,
942 956 1017 1004 vel
1058 973 1150 1004 vox
1186 956 1388 1023 simplex
1425 967 1471 1004 et
1501 957 1769 1022 propositio
1810 957 2026 1023 simplex,
2062 959 2138 1006 vel
2171 976 2285 1008 vera
2316 960 2408 1008 dif-

263 1034 418 1084 finitio
445 1048 492 1085 et
514 1054 625 1085 vera
651 1038 824 1084 oratio.

331 1119 453 1165 Puto
472 1135 550 1165 me
572 1117 825 1182 diligenter
847 1117 1135 1177 distinxisse,
1168 1127 1407 1182 quantum
1441 1117 1504 1165 ad
1535 1133 1743 1183 praesens
1775 1119 2025 1182 negotium
2066 1120 2251 1180 attinet,
2290 1129 2410 1184 quot

261 1197 419 1245 modis
441 1198 571 1245 idem
600 1198 699 1245 sive
723 1198 965 1245 diversum
997 1198 1277 1262 accipiatur,
1317 1207 1370 1245 ut
1406 1197 1540 1244 facile
1564 1198 1880 1262 postmodum
1913 1199 2196 1247 discutiatur
2223 1200 2274 1247 in
2309 1216 2408 1265 quo

260 1279 490 1326 consistat
511 1279 758 1326 diversitas
779 1294 1100 1344 personarum
1120 1295 1228 1342 quae
1256 1278 1306 1324 in
1332 1280 1437 1325 Deo
1462 1287 1591 1339 sunt,
1629 1295 1835 1343 quarum
1868 1279 2039 1328 eadem
2074 1280 2264 1345 penitus
2295 1279 2409 1328 sub-

260 1358 435 1406 stantia
454 1368 539 1406 est.
567 1358 770 1418 Eadem,
797 1359 1014 1423 inquam,
1042 1358 1355 1406 essentialiter
1371 1374 1427 1405 ac
1449 1374 1675 1420 numero,
1701 1359 1826 1407 sicut
1847 1359 2017 1408 eadem
2039 1370 2111 1407 est
2143 1359 2409 1408 substantia

262 1438 388 1485 ensis
410 1449 458 1485 et
480 1438 639 1502 gladii,
668 1440 744 1486 vel
764 1438 907 1503 hujus
929 1438 1142 1485 hominis
1163 1448 1211 1486 et
1231 1438 1375 1502 hujus
1397 1438 1632 1485 animalis.
1669 1440 1791 1486 Sunt
1813 1450 1974 1487 autem
2009 1440 2071 1488 ab
2098 1440 2304 1489 invicem
2333 1439 2409 1487 di-

258 1535 404 1566 versae
426 1536 659 1585 personae,
686 1518 734 1565 id
759 1530 828 1566 est
852 1521 986 1566 Pater
1008 1529 1055 1566 et
1073 1519 1235 1578 Filius,
1257 1526 1305 1565 et
1327 1519 1529 1584 Spiritus
1553 1529 1745 1566 sanctus
1766 1519 1830 1567 ad
1852 1520 2215 1573 similitudinem
2236 1536 2408 1568 eorum

261 1615 365 1662 quae
389 1598 677 1646 diffinitione
700 1599 888 1647 diversa
911 1609 1023 1646 sunt
1045 1616 1129 1646 seu
1145 1600 1455 1665 proprietate,
1482 1615 1540 1646 eo
1566 1599 1786 1648 videlicet
1807 1600 1968 1665 quod,
1996 1600 2216 1665 quamvis
2237 1600 2408 1653 eadem

260 1680 451 1743 penitus
469 1681 674 1727 essentia
693 1679 753 1727 sit
776 1683 907 1727 Deus
933 1683 1072 1728 Pater
1091 1696 1198 1744 quae
1223 1689 1294 1726 est
1328 1683 1458 1727 Deus
1486 1679 1650 1742 Filius,
1682 1697 1767 1728 seu
1802 1684 1932 1728 Deus
1963 1682 2163 1746 Spiritus
2185 1690 2406 1740 sanctus;

259 1759 390 1806 aliud
411 1769 572 1807 tamen
597 1760 852 1826 proprium
875 1769 945 1806 est
969 1760 1057 1806 Dei
1082 1760 1248 1820 PatriS,
1275 1760 1325 1806 in
1350 1776 1409 1807 eo
1431 1759 1610 1807 scilicet
1632 1762 1764 1824 quod
1785 1764 1925 1809 Pater
1947 1771 2036 1821 est,
2062 1770 2109 1808 et
2127 1760 2254 1808 aliud
2284 1760 2405 1820 Filii,

258 1845 307 1882 et
324 1835 454 1883 aliud
476 1837 677 1902 Spiritus
695 1837 863 1884 sancti.
880 1837 1032 1884 Patris
1046 1836 1242 1901 quidem
1259 1837 1512 1901 proprium
1525 1847 1612 1896 est,
1637 1847 1689 1883 ut
1707 1854 1851 1902 supra
1868 1855 2064 1903 quoque
2077 1838 2405 1897 meminimus,

258 1931 287 1962 a
310 1916 466 1981 seipso
489 1933 609 1977 esse,
633 1933 734 1964 non
755 1916 816 1964 ab
838 1917 952 1976 alio,
988 1926 1036 1963 et
1071 1925 1364 1963 coaeternum
1402 1916 1491 1963 sibi
1527 1916 1698 1963 Filium
1732 1917 2015 1964 aeternaliter
2053 1917 2269 1980 gignere;
2303 1917 2408 1964 Filii

259 2011 375 2042 vero
400 1996 527 2060 gigni
551 2013 579 2044 a
603 1996 709 2043 solo
734 2000 899 2057 Patre3
927 1996 1132 2061 Spiritus
1150 1997 1302 2043 sancti
1317 1996 1581 2062 procedere
1608 1996 1670 2045 ab
1693 2006 1917 2062 utroque.
1943 1997 2082 2044 Unde
2107 1997 2231 2044 bene
2256 1997 2409 2044 sancti

259 2077 421 2123 Patres
442 2075 530 2124 has
547 2093 779 2141 personas
796 2077 1079 2124 abinvicem
1092 2076 1380 2140 quibusdam
1402 2077 1541 2142 quasi
1558 2077 1931 2142 proprietatibus
1953 2077 2144 2124 differre
2161 2076 2402 2137 dixerunt,

252 2154 387 2217 juxta
408 2155 528 2202 illud
552 2157 772 2221 Gregorii
796 2175 807 2203 :
840 2160 940 2203 «Et
966 2157 1015 2203 in
1040 2157 1258 2222 personis
1281 2158 1568 2223 proprietas,
1597 2167 1645 2203 et
1663 2158 1714 2203 in
1737 2158 1938 2205 essentia
1962 2157 2138 2205 unitas.
2157 2176 2180 2200 >2
2206 2160 2265 2203 Et
2285 2156 2407 2204 illud

257 2236 538 2301 Hieronymi
562 2237 612 2283 in
638 2237 839 2302 epistola
873 2237 934 2284 de
972 2237 1308 2302 explanatione
1339 2237 1454 2285 fidei
1487 2237 1556 2284 ad
1584 2242 1849 2285 Damasum
1876 2254 2054 2304 papam
2084 2237 2282 2298 directa,
2321 2236 2407 2284 ubi

258 2314 433 2363 dicitur
469 2335 479 2363 :
514 2337 536 2361 α
559 2318 922 2365 Confundentes
950 2318 1131 2379 Arium,
1165 2334 1313 2365 unam
1336 2319 1655 2384 eamdemque
1677 2319 1882 2366 dicimus
1908 2318 2146 2366 Trinitatis
2180 2317 2407 2365 substan-

247 2384 391 2443 tiam.
423 2417 446 2441 >2
470 2400 611 2456 Item,
642 2418 665 2443 «
680 2398 978 2463 Impietatem
1003 2397 1196 2444 Sabellii
1219 2397 1532 2459 declinanteS,
1560 2408 1655 2447 tres
1676 2416 1907 2464 personas
1925 2414 2168 2463 expressas
2190 2397 2280 2444 sub
2296 2414 2405 2462 pro-

255 2477 455 2541 prietate
475 2478 827 2543 distinguimus.
850 2499 872 2521 2)
895 2481 951 2524 Et
972 2488 1083 2543 post
1097 2477 1274 2542 aliqua,
1295 2495 1524 2543 personas
1538 2480 1682 2526 etiam
1700 2480 1826 2544 ipsas
1845 2479 2157 2544 proprietates
2175 2477 2399 2542 appellat,

257 2556 419 2605 dicens
446 2577 456 2604 :
488 2561 634 2606 «Non
660 2559 791 2606 enirn
811 2559 1011 2606 nomina
1034 2558 1392 2620 tantummodo,
1427 2558 1512 2605 sed
1541 2559 1687 2606 etiam
1709 2559 1966 2605 nominum
1988 2558 2319 2622 proprietates,
2352 2555 2405 2602 id

257 2648 325 2685 est
349 2655 597 2704 personas,
621 2638 698 2687 vel
718 2648 773 2686 ut
795 2639 947 2686 Graeci
967 2639 1243 2704 exprimunt
1267 2638 1568 2704 hypostases,
1604 2638 1702 2686 hoc
1737 2648 1808 2686 est
1839 2637 2165 2685 subsistentias
2192 2635 2403 2684 confite-

256 2735 381 2767 mur.
396 2739 420 2762 »
445 2718 539 2766 Ubi
562 2728 608 2766 et
629 2735 795 2766 rursus
805 2718 1003 2782 adjecit:
1022 2739 1043 2762 <c
1058 2721 1222 2783 Itaque
1232 2718 1498 2767 substantia
1512 2736 1662 2766 unum
1679 2728 1807 2776 sunt,
1825 2718 2041 2783 personis
2054 2734 2111 2765 ac
2124 2715 2405 2764 nominibus

256 2796 663 2861 distinguuntur.»
690 2802 797 2846 Non
815 2809 979 2846 tamen
996 2815 1107 2846 cum
1121 2800 1438 2864 proprietates
1460 2799 1555 2846 dici
1571 2798 1814 2856 audimuS,
1838 2799 1903 2845 ita
1925 2796 2292 2860 intelligendum
2308 2804 2397 2854 est,

258 2885 310 2921 ut
331 2877 508 2926 formas
529 2879 712 2944 aliquas
731 2880 782 2926 in
805 2882 910 2926 Deo
934 2880 1210 2945 opinemur,
1237 2879 1321 2926 sed
1343 2880 1662 2946 proprietates
1684 2879 1820 2942 quasi
1849 2878 2046 2944 propria
2080 2877 2301 2934 dicimus,
2339 2891 2399 2921 eo

257 2955 432 3003 scilicet
452 2959 601 3006 modo
624 2976 724 3024 quo
748 2959 864 3006 dicit
886 2960 1161 3006 Aristoteles
1185 2959 1321 3006 omni
1342 2958 1617 3006 substantiae
1651 2975 1912 3006 commune
1943 2974 2043 3005 esse
2075 2973 2177 3004 non
2214 2971 2315 3002 esse
2348 2954 2400 3000 in

255 3034 488 3099 subjecto,
511 3038 588 3084 vel
609 3056 710 3085 non
734 3039 973 3103 suscipere
997 3040 1147 3105 magis
1165 3049 1213 3086 et
1237 3040 1416 3101 minus,
1439 3040 1542 3087 sive*
1560 3039 1682 3086 nihil
1704 3055 1806 3086 esse
1827 3039 1871 3085 ei
1895 3037 2215 3095 contrarium;
2237 3050 2327 3081 nec
2348 3034 2397 3080 in

255 3113 330 3162 his
362 3125 522 3163 tamen
566 3118 995 3165 communitatibus
1033 3136 1155 3183 quas
1189 3120 1394 3182 assignat
1420 3119 1539 3166 ullas
1570 3119 1789 3183 intelligit
1821 3119 2026 3176 sormas3
2065 3131 2183 3180 quas
2221 3113 2400 3160 scilicet

255 3196 623 3243 communitates
646 3198 806 3261 potius
833 3199 1132 3246 removendo
1156 3199 1353 3263 aliquid,
1387 3215 1535 3263 quam
1567 3197 1799 3264 ponendo
1834 3197 2055 3260 assignat.
2092 3197 2150 3241 Et
2173 3193 2401 3258 quemad-

256 3275 458 3323 modum
481 3275 686 3322 dicimus
713 3276 987 3323 substantiae
1007 3280 1258 3343 proprium
1282 3295 1382 3326 esse
1411 3278 1542 3343 quod
1570 3294 1657 3342 per
1682 3294 1732 3324 se
1764 3276 2001 3336 subsistit,
2033 3275 2144 3339 quia
2177 3273 2399 3320 videlicet
