2638 3866
974 219 1320 269 THEOLOGlA
1356 221 1724 271 CHRISTIANA.
2332 227 2427 274 507

338 323 598 388 Objectum
622 334 819 385 quoque
842 327 931 379 est,
957 319 1211 383 quomodo
1235 320 1443 369 dicimus
1464 324 1683 370 Personae
1706 331 1836 384 sunt,
1864 323 1954 369 nisi
1976 322 2197 371 dicamus
2219 325 2425 374 essentia

272 405 323 454 id
355 414 427 452 est
457 398 854 452 essentiaesunt?
901 398 998 458 Sed
1031 399 1141 448 hoc.
1161 401 1313 450 modo
1347 401 1532 450 dictum
1565 412 1638 450 est
1673 418 1775 467 quo
1810 402 2016 451 dicimus
2057 403 2249 452 Athenae
2289 415 2421 466 sunt,

272 486 349 533 vel
368 484 449 532 hic
472 483 610 532 albus
638 491 688 530 et
705 480 861 528 homo
883 479 1058 527 sedens
1076 480 1209 529 idem
1231 492 1360 530 sunt.
1390 485 1499 531 Non
1521 484 1652 531 enim
1683 499 1874 548 semper
1892 482 2141 549 pluralitas
2162 484 2239 532 vel
2262 485 2424 549 singu-

271 566 434 614 laritas
455 563 590 612 vocis
614 561 678 611 ad
699 559 1103 625 significationem
1118 563 1337 627 respicit3
1366 564 1452 611 sed
1475 563 1771 629 quandoque
1792 564 1854 612 ad
1877 566 2268 613 terminationem
2291 566 2426 615 vocis

271 646 347 694 vel
368 643 810 703 constructionem,
834 641 966 690 velut
993 658 1107 689 cum
1141 642 1348 692 dicimus
1382 661 1615 692 numerus
1643 654 1741 705 est,
1762 644 1861 693 hoc
1888 654 1958 693 est
1983 645 2193 694 unitates
2214 657 2350 707 sunt3
2376 656 2423 695 et

272 726 470 775 Athenae
484 734 622 786 sunt,
657 723 755 772 hoc
787 732 860 771 est
889 722 991 770 haec
1010 723 1177 771 civitas
1204 734 1289 772 est.
1315 725 1624 791 Quandoque
1650 725 1796 773 etiam
1814 725 2083 773 secundum
2102 726 2424 791 pluralitatem

272 823 452 855 vocum
472 806 658 872 plurale
683 803 889 853 verbum
915 802 1176 869 significate
1197 805 1508 870 proferimus,
1537 808 1637 855 sive
1662 807 1809 855 etiam
1840 805 2023 871 plurale
2045 822 2246 868 nomen,
2280 808 2424 856 etiam

272 887 475 953 quando
491 886 665 935 eadem
679 895 753 935 est
770 886 966 951 penitus
979 884 1335 934 vocabulorum
1354 887 1684 953 intelligentia,
1707 904 1808 935 non
1829 896 1991 935 tamen
2011 886 2182 935 eadem
2200 890 2421 948 essentia,

273 969 422 1017 veluti
455 986 568 1016 cum
599 968 809 1016 dicimus
837 978 1002 1015 ensem
1031 977 1080 1014 et
1112 966 1326 1032 gladium
1350 985 1452 1017 esse
1477 969 1755 1018 multivoca.
1793 968 1932 1016 Unde
1964 969 2155 1016 Boetius
2188 970 2239 1016 in
2265 970 2426 1034 primo

280 1051 563 1114 Topieorum
588 1066 600 1096 :
632 1069 655 1093 «
673 1050 889 1108 Quarum
910 1064 1073 1096 rerum
1090 1085 1102 1109 ‚
1140 1049 1315 1114 inquit,
1346 1049 1517 1098 eadem
1550 1049 1795 1110 diffinitio,
1829 1049 1942 1115 ipsae
1981 1065 2179 1114 quoque
2210 1066 2287 1097 res
2319 1060 2429 1098 sunt

273 1129 460 1179 eadem.
487 1133 613 1178 Cum
642 1140 808 1179 autem
840 1129 1041 1195 figurate
1064 1130 1270 1178 dicimus
1307 1140 1445 1189 sunt,
1474 1130 1772 1195 ubicumque
1799 1130 1976 1178 scilicet
2010 1146 2107 1178 una
2136 1139 2324 1177 tantum
2354 1147 2429 1178 res

271 1220 363 1273 est,
387 1227 490 1258 non
521 1221 594 1259 est
621 1228 816 1260 necesse
846 1210 944 1259 dici
966 1211 1094 1259 entia
1117 1210 1195 1259 vel
1228 1212 1456 1260 essentias
1482 1230 1494 1259 :
1521 1213 1636 1277 quia
1659 1228 1783 1278 saepe
1817 1226 1928 1258 cum
1964 1209 2145 1258 eaedem
2168 1211 2267 1258 sint
2287 1227 2428 1259 voces

272 1291 323 1338 in
358 1291 708 1356 significatione
731 1309 819 1358 per
843 1309 894 1340 se
924 1301 1149 1358 acceptae,
1186 1302 1283 1340 una
1305 1309 1474 1341 earum
1496 1293 1909 1342 constructionem
1943 1290 2124 1339 habere
2153 1300 2311 1357 potest
2342 1308 2428 1356 per

273 1371 480 1436 figuram
501 1373 554 1421 in
576 1390 676 1421 uno
700 1390 863 1434 sensu,
888 1389 1036 1439 quam
1058 1389 1162 1420 non
1183 1372 1331 1422 habet
1354 1372 1463 1422 alia.
1486 1393 1510 1419 υ

337 1455 410 1501 Βθ
433 1470 493 1501 θο
518 1455 664 1502 etiam
686 1454 894 1503 arbitror
919 1451 1023 1503 esse
1046 1453 1315 1502 discussum
1338 1455 1476 1519 quod
1499 1454 1684 1502 dictum
1706 1465 1779 1503 est
1802 1455 1900 1503 hoc
1921 1470 2103 1502 nomen
2126 1455 2255 1500 Deus
2277 1453 2429 1517 magis

274 1535 544 1584 universale
578 1553 728 1601 quam
775 1536 1015 1601 singulare
1050 1535 1314 1584 dicendum
1346 1553 1466 1599 esse,
1506 1553 1621 1584 cum
1656 1536 1718 1585 de
1756 1536 1932 1585 divinis
1965 1535 2186 1601 personis
2221 1533 2425 1582 dicatur.

274 1615 468 1682 Quippe
505 1616 756 1665 diversitas
789 1616 871 1665 illa
902 1633 1225 1683 personarum
1267 1634 1370 1665 non
1407 1618 1457 1665 in
1495 1617 1786 1665 discretione
1828 1617 2043 1665 essentiae
2084 1623 2299 1672 constat,
2346 1614 2433 1662 sed

274 1697 426 1761 magis
448 1698 498 1744 in
527 1697 802 1746 diversitate
824 1699 1178 1764 proprietatum
1202 1698 1277 1745 vel
1311 1697 1678 1759 diffinitionum,
1705 1707 1759 1745 ut
1779 1697 2004 1756 diximus,
2041 1696 2165 1743 sicut
2190 1704 2238 1742 et
2263 1694 2434 1742 diver—

272 1777 387 1826 sitas
417 1794 739 1843 personarum
761 1777 1037 1827 secundum
1058 1778 1398 1844 grammaticos
1412 1816 1425 1841 ,
1455 1795 1562 1844 quae
1584 1778 1765 1827 scilicet
1787 1793 2006 1844 personae
2026 1777 2194 1824 insunt
2217 1776 2429 1834 Socrati,

272 1867 474 1924 propter
497 1875 620 1923 quas
644 1869 808 1907 tamen
834 1875 938 1906 non
958 1860 1121 1906 minus
1144 1858 1239 1907 hoc
1260 1874 1443 1907 nomen
1468 1861 1687 1907 Socrates
1711 1858 1951 1923 singulare
1974 1868 2064 1906 est.

327 1939 435 1988 ¹Sed
469 1940 590 1989 illud
630 1941 727 1988 hoc
764 1941 876 1988 loco
912 1941 1181 1988 maximum
1219 1941 1627 2007 impedimentum
1668 1942 1907 2002 occurrit,
1947 1940 2082 2005 quod
2121 1937 2433 1987 essentialiter

273 2037 472 2086 quoque
488 2020 551 2069 ab
570 2021 781 2069 invicem
799 2023 1020 2087 personae
1035 2022 1143 2087 quae
1162 2022 1213 2068 in
1233 2024 1337 2069 Deo
1357 2031 1471 2069 sunt
1489 2021 1709 2069 discretae·
1726 2020 1969 2081 videntur,
1994 2037 2109 2068 cum
2126 2019 2228 2066 haec
2253 2018 2433 2066 scilicet

273 2117 377 2149 non
398 2102 461 2150 sit
477 2102 576 2165 illa,
599 2102 736 2167 quod
758 2119 861 2150 non
885 2111 957 2150 est
976 2102 1028 2149 in
1056 2102 1380 2166 grammaticis
1403 2102 1640 2167 personis.
1663 2102 1736 2149 Ad
1761 2100 1896 2166 quod
1918 2098 2320 2167 respondendum
2341 2107 2428 2158 est,

273 2182 409 2246 quod
445 2199 548 2246 non
585 2184 737 2246 magis
774 2183 874 2230 istae
905 2199 1125 2248 personae
1157 2182 1472 2231 essentialiter
1510 2183 1725 2231 discretae
1760 2192 1874 2230 sunt
1897 2197 2044 2247 quam
2077 2180 2195 2242 illae,
2230 2195 2345 2227 cum
2375 2179 2435 2225 sit

274 2261 450 2310 harum
471 2279 670 2328 quoque
694 2263 817 2311 sicut
829 2263 1025 2311 illarum
1045 2280 1144 2312 una
1167 2263 1435 2328 eademque
1458 2264 1652 2330 penitus
1673 2263 1907 2324 essentia;
1930 2261 1994 2310 ad
2017 2260 2433 2327 comparationem

275 2343 472 2391 unitatis
496 2343 633 2408 cujus
646 2381 661 2403 ‚
697 2344 794 2392 hoc
817 2354 888 2392 est
903 2381 916 2404 ,
958 2344 1134 2393 divinae
1154 2345 1376 2393 essentiae·
1393 2345 1530 2392 nulla
1552 2345 1631 2393 vel
1653 2360 1890 2411 corporea
1909 2344 1986 2392 vel
2015 2340 2275 2409 spiritualis
2299 2354 2431 2387 crea-

274 2433 382 2471 tura
406 2423 614 2473 dicenda
636 2426 708 2473 e'dt
739 2442 854 2488 una,
890 2442 1004 2473 cum
1024 2425 1129 2474 haec
1157 2426 1362 2474 omnino
1394 2425 1581 2473 nullam
1603 2435 1688 2473 aut
1716 2426 1928 2491 partium
1950 2433 2034 2472 aut
2056 2423 2322 2470 formarum
2353 2419 2433 2467 di-

273 2496 551 2552 versitatem
573 2505 828 2555 admittere
849 2507 1021 2573 possit,
1046 2524 1139 2556 nec
1161 2508 1213 2554 in
1235 2507 1399 2572 aliquo
1421 2507 1702 2573 permutari.
1734 2506 2028 2567 «Quocirca,
2056 2504 2213 2569 inquit
2242 2502 2432 2549 Boetius

273 2582 332 2630 de
356 2587 610 2647 Trinitace,
635 2586 734 2635 hoc
756 2604 870 2636 vere
896 2604 1051 2637 unum
1071 2589 1122 2636 in
1145 2605 1246 2654 quo
1266 2587 1430 2635 nullus
1453 2604 1702 2650 numerus,
1725 2587 1915 2635 nullum
1939 2587 1990 2633 in
2014 2602 2074 2633 eo
2109 2583 2239 2632 aliud
2264 2591 2436 2648 praeter

275 2664 325 2712 id
348 2666 483 2730 quod
500 2676 588 2715 est.
608 2686 633 2713 »
660 2668 800 2716 Unde
822 2668 948 2716 bene
977 2686 1085 2717 eam
1111 2668 1391 2735 philosophi
1410 2669 1673 2716 monadem
1696 2668 1748 2716 id
1767 2678 1839 2715 est
1858 2668 2092 2715 unitatem
2113 2664 2262 2729 magis
2285 2678 2433 2728 quam

275 2760 424 2792 unam
452 2763 629 2795 vocare
653 2748 930 2797 voluerunt.
965 2752 1090 2797 Cum
1119 2759 1289 2797 autem>
1314 2749 1448 2796 nulla
1474 2749 1606 2797 sitin
1635 2750 1855 2814 personis
1877 2745 2103 2795 discretio
2133 2745 2348 2793 essentiae
2371 2741 2433 2791 ab

275 2825 503 2888 invicem,
529 2828 630 2875 non'
655 2839 823 2876 tamen·
847 2840 1042 2895 oportet
1063 2830 1160 2878 dici
1191 2831 1328 2877 Pater
1349 2833 1422 2877 est
1444 2830 1592 2877 Filius
1611 2830 1686 2878 vel
1713 2831 1917 2895 Spiritus
1934 2837 2155 2888 sanctus;
2184 2825 2262 2873 vel
2292 2825 2436 2874 Filius

275 2914 347 2952 est
378 2906 583 2971 Spiritus
614 2918 807 2956 sanctus
833 2927 844 2956 z
871 2911 986 2975 quia
1016 2911 1105 2958 etsi
1137 2911 1249 2975 quis·
1266 2910 1389 2958 forte
1421 2926 1597 2958 sanum
1630 2926 1826 2959 sensum
1861 2910 1912 2957 in
1949 2909 2047 2956 suis
2074 2906 2233 2955 verbis
2257 2906 2435 2954 habere

275 2996 439 3050 queat,
473 3003 533 3035 eo
555 2988 737 3036 scilicet
767 2990 903 3055 quod
936 2990 1108 3038 eadem
1139 2991 1344 3039 essentia
1368 3008 1476 3056 quae
1506 2994 1648 3040 Pater
1674 3002 1773 3054 est,
1801 2991 1862 3039 sit
1890 3000 1938 3038 et
1970 2988 2114 3037 Filius
2149 2998 2198 3036 et
2232 2988 2435 3053 Spiritus

274 3077 496 3128 sanctus;
532 3085 700 3116 sensus
736 3071 941 3118 omnino
976 3071 1120 3120 falsus
1145 3081 1216 3119 est
1236 3072 1508 3120 secundum
1542 3081 1825 3121 sanctorum
1847 3075 2045 3119 Patrum
2068 3069 2402 3135 acceptionem
2419 3105 2431 3128 ,

277 3163 386 3212 quae
406 3158 479 3196 est
494 3148 798 3214 hujusmodi,
815 3167 871 3200 ac
885 3153 926 3200 si
946 3152 1165 3201 dicamus
1186 3168 1448 3218 personam
1467 3155 1798 3217 generantem¹
1814 3168 1917 3200 esse
1938 3164 2197 3217 personam
2219 3149 2430 3214 genitam

323 3339 329 3357 ¹
346 3336 417 3371 Vox
431 3344 647 3380 yenorantem
669 3351 688 3376 a
704 3345 868 3385 scriptore
879 3345 1000 3378 omissa
1010 3369 1018 3385 ,
1039 3345 1157 3387 legitur
1173 3346 1206 3379 in
1225 3345 1371 3386 margine
1386 3346 1520 3385 codicis,
1537 3345 1689 3388 pluribus
1704 3345 1822 3378 utteris
1833 3344 1901 3385 ¹jam
1917 3342 2052 3376 abcissis
2069 3349 2107 3374 ac
2122 3340 2249 3373 deletis.
