2638 3866
307 198 402 245 240
1113 193 1284 241 PETRI
1317 192 1491 241 ABAEL
1497 193 1633 241 ARDI

306 300 433 346 cium
459 315 558 346 non
581 297 776 359 habent,
804 313 894 344 nec
915 297 962 343 in
987 296 1062 343 his
1079 295 1161 360 qui
1184 303 1331 359 agunt
1349 294 1451 341 sola
1473 293 1740 355 voluntate,
1767 295 1842 342 vel
1863 294 2048 359 impetu
2068 294 2242 342 mentis
2260 295 2439 358 agitati,

307 396 404 426 non
443 379 601 442 aliqua
633 377 979 425 deliberatione
1011 375 1159 423 animi
1193 374 1444 434 commoti,
1484 372 1666 438 aliquid
1698 390 1781 421 eos
1803 375 2069 440 promereri
2103 374 2338 422 concedet
2366 375 2442 422 vel

306 475 457 523 poenae
496 458 568 504 vel
603 457 785 522 praemii
826 475 836 503 :
877 473 967 503 nec
1003 454 1187 519 legibus
1228 453 1371 501 etiam
1416 453 1674 501 hominum
1710 453 1986 519 subJaoere,
2028 464 2081 502 ut
2116 453 2192 502 vel
2227 453 2456 501 humano·

301 538 483 601 judicio
507 537 573 584 rei
597 554 686 602 pro
710 537 872 602 aliquo
895 544 1198 584 censeantur.
1227 531 1366 580 Unde
1390 541 1438 579 et
1461 533 1562 599 ipse
1588 535 1872 598 Augustinus
1894 535 1942 582 in
1965 534 2091 582 libro
2121 535 2443 595 Quaestionum

308 619 472 664 veterib·
502 628 553 664 et
581 633 710 664 novae
741 616 855 682 legiis
893 635 903 661 t
935 637 957 659 «
993 612 1280 672 Quomodo,
1320 613 1504 676 inquit,
1543 629 1655 660 reus
1688 615 1992 662 constituitur
2024 615 2108 679 qui
2140 614 2291 661 nescit
2324 613 2443 678 quid

306 696 498 743 fecerit?
527 717 549 740 »
590 700 645 743 Et
677 697 996 761 Hieronymus
1024 710 1170 758 super
1204 691 1424 739 Ezechiel
1448 709 1462 738 .·
1492 692 1779 750 «Quamdiu
1816 694 1975 741 anima
2009 694 2059 741 in
2092 694 2291 741 infantia
2327 709 2443 741 con-

304 777 465 824 stituta
485 786 571 838 est,
596 787 793 842 peccato
813 785 957 823 caret.
985 793 1007 818 »
1032 775 1097 820 Ac
1120 789 1283 819 rursus
1308 790 1319 818 z
1342 792 1363 816 α
1381 771 1591 837 Ohjieies
1612 773 1730 820 mihi
1749 773 1868 822 illud
1891 775 2249 840 suprapositum
2274 777 2326 820 B.
2354 776 2444 821 Au-

305 857 479 919 gustini
519 857 726 914 dietum,
772 855 903 919 quod
943 857 1071 900 Deus
1106 852 1290 900 nullam
1326 870 1519 918 poenam
1562 854 1790 919 cuiquam
1823 854 1935 902 sinit
1976 854 2217 901 immerito
2259 853 2438 917 infligi,
2492 892 2494 894 ,

305 937 492 984 nullum
528 938 775 1002 praemium
807 934 1047 982 immerito
1084 932 1205 993 dari,
1240 933 1291 980 id
1323 943 1396 981 est
1431 932 1551 980 nulli
1583 934 1667 999 qui
1702 951 1802 981 non
1834 934 2005 981 meruit
2033 943 2115 981 aut
2144 949 2336 999 poenam
2361 943 2444 982 aut

304 1018 552 1080 praemium
578 1017 798 1064 conferri.
828 1014 971 1073 Quod
997 1013 1192 1079 quidem
1225 1030 1325 1061 non
1357 1013 1516 1061 solum
1548 1014 1595 1061 in
1626 1014 1834 1080 parvulis
1859 1024 1958 1062 tam
1984 1023 2182 1080 propter
2214 1012 2444 1077 originale

303 1106 553 1161 peccatum
577 1097 812 1144 damnatis
834 1112 984 1160 quam
1006 1111 1093 1160 per
1119 1094 1272 1142 solam
1298 1095 1500 1158 gratiam
1523 1093 1823 1160 baptismatis
1843 1095 2036 1143 salvatis
2065 1092 2443 1160 reprehensibile

304 1177 506 1240 videtur,
536 1195 702 1225 verum
733 1178 875 1225 etiam
911 1177 960 1224 in
995 1175 1234 1242 plerisque
1267 1176 1388 1238 aliis,
1428 1176 1549 1223 sicut
1572 1177 1622 1223 in
1646 1176 1738 1224 Job
1761 1193 2012 1242 percusso,
2042 1185 2089 1222 et
2113 1176 2162 1222 in
2190 1175 2273 1222 illo
2297 1191 2442 1239 quem

302 1259 536 1305 Dominus
561 1258 758 1318 sanavit,
786 1275 815 1305 a
838 1257 1082 1305 nativitate
1104 1273 1231 1304 caeco
1256 1256 1384 1304 facto
1411 1275 1421 1302 ε
1450 1273 1569 1318 non,
1596 1267 1650 1304 ut
1671 1257 1735 1304 ait
1760 1258 2038 1312 Dominus',
2066 1257 2179 1321 quia
2206 1256 2309 1321 ipse
2330 1270 2446 1320 pec-⁴

302 1349 450 1386 casset
479 1349 562 1386 aut
592 1348 811 1404 parentes
837 1344 956 1404 eJus,
991 1337 1075 1385 sed
1109 1348 1162 1385 ut
1192 1337 1610 1385 manifestarentur
1645 1355 1793 1404 opera
1825 1339 1912 1386 Dei
1935 1339 1982 1384 in
2003 1336 2102 1384 illo.
2127 1336 2317 1395 »Quod
2340 1335 2446 1384 dili-

301 1429 463 1481 genter
493 1419 660 1466 beatus
690 1420 949 1483 Gregorius
983 1418 1259 1477 attendens,
1300 1416 1488 1466 diversa
1517 1419 1894 1484 promissionum
1933 1433 2106 1481 genera
2141 1417 2188 1463 in
2225 1419 2245 1463 l
2280 1416 2440 1464 distin-

301 1500 398 1564 guit
436 1500 710 1548 Moralium.
752 1501 870 1559 Quis
911 1500 1055 1547 etiam
1090 1499 1270 1547 nesciat
1307 1502 1465 1559 Deum
1508 1516 1608 1546 non
1647 1499 1805 1547 solnm
1841 1498 2150 1565 promittere,
2193 1513 2361 1544 verum
2397 1507 2444 1544 et

295 1579 461 1643 jubere
496 1592 546 1628 ut
581 1581 786 1629 inimicis
808 1582 983 1629 nostris
1015 1598 1114 1629 non
1151 1579 1419 1628 secundum
1454 1580 1621 1628 merita
1654 1596 1823 1627 eorum
1847 1578 1975 1627 bona
2009 1576 2327 1626 retribuamus
2353 1594 2443 1643 pro

299 1661 450 1724 malis,
478 1671 524 1709 et
549 1680 638 1710 nos
657 1680 685 1712 a
708 1667 811 1712 Deo
845 1680 930 1729 per
956 1663 1174 1729 gratiam,
1202 1681 1306 1728 quae
1330 1680 1420 1711 nos
1440 1662 1668 1728 praevenit
1691 1661 1767 1710 vel
1792 1660 2115 1726 subsequitur,
2144 1659 2294 1707 multa
2318 1657 2442 1706 obti-

299 1759 428 1802 nere,
455 1760 553 1791 non
584 1761 671 1809 per
699 1745 901 1792 merita?
925 1745 1063 1792 Unde
1088 1744 1370 1810 Apostolus²
1396 1763 1406 1791 :
1440 1765 1461 1788 α
1486 1744 1531 1791 Si
1565 1753 1727 1791 autem
1761 1759 1817 1790 ex
1850 1740 2094 1807 operibus,
2126 1742 2226 1804 jam
2263 1755 2363 1786 non
2386 1755 2442 1786 ex

298 1824 460 1884 gratia.
497 1825 720 1889 Alioquin
749 1826 898 1889 gratia
915 1826 1014 1890 jam
1046 1841 1146 1871 non
1179 1834 1249 1871 est
1274 1825 1487 1888 gratia.»
1511 1823 1641 1882 Quid
1670 1824 1830 1887 itaque
1858 1821 1977 1868 illud
2009 1820 2300 1885 Augustinus
2331 1819 2444 1866 velit

298 1903 430 1966 quod
461 1906 619 1969 primo
654 1907 905 1971 posuimus
945 1915 990 1953 et
1027 1904 1342 1970 postmodum
1383 1905 1731 1970 opposuimus,
1767 1902 2034 1949 Dominum
2070 1900 2290 1957 videlicet
2324 1899 2441 1946 nulli

298 1984 535 2031 immerito
562 1996 645 2033 aut
669 2002 861 2051 poenam
894 1985 1086 2044 inferri,
1115 1995 1197 2032 aut
1218 1986 1471 2050 praemium
1495 1984 1703 2031 conferri
1725 1983 2025 2048 permittere,
2052 1997 2151 2028 non
2190 1978 2327 2026 facile
2357 1978 2442 2025 ab·

298 2065 414 2111 solvi
433 2082 574 2129 posse
591 2066 732 2114 video
758 2085 767 2112 :
797 2067 889 2113 nisi
912 2067 960 2112 in
984 2082 1042 2113 eo
1067 2066 1162 2112 vim
1188 2064 1450 2130 quamdam
1467 2074 1711 2125 notemuS,
1733 2062 1865 2127 quod
1890 2078 2002 2109 cum
2021 2059 2191 2108 dixerit
2211 2079 2234 2104 «
2251 2062 2397 2119 Deus,
2418 2079 2439 2101 ι)

299 2143 482 2191 addidit
502 2164 524 2191 κ
540 2146 713 2209 justus,
736 2167 757 2190 >2
787 2157 837 2194 ut
862 2146 1081 2193 videlicet
1100 2155 1235 2192 notet
1255 2162 1356 2192 non
1380 2144 1428 2191 id
1449 2145 1714 2191 Dominum
1737 2160 1794 2190 ex
1811 2142 1994 2207 justitia
2017 2140 2291 2206 permittere
2309 2138 2445 2203 quod

299 2234 456 2271 tamen
493 2226 651 2290 aliqua
682 2228 926 2292 permittat
962 2227 1336 2291 dispensatione,
1375 2235 1459 2273 aut
1490 2242 1544 2272 ex
1578 2223 1875 2271 abundantia
1907 2222 2115 2270 caritatis
2148 2220 2308 2286 potius
2340 2218 2444 2267 fieri

294 2303 444 2364 jubet,
469 2322 613 2369 quam
637 2324 691 2354 ex
717 2309 938 2373 aequitate
962 2307 1171 2370 justitiae.
1206 2309 1285 2353 Est
1309 2307 1491 2371 quippe
1509 2305 1692 2369 justitia
1715 2321 1819 2368 quae
1841 2301 1998 2350 reddit
2023 2301 2282 2364 unicuique
2309 2298 2444 2364 quod

298 2399 436 2430 suum
463 2395 548 2446 est,
575 2404 675 2434 non
701 2389 954 2453 plusquam
977 2386 1113 2451 quod
1134 2403 1273 2433 suum
1294 2396 1382 2445 est,
1409 2385 1667 2432 autminus
1695 2402 1705 2430 ε
1730 2384 1825 2430 hoo
1842 2392 1912 2430 est
1932 2382 1982 2429 id
1999 2391 2187 2428 tantum
2213 2379 2348 2444 quod
2365 2378 2443 2426 ille

298 2465 374 2510 cui
410 2465 624 2513 redditur
652 2469 843 2515 meruit.
874 2468 922 2514 Si
945 2467 1051 2531 quis
1073 2475 1235 2513 autem
1263 2466 1404 2513 alicui
1438 2465 1547 2530 plus
1574 2464 1694 2511 boni
1717 2463 1934 2511 conferat
1968 2477 2115 2526 quam
2142 2459 2221 2507 ille
2251 2459 2440 2519 meruit,

298 2554 379 2590 aut
415 2546 572 2593 minus
608 2548 791 2611 infligat
825 2547 954 2606 mali,
991 2547 1148 2611 gratiae
1179 2546 1229 2593 id
1266 2556 1335 2593 est
1369 2546 1530 2611 potius
1562 2560 1705 2608 quam
1741 2542 1947 2606 justitiae.
1986 2542 2117 2588 Sicut
2146 2557 2173 2587 e
2208 2555 2444 2587 converso

298 2623 557 2687 iniquitatis
580 2643 681 2675 esse
711 2628 916 2686 videtur,
946 2627 984 2674 si
1007 2628 1113 2691 quis
1137 2626 1279 2673 alicui
1307 2627 1470 2673 minus
1493 2624 1612 2672 boni
1634 2623 1875 2684 conferat,
1903 2621 1980 2670 vel
2003 2621 2111 2686 plus
2137 2620 2248 2667 mali
2272 2619 2443 2667 reddat

299 2720 443 2766 quam
474 2706 553 2753 ille
579 2709 768 2756 meruit.
798 2712 859 2755 Ut
887 2725 1002 2772 ergo
1027 2707 1087 2754 ad
1121 2708 1427 2772 propositum
1449 2715 1764 2766 revertamur,
1791 2713 1971 2768 quanta
1994 2712 2065 2750 est
2091 2701 2168 2748 illa
2187 2699 2444 2749 crudelitas

303 2785 593 2844 aestimanda,
630 2805 776 2853 quam
809 2793 937 2836 Deus
969 2789 1017 2835 in
1047 2787 1259 2853 parvulis
1289 2803 1510 2835 exercere
1545 2785 1750 2844 videtur,
1787 2794 1839 2831 ut
1869 2782 2092 2831 videlicet
2119 2798 2230 2828 cum
2257 2780 2441 2827 nullum

301 2863 510 2911 inveniat
535 2870 782 2930 meritum,
811 2869 1136 2932 gravissimam
1163 2878 1324 2915 tamen
1348 2866 1593 2914 infernalis
1614 2865 1826 2913 incendii
1848 2880 2042 2930 poenam
2073 2861 2300 2910 inducat?
2322 2861 2445 2908 Hinc

304 2942 432 2988 enim
454 2943 568 2990 illud
588 2957 657 2993 est
684 2950 929 3013 Augustini
953 2950 1001 2996 in
1027 2949 1150 2996 libro
1174 2948 1230 2994 de
1251 2947 1366 2994 Fide
1388 2947 1447 2994 ad
1475 2948 1712 2994 Petrum³2
1746 2965 1769 2991 «
1792 2944 2081 2992 Firmissime
2102 2952 2236 3001 tene,
2263 2951 2310 2987 et
2335 2941 2442 2987 nul·

304 3020 488 3067 latenus
510 3022 698 3072 dubites
723 3044 819 3074 non
845 3028 1001 3074 solum
1027 3028 1246 3076 homines
1263 3029 1363 3092 jam
1387 3027 1574 3074 ratione
1598 3035 1803 3086 utentes,
1833 3041 2000 3072 verum
2028 3023 2169 3070 etiam
2195 3020 2438 3086 parvulos,

304 3103 387 3164 qui
409 3101 506 3149 sive
528 3103 576 3149 in
604 3107 747 3153 uteris
771 3118 985 3179 ‘matrum
1021 3109 1180 3156 vivere
1208 3109 1447 3174 incipiunt
1470 3116 1517 3154 et
1545 3106 1612 3153 ibi
1645 3106 1933 3165 moriuntur,
1961 3105 2060 3152 sive
2077 3103 2176 3167 jam
2206 3101 2305 3148 nati
2340 3101 2442 3147 sine

350 3287 473 3329 ¹.Ioan.,
489 3299 560 3329 cap.
582 3299 625 3329 ix,
646 3300 673 3321 v.
692 3293 721 3323 3.
738 3309 776 3314 -
792 3293 802 3310 ²
817 3292 927 3331 Rom„
943 3302 1012 3333 cap.
1034 3302 1086 3334 xi,
1106 3303 1136 3326 v.
1153 3295 1181 3326 6.
1201 3312 1237 3317 -
1255 3296 1266 3314 ³
1283 3292 1362 3333 neg.
1381 3294 1435 3332 24,
1455 3294 1554 3335 opp,
1577 3298 1601 3324 t.
1621 3290 1675 3331 vl,
1690 3292 1751 3323 eol.
1775 3291 1866 3323 1130.
