2638 3866
821 177 1214 226 lNTRODUCTIO
1250 178 1332 227 AD
1366 178 1776 227 THEOLOGIAM.
2281 183 2374 229 437

226 295 312 326 nec
331 293 568 343 corporea
586 295 660 326 res
678 288 767 339 est,
787 295 877 326 nec
896 277 1113 344 partibus
1126 289 1332 342 constat,
1351 289 1402 327 ut
1416 279 1613 328 dissolvi
1629 282 1796 346 possit.
1817 283 1943 329 Deus
1962 280 2107 346 igitur
2125 295 2215 328 nec
2237 297 2370 342 caro,

227 375 316 406 nec
338 359 491 407 homo
514 376 615 407 esse
636 360 831 426 proprie
860 359 1094 408 dicendus
1123 370 1208 408 est.
1238 361 1460 427 Alioquin
1493 371 1540 409 et
1567 360 1720 408 homo
1744 379 1771 409 e
1795 362 2040 411 contrario
2074 363 2270 428 proprie
2299 362 2375 409 di-

225 440 409 488 cendus
446 450 569 488 esset
603 443 758 500 Deus3
786 439 914 490 unde
951 440 1131 507 aliquid
1166 451 1405 502 creatum,
1432 441 1507 490 vel
1538 442 1671 506 quod
1708 459 1806 489 non
1839 459 2028 509 semper
2051 443 2139 491 fuit
2169 442 2371 490 concedi

221 531 467 587 oporteret
480 525 634 571 Deum
647 539 767 584 esse,
784 539 895 570 cum
907 522 1128 570 videlicet
1142 532 1330 571 constet
1343 522 1594 570 hominem
1608 533 1874 571 creaturam
1888 541 2004 582 esse,
2025 534 2169 589 atque
2179 523 2373 572 initium

212 601 415 654 habere.
435 603 568 651 Absit
590 613 749 652 autem
775 612 827 650 ut
852 603 1061 669 aliquam
1081 620 1185 651 rem
1204 595 1362 652 Deum
1374 620 1475 652 esse
1490 620 1752 670 ponamus,
1774 622 1881 669 quae
1900 622 2000 652 non
2021 622 2213 671 semper
2231 604 2374 652 exsti-

222 684 359 745 terit,
385 694 467 732 aut
498 701 599 732 non
638 701 828 750 semper
856 688 987 733 Deus
1023 677 1186 745 fuerit3
1209 685 1306 733 hoc
1340 686 1521 752 quippe
1549 695 1619 733 est
1641 688 1798 733 Deum
1822 703 2004 733 novum
2028 686 2103 734 vel
2130 696 2372 734 recentem

221 763 457 813 confiteri.
483 768 519 813 A
538 782 635 831 qua
657 765 854 831 quidem
877 767 1186 833 perversitate
1211 770 1341 815 Deus
1364 783 1454 814 nos
1476 766 1719 827 inhibenS‚
1738 766 1826 813 ait¹
1850 785 1859 813 :
1886 788 1907 811 «
1923 768 2081 827 Israel,
2106 768 2144 814 si
2168 766 2375 814 audieris

224 861 325 907 me,
355 863 457 893 non
482 847 571 894 erit
593 847 642 894 in
668 857 714 895 te
738 850 868 895 Deus
890 865 1073 896 recens.
1096 869 1119 893 >>
1147 851 1210 895 Ut
1232 848 1378 913 igitur
1400 848 1669 913 expositum
1693 857 1787 907 est,
1810 864 1924 895 cum
1939 847 2113 895 dicitur
2132 851 2260 895 Deus
2273 847 2374 894 fieri

222 942 363 985 caro,
389 929 464 976 vel
496 931 625 976 Deus
652 913 805 976 liomo
838 946 964 989 esse,
997 930 1066 978 sic
1103 929 1441 996 accipiendum
1471 939 1567 991 est,
1595 938 1650 977 ut
1672 929 1836 977 divina
1864 928 2131 977 substantia
2154 928 2377 977 humanae

220 1009 393 1056 sociari
414 1009 462 1056 in
488 1026 745 1076 personam
760 1027 909 1060 unam
922 1010 1237 1076 intelligatur,
1256 1028 1355 1059 non
1378 1010 1459 1058 illa
1482 1009 1606 1059 effici
1623 1011 1697 1058 cui
1723 1011 1956 1072 sociatur;
1974 1010 2095 1058 sicut
2114 1027 2203 1058 nec
2219 1011 2379 1058 anima

221 1089 431 1140 hominis
456 1107 571 1139 caro
597 1091 650 1139 fit
680 1093 759 1140 cui
785 1093 976 1155 unitur,
1004 1109 1095 1140 nec
1126 1093 1175 1140 in
1209 1094 1309 1157 ejus
1339 1102 1563 1142 naturam
1601 1093 1918 1140 convertitur.
1946 1091 2092 1151 Quod
2130 1091 2381 1155 diligenter

220 1168 389 1220 beatus
433 1173 652 1238 aperiens
694 1172 1006 1232 Athanasius,
1041 1191 1154 1222 cum
1183 1174 1420 1222 unitatem
1458 1190 1678 1240 personae
1712 1173 1887 1222 Christi
1922 1174 1971 1220 in
2003 1172 2193 1220 duabus
2223 1174 2382 1220 consi·

220 1254 387 1301 stentis
408 1255 592 1302 naturis
623 1254 920 1317 defenderet,
948 1256 1011 1304 ait
1032 1255 1092 1304 de
1109 1255 1217 1322 ipso
1236 1273 1246 1302 :
1272 1275 1294 1299 «
1314 1257 1410 1314 Qui
1432 1254 1542 1303 licet
1563 1258 1692 1303 Deus
1708 1256 1767 1302 sit
1788 1265 1834 1302 et
1856 1255 2009 1302 homo
2031 1292 2043 1316 ‚
2070 1271 2173 1302 non
2193 1253 2293 1302 duo
2314 1264 2381 1302 ta·

220 1353 350 1396 men,
372 1336 458 1383 sed
481 1353 608 1384 unus
626 1347 696 1385 est
720 1336 952 1385 Christus.
981 1340 1116 1385 Unus
1139 1347 1317 1398 autem,
1345 1354 1444 1384 non
1468 1337 1785 1385 conversione
1805 1335 2070 1383 divinitatis
2090 1336 2139 1382 in
2164 1352 2378 1397 carnem,

220 1417 303 1463 sed
319 1417 634 1466 humanitatis
652 1419 700 1466 in
730 1421 903 1466 Deum.
933 1422 1069 1466 Unus
1093 1419 1314 1482 omnino,
1335 1435 1435 1466 non
1460 1405 1747 1466 confusione
1770 1417 2068 1477 substantiae,
2096 1416 2180 1465 sed
2201 1418 2385 1465 unitate

220 1513 453 1561 personae.
492 1503 613 1547 Nam
637 1500 758 1546 sicut
780 1500 942 1547 anima
975 1499 1221 1547 rationalis
1249 1509 1296 1551 et
1317 1516 1431 1547 caro
1455 1516 1581 1547 unus
1605 1509 1676 1546 est
1700 1498 1881 1559 homo,
1921 1499 1983 1546 ita
2008 1501 2138 1546 Deus
2164 1507 2211 1546 et
2229 1498 2381 1546 homo

222 1595 348 1626 unus
375 1589 447 1626 est
469 1579 702 1628 Christus.
736 1601 757 1623 ι)
774 1580 885 1628 Tale
912 1590 983 1628 est
1005 1591 1166 1628 autem
1194 1580 1327 1645 quod
1351 1581 1417 1628 ait
1446 1599 1455 1627 :
1485 1583 1614 1628 Deus
1640 1590 1686 1627 et
1702 1579 1854 1627 homo
1872 1589 1986 1626 sunt
2006 1596 2131 1626 unus
2145 1577 2378 1640 Christus,

221 1676 321 1707 non
338 1660 439 1707 duo
453 1660 650 1719 Christi,
674 1662 795 1709 sicut
810 1662 971 1710 anima
987 1671 1035 1709 et
1056 1678 1169 1710 caro
1192 1678 1317 1709 unus
1343 1671 1455 1708 sunt
1476 1661 1629 1708 homo
1647 1697 1659 1721 ,
1688 1677 1788 1707 non
1813 1659 1914 1707 duo
1940 1659 2180 1707 homines.
2202 1662 2383 1718 Quam-

220 1741 290 1788 vis
314 1742 446 1788 enim
472 1741 720 1791 diversitas
743 1754 1026 1791 naturarum
1050 1744 1098 1790 in
1120 1742 1312 1791 Christo
1333 1743 1420 1803 sit,
1449 1742 1621 1789 divinae
1644 1741 1822 1789 scilicet
1841 1751 1888 1788 et
1912 1741 2160 1802 humanae,
2190 1741 2313 1788 sicut
2331 1743 2380 1788 in

221 1837 321 1869 uno
342 1821 543 1870 homine
565 1825 726 1871 anima
742 1834 790 1871 et
813 1839 927 1872 caro
954 1841 1201 1890 corporeae
1224 1834 1337 1871 sunt
1357 1834 1404 1871 et
1425 1823 1726 1889 incorporeae
1745 1832 1951 1881 naturae;
1979 1839 2080 1870 non
2105 1833 2267 1870 tamen
2294 1839 2383 1870 nec

221 1919 413 1951 necesse
427 1913 507 1951 est
530 1904 653 1952 duos
672 1905 784 1966 ideo
802 1905 1014 1953 Christos
1036 1922 1155 1967 esse,
1174 1906 1298 1953 sicut
1317 1922 1408 1953 nec
1427 1904 1551 1952 duos
1570 1904 1816 1964 homineS,
1835 1913 1918 1951 aut
1941 1903 2266 1951 diversitatem
2281 1902 2382 1951 fieri

220 2001 558 2049 personarum,
580 1987 701 2034 sicut
724 1997 795 2035 est
817 1996 1101 2035 naturarum
1125 1988 1174 2034 in
1201 2004 1347 2035 unam
1369 2003 1623 2053 personam
1658 1986 1749 2033 sibi
1776 1985 2165 2049 conjunctarum,
2193 1984 2303 2032 licet
2334 1985 2383 2031 in

220 2066 317 2114 suis
346 2067 724 2133 proprietatibus
750 2069 816 2117 ita
839 2067 1181 2130 discretarum,
1214 2079 1267 2116 ut
1307 2084 1615 2134 nequaquam
1648 2066 1799 2114 altera
1823 2066 2090 2114 substantia
2115 2066 2163 2113 in
2188 2066 2385 2113 alteram

220 2158 527 2196 convertatur
548 2159 749 2215 propter
771 2149 898 2197 hanc
925 2151 1158 2197 unionem
1176 2167 1409 2216 personae.
1433 2149 1578 2208 Quod
1600 2158 1956 2213 consequenter
1978 2147 2154 2213 aperit,
2184 2147 2349 2194 dicens
2372 2166 2381 2193 :

225 2249 246 2271 α
268 2232 401 2276 Unus
418 2239 599 2289 autem,
618 2246 718 2277 non
743 2230 1063 2278 conversione
1081 2230 1342 2279 divinitatis
1361 2232 1409 2279 in
1436 2247 1652 2288 carnem,
1673 2229 1724 2277 id
1743 2239 1813 2277 est
1828 2230 1876 2276 in
1892 2229 2243 2276 humanitatem
2262 2266 2274 2289 ,
2301 2228 2384 2275 sed

220 2325 306 2374 per
326 2311 708 2377 assumptionem
728 2310 1039 2359 humanitatis
1066 2328 1095 2360 a
1114 2315 1218 2360 Deo
1239 2312 1473 2360 factam.»
1494 2310 1591 2358 Alia
1606 2313 1787 2376 quippe
1810 2319 1879 2358 est
1901 2309 2170 2357 substantia
2193 2309 2269 2356 vel
2296 2326 2382 2355 na-

150 2401 153 2403 ’
222 2400 327 2438 tura
356 2408 462 2456 quae
492 2402 736 2459 assumpta
757 2403 848 2454 est,
872 2409 1021 2458 quam
1044 2410 1294 2441 assumens
1311 2430 1323 2454 ,
1349 2393 1461 2441 licet
1476 2409 1579 2440 non
1604 2392 1663 2439 sit
1685 2391 1778 2439 alia
1801 2407 2023 2458 persona.
2050 2389 2195 2448 Quod
2219 2406 2382 2436 rursus

221 2489 467 2537 exponens
491 2474 555 2521 ait
584 2492 593 2521 :
623 2477 759 2522 Unus
783 2474 987 2522 omnino
1015 2491 1102 2540 per
1136 2475 1371 2522 unionem
1397 2490 1644 2540 personae,
1672 2490 1772 2520 non
1800 2490 1886 2539 per
1904 2472 2241 2520 confusionem
2267 2469 2380 2517 sub-

221 2554 426 2616 stantiae,
453 2554 549 2603 hoc
571 2565 641 2602 est
681 2572 781 2603 non
818 2573 905 2622 per
936 2557 1334 2604 commixtionem
1370 2555 1749 2604 substantiarum
1774 2555 1822 2601 in
1848 2570 1997 2601 unam
2033 2563 2251 2599 naturam
2268 2589 2280 2612 ,
2306 2553 2379 2599 vel

221 2651 306 2699 per
330 2636 700 2684 conversionem
736 2637 930 2685 alterius
962 2637 1240 2686 substantiae
1270 2638 1318 2684 in
1350 2637 1568 2685 alteram.
1597 2636 1728 2683 Sicut
1757 2635 1888 2682 enim
1925 2635 1973 2680 in
2009 2650 2110 2680 uno
2150 2635 2254 2680 Deo
2286 2642 2381 2680 tres

221 2732 438 2780 personae
461 2726 571 2764 sunt
595 2727 642 2764 et
667 2734 764 2766 una
786 2717 1052 2767 substantia
1077 2737 1087 2764 ε
1116 2719 1184 2766 ita
1209 2735 1235 2765 e
1258 2718 1503 2765 contrario
1527 2717 1577 2763 in
1598 2715 1789 2763 Christo
1814 2714 1921 2760 duae
1941 2723 2055 2760 sunt
2072 2712 2348 2761 substantiae
2365 2752 2377 2776 ,

220 2795 434 2844 humana
472 2797 651 2845 scilicet
681 2814 736 2846 ac
767 2799 953 2860 divina,
990 2798 1075 2847 sed
1108 2814 1204 2845 una
1235 2798 1284 2844 in
1313 2795 1503 2844 duabus
1535 2795 1811 2843 substantiis
1834 2793 1909 2841 vel
1935 2795 2122 2842 naturis
2150 2811 2374 2860 persona.

223 2877 363 2925 Unde
382 2887 428 2925 et
452 2879 673 2944 superius
692 2879 740 2926 in
766 2879 940 2927 eodem
958 2878 1182 2945 symbolo
1206 2877 1320 2926 fidei
1339 2878 1470 2926 idem
1494 2877 1694 2934 doctor,
1723 2892 1834 2923 cum
1859 2875 2188 2924 diversitatem
2209 2893 2378 2942 perso-

223 2974 395 3006 narum
409 2959 459 3005 in
472 2975 569 3007 una
586 2960 679 3006 Dei
696 2959 960 3008 substantia
980 2959 1357 3016 demonstraret,
1384 2959 1478 3007 ait:
1509 2957 1687 3005 «Fides
1709 2965 1871 3004 autem
1894 2955 2136 3004 catholica
2147 2956 2251 3004 haec
2277 2967 2375 3018 est,

222 3048 275 3085 ut
297 3056 453 3086 unum
475 3042 633 3087 Deum
658 3040 707 3087 in
731 3040 957 3088 Trinitate
972 3076 987 3100 ,
1013 3050 1062 3088 et
1080 3040 1359 3088 Trinitatem
1382 3040 1431 3087 in
1455 3039 1638 3087 unitate
1662 3053 1968 3098 veneremur,
1996 3054 2154 3103 neque
2177 3037 2379 3085 confun-

223 3119 390 3167 dentes
409 3137 659 3186 personas,
677 3137 835 3186 neque
852 3119 1165 3170 substantiam
1185 3130 1513 3187 separantes.»
1529 3123 1663 3167 Tunc
1679 3128 1841 3167 autem
1860 3135 2091 3184 personas
2107 3117 2378 3166 confunde-

268 3306 274 3323 ¹
292 3303 406 3338 Psalm.
428 3313 569 3346 Lxxx‚v.
590 3309 638 3341 10.

386 3381 416 3404 n
2168 3365 2217 3402 18
