2638 3866
293 197 389 246 316
1112 193 1274 240 PETRI
1307 192 1476 242 ABAEL
1484 194 1615 242 ARDI

290 301 528 347 imitantes
541 297 741 354 bonum,
760 294 1058 342 attendentes
1071 294 1204 359 quod
1221 296 1453 361 scriptum
1471 306 1570 344 est:
1589 316 1612 340 «
1629 298 1755 343 Cum
1766 306 1933 344 sancto
1947 308 2137 347 sanctus
2149 301 2258 361 eris,
2278 311 2370 350 etc.
2393 324 2415 346 π

293 398 317 423 «
347 379 600 425 Caritatem
626 374 956 436 fraternitatis,
979 395 1003 417 >2
1029 374 1079 421 id
1101 384 1171 422 est
1193 374 1390 423 effectus
1417 376 1633 424 fraternae
1655 377 1865 423 caritatis
1887 377 2092 425 invicem
2116 391 2390 430 exerc-entes
2405 418 2417 440 ‚

290 468 342 504 ut
372 457 698 520 unusquisque
733 454 834 502 aliis
863 464 1091 518 tanquam
1124 454 1255 501 fratri
1290 454 1566 515 subveniat,
1593 465 1642 504 et
1663 458 1766 504 Deo
1791 466 2021 521 tanquam
2047 459 2174 507 Patri
2208 459 2417 508 obediat.

290 540 394 584 Non
419 536 576 582 solum
611 534 672 581 de
706 533 906 582 utilitate
931 535 1290 600 proximorum,
1328 551 1497 583 verum
1530 536 1674 598 etiam
1705 536 1766 584 de
1790 536 1977 585 honore
2010 538 2225 603 ipsorum
2261 541 2421 604 provi·

289 615 503 663 dendum
532 614 795 673 admonet,
836 613 1025 675 dicens,
1068 634 1090 658 «
1123 612 1354 661 honore»
1397 615 1575 663 scilicet
1612 615 1729 664 alter
1766 615 1993 677 alterum,
2044 618 2225 666 seilicet
2264 636 2455 685 «prae-.-

289 695 551 755 venientes,
586 714 608 737 >›
652 693 701 741 id
752 703 821 742 est
856 695 980 742 inter
1014 711 1101 742 vos
1144 693 1240 741 hoc
1278 694 1614 759 providentes,
1636 706 1706 743 rut
1748 713 1859 744 cum
1902 697 2021 745 alius
2058 715 2142 746 vos
2178 697 2421 747 honorare

287 774 510 833 voluerit,
549 791 637 822 vos
669 774 803 839 prius
826 791 939 822 eum
972 774 1249 833 honoretiS‚
1290 784 1336 821 et
1367 773 1658 823 beneficium
1689 777 1790 841 ejus
1814 787 2025 825 vestrum
2060 779 2344 843 praeveniat,
2369 790 2422 826 ut

285 855 422 918 quasi
456 854 670 902 debitum
701 854 840 902 vobis
872 854 1101 902 reddatur
1131 855 1291 919 potius
1323 871 1468 919 quam
1500 855 1753 904 tribuatur.
1787 859 1909 904 Sunt
1938 867 2100 905 autem
2132 859 2215 923 qui
2247 860 2422 907 nostris

286 950 382 981 non
417 944 557 998 egent
593 933 866 995 beneficiiS,
902 944 949 982 et
982 935 1065 999 qui
1096 935 1245 999 magis
1274 935 1336 983 ad
1366 935 1673 984 dilectionem
1696 937 1885 985 honore
1919 954 2066 1003 quam
2098 938 2298 986 utilitate
2320 949 2422 986 tra-

285 1013 465 1061 huntur
505 1033 515 1062 :
554 1014 762 1079 ideoque
797 1024 908 1079 post
940 1015 1190 1062 utilitatem
1221 1014 1443 1063 beneficii
1476 1016 1537 1063 de
1572 1016 1760 1065 honore
1797 1034 1895 1082 quo
1930 1016 2134 1082 diligunt
2168 1017 2422 1084 Apostolus

285 1094 510 1157 providit.
543 1115 565 1138 «
589 1094 916 1162 Sollicitudine
951 1111 1052 1141 non
1084 1095 1222 1159 pigri,
1242 1114 1266 1138 2>
1301 1094 1398 1143 hoc
1430 1105 1500 1144 est
1537 1096 1733 1144 eftectus
1767 1096 2077 1162 providentiae
2108 1107 2280 1144 nostrae
2309 1114 2421 1162 erga

284 1173 524 1237 subjectos
548 1175 746 1239 implere
770 1191 870 1221 non
887 1173 1178 1236 differentes,
1196 1176 1318 1222 sicut
1335 1176 1566 1241 scriptum
1589 1178 1676 1224 est¹
1695 1195 1705 1224 :
1726 1179 2064 1242 «Quaecunque
2081 1188 2239 1243 potest
2250 1195 2421 1226 manus
2456 1225 2461 1227 ,

284 1263 365 1301 tua
386 1255 617 1302 instanter
637 1271 853 1320 operare,
873 1265 962 1302 etc.
986 1274 1009 1299 »
1037 1276 1059 1299 «
1073 1255 1252 1320 Spiritu
1275 1255 1525 1304 ferventes.
1547 1276 1571 1299 n
1595 1259 1661 1304 Ac
1683 1257 1722 1304 si
1735 1257 1942 1305 diceret:
1961 1261 2016 1304 Et
2031 1258 2183 1305 sinon
2204 1259 2421 1323 poteritis

284 1332 383 1381 haec
411 1335 685 1399 supradicta
706 1335 895 1399 penitus
923 1334 1139 1400 implere,
1170 1334 1273 1382 zelo
1294 1335 1462 1383 saltem
1481 1337 1689 1384 caritatis
1710 1337 1772 1385 ad
1790 1337 1891 1385 haec
1917 1337 2161 1403 implenda
2184 1338 2416 1400 ferveatiS,

284 1424 330 1460 et
360 1414 480 1462 boni
514 1415 733 1463 desiderii
775 1415 998 1462 voluntas
1034 1414 1164 1480 apud
1207 1418 1364 1462 Deum
1401 1416 1624 1464 sufficiet.
1662 1418 1916 1465 «Domino
1951 1419 2266 1466 servientes.»
2309 1421 2420 1466 Post

263 1494 540 1562 ‘fraternam
561 1496 811 1543 *caritatem
829 1479 947 1559 'erga
964 1496 1259 1560 proximum,
1289 1496 1349 1543 ad
1382 1498 1625 1546 caritatem
1651 1498 1758 1555 Dei,
1784 1514 1879 1563 qua
1901 1498 2165 1546 deservitur
2187 1515 2422 1547 conscen-

284 1574 369 1620 dit.
397 1577 522 1622 Bene
545 1586 705 1622 autem
728 1592 840 1622 cum
865 1575 1078 1622 dicturus
1097 1586 1236 1637 esset,
1267 1597 1290 1620 ε(
1309 1579 1520 1625 Domino
1544 1579 1820 1640 servientes,
1840 1597 1863 1621 >³
1888 1579 2112 1644 praemisit
2135 1579 2389 1644 Apostolus
2405 1618 2417 1638 ‚

287 1655 497 1719 «spiritu
531 1656 813 1715 ferventes,»
842 1665 895 1702 ut
928 1655 1029 1703 haec
1061 1658 1262 1704 servitus
1295 1656 1449 1705 filialis
1479 1659 1756 1706 reverentiae
1788 1659 2022 1726 subjectio
2048 1677 2105 1707 ex
2136 1676 2301 1708 amore
2331 1676 2420 1726 po-

283 1736 373 1781 tius
405 1752 552 1799 quam
584 1736 764 1783 servilis
796 1753 854 1782 ex
879 1737 1050 1783 timore
1076 1736 1388 1800 intelligatur,
1418 1737 1686 1786 Christiana
1722 1740 1870 1804 magis
1901 1757 2047 1805 quam
2079 1740 2292 1788 Judaica.
2320 1740 2419 1788 Soli

283 1816 492 1862 Domino
526 1816 775 1875 servimus,
814 1817 1084 1879 cuicunque
1117 1817 1359 1863 servitium
1392 1818 1745 1882 impendamus,
1774 1819 1811 1866 si
1848 1830 2002 1867 totum
2037 1831 2210 1867 nostrae
2233 1820 2420 1884 subjec-

282 1895 425 1942 tionis
451 1894 597 1942 finem
620 1897 669 1943 in
692 1899 795 1943 Deo
816 1897 1181 1957 constituamus,
1207 1897 1246 1943 si
1267 1896 1489 1944 videlicet
1511 1898 1663 1946 solam
1683 1893 2017 1962 reverentiam,
2044 1917 2189 1964 quam
2214 1893 2420 1949 Praelatis

282 1974 591 2037 exhibemus,
629 1987 827 2043 propter
851 1980 1025 2037 Deum,
1053 1977 1189 2041 cujus
1212 1978 1375 2025 vicarii
1397 1988 1525 2035 sunt,
1563 1987 1609 2026 et
1644 1995 1672 2027 a
1703 1996 1800 2044 quo
1828 1981 2115 2045 praelationis
2137 1990 2419 2045 potestatem

281 2066 586 2121 acceperunt,
619 2058 687 2104 eis
717 2057 1016 2105 exhibemus.
1041 2058 1137 2116 Qui
1166 2058 1296 2105 enim
1328 2058 1484 2122 legato
1507 2059 1582 2105 vel
1617 2060 1795 2107 vicario
1833 2060 2033 2124 alicujus
2066 2061 2246 2125 praelati
2281 2059 2421 2108 obse·
2464 2080 2473 2092 ·

281 2136 445 2198 quium
474 2136 726 2202 impendit,
749 2148 950 2202 propter
972 2138 1129 2203 ipsum
1151 2138 1489 2185 tantummodo
1511 2139 1775 2204 praelatum,
1801 2156 1829 2187 a
1855 2157 1952 2204 quo
1977 2141 2293 2198 destinantur,
2332 2141 2418 2205 ipsi

283 2217 590 2265 solummodo
618 2218 812 2283 praelato
836 2219 886 2266 in
918 2219 1013 2266 hoc
1047 2218 1287 2267 deservire
1315 2220 1560 2280 dicuntur,
1592 2230 1640 2267 et
1663 2221 1706 2268 ei
1730 2220 1818 2268 soli
1842 2231 2041 2287 propter
2062 2238 2204 2284 quem
2233 2231 2419 2268 tantum

280 2296 331 2343 id
350 2297 504 2360 agitur
526 2299 769 2344 servitium
795 2298 869 2345 vel
894 2298 1133 2346 honorem
1156 2299 1452 2364 impendere.
1485 2320 1508 2342 «
1527 2302 1620 2364 Spe
1645 2299 1931 2363 gaudentes,
1950 2321 1973 2345 >2
2002 2311 2056 2348 ut
2076 2300 2298 2348 videlieet
2311 2301 2419 2348 sitis
2448 2327 2452 2329 ·

286 2378 374 2423 «in
409 2377 713 2423 tribulatione
747 2378 996 2442 patientes.
1022 2397 1045 2422 »
1083 2379 1221 2426 Unde
1256 2390 1302 2426 et
1339 2379 1593 2444 Apostolus
1634 2380 1893 2428 Jacobus²z
1923 2384 2117 2429 «Omne
2155 2381 2414 2445 gaudium,

282 2458 457 2521 inquit,
500 2458 761 2504 existimate
796 2458 961 2504 fratres
993 2459 1119 2515 mei,
1159 2475 1269 2505 cum
1313 2460 1361 2505 in
1400 2459 1687 2506 tentationes
1722 2460 2010 2522 incideritis,
2048 2461 2248 2507 scientes
2286 2461 2418 2524 qnod

283 2537 517 2601 probatio,
547 2546 637 2584 etc.
659 2556 682 2580 ³>
709 2538 950 2595 Dicturus,
979 2560 1000 2582 α
1018 2539 1065 2584 in
1094 2538 1398 2586 tribulatione
1421 2540 1671 2604 patientes,
1694 2558 1716 2583 ιι
1740 2538 1865 2587 bene
1888 2540 2129 2605 praemisit,
2158 2557 2278 2605 «spe
2302 2555 2417 2604 gau·

280 2618 462 2679 dentes,
490 2637 511 2662 n
548 2627 601 2664 ut
637 2634 743 2683 spes
787 2619 1185 2665 remunerationis
1221 2618 1494 2683 praecedens
1542 2619 1688 2666 fortes
1725 2618 1898 2667 efficiat
1938 2630 2107 2667 contra
2140 2619 2414 2685 passiones,

280 2697 395 2743 dum
427 2697 546 2744 illud
573 2697 826 2744 attendunt
857 2697 991 2762 quod
1027 2698 1258 2762 scriptum
1293 2700 1416 2744 est':
1449 2720 1472 2743 <c
1492 2701 1545 2745 In
1584 2699 1746 2764 paucis
1781 2700 1965 2761 vexati,
2010 2701 2059 2747 in
2098 2699 2260 2746 multis
2295 2698 2418 2748 bene

281 2777 609 2840 disponentur,
642 2787 733 2824 etc.
754 2797 778 2822 υ
807 2779 935 2843 «Spe
959 2778 1236 2842 gaudentes,
1255 2796 1276 2822 ι)
1294 2778 1345 2826 id
1358 2787 1429 2826 est
1443 2780 1772 2844 expectatione
1787 2779 2417 2842 futuraeheatitudinis,cum

282 2872 387 2919 spes
408 2873 508 2902 non
529 2858 619 2903 nisi
640 2857 699 2903 de
718 2857 851 2904 bono
875 2859 932 2904 sit
959 2867 1005 2905 et
1029 2858 1090 2905 de
1109 2858 1287 2916 sut'uro,
1311 2868 1358 2905 et
1376 2859 1491 2921 quia
1512 2876 1568 2906 ex
1591 2870 1755 2907 nostra
1782 2860 1957 2907 virtute
1978 2859 2104 2906 hanc
2125 2859 2175 2905 in
2199 2859 2418 2924 passione

281 2936 598 2982 constantiam
628 2936 806 2983 habere
831 2953 930 2984 non
961 2955 1235 3002 possumus,
1265 2948 1317 2985 ut
1342 2940 1609 2986 orationem
1633 2956 1778 3005 super
1804 2939 1900 2986 hoc
1934 2940 2304 3004 frequentemus,
2331 2936 2417 2984 ad-

283 3025 465 3075 monet,
496 3015 657 3061 dicens
674 3034 682 3060 :
702 3037 723 3059 t<
745 3017 962 3062 Orationi
983 3017 1231 3079 instantes,
1252 3037 1275 3062 »
1302 3017 1352 3064 id
1367 3020 1497 3066 estin
1521 3020 1735 3067 oratione
1755 3029 2075 3085 superstantes
2091 3019 2250 3084 potius
2268 3032 2416 3082 quam

276 3094 502 3155 jacentes.
533 3095 677 3150 Quasi
709 3095 844 3164 enim
857 3095 1067 3158 jacentes
1099 3106 1228 3158 sunt,
1260 3098 1343 3161 qui
1379 3114 1429 3144 se
1462 3097 1523 3146 ad
1548 3101 1704 3146 Deum
1741 3115 1825 3163 per
1849 3098 2157 3147 devotionem
2188 3113 2287 3144 nou
2324 3097 2416 3144 eri-

329 3276 483 3318 ¹Eccles.,
505 3286 579 3317 cap.
596 3285 641 3317 ix,
658 3286 688 3309 v.
711 3278 759 3311 lo.
779 3278 843 3301 -2
859 3276 991 3319 Jacob„
1008 3286 1080 3320 cap.
1099 3287 1123 3319 1,
1143 3287 1172 3312 r.
1191 3281 1224 3313 2.
1242 3296 1280 3304 —
1296 3280 1308 3300 ³
1322 3281 1426 3322 Sap..
1446 3290 1514 3322 cap.
1535 3290 1591 3322 111,
1605 3290 1636 3313 v.
1654 3283 1683 3314 5.
