2638 3866
706 171 1062 222 FRAGMENTA
1093 173 1456 223 THEOLOGIAE
1489 175 1892 226 CHRlSTIANAE.
2283 182 2382 232 809

230 288 394 320 secum
416 272 701 321 aeternaliter
725 273 883 340 aliqua
904 290 1203 339 permanere,
1234 276 1355 323 sicut
1382 275 1432 324 id
1455 276 1497 323 ei
1521 276 1791 341 derogaret,
1824 279 1862 325 si
1889 288 2050 344 posset
2075 278 2230 328 facere
2251 279 2382 331 bona

229 368 336 417 quae
360 368 461 399 non
487 351 689 413 faceret,
717 363 800 401 aut
821 370 922 401 non
945 363 1131 403 tantum
1155 353 1288 403 bona
1311 365 1545 421 quantum
1571 367 1747 423 posset.
1780 357 1917 406 Unde
1948 375 2059 406 eum
2090 361 2254 408 omnia
2276 378 2381 426 quae

229 440 386 497 potest
409 431 562 478 facere
600 449 794 480 necesse
832 443 920 494 est,
948 443 996 481 et
1019 444 1116 482 tam
1140 434 1273 484 bona
1297 446 1537 501 quantum
1569 446 1742 503 potest.
1775 440 1871 485 Nec
1896 447 2055 487 tamen
2080 439 2190 487 ideo
2216 441 2382 490 omnia

229 527 336 576 quae
359 511 421 560 ab
444 528 504 560 eo
533 512 654 560 fiunt
681 529 872 561 necesse
897 523 968 562 est
1002 514 1121 563 fleri.
1150 516 1295 574 Quod
1328 516 1524 582 quidem
1554 517 1695 565 nobis
1718 535 1775 565 ex
1807 518 2135 584 superioribus
2159 522 2382 586 quaestio-

231 591 375 640 nibus
412 610 545 640 nunc
576 592 881 650 solvendum,
917 596 1145 643 occurrit.
1176 597 1406 644 Ponimus
1434 597 1612 661 itaque,
1634 598 1769 662 juxta
1808 599 2109 663 superiorum
2139 601 2380 649 rationum

230 672 472 732 acumina,
509 675 666 720 Deum
697 674 863 721 omnia
891 690 996 739 quae
1021 674 1131 723 facit
1160 677 1428 727 necessario
1459 676 1638 739 sacere3
1676 694 1767 725 nec
1790 686 1967 738 tamen,
1995 688 2047 726 ut
2075 679 2256 726 dictum
2280 691 2376 743 est,

229 769 336 816 quae
370 751 433 800 ab
470 769 530 800 eo
570 751 692 799 fiunt
733 755 1000 802 necessario
1035 754 1166 816 fieri3
1213 757 1392 822 quippe
1427 773 1539 805 cum
1573 756 1794 816 dicimus,
1831 758 2061 822 quoniam
2087 776 2280 807 necesse
2312 770 2381 808 est

228 834 387 880 Deum
415 832 549 879 hunc
581 831 780 894 salvare,
814 835 912 881 vim
947 835 1100 901 ipsam
1124 836 1492 884 necessitudinis
1517 836 1579 884 ad
1603 837 1804 902 subjecti
1827 847 2048 886 naturam
2086 839 2376 901 reducimus,

228 912 364 976 quod
399 922 470 960 est
501 915 647 972 Deus,
685 930 741 961 ac
770 915 807 961 si
838 914 1062 964 videlicet
1093 915 1365 964 diceremus
1396 917 1529 982 quod
1560 920 1691 965 Deus
1729 918 1886 983 reipsa
1925 934 2010 966 sua
2040 928 2213 967 natura
2242 920 2305 967 ita
2333 914 2391 967 id'

228 992 384 1040 facere
413 992 738 1059 compellitur,
775 1004 828 1043 ut
855 994 990 1043 nullo
1021 995 1172 1043 modo
1198 996 1301 1060 ejus
1334 1006 1507 1044 natura
1541 998 1800 1062 permittat,
1835 1008 1887 1045 ut
1920 997 1968 1045 id
2000 998 2063 1046 ita
2087 1015 2186 1045 non
2215 999 2377 1059 saciat,

227 1073 367 1121 sicuti
396 1074 525 1122 facit.
561 1077 668 1121 Non
696 1084 858 1123 tamen
885 1093 1080 1124 necesse
1110 1085 1181 1124 est
1210 1075 1341 1123 hunc
1372 1076 1543 1123 salvari
1572 1094 1657 1143 per
1681 1093 1815 1136 eum,
1851 1094 1962 1125 cum
1988 1078 2257 1125 nullatenus
2287 1096 2380 1126 na-

227 1162 333 1201 tura
367 1154 470 1219 ejus
503 1154 586 1218 qui
613 1154 838 1214 salvatur,
869 1156 920 1204 id
947 1158 1118 1221 exigat,
1151 1166 1203 1204 ut
1225 1157 1327 1223 ipse
1347 1156 1560 1204 salvetur
1586 1175 1596 1203 :
1621 1166 1791 1204 natura
1817 1158 1996 1223 quippe
2018 1158 2119 1221 ejus
2142 1158 2382 1206 mutabilis

227 1244 315 1295 est,
331 1244 379 1287 et
401 1235 451 1282 in
478 1234 614 1282 nullo
639 1252 726 1283 suo
750 1246 875 1284 statu
897 1237 1165 1285 necessario
1185 1236 1296 1285 fixa.
1316 1240 1495 1285 Natura
1506 1254 1622 1285 vero
1647 1237 1808 1285 diviua
1829 1238 1950 1285 sicut
1969 1239 2169 1285 omuino
2196 1238 2380 1285 iucom-

227 1311 472 1363 mutabilis
491 1325 565 1363 est
589 1324 733 1380 atque
754 1316 1059 1379 invariabilis,
1082 1318 1146 1364 ita
1169 1327 1217 1365 et
1236 1318 1285 1364 in
1309 1318 1444 1365 omni
1466 1335 1554 1365 suo
1577 1328 1720 1378 statu,
1743 1334 1802 1365 eo
1826 1318 1974 1365 modo
2006 1335 2104 1382 quo
2132 1328 2382 1384 permanet

225 1395 691 1443 incommutabiliter
719 1397 951 1462 persistit,
977 1408 1123 1463 atque
1153 1415 1209 1446 ex
1233 1398 1337 1464 ipsa
1367 1415 1454 1446 sua
1485 1398 1851 1464 incomparabili
1879 1398 2096 1446 bonitate
2127 1398 2189 1446 ad
2218 1399 2382 1447 omnia

226 1492 333 1540 quae
356 1476 478 1524 velle
511 1493 626 1524 eum
655 1487 701 1524 et
728 1477 882 1526 facere
911 1488 1128 1544 oportet,
1166 1479 1454 1540 necessario,
1491 1489 1544 1526 ut
1567 1479 1631 1526 ita
1664 1479 1841 1538 dicam,
1877 1488 2105 1539 mutatur,
2143 1487 2195 1525 ut
2228 1488 2275 1525 et
2313 1478 2380 1528 sic

223 1556 338 1604 velit
373 1567 420 1605 et
460 1557 693 1623 perficiat.
738 1561 939 1607 Necesse
978 1570 1047 1607 est
1078 1561 1240 1624 itaque
1277 1563 1430 1608 Deum
1467 1559 1517 1606 id
1549 1560 1731 1621 facere,
1776 1559 1909 1624 quod
1942 1575 2041 1605 non
2076 1568 2147 1605 est
2187 1575 2379 1606 necesse

225 1636 287 1685 ab
316 1654 377 1685 eo
415 1637 536 1687 fieri.
577 1638 647 1686 lbi
674 1639 855 1705 quippe
877 1640 948 1688 vis
982 1640 1349 1688 necessitudinis
1381 1640 1443 1688 ad
1469 1640 1819 1688 immutabilem
1848 1639 1936 1686 Dei
1970 1648 2191 1707 naturam
2227 1639 2381 1705 appli-

224 1728 380 1781 catur,
424 1718 506 1766 hic
538 1719 600 1768 ad
629 1721 923 1786 operationis
955 1721 1057 1785 ejus
1079 1720 1476 1768 commutabilem
1501 1730 1753 1781 eventum,
1779 1736 1924 1784 quem
1948 1735 2080 1783 aeque
2107 1718 2209 1765 fieri
2231 1720 2381 1784 possi-

223 1797 321 1845 bile
350 1808 437 1858 est,
472 1816 585 1847 cum
608 1800 791 1848 nullam
815 1800 888 1847 sui
907 1810 1107 1848 eventus
1133 1800 1540 1848 necessitudinem
1569 1810 1744 1847 teneat.
1771 1797 1996 1846 Similiter
2019 1815 2129 1845 cum
2155 1798 2376 1859 dicimus,

224 1878 456 1944 possibile
492 1889 563 1926 est
604 1879 739 1927 hunc
774 1880 944 1928 salvari
975 1897 1063 1946 per
1105 1882 1293 1940 Deum,
1336 1889 1387 1928 et
1425 1879 1658 1946 possibile
1692 1890 1763 1926 est
1793 1883 1948 1926 Deum
1993 1879 2125 1926 hunc
2168 1878 2376 1939 salvare;

220 1958 289 2007 ibi
322 1959 387 2007 ad
421 1969 649 2008 naturam
680 1960 842 2024 hujus,
876 1960 957 2009 hic
990 1961 1053 2008 ad
1088 1969 1313 2009 naturam
1343 1961 1432 2008 Dei
1458 1960 1746 2025 possibilitas
1778 1959 1995 2007 refertur.
2022 1959 2130 2006 Tale
2162 1975 2274 2022 ergo
2307 1969 2379 2007 est

222 2039 360 2104 quod
391 2039 567 2087 dicitur
594 2058 604 2087 :
636 2040 866 2105 possibile
895 2051 967 2089 est
1002 2041 1135 2089 hunc
1167 2041 1341 2088 salvari
1371 2057 1400 2088 a
1432 2043 1554 2102 Deo,
1583 2056 1655 2107 Aac
1689 2041 1728 2086 si
1765 2040 2004 2086 diceretur
2041 2038 2174 2103 quod
2208 2049 2377 2087 natura

224 2121 326 2184 ejus
361 2120 566 2167 omnino
599 2122 897 2185 permitteret
935 2138 1047 2168 eum
1082 2121 1256 2168 salvari
1295 2136 1324 2168 a
1364 2123 1495 2181 Dec,
1536 2136 1649 2167 cum
1688 2119 1822 2166 nullo
1857 2117 2005 2165 modo
2040 2117 2100 2164 ad
2137 2117 2230 2165 hoc
2274 2118 2376 2182 ipsa

222 2210 540 2265 repugnaret3
574 2201 708 2266 quod
738 2201 935 2267 quidem
957 2218 1128 2249 verum
1163 2210 1250 2248 est.
1282 2203 1445 2258 Quum
1466 2216 1581 2247 vero
1620 2199 1795 2247 dicitur
1829 2217 1840 2245 t
1871 2197 2098 2264 possibile
2122 2207 2192 2244 est
2218 2200 2376 2245 Deum

221 2281 406 2329 salvare
439 2282 601 2340 hunc,
640 2281 735 2329 tale
761 2293 831 2329 est
862 2298 919 2330 ac
946 2282 986 2329 si
1013 2281 1200 2330 dicatur
1226 2280 1360 2346 quod
1393 2291 1566 2328 natura
1609 2281 1698 2327 Dei
1735 2279 1936 2327 omnino
1965 2278 2210 2344 permittat
2242 2278 2375 2342 quod

222 2378 336 2409 eum
367 2365 498 2409 Deus
535 2362 708 2421 salvet,
746 2362 881 2427 quod
910 2378 1217 2427 nequaquam
1245 2378 1413 2408 verum
1444 2371 1538 2421 est,
1574 2370 1627 2407 ut
1657 2376 1801 2426 supra
1831 2360 1932 2423 jam
1962 2357 2369 2405 confirmavimus.

217 2443 296 2490 Sic
327 2452 375 2490 et
398 2459 572 2491 vocem
611 2442 876 2491 audibilem
903 2443 1124 2503 dicimus,
1161 2441 1257 2490 hoc
1297 2452 1367 2489 est
1397 2451 1612 2507 apertam
1639 2458 1695 2488 ex
1728 2457 1778 2488 se
1812 2440 1916 2505 ipsa
1938 2438 2127 2496 audiri,
2154 2439 2374 2502 quamvis

222 2523 385 2571 nullus
419 2522 582 2572 adhuc
615 2533 738 2572 esset
774 2524 858 2589 qui
887 2540 992 2571 eam
1038 2522 1205 2571 audire
1244 2522 1505 2584 sufficeret3
1542 2531 1590 2569 et
1629 2538 1799 2585 agrum
1827 2530 1993 2586 aptum
2025 2517 2205 2578 excoli,
2241 2527 2373 2565 ante-

221 2620 370 2667 quam
395 2605 540 2653 etiam
579 2614 823 2653 crearetur
846 2605 930 2670 qui
953 2622 1064 2652 eum
1085 2603 1303 2651 excolere
1326 2603 1522 2651 valeret.
1562 2605 1630 2649 Ex
1654 2618 1705 2649 se
1726 2601 1906 2666 quippe
1930 2599 2042 2665 ipsis
2061 2599 2160 2662 jam
2194 2598 2373 2646 liabent

219 2701 311 2731 vox
351 2694 398 2732 et
433 2702 568 2750 ager,
596 2695 650 2732 ut
680 2702 731 2733 se
763 2685 994 2734 audiendi
1025 2685 1102 2732 vel
1136 2683 1330 2732 colendi
1361 2683 1423 2731 ad
1459 2683 1556 2730 hoc
1590 2682 1767 2730 idonea
1799 2679 2069 2746 praebeant3
2107 2695 2217 2726 cum
2254 2678 2373 2726 nihil

222 2763 420 2812 ulterius
454 2765 503 2812 in
546 2767 614 2813 eis
651 2765 893 2829 agendum
925 2774 1071 2827 esset,
1111 2781 1210 2829 quo
1243 2765 1306 2812 ad
1340 2763 1437 2811 hoc
1470 2771 1828 2829 praeparentur,
1877 2760 1962 2808 sed
1996 2768 2150 2807 totum
2190 2758 2239 2805 id
2270 2759 2372 2824 jam

220 2843 433 2893 habeant
462 2845 597 2910 quod
626 2845 806 2894 habere
836 2862 893 2894 ea
919 2854 1142 2911 oporteat
1162 2844 1223 2893 ad
1252 2843 1549 2893 audiendum
1569 2843 1667 2890 sive
1695 2841 1758 2889 ad
1780 2840 2057 2888 colendum.
2089 2838 2182 2886 Sed
2207 2855 2367 2904 quam·

216 2926 287 2972 vis
325 2936 437 2993 apta
470 2926 566 2974 sint
602 2925 664 2974 ad
693 2926 790 2974 hoc
824 2935 878 2973 ut
912 2925 1172 2974 audiantur
1207 2925 1284 2972 vel
1320 2924 1557 2984 colantur,
1595 2938 1696 2970 non
1738 2922 1839 2986 jam
1881 2930 2043 2968 tamen
2076 2935 2267 2967 necesse
2299 2929 2372 2968 est

221 3016 390 3071 aptum
419 3023 522 3055 esse
554 3006 766 3072 aliquem
790 3016 843 3054 ut
866 3005 962 3054 hoc
993 3005 1158 3054 audiat
1186 3004 1261 3054 vel
1295 3004 1438 3053 colat.
1871 2998 1876 3006 ⁵

1227 3166 1360 3198 rmxs.

380 3335 415 3364 ιι
1372 3321 1375 3324 ’
2076 3315 2151 3354 102
