2638 3866
803 190 1197 242 INTRODUCTIO
1234 191 1316 239 ΑΙ)
1350 190 1756 239 THEOLOGIAM.
2289 191 2341 235 21

212 292 463 356 Sapientiae
478 300 568 338 etc.
579 312 603 335 »
619 301 762 357 atque
778 291 893 340 illud
917 291 1215 340 Psalmistae¹t
1233 290 1471 356 «Spiritus
1490 300 1600 337 tuus
1615 290 1776 337 bonus
1792 287 1999 337 deducet
2017 303 2093 335 me
2111 287 2160 334 in
2176 297 2352 335 terram

213 380 390 419 rectam
410 380 533 418 etc.»
548 371 685 420 Unde
704 380 750 421 et
762 371 1017 437 Apostolus
1029 373 1060 433 ³,
1079 390 1102 414 ε(
1113 373 1242 418 Deus
1255 370 1461 419 charitas
1475 378 1562 427 est,
1581 389 1603 413 ›>
1617 370 1747 435 quia,
1762 378 1878 417 teste
1894 367 2146 432 Gregorio,
2164 367 2354 432 spiritus

211 450 312 515 ipse
335 466 474 498 amor
495 460 582 499 est.
605 454 676 499 De
699 468 798 517 quo
822 452 966 500 etiam
989 450 1278 515 Augustinus
1310 451 1358 497 in
1394 450 1553 516 primo
1579 467 1723 514 super
1747 451 1964 497 Genesim
1980 450 2010 510 ⁸,
2037 464 2096 495 eo
2119 446 2231 494 loco
2257 463 2355 512 quo

209 530 440 595 scriptum
464 541 535 578 est
548 532 586 578 ⁶:
610 550 633 576 «
651 532 854 597 Spiritus
872 530 1112 579 ferebatur
1133 547 1276 596 super
1297 546 1464 596 aquas,
1483 549 1504 575 ι)
1524 530 1588 577 ita
1607 529 1849 577 meminit:
1870 548 1894 574 «
1913 531 2097 592 Egenus
2115 536 2259 592 atque
2282 527 2355 573 in-

209 609 374 673 digens
398 627 536 659 amor
557 611 622 659 ita
643 611 811 676 diligit,
837 620 889 659 ut
910 610 1050 659 rebus
1074 627 1194 675 quas
1217 610 1368 675 diligit
1390 609 1684 674 subjiciatur.
1709 611 1964 674 Propterea
1984 625 2096 656 cum
2117 623 2355 655 memora-

209 699 340 737 retur
371 691 573 756 Spiritus
609 692 806 739 Domini
845 692 895 739 in
929 707 1028 755 quo
1063 701 1227 739 sancta
1250 691 1353 755 ejus
1376 689 1712 738 benevolentia
1737 688 2024 752 dilectioque
2049 687 2353 751 intelligatur,

207 770 465 835 superferri
487 771 643 819 dictus
664 782 752 834 est,
771 788 832 819 ne
855 770 1075 819 faciendo
1100 787 1249 837 opera
1271 787 1356 819 sua
1379 788 1467 837 per
1494 769 1765 838 indigentiae
1787 769 1801 793 ⁸
1818 769 2145 817 necessitatem
2159 806 2171 829 ,
2196 769 2358 833 potius

207 865 354 912 quam
378 868 466 916 per
479 851 827 901 abundantiam
848 851 1174 900 beneficentiae
1185 854 1314 899 Deus
1334 867 1496 900 amare
1517 860 1727 915 putetur.
1750 868 1773 894 »
1792 849 1925 897 Idem
1946 849 1995 895 in
2020 865 2100 895 x1v
2119 848 2180 896 de
2209 851 2359 895 Trini-

209 932 348 977 tate⁶z
369 932 628 996 «Denique
649 933 687 980 si
709 933 757 980 in
774 932 916 980 nobis
938 933 1025 980 Dei
1047 931 1115 980 nil
1137 941 1209 980 est
1223 932 1375 996 majus
1394 931 1640 989 charitate,
1657 939 1705 978 et
1719 929 1907 977 nullum
1919 939 1988 977 est
2002 929 2157 993 majus
2173 928 2357 975 donum

208 1011 297 1058 Dei
318 1028 464 1075 quam
487 1013 690 1078 Spiritus
713 1023 927 1075 sauctus;
954 1013 1073 1078 quid
1103 1013 1492 1076 consequentius,
1516 1028 1662 1076 quam
1682 1009 1816 1076 quod
1840 1011 1941 1075 ipse
1958 1011 2019 1058 sit
2034 1010 2238 1059 charitas
2251 1026 2357 1074 quae

207 1091 382 1139 dicitur
405 1094 534 1139 Deus
551 1129 564 1153 ,
591 1102 639 1140 et
670 1109 727 1140 ex
750 1093 886 1140 Deo?
909 1093 1056 1152 Quod
1081 1093 1120 1140 si
1153 1092 1359 1140 charitas
1390 1109 1487 1157 qua
1522 1091 1672 1156 diligit
1704 1095 1841 1138 Pater
1870 1090 2040 1137 Filium
2057 1128 2070 1152 ,
2096 1100 2143 1137 et
2172 1093 2358 1137 Patrem

209 1170 360 1235 diligit
380 1171 523 1219 Filius
542 1171 866 1233 ineffabiliter,
883 1173 1280 1221 communionem
1302 1174 1560 1221 amborum
1583 1172 1903 1232 demonstrat,
1932 1170 2048 1235 quid
2070 1171 2359 1218 convenien—

208 1250 299 1299 tius
317 1267 464 1316 quam
487 1261 539 1298 ut
563 1251 641 1300 ille
657 1253 853 1318 proprie
874 1253 1062 1301 dicatur
1078 1252 1284 1302 charitas
1301 1271 1407 1319 quae
1429 1253 1625 1319 spiritus
1644 1261 1714 1299 est
1736 1250 2279 1299 communis-amborum
2294 1250 2312 1296 Ρ
2330 1270 2352 1293 n

209 1329 340 1378 Idem
364 1348 510 1396 supra
533 1331 657 1380 libro
678 1335 748 1380 v⁷z
771 1352 791 1378 «
812 1334 1014 1399 Spiritus
1037 1343 1230 1381 sanctus
1252 1333 1521 1381 secundum
1541 1332 1591 1380 id
1610 1331 1745 1396 quod
1761 1331 1944 1378 dictum
1960 1340 2072 1378 est«
2097 1331 2210 1395 quia
2228 1333 2356 1378 Deus

211 1429 234 1452 α
262 1411 455 1476 spiritus
474 1414 586 1475 θεῖ’,
603 1433 624 1455 »
653 1423 809 1479 potest
827 1414 1024 1478 quidem
1049 1413 1377 1461 universaliter
1399 1413 1513 1476 dici,
1537 1414 1648 1478 quia
1673 1422 1722 1460 et
1740 1415 1879 1459 Pater
1903 1411 2122 1476 Spiritus,
2145 1421 2192 1458 et
2213 1411 2356 1458 Filius

206 1491 432 1555 Spiritus,
457 1502 505 1540 et
529 1495 666 1540 Pater
685 1504 902 1556 sanctus,
929 1503 977 1541 et
997 1493 1140 1541 Filius
1168 1503 1375 1542 sanctus.
1403 1513 1425 1538 »
1453 1497 1507 1541 Et
1540 1502 1650 1558 post
1679 1507 1863 1558 pauca:
1890 1491 2137 1556 «Spiritus
2165 1501 2357 1539 sanctus

207 1571 430 1635 quaedam
456 1574 602 1621 Patris
629 1574 828 1638 Filiique
851 1574 1133 1621 communio
1157 1583 1244 1635 est,
1273 1583 1319 1621 et
1342 1573 1454 1620 ideo
1478 1572 1675 1620 fortasse
1697 1572 1765 1619 sic
1787 1571 2070 1637 appellatur,
2097 1571 2212 1634 quia
2232 1571 2356 1619 Patri

207 1660 255 1697 et
283 1651 400 1699 Filio
429 1663 588 1717 potest
623 1653 789 1702 eadem
826 1653 1083 1719 appellatio
1117 1654 1394 1701 convenire.
1426 1656 1490 1700 Ut
1512 1670 1626 1717 ergo
1659 1669 1717 1700 ex
1748 1652 1947 1699 nomine
1979 1650 2114 1715 quod
2143 1652 2356 1715 utrisque

207 1731 455 1797 convenit,
491 1733 740 1798 utriusque
772 1733 1056 1781 communio
1089 1732 1398 1797 significetur,
1430 1742 1627 1780 vocatur
1656 1732 1841 1779 donum
1870 1730 2124 1779 amborum
2153 1732 2356 1797 Spiritus

207 1821 414 1859 sanctus.
445 1833 467 1856 »
493 1813 626 1860 Idem
652 1814 701 1860 in
726 1815 845 1861 xv⁹z
874 1834 896 1858 α
925 1813 1084 1861 Multis
1108 1806 1339 1880 exemplis
1364 1813 1460 1861 dici
1493 1823 1693 1879 possunt
1726 1814 1987 1861 multarum
2021 1829 2182 1860 rerum
2211 1828 2355 1860 voca·

205 1890 323 1939 bula
343 1901 391 1939 et
412 1893 744 1941 universaliter
765 1895 913 1960 poni,
939 1904 986 1942 et
1007 1895 1209 1960 proprie·
1227 1894 1518 1959 quibusdam
1542 1893 1686 1941 rebus
1708 1892 1946 1941 adhiberi.
1973 1895 2077 1940 Hoc
2100 1892 2210 1940 ideo
2229 1893 2348 1954 dixi,

209 1987 268 2018 ne
292 1972 546 2037 quisquam
569 1984 824 2039 propterea
852 1991 943 2021 nos
972 1975 1371 2022 inconvenienter
1393 1974 1627 2022 existimet
1658 1974 1939 2021 charitatem
1968 1972 2208 2038 appellare
2239 1974 2353 2038 Spi—

207 2051 350 2099 ritum
375 2063 622 2115 sanctum,
644 2054 758 2119 quia
782 2064 830 2102 et
851 2057 981 2102 Deus
1009 2058 1164 2116 Pater,
1190 2064 1236 2102 et
1260 2057 1388 2101 Deus
1410 2055 1580 2116 Filius,
1606 2064 1809 2119 possunt
1835 2053 2039 2101 charitas
2063 2053 2307 2119 appellari.
2327 2072 2350 2097 »

205 2130 399 2179 Clarum
421 2133 582 2197 itaque
601 2150 658 2181 ex
678 2150 824 2199 supra
845 2135 1012 2199 positis
1034 2133 1242 2182 arbitror
1265 2134 1563 2196 testimoniis,
1591 2134 1824 2195 divinam,
1852 2144 1906 2181 ut
1929 2134 2153 2194 diximUS,
2182 2143 2352 2199 poten-

207 2211 320 2259 tiam
337 2212 577 2260 vocabulo
602 2214 751 2261 Patris
770 2214 991 2279 exprimi,
1015 2213 1229 2261 divinam
1252 2215 1534 2279 sapientiam
1553 2214 1724 2262 Filium
1742 2214 1957 2278 intelligi,
1977 2231 2034 2262 ac
2057 2213 2229 2261 divinae
2250 2230 2352 2278 gra-

205 2291 279 2338 tiae
298 2291 566 2340 bonitatem
588 2294 820 2359 Spiritum
842 2303 1062 2342 sanctum
1080 2294 1327 2360 appellari.
1351 2295 1461 2344 Tale
1483 2296 1643 2359 itaque
1662 2306 1731 2343 est
1752 2295 1912 2343 dicere
1935 2295 2129 2343 Domini
2154 2305 2354 2360 potesta-

206 2381 321 2433 tem,
346 2388 402 2419 ac
423 2373 462 2419 si
486 2372 703 2421 dicamus
725 2373 942 2421 divinam
963 2375 1232 2440 potentiam
1247 2412 1260 2437 ,
1289 2392 1346 2422 ex
1380 2392 1477 2440 qua
1503 2376 1668 2423 divina
1691 2377 1849 2440 genita
1883 2385 1952 2423 est
1976 2376 2221 2441 sapientia.
2244 2375 2352 2422 Tale

205 2460 276 2499 est
295 2462 341 2499 et
364 2451 541 2514 dicere,
560 2456 717 2501 Deum
733 2453 904 2501 Filium
920 2473 932 2514 ;
960 2455 1097 2519 quasi
1122 2454 1410 2518 diceremus,
1437 2456 1653 2504 divinam
1674 2457 1953 2522 sapientiam
1972 2473 2030 2503 ex
2048 2455 2207 2503 divina
2226 2456 2353 2518 geni—

204 2541 303 2579 tam
324 2533 556 2597 potentia.
577 2534 809 2599 Spiritum
832 2551 948 2586 vero
978 2544 1197 2582 sanctum
1220 2552 1330 2582 cum
1356 2535 1560 2583 dicimus
1577 2574 1590 2598 ,
1619 2536 1712 2584 tale
1736 2546 1831 2598 est,
1854 2553 1911 2584 ac
1934 2537 1972 2583 si
1995 2551 2350 2583 commemore-

205 2626 312 2658 mus
334 2611 506 2660 divinae
534 2612 764 2661 bonitatis
794 2614 1098 2676 charitatem,
1121 2631 1176 2662 ex
1198 2618 1334 2663 Patre
1355 2625 1402 2663 et
1424 2615 1542 2663 Filio
1566 2616 1744 2681 pariter
1764 2616 2122 2681 procedentem.
2151 2614 2345 2662 Modum

204 2706 318 2738 vero
336 2690 479 2756 hujus
501 2694 823 2757 generationis
842 2710 927 2741 seu
950 2695 1271 2760 processionis
1304 2705 1451 2760 prout
1472 2696 1710 2743 Dominus
1731 2695 1943 2756 dederit,
1969 2696 2017 2741 in
2041 2694 2348 2759 sequentibus

204 2786 518 2836 exponemus.
549 2776 688 2821 Nunc
716 2783 878 2822 autem
910 2774 972 2822 ad
1003 2784 1177 2822 nostrae
1211 2774 1324 2822 fidei
1354 2776 1666 2823 assertionem
1688 2775 1914 2823 adversus
1939 2775 2189 2823 universos
2210 2773 2346 2820 Chri-

204 2849 364 2897 stianae
382 2850 493 2898 fidei
513 2851 768 2914 derisores,
790 2863 887 2901 tam
909 2854 1099 2902 Judaeos
1120 2854 1298 2902 scilicet
1319 2870 1466 2919 quam
1491 2854 1719 2916 Gentiles,
1741 2871 1798 2902 ex
1823 2855 2010 2920 scriptis
2032 2870 2200 2903 eorum
2219 2855 2350 2902 testi-

247 3048 252 3065 ¹
271 3044 387 3078 Psatm.
418 3054 524 3087 cxiii,
556 3057 593 3080 v..
614 3050 664 3082 10.
678 3065 720 3073 -
734 3048 780 3089 ²1,
798 3048 906 3090 Joan.,
938 3059 1011 3092 cap.
1033 3059 1078 3090 iv,
1103 3060 1133 3083 v.
1152 3051 1182 3083 8.
1200 3067 1242 3075 -
1317 3051 1485 3092 telligitun
1510 3051 1684 3092 superferri
1704 3053 1812 3084 dietus
1834 3054 1935 3091 est,»
1953 3054 2028 3088 etc..
2045 3055 2107 3082 etc.
2129 3066 2170 3073 -
2186 3052 2196 3070 ⁴
2215 3050 2342 3086 Genes„

201 3101 214 3119 ³
225 3099 325 3141 Opp„
345 3105 368 3132 t.
388 3109 437 3140 ιιι,
453 3102 514 3134 col.
535 3102 605 3136 121.
624 3102 728 3135 Locus
743 3105 790 3135 sic
806 3096 1027 3137 restituendus
1038 3114 1047 3137 ι
1060 3105 1138 3138 «An
1154 3114 1242 3147 quo-
1312 3113 1383 3145 cap.
1403 3114 1427 3145 ι,
1445 3113 1476 3138 V.
1493 3107 1525 3138 2.
1536 3123 1574 3129 -—
1589 3108 1600 3127 ⁵
1617 3107 1668 3139 Sic
1678 3106 1760 3139 Cod.
1778 3104 1860 3137 Vict.
1879 3103 2076 3145 Diliyentiae
2093 3105 2186 3136 Amb.
2200 3104 2256 3131 -—⁶
2272 3103 2344 3136 Lib.

205 3154 289 3185 niam
308 3163 430 3194 egenus
445 3161 542 3196 atque
559 3157 689 3196 indigus
703 3157 849 3189 amorita
860 3159 979 3199 diligit,
997 3163 1034 3191 ut
1046 3160 1146 3191 rebus
1159 3169 1242 3200 quas
1312 3159 1382 3199 XV,
1399 3168 1470 3200 cap.
1493 3161 1542 3194 19.
1560 3160 1660 3202 Opp..
1681 3166 1703 3193 t.
1724 3158 1808 3199 vni,
1826 3159 1888 3191 col.
1906 3160 1979 3191 993.
1991 3176 2029 3182 —
2041 3160 2050 3178 ⁷
2068 3158 2139 3191 Lib·
2157 3157 2192 3196 V,
2209 3165 2280 3197 0³1³·
2296 3165 2345 3188 ΧΙ-

204 3204 311 3247 diligit
327 3206 537 3248 subjiciatur,
557 3214 731 3249 propterea
747 3218 821 3241 cum
839 3217 1152 3243 commemoraretur
1165 3213 1239 3253 spi·
1314 3214 1419 3256 Opp.‚
1448 3219 1472 3246 t.
1501 3212 1584 3254 vill,
1607 3214 1668 3247 col.
1695 3215 1769 3247 839.
1794 3230 1835 3237 —
1862 3213 1874 3231 ⁸
1889 3212 1996 3251 Jnan..
2027 3221 2098 3253 cap.
2124 3220 2168 3252 iv,
2185 3219 2214 3242 v.
2234 3211 2285 3243 24.
2304 3227 2341 3234 —

205 3259 287 3291 ritus
304 3259 360 3292 Del
380 3262 410 3293 in
428 3270 495 3302 quo
513 3267 625 3295 sancta
640 3265 711 3304 ejus
727 3264 953 3298 benevolentia
970 3265 1169 3306 dilectioque
1184 3267 1240 3298 in-
1312 3268 1324 3287 ⁹
1338 3266 1417 3307 Cap.
1437 3275 1518 3299 xvii.
1536 3267 1643 3309 Opp.,
1661 3271 1684 3300 t.
1703 3265 1773 3299 vul
1785 3291 1793 3307 ,
1816 3267 1879 3299 col.
1902 3268 1975 3300 988.
