2638 3866
258 243 353 291 658
1066 240 1237 287 PETRI
1271 238 1585 288 ABAELARDI

259 343 360 406 ejus
391 353 488 389 tam
518 341 758 388 vernaculi
785 357 931 404 quam
961 341 1163 405 emptitii
1185 350 1233 387 et
1254 340 1528 404 alienigenae
1550 340 1726 405 pariter
1749 339 2022 387 circumcisi
2044 349 2174 386 sunt.
2199 357 2223 382 »
2251 339 2395 397 Quod

259 422 401 468 etiam
437 421 664 468 induxisti
687 438 697 466 :
732 441 754 464 «
776 416 971 468 Pactum
997 437 1113 468 vero
1136 437 1299 468 meum
1327 430 1534 468 statuam
1558 419 1620 468 ad
1642 423 1796 479 Isaac,
1820 439 1843 464 »
1872 419 2282 467 animadvertatur
2304 436 2397 466 vo-

257 500 360 547 lens
387 500 482 546 hoc
503 509 690 547 tantum
713 499 773 547 de
798 511 940 565 pacto
965 500 1358 562 circumcisionis,
1385 517 1485 547 non
1509 510 1708 548 terrenae
1727 499 2078 565 promissionis,
2106 498 2395 561 intelligere3

258 579 377 626 nihil
399 580 543 626 etiam
563 579 780 644 impedit,
802 581 923 628 sicut
941 579 1087 645 paulo
1105 590 1216 628 ante
1238 581 1535 646 praemissum
1553 590 1642 641 est,
1665 580 1799 644 quod
1822 579 1997 627 dicitur
2017 597 2030 626 ε
2055 597 2080 623 «
2100 574 2398 625 Constituam

257 668 449 723 pactum
473 676 637 706 meum
662 659 730 706 illi
758 660 807 707 in
836 660 989 707 soedus
1018 660 1394 725 sempiternum3
1424 669 1472 708 et
1489 660 1661 708 semini
1686 660 1787 724 ejus
1812 670 1922 725 post
1948 675 2079 706 eum.
2103 677 2127 703 »
2151 658 2249 705 Etsi
2269 658 2399 705 enim

257 739 423 786 Ismael
453 756 647 804 quoque
682 757 738 787 ex
762 750 1001 806 praecepto
1034 740 1231 788 Domini
1266 741 1576 788 circumcisus
1606 741 1692 799 sit,
1727 757 1828 787 non
1857 740 1906 787 in
1942 756 2002 787 eo
2038 739 2278 786 Dominus
2310 738 2399 785 cir-

257 819 603 867 cumcisionem
629 820 815 882 statuit,
846 821 895 867 in
920 820 1055 884 cujus
1076 822 1352 885 posteritate
1375 838 1474 868 non
1498 820 1836 886 perseveravit.
1863 818 2010 877 Quod
2029 835 2146 866 vero
2167 817 2260 865 Job
2285 834 2400 882 gen-

258 898 388 946 tilem
426 899 473 946 in
515 900 789 965 exemplum
823 900 1023 962 duxisti,
1064 917 1177 947 cum
1215 918 1327 948 eum
1358 901 1748 948 incircumcisum
1787 916 1888 947 non
1922 899 2077 965 possis
2110 898 2400 946 convincere

257 988 338 1025 aut
357 989 466 1043 post
480 979 829 1027 institutionem
848 980 1227 1028 circumcisionis
1247 982 1493 1043 exstitisse,
1513 981 1637 1028 sicut
1653 980 1782 1028 enim
1801 979 2051 1027 Ismaelem
2068 977 2129 1026 ab
2137 977 2397 1036 Abraham,

257 1059 323 1106 sic
345 1063 471 1107 Esau
494 1060 555 1107 ab
583 1061 750 1122 Jacob,
777 1071 825 1108 et
852 1060 1086 1127 reprobos
1112 1078 1309 1126 quoque
1340 1061 1463 1108 filios
1492 1061 1615 1108 sicut
1646 1060 1823 1108 electos
1852 1076 1879 1108 a
1908 1058 2192 1125 patriarchis
2226 1074 2402 1106 secun-

257 1139 375 1186 dum
410 1151 701 1206 praeceptum
733 1141 930 1188 Domini
963 1151 1151 1189 constat
1174 1158 1274 1189 esse
1305 1141 1732 1201 circumcisos‚rut
1755 1140 1870 1188 hinc
1899 1141 2043 1188 etiam
2073 1140 2292 1204 ipsorum
2315 1154 2402 1203 po·

256 1222 383 1280 steri,
412 1221 450 1267 si
472 1221 555 1285 qui
576 1224 680 1268 Deo
703 1220 1020 1281 adhaererent,
1043 1222 1423 1270 circumcisionis
1442 1220 1719 1286 exemplum
1742 1228 2015 1278 sumerent,
2042 1220 2111 1267 sic
2133 1228 2180 1266 et
2201 1235 2290 1266 vos
2310 1218 2401 1283 ipsi

258 1318 407 1365 usque
430 1301 577 1348 hodie
605 1303 815 1363 servatis,
849 1303 935 1367 qui
960 1303 1209 1350 lsmaelem
1233 1313 1419 1369 patrem
1441 1313 1656 1350 vestrum
1677 1302 1918 1349 imitantes
1947 1317 2077 1349 anno
2108 1299 2400 1347 duodecimo

254 1382 668 1429 circumcisionem
704 1383 932 1448 accipitis.
969 1384 1156 1431 Scimus
1186 1394 1233 1431 et
1256 1383 1492 1449 populum
1528 1392 1752 1430 nostrum
1782 1381 1961 1430 multos
1990 1398 2048 1429 ex
2083 1379 2305 1445 gentibus
2335 1379 2397 1427 ad

255 1462 407 1526 legem
430 1479 689 1511 conversos
711 1463 937 1512 habuisse
961 1465 1243 1530 proselytos,
1267 1481 1368 1512 non
1393 1475 1491 1512 tam
1510 1462 1731 1511 videlicet
1752 1479 1811 1511 ex
1833 1472 2089 1528 parentum
2112 1461 2397 1520 imitatione,

255 1559 401 1606 quam
436 1560 493 1590 ex
532 1554 735 1607 cognata
770 1545 961 1606 virtute,
990 1544 1122 1609 quod
1158 1544 1219 1592 de
1253 1544 1347 1592 Joh
1381 1561 1580 1609 quoque
1612 1544 1772 1608 potuit
1805 1542 2042 1600 accidere,
2077 1558 2224 1606 quem
2256 1541 2401 1588 etiam

258 1640 390 1670 more
410 1634 577 1671 nostro
596 1634 792 1690 accepta
815 1628 918 1672 Deo
943 1625 1174 1673 sacrificia
1197 1636 1294 1673 tam
1317 1643 1406 1691 pro
1427 1626 1536 1673 filiis
1557 1642 1704 1690 quam
1727 1624 1891 1672 amicis
1912 1623 2133 1671 videmus
2154 1621 2396 1669 obtulisse.

258 1703 403 1760 Quod
436 1705 580 1751 etiam
605 1704 850 1768 objectum
885 1716 954 1753 est
984 1723 1074 1754 nec
1097 1705 1423 1753 observationi
1447 1706 1593 1754 totius
1629 1705 1745 1770 legis
1783 1705 2223 1753 remunerationem
2247 1703 2402 1750 ‘fuisse

256 1784 560 1848 promissam,
596 1785 687 1831 nisi
718 1786 1036 1850 temporalem
1067 1795 1211 1850 atque
1244 1796 1513 1847 terrenam,
1547 1803 1638 1833 nec
1665 1787 1932 1833 Dominum
1955 1785 2018 1833 ad
2041 1784 2401 1850 persuasionem

255 1865 353 1912 sive
393 1865 851 1913 condemnationem
884 1866 999 1930 legis
1032 1865 1233 1931 provide
1271 1882 1547 1930 perorasse,
1583 1866 1619 1913 si
1657 1883 1758 1913 non
1793 1865 2017 1929 legalium
2052 1873 2402 1929 praeceptorum

255 1945 469 2008 impletio
492 1945 640 1993 vitam
664 1956 903 1993 mereatur
923 1956 1170 2006 aeternam,
1193 1946 1327 1993 facile
1352 1957 1422 1994 est
1442 1946 1608 2004 refelli,
1637 1963 1750 1994 cum
1772 1963 1829 1993 ex
1847 1946 1950 2010 ipsa
1975 1960 2173 2010 quoque
2197 1944 2403 1991 circum·

254 2026 432 2072 cisione
460 2042 607 2089 quam
632 2026 706 2073 lex
735 2027 965 2091 praecipit,
998 2026 1211 2074 Domino
1238 2028 1287 2073 in
1317 2036 1606 2092 perpetuum
1636 2026 1852 2074 foederati
1883 2041 2074 2083 sumus,
2104 2034 2159 2071 ut
2187 2023 2303 2071 dixi.
2332 2024 2402 2071 Ad

256 2105 374 2170 quid
393 2105 537 2152 etiam
557 2122 647 2153 nos
669 2123 726 2153 ex
752 2107 986 2154 universis
1010 2106 1233 2171 gentibus
1255 2107 1304 2153 in
1329 2108 1569 2172 populum
1592 2106 1885 2172 peculiarem
1908 2104 1998 2152 sibi
2018 2104 2159 2168 elegit
2181 2113 2228 2150 et
2248 2103 2401 2167 legem

256 2203 341 2252 per
365 2203 512 2250 qnam
538 2187 691 2234 sancti
722 2186 1022 2235 efficeremus
1044 2187 1195 2246 dedit,
1225 2188 1263 2234 si
1288 2189 1533 2253 praesentis
1555 2197 1744 2235 tantum
1770 2187 1877 2234 vitae
1900 2185 2072 2250 gaudia
2088 2221 2100 2244 ,
2126 2201 2232 2249 quae
2254 2184 2404 2247 magis

256 2266 451 2330 reprobi
488 2282 634 2330 quam
670 2266 807 2313 electi
842 2267 1118 2332 possident,
1157 2285 1225 2315 ex‘
1250 2267 1560 2333 superaddita
1594 2267 1709 2332 legis
1740 2265 2046 2314 observantia
2078 2263 2402 2311 deberentur?

257 2347 305 2392 Si
338 2347 560 2393 sanctitas
582 2346 720 2393 vobis
744 2347 819 2394 vel
855 2347 1151 2411 quibuslibet
1178 2348 1459 2396 hominibus
1492 2349 1682 2396 beatam
1715 2357 1762 2395 et
1785 2347 2108 2394 immortalem
2138 2345 2286 2391 vitam
2309 2344 2404 2391 ad·-

257 2427 418 2490 quirit,
458 2437 647 2474 constat
681 2429 919 2492 praecipue
954 2439 999 2475 et
1031 2428 1159 2476 hanc
1189 2428 1372 2492 exlege
1407 2428 1550 2476 nobis
1576 2428 1758 2486 deberi,
1796 2428 1834 2475 si
1858 2444 1944 2474 vos
1973 2428 2075 2489 ejus
2101 2424 2403 2472 observantia

259 2506 539 2554 sanctificat.
575 2507 851 2555 Sanctificat
873 2518 1035 2556 autem
1065 2508 1285 2573 profecto
1316 2509 1438 2555 sicut
1468 2518 1517 2555 et
1538 2508 1641 2574 ipse
1665 2507 1906 2555 Dominus
1937 2506 2077 2553 nobis
2099 2522 2185 2570 per
2207 2507 2402 2569 Moysen

258 2588 470 2652 loquitur
505 2587 668 2635 dicens
694 2591 736 2634 ¹:
781 2609 803 2634 κ
825 2589 873 2635 Si
907 2606 1022 2652 ergo
1057 2589 1301 2645 audieritis
1338 2605 1509 2637 vocem
1543 2604 1727 2647 meam,
1767 2597 1815 2634 et
1853 2585 2171 2634 custodieritis
2209 2593 2403 2649 pactum

258 2684 439 2727 meum,
467 2668 594 2715 eritis
614 2667 732 2715 mihi
756 2669 804 2715 in
825 2669 1067 2734 peculium
1093 2669 1153 2716 de
1173 2670 1359 2716 cunctis
1379 2667 1598 2734 populis;
1626 2683 1734 2715 mea
1754 2676 1825 2714 est
1847 2667 1979 2714 enim
2002 2665 2161 2713 omnis
2187 2674 2327 2723 terra,
2356 2675 2403 2712 et

257 2765 343 2794 vos
368 2748 485 2795 mihi
511 2750 559 2795 in
584 2765 785 2813 regnum
809 2749 1103 2797 sacerdotale
1129 2761 1176 2798 et
1201 2766 1316 2814 gens
1343 2758 1524 2797 sancta.
1547 2769 1570 2792 »
1599 2747 1862 2807 Quomodo
1885 2747 2029 2811 igitur
2051 2763 2142 2793 nos
2164 2746 2400 2810 populum

258 2828 548 2890 peculiarem
571 2839 617 2876 et
639 2830 894 2895 proprium
922 2830 1013 2878 sibi
1037 2831 1178 2895 elegit
1203 2841 1251 2878 et
1272 2847 1359 2896 per
1382 2831 1538 2894 legem
1559 2828 1848 2890 sanctificat,
1875 2828 1915 2875 si
1938 2844 2025 2875 vos
2048 2826 2124 2874 vel
2146 2826 2266 2873 alios
2288 2825 2402 2873 bea-

259 2907 404 2954 tiores
429 2907 605 2956 efficit?
636 2912 690 2955 Et
712 2919 824 2974 post
853 2910 1013 2975 aliqua
1043 2927 1157 2958 cum
1190 2928 1280 2959 nos
1311 2910 1375 2958 ad
1404 2910 1732 2958 obedientiam
1758 2909 1874 2972 legis
1907 2907 2247 2955 adhortaretur
2270 2906 2361 2953 ait’
2386 2923 2396 2950 :

264 3007 286 3028 «
308 2989 408 3049 Ego
431 2989 561 3035 enim
585 3005 692 3035 sum
717 2992 847 3036 Deus
879 3001 987 3037 tuus
1011 2990 1190 3039 faciens
1215 2991 1593 3039 misericordiam
1617 2991 1667 3037 in
1692 2989 1864 3047 millia,
1894 2987 1970 3035 his
1991 2987 2076 3051 qui
2098 2985 2302 3049 diligunt
2325 3000 2403 3031 me

257 3076 304 3112 et
333 3066 610 3115 custodiunt
633 3078 871 3133 praecepta
894 3085 1017 3117 mea.
1045 3091 1067 3114 »
1093 3070 1225 3128 Quid
1247 3081 1408 3118 autem
1437 3080 1508 3118 est
1528 3070 1705 3117 faciens
1741 3066 2118 3116 misericordiam
2150 3065 2200 3111 in
2237 3063 2399 3122 millia,

255 3147 347 3193 nisi
367 3145 543 3193 faciens
567 3147 943 3196 misericordiam
963 3150 1223 3214 perfectam
1247 3161 1391 3216 atque
1413 3159 1801 3198 consummatam
1826 3164 1971 3212 super
1993 3162 2139 3210 quam
2165 3144 2293 3191 nulla
2318 3159 2399 3191 ex-

305 3330 311 3348 ¹
327 3328 433 3362 Exod.
446 3353 455 3370 ,
469 3337 540 3370 cap.
559 3337 626 3370 xlx,
644 3337 674 3361 v.
688 3331 708 3363 5
723 3334 756 3361 et
772 3331 802 3362 6.
824 3348 861 3354 —
878 3329 1004 3372 ²Ibid.,
1017 3340 1086 3372 cap.
1106 3340 1166 3373 xx,
1190 3341 1219 3365 v.
1238 3334 1269 3365 6.
