2638 3866
320 197 413 246 206
1122 197 1292 242 PETRI
1327 198 1641 245 ABAELARDI

319 297 480 344 sione?
504 297 551 342 Si
574 311 685 359 ergo
705 297 942 342 Dominus
962 295 1055 343 hoc
1077 297 1350 361 permittere
1386 307 1607 358 cessaret,
1650 297 1838 344 nullum
1859 299 2029 345 tortori
2053 299 2130 362 jus
2159 314 2441 366 superesset,

319 377 395 423 cui
429 376 624 440 quidem
659 376 974 439 conquerenti
997 376 1072 424 vel
1096 377 1414 424 murmuranti
1438 376 1666 424 adversus
1689 378 1954 425 Dominum
1985 379 2142 426 statim
2166 383 2448 447 responderi

319 473 345 503 a
369 456 578 503 Domino
605 455 912 502 conveniret¹
935 475 946 503 :
978 459 1088 502 «An
1115 456 1283 503 oculus
1317 465 1423 504 tuus
1446 473 1656 520 nequam
1684 466 1754 504 est
1788 459 1902 522 quia
1932 475 2021 522 ego
2054 457 2214 507 bonus
2244 479 2351 509 sum
2374 464 2394 510 Ρ
2419 483 2443 509 »

319 538 423 582 Non
451 535 557 582 fecit
580 535 814 582 Dominus
836 536 1057 599 injuriam
1082 535 1294 595 diabolo,
1321 553 1431 584 cum
1455 536 1517 584 de
1539 554 1693 585 massa
1717 539 1980 603 peccatrice
2002 555 2198 588 carnem
2214 543 2447 591 mundam

317 623 362 660 et
384 614 629 661 hominem
656 614 717 661 ab
740 616 873 662 omni
896 626 1092 681 peccato
1116 617 1380 662 immunem
1409 618 1686 682 susceperit.
1713 619 1807 676 Qui
1831 619 2029 684 quidem
2051 619 2200 668 homo
2227 638 2329 669 non
2352 621 2447 671 hoc

316 694 496 740 meritis
528 694 760 754 obtinuit,
791 706 843 742 ut
872 697 972 743 sine
997 706 1192 761 peccato
1227 697 1578 761 conciperetur,
1618 708 1893 747 nasceretur
1921 710 1968 748 et
1990 712 2336 765 perseveraret,
2364 703 2448 751 sed

315 789 401 838 per
418 775 613 836 gratiam
631 775 926 840 suscipientis
944 793 1054 823 eum
1070 776 1282 823 Domini.
1301 777 1545 841 Numquid
1564 777 1735 826 eadem
1754 780 1903 842 gratia
1918 781 1959 828 si
1975 782 2155 829 caeteris
2167 781 2446 831 hominibus

315 863 509 918 peccata
529 853 767 902 dimittere
788 855 944 916 vellet,
964 855 1164 903 liberare
1181 872 1264 903 eos
1286 872 1313 903 a
1336 858 1490 921 poenis
1511 859 1776 923 potuisset?
1793 862 2005 909 Peccatis
2022 862 2202 927 quippe
2222 862 2444 920 dimissis,

317 943 512 998 propter
536 951 640 998 quae
662 934 710 981 in
728 936 880 998 poenis
896 944 1048 994 erant,
1077 935 1208 982 nulla
1227 952 1472 1001 superesse
1495 939 1618 985 ratio
1655 938 1859 999 videtur,
1895 951 1947 988 ut
1979 950 2176 1007 propter
2210 942 2316 1006 ipsa
2349 959 2451 990 am·-

315 1013 438 1078 plius
465 1014 768 1078 punirentur.
797 1015 891 1071 Qui
918 1031 1032 1079 ergo
1052 1025 1235 1063 tantam
1257 1015 1473 1065 exhibuit
1491 1017 1680 1065 homini
1706 1021 1924 1083 gratiam,
1951 1030 2004 1068 ut
2029 1039 2141 1069 eum
2170 1021 2261 1069 sibi
2291 1022 2451 1070 uniret

315 1094 363 1140 in
388 1111 670 1159 personam:
697 1111 795 1141 non
811 1104 972 1159 posset
996 1096 1234 1144 minorem
1259 1098 1557 1164 impendere,
1596 1099 1884 1148 dimittendo
1923 1102 2100 1150 scilicet
2135 1103 2178 1150 ei
2217 1103 2449 1167 peccata?

317 1177 430 1232 Quae
451 1175 611 1238 itaque
633 1175 902 1235 necessitas,
939 1185 1022 1223 aut
1061 1193 1167 1240 quae
1195 1177 1336 1239 ratio,
1374 1179 1450 1226 vel
1473 1179 1590 1244 quid
1616 1196 1739 1245 opus
1763 1180 1866 1242 fuit,
1890 1198 2001 1229 curn
2026 1182 2126 1229 sola
2154 1182 2340 1231 visione
2365 1199 2451 1230 sua

316 1253 477 1300 divina
498 1254 736 1300 miseratio
757 1253 960 1302 liberare
982 1255 1232 1304 hominem
1259 1273 1287 1305 a
1312 1257 1512 1306 diabolo
1527 1260 1788 1323 potuisset:
1814 1261 1950 1326 quid,
1974 1262 2190 1327 inquam,
2217 1278 2341 1327 opus
2365 1262 2452 1309 fuit

315 1343 509 1398 propter
531 1333 911 1399 redemptionem
935 1347 1150 1384 nostram
1173 1337 1344 1385 Filium
1366 1340 1473 1400 Dei,
1496 1356 1642 1388 carne
1663 1351 1900 1407 suscepta,
1922 1352 1996 1391 tot
2009 1352 2058 1391 et
2070 1352 2227 1390 tantas
2246 1342 2447 1403 inedias,

314 1413 589 1479 opprobria,
617 1415 819 1479 flagella,
840 1427 995 1482 sputa,
1027 1418 1235 1484 denique
1272 1420 1425 1485 ipsam
1459 1422 1614 1469 crucis
1656 1424 1970 1487 asperrimam
2001 1433 2048 1471 et
2081 1423 2451 1488 ignominiosam

314 1504 517 1541 mortem
541 1496 790 1557 sustinere,
814 1506 867 1544 ut
889 1499 1033 1545 etiam
1051 1516 1163 1546 cum
1183 1500 1358 1564 iniquis
1377 1500 1650 1566 patibulum
1673 1501 1987 1551 sustinuerit?
2016 1503 2280 1561 Quomodo
2309 1503 2453 1550 etiam

316 1591 404 1620 nos
420 1574 666 1638 justificari
688 1575 763 1622 vel
790 1578 1085 1625 reconciliari
1116 1582 1217 1627 Deo
1236 1597 1321 1645 per
1345 1591 1551 1628 mortem
1573 1582 1675 1629 Filii
1694 1583 1767 1629 sui
1791 1582 1907 1630 dicit
1922 1583 2190 1648 Apostolus,
2215 1583 2298 1647 qui
2320 1592 2452 1631 tanto

314 1654 515 1719 amplius
537 1655 761 1704 adversus
784 1656 1034 1706 hominem
1050 1659 1186 1706 irasci
1208 1659 1390 1722 debuit,
1409 1671 1592 1725 quanto
1613 1662 2108 1727 ampliushominesin
2129 1662 2454 1727 crucifigendo

316 1734 484 1782 Filium
518 1752 658 1782 suum
691 1736 1013 1801 deliquerunt,
1052 1755 1198 1803 quam
1233 1740 1282 1786 in
1321 1742 1717 1806 transgrediendo
1755 1743 1969 1807 primum
2009 1743 2111 1806 ejus
2149 1743 2198 1790 in
2230 1742 2453 1808 paradiso

316 1825 605 1880 praeceptum
631 1817 774 1864 unius
798 1818 932 1882 pomi
945 1820 1130 1881 gustu?
1156 1822 1265 1877 Quo
1287 1821 1425 1868 enim·
1441 1822 1646 1887 amplius
1669 1821 1981 1887 multiplicata
2001 1831 2114 1869 sunt
2130 1839 2216 1887 per
2231 1822 2454 1870 homines

315 1906 528 1959 peccata,
555 1897 693 1944 irasci
715 1899 871 1944 Deum
896 1897 1178 1946 hominibus
1202 1900 1406 1965 amplius
1433 1901 1617 1965 justum
1654 1901 1822 1949 fuerat.
1851 1901 1994 1959 Quod
2023 1903 2275 1950 sitantum
2303 1902 2455 1950 fuerat

316 1975 433 2022 illud
452 1976 561 2023 Adae
586 1987 855 2042 peccatum,
883 1988 937 2025 ut
958 1979 1137 2044 expiari
1159 1996 1260 2027 non
1286 1990 1465 2045 posset,
1493 1982 1583 2029 nisi
1614 1998 1700 2046 per
1731 1992 1940 2030 mortem
1975 1981 2168 2043 Christi,
2203 1999 2353 2047 quam
2374 1998 2455 2030 ex-

315 2055 576 2119 piationem
600 2057 798 2105 habebit
819 2059 977 2123 ipsum
999 2059 1318 2107 homicidium
1339 2060 1472 2124 quod
1496 2062 1544 2107 in
1569 2060 1813 2109 Christum
1839 2063 2152 2109 commissum
2181 2071 2269 2123 est,
2308 2071 2380 2110 tot
2409 2070 2457 2109 et

315 2144 444 2182 tanta
465 2136 642 2185 scelera
665 2138 715 2184 in
736 2138 895 2203 ipsum
920 2138 994 2186 vel
1017 2139 1066 2186 in
1087 2156 1201 2187 suos
1225 2141 1519 2188 commissa?
1540 2141 1786 2206 Numquid
1820 2158 1951 2189 mors
1972 2142 2245 2189 innocentis
2272 2141 2375 2189 Filii
2405 2141 2455 2189 in

316 2224 500 2263 tantum
538 2220 639 2265 Deo
680 2219 807 2265 Patri
839 2218 1037 2283 placuit,
1079 2230 1133 2267 ut
1164 2237 1251 2285 per
1287 2221 1438 2285 ipsam
1465 2222 1857 2270 reconciliaretur
1889 2221 2048 2284 nobis,
2084 2223 2170 2287 qui
2206 2221 2455 2288 peccando

316 2297 656 2358 commisimus,
679 2309 880 2364 propter
899 2299 1032 2364 quod
1052 2300 1285 2347 innocens
1296 2302 1532 2349 Dominus
1546 2311 1617 2349 est
1633 2303 1819 2350 occisus
1835 2301 1859 2350 2
1877 2306 1972 2350 Nec
1987 2302 2182 2350 nisihoc
2193 2302 2457 2350 maximum

317 2373 446 2423 fieret
466 2387 733 2441 peccatum,
760 2378 880 2426 illud
905 2379 1056 2427 multo
1080 2379 1230 2427 levius
1246 2382 1404 2444 potuit
1422 2382 1687 2444 ignoscere,
1726 2399 1817 2429 nec
1850 2383 1943 2429 nisi
1973 2382 2297 2447 multiplicatis
2323 2381 2458 2429 malis

316 2465 502 2503 tantum
520 2457 707 2505 bonum
731 2456 926 2507 facere?
960 2461 1013 2507 In
1038 2476 1136 2523 quo
1169 2461 1312 2508 etiam
1338 2461 1564 2524 justiores
1591 2462 1702 2509 facti
1726 2478 1893 2509 sumus
1915 2478 2001 2526 per
2013 2471 2218 2509 mortem
2231 2461 2335 2508 Filii
2346 2462 2453 2521 Dei,

316 2551 459 2597 quarn
480 2546 588 2584 ante
609 2554 816 2600 eramuS,
842 2549 895 2586 ut
919 2556 946 2587 a
971 2540 1127 2605 poenis
1145 2540 1247 2603 jam
1268 2540 1462 2588 liberari
1482 2540 1782 2589 debeamus?
1804 2542 1892 2588 Cui
1928 2541 2072 2588 etiam
2108 2541 2315 2606 pretium
2347 2557 2456 2588 san·

318 2615 470 2676 guinis
491 2616 659 2665 datum
680 2629 767 2679 est,
795 2629 848 2666 ut
872 2619 1238 2682 redimeremur,
1254 2620 1347 2667 nisi
1363 2621 1407 2668 ei
1430 2622 1479 2667 in
1496 2621 1631 2684 cujus
1647 2631 1881 2686 potestate
1899 2637 2107 2682 eramus,
2124 2619 2175 2667 id
2197 2629 2267 2667 est
2289 2619 2455 2685 ipsius,

320 2703 372 2740 ut
402 2694 582 2743 dictum
609 2708 694 2760 est,
720 2699 810 2746 Dei
832 2700 915 2762 qui
952 2717 1041 2746 nos
1064 2701 1237 2748 tortori
1260 2717 1349 2747 suo
1372 2701 1713 2748 commiserat?
1747 2704 1911 2765 Neque
1945 2701 2074 2747 enim
2111 2709 2335 2760 tortores,
2373 2699 2458 2748 sed

321 2771 504 2820 domini
527 2793 694 2824 eorum
727 2780 1030 2844 captivorum
1066 2790 1370 2846 componunt
1404 2791 1487 2828 aut
1517 2780 1799 2845 suscipiunt.
1835 2779 2098 2837 Quomodo
2128 2779 2271 2827 etiam
2301 2779 2458 2844 pretio

321 2849 412 2897 hos
433 2855 645 2917 captivos
669 2857 863 2920 dimisit,
886 2860 923 2906 si
945 2860 1043 2924 ipse
1055 2862 1187 2925 prius
1206 2860 1302 2907 hoc
1315 2860 1522 2925 pretium
1543 2860 1751 2924 exegerit
1770 2868 1850 2907 aut
1874 2859 2148 2920 instituerit,
2170 2868 2224 2907 ut
2245 2859 2459 2924 captivos

323 2929 614 2980 dimitteret?
639 2939 795 2993 Quam
818 2956 932 2986 vero
952 2940 1145 2988 crudele
1163 2950 1210 2988 et
1230 2941 1452 3004 iniquum
1473 2940 1681 3001 videtur,
1718 2950 1773 2987 ut
1802 2940 2085 3003 sanguinem
2109 2938 2378 2986 innocentis
2406 2938 2454 2985 in

322 3010 530 3072 pretium
549 3012 744 3077 aliquod
764 3019 869 3080 quis
892 3020 1175 3083 requisierit,
1202 3030 1286 3068 aut
1311 3019 1408 3067 ullo
1428 3019 1577 3067 modo
1598 3021 1642 3067 ei
1658 3020 1889 3084 placuerit
1907 3020 2215 3066 innocentem
2233 3016 2454 3077 interfici,

325 3088 507 3136 nedum
529 3094 656 3139 Deus
683 3103 781 3141 tam
803 3108 1048 3162 acceptam
1082 3100 1185 3147 Filii
1208 3101 1283 3147 sui
1316 3109 1524 3147 mortem
1552 3099 1793 3160 habuerit,
1836 3108 1890 3147 ut
1919 3115 2006 3164 per
2042 3099 2194 3163 ipsam
2233 3098 2457 3146 universo

368 3269 517 3312 'Matth.,
533 3281 604 3313 cap.
622 3282 678 3314 xx,
701 3283 731 3307 v.
757 3277 805 3308 15.
