2638 3866
236 197 331 243 748
1043 197 1214 244 PETRI
1251 196 1572 244 ABAELARDI

239 315 261 340 «
279 296 495 359 Intelligo
528 296 653 344 hanc
683 313 785 342 rem
813 295 947 343 aliter
979 313 1125 361 quam
1158 297 1235 354 sit,
1251 316 1273 342 »
1299 297 1394 344 hoc
1427 307 1498 345 est
1524 298 1574 344 in
1598 306 1723 345 statu
1745 297 1839 345 alio
1874 313 1981 345 eam
2005 299 2202 346 attendo
2225 316 2371 364 quam

233 378 336 442 ipsa
359 378 406 424 in
430 394 479 423 se
505 376 696 438 habeat,
720 376 793 424 vel
815 394 1123 442 quocumque
1147 378 1296 425 modo
1318 395 1420 425 sese
1443 378 1577 426 aliter
1603 378 1863 426 habentem
1886 395 2033 443 quam
2052 396 2153 426 sese
2175 380 2366 428 habeat.

234 460 291 503 Et
322 458 370 504 in
394 457 552 521 primo
575 456 772 521 quidem
806 474 947 505 sensu
971 457 1066 504 hoc
1089 457 1373 505 adverbium
1402 479 1424 502 <c
1441 459 1607 506 aliter»
1636 458 1698 506 ad
1719 459 1816 506 hoc
1838 458 2039 506 verbum
2069 478 2091 503 κ
2111 459 2324 523 intelligo
2346 480 2368 505 η

235 547 462 600 tanquam
504 536 676 584 modus
710 537 859 603 ipsius
891 537 1160 603 copulatur.
1195 541 1250 585 In
1279 538 1493 586 secundo
1524 555 1640 587 vero
1676 556 1819 587 sensu
1855 539 1916 586 ad
1954 539 2260 604 participium
2299 540 2371 588 vel

231 616 517 663 infinitivum
551 617 685 665 verbi
710 620 976 683 sequentis,
1016 619 1150 683 quod
1180 636 1236 667 ex
1269 621 1372 685 ipso
1406 619 1554 668 verbo
1588 637 1678 681 suo
1712 619 2102 668 subaudiendum
2137 621 2369 683 innuitur,

231 714 285 745 ac
311 699 349 745 si
373 699 438 747 ita
457 698 644 746 dicatur
673 717 682 744 :
716 720 735 743 (ι
760 699 975 764 Intelligo
1000 716 1102 746 rem
1124 700 1259 747 aliter
1282 710 1482 748 entem»
1510 700 1584 748 vel
1613 701 1787 748 «aliter
1813 717 1914 747 esse
1936 717 2082 759 quam
2105 700 2209 765 ipsa
2230 701 2319 763 sit,
2346 720 2369 747 υ

231 777 306 824 vel
333 799 355 822 ε(
375 779 509 827 aliter
530 797 580 827 se
599 779 874 840 habentem,
897 801 918 824 n
947 780 1021 828 vel
1050 798 1135 828 «se
1158 780 1336 829 habere
1361 798 1506 846 quam
1538 798 1587 829 se
1609 780 1801 828 habeat.
1829 799 1852 824 »
1883 781 1959 828 Sic
1987 781 2152 845 utique
2175 782 2372 845 quaestio

230 861 530 925 supraposita
561 870 716 926 potest
747 860 969 924 intelligi,
1003 878 1115 908 cum
1144 861 1366 909 videlicet
1399 861 1702 927 quaerebatur
1730 870 1892 908 utrum
1921 861 2077 907 omnis
2110 861 2373 909 intellectus

230 937 364 987 aliter
402 958 548 1006 quam
581 959 656 989 res
688 958 788 989 sese
822 941 998 989 habeat
1030 942 1280 989 attendens
1311 959 1444 1003 eam,
1477 959 1631 990 vanus
1667 942 1751 1003 sit,
1786 951 1833 988 et
1860 941 2128 988 secundum
2157 941 2373 990 diversos

229 1035 394 1068 sensus
428 1022 623 1070 diversae
659 1021 830 1069 dandae
866 1032 976 1070 sunt
1010 1023 1363 1088 responsiones.
1401 1024 1448 1070 Si
1477 1023 1607 1070 enim
1642 1023 1707 1070 ita
1743 1031 1983 1087 quaeratur
2015 1031 2177 1069 utrum
2214 1023 2373 1069 omnis

227 1098 495 1149 intellectus
519 1103 603 1166 qui
636 1102 782 1150 alium
812 1102 1013 1150 modum
1038 1102 1319 1150 attendendi
1347 1102 1492 1150 habet
1514 1119 1659 1167 quam
1688 1119 1762 1150 res
1783 1101 2090 1158 subsistendi,
2119 1118 2269 1149 vanus
2292 1103 2369 1162 sit,

228 1198 327 1229 non
358 1193 428 1230 est
451 1182 838 1230 concedendum.
867 1184 1002 1231 Multi
1033 1200 1242 1248 namque
1271 1193 1319 1231 et
1341 1182 1714 1231 innumerabiles
1748 1182 1882 1230 modi
1915 1193 2027 1230 sunt
2055 1182 2374 1246 intelligentiae

228 1262 482 1325 cujuslibet
506 1264 598 1326 rei,
637 1264 720 1328 qui
756 1281 856 1311 non
892 1273 1004 1311 sunt
1034 1265 1292 1311 existentiae
1328 1264 1493 1330 ipsius,
1530 1264 1652 1311 sicut
1684 1280 1743 1310 ex
1779 1263 2090 1328 suprapositis
2125 1262 2291 1327 liquet.
2326 1262 2375 1309 Si

227 1359 344 1390 vero
387 1344 454 1399 ita
488 1344 674 1392 dicatur
713 1354 877 1391 utrum
925 1344 1083 1392 omnis
1120 1344 1386 1392 intellectus
1427 1343 1680 1392 attendens
1720 1359 1821 1390 rem
1864 1343 1998 1390 aliter
2030 1360 2079 1390 se
2113 1342 2374 1390 habentem

228 1440 375 1487 quam
406 1425 509 1490 ipsa
543 1441 594 1472 se
625 1425 818 1484 habeat,
843 1441 995 1473 vanus
1019 1425 1093 1483 sit,
1129 1425 1499 1473 concedendum
1524 1434 1611 1472 est.
1646 1423 1838 1471 Eisdem
1864 1422 2020 1470 modis
2051 1422 2375 1471 determinan-

228 1503 345 1551 dum
376 1516 446 1553 est
478 1517 524 1554 et
548 1506 966 1572 respondendum,
1003 1524 1116 1554 cum
1145 1508 1370 1571 quaeritur
1394 1516 1555 1555 utrum
1581 1505 1740 1553 omnis
1768 1505 1851 1569 qui
1881 1504 1996 1552 dicit
2026 1504 2162 1551 aliter
2196 1521 2300 1552 rem
2325 1521 2376 1551 se

228 1584 406 1633 habere
431 1604 575 1652 quam
606 1605 655 1636 se
676 1587 870 1647 habeat,
897 1587 1023 1635 dicat
1050 1588 1241 1637 falsum.
1265 1589 1313 1635 Si
1341 1588 1472 1635 enim
1497 1587 1560 1635 ad
1583 1586 1680 1634 hoc
1703 1585 1904 1634 verbum
1926 1584 2059 1649 quod
2083 1594 2153 1632 est
2182 1584 2372 1632 «dicit»

229 1667 510 1731 copulemus
532 1668 628 1716 hoc
651 1668 935 1718 adverbium
962 1690 984 1713 «
1001 1669 1154 1729 aliter,
1176 1690 1198 1713 2)
1228 1679 1275 1717 et
1298 1686 1398 1717 non
1421 1669 1483 1717 ad
1506 1668 1600 1716 hoc
1620 1666 1824 1715 verbum
1847 1666 1980 1731 quod
2004 1675 2074 1713 est
2093 1686 2114 1711 «
2133 1665 2330 1725 habere,
2348 1686 2371 1709 >2

231 1762 330 1792 non
365 1758 434 1795 est
467 1749 837 1797 concedendum
868 1760 922 1797 ut
944 1751 1235 1814 quicumque
1265 1750 1380 1798 dicit
1406 1750 1542 1797 aliter
1571 1766 1674 1796 rem
1699 1748 1910 1812 aliquam
1946 1764 1996 1794 se
2023 1746 2201 1794 habere
2230 1761 2375 1810 quam

228 1826 330 1892 ipsa
354 1845 404 1876 se
426 1829 620 1891 habeat,
651 1830 779 1878 dicat
804 1829 991 1877 falsum.
1017 1833 1137 1877 Cum
1161 1831 1293 1877 enim
1322 1831 1491 1895 aliquis
1513 1830 1719 1892 loquens
1740 1828 1954 1876 celeriter
1982 1827 2042 1874 de
2065 1844 2124 1874 eo
2144 1828 2227 1891 qui
2251 1826 2377 1874 lente

229 1910 401 1967 currit,
435 1911 550 1959 dicit
585 1929 696 1959 eum
722 1928 937 1974 currere,
975 1912 1141 1976 utique
1173 1912 1308 1959 aliter
1344 1911 1460 1959 dicit
1491 1911 1587 1958 hoc
1621 1910 1757 1957 illum
1791 1908 1944 1957 facere
1975 1925 2120 1972 quam
2146 1908 2248 1972 ipse
2282 1906 2378 1954 hoc

228 1989 393 2050 faciat,
421 1993 535 2056 quia
568 1992 663 2040 hoc
686 1993 902 2040 celeriter
931 1992 1048 2040 dicit
1081 1992 1215 2057 quod
1237 1992 1315 2040 ille
1350 1992 1568 2039 celeriter
1592 2007 1691 2038 non
1716 1989 1856 2047 facit,
1890 1988 2009 2036 dum
2039 1987 2262 2035 videlicet
2291 1987 2378 2034 iste

228 2069 323 2118 hoc
347 2072 555 2120 dicendo
579 2073 794 2121 celeriter
815 2073 963 2122 verba
985 2073 1213 2138 proferat,
1243 2090 1354 2120 cum
1379 2073 1457 2120 ille
1479 2071 1695 2120 celeriter
1717 2087 1911 2118 cursum
1936 2086 2036 2116 non
2061 2079 2184 2132 agat.

291 2155 429 2201 Nunc
480 2154 541 2201 ad
580 2154 772 2202 alterius
823 2155 1097 2220 quaestionis
1147 2154 1536 2202 terminationem
1576 2163 1902 2211 transeamus3
1950 2160 2110 2197 utrum
2155 2148 2378 2199 videlicet

227 2234 385 2280 omnis
416 2234 683 2283 intellectus
720 2252 863 2283 sanus
895 2236 955 2283 sit
980 2234 1240 2297 dicendus,
1276 2234 1359 2299 qui
1389 2235 1452 2281 ita
1475 2243 1528 2280 ut
1561 2249 1663 2280 sese
1695 2248 1770 2280 res
1803 2230 1979 2279 habeat
2003 2246 2109 2277 eam
2140 2228 2374 2292 intelligit.

228 2317 285 2362 At
299 2314 496 2363 fortasse
515 2317 606 2363 nisi
629 2333 933 2382 apponamus
964 2338 985 2360 c<
1006 2326 1214 2376 tantum,
1230 2336 1252 2360 ›>
1275 2333 1375 2363 non
1398 2314 1590 2362 videtur
1613 2311 1950 2372 annuendum,
1977 2321 2178 2376 propter
2203 2325 2381 2374 supra-

227 2395 381 2458 posita
415 2395 593 2444 scilicet
617 2396 822 2460 objecta.
860 2397 910 2444 Si
932 2407 1093 2444 autem
1128 2397 1193 2444 ita
1228 2395 1480 2444 dicamus:
1517 2394 1648 2459 quod
1677 2393 1835 2441 omnis
1859 2391 2126 2439 intellectus
2157 2391 2239 2453 qui
2276 2406 2378 2437 rem

227 2474 492 2538 quamlibet
513 2493 571 2524 eo
602 2477 751 2524 modo
773 2487 960 2525 tantum
994 2476 1198 2525 attendit
1227 2493 1326 2541 quo
1357 2477 1462 2542 ipsa
1492 2492 1541 2522 se
1563 2474 1733 2535 habet,
1760 2489 1903 2520 sanus
1942 2481 2012 2518 est
2036 2469 2288 2529 dicendus,
2317 2468 2379 2516 ab

228 2555 454 2603 omnibus
487 2557 645 2604 statim
678 2559 933 2623 recipitur3
960 2567 1014 2605 ut
1046 2558 1085 2607 si
1120 2559 1367 2604 Socratem
1399 2555 1663 2619 intelligam
1692 2570 1793 2601 esse
1822 2551 2001 2600 animal
2037 2550 2111 2597 vel
2143 2567 2245 2597 non
2278 2566 2379 2596 esse

228 2636 432 2696 asinum,
461 2647 509 2684 et
530 2638 579 2684 in
602 2638 698 2686 hoc
721 2639 826 2686 solo
851 2640 1065 2704 quiescat
1088 2637 1354 2685 intellectus
1379 2653 1540 2698 meus3
1567 2636 1640 2683 vel
1662 2635 1701 2682 si
1723 2633 1983 2696 intelligam
2012 2641 2200 2679 tantum
2223 2629 2380 2695 quod-

228 2715 338 2763 dam
363 2718 541 2765 animal
570 2735 671 2766 esse
695 2720 910 2782 asinum,
945 2720 1041 2768 hoc
1072 2730 1143 2767 est
1172 2718 1305 2784 quod
1338 2716 1587 2782 quoddam
1617 2715 1795 2764 animal
1819 2715 1878 2762 sit
1912 2714 2089 2760 asinus.
2131 2712 2178 2758 Si
2218 2720 2378 2758 autem

228 2795 485 2860 intelligam
516 2800 763 2847 Socratem
798 2817 899 2848 0550
938 2800 1118 2848 animal
1156 2798 1449 2858 irrationale,
1491 2814 1591 2845 non
1631 2796 1842 2860 intelligo
1882 2803 2068 2842 tantum
2110 2793 2191 2840 illo
2229 2790 2379 2838 modo

228 2891 340 2923 eum
375 2894 426 2924 se
454 2878 632 2927 habere
661 2898 761 2944 quo
787 2898 836 2929 se
875 2881 1037 2942 habet,
1078 2881 1209 2946 quia,
1250 2896 1336 2945 per
1366 2879 1461 2926 hoc
1492 2877 1627 2943 quod
1664 2874 1937 2925 irrationale
1972 2891 2117 2939 super
2152 2888 2376 2936 aggrego,

229 2955 429 3003 modum
457 2975 556 3021 quo
583 2976 633 3006 se
656 2962 874 3009 Socrates
899 2962 1045 3010 habet
1069 2960 1409 3027 supergradior
1431 2969 1478 3006 et
1502 2958 1703 3014 excedo.
1731 2956 1958 3020 Quisquis
1984 2955 2145 3017 itaque
2168 2953 2379 3017 aliquam

229 3050 330 3081 rem
357 3035 573 3100 intelligit
595 3049 783 3086 tantum
818 3058 875 3088 eo
901 3042 1049 3089 modo
1073 3059 1170 3106 quo
1203 3059 1253 3088 se
1278 3040 1443 3098 habet,
1473 3055 1643 3087 sanum
1669 3038 1719 3085 in
1747 3037 1843 3084 hoc
1873 3035 2168 3082 intellectum
2199 3031 2373 3090 habet3

230 3114 315 3162 sed
329 3131 430 3161 non
446 3115 657 3165 fortassis
671 3119 720 3165 in
736 3136 794 3166 eo
810 3137 1003 3168 necesse
1018 3131 1087 3168 est
1101 3121 1381 3185 simpliciter
1397 3117 1769 3167 concedendum
1783 3133 1903 3174 esse,
1922 3125 1976 3162 ut
1986 3113 2206 3162 videlicet
2221 3110 2379 3157 omnis

230 3195 499 3258 intelligens
523 3196 731 3260 aliquam
763 3215 866 3246 rem
898 3217 957 3247 eo
985 3200 1132 3247 modo
1157 3218 1257 3264 quo
1283 3218 1332 3247 se
1357 3200 1502 3247 habet
1526 3215 1698 3246 sanum
1723 3197 1899 3245 habeat
1930 3194 2255 3252 intellectum,
2288 3189 2379 3236 nisi

235 3274 355 3323 forte
375 3275 608 3324 addamus
643 3277 691 3324 in
718 3294 775 3326 eo
802 3279 935 3343 quod
959 3279 1075 3327 illud
1096 3280 1328 3343 intelligit.
1357 3283 1477 3328 Nam
1509 3279 1702 3327 fortasse
1718 3316 1730 3339 ⁷
1761 3294 1871 3325 cum
1897 3274 2110 3337 intelligo
2134 3274 2378 3319 Socratem
