2638 3866
866 261 923 310 ΙΝ
961 259 1290 311 EPlsTOLAM
1326 263 1402 310 AD
1438 260 1740 309 ROMANOS.
2288 261 2380 309 485

234 371 381 427 prout
413 360 648 411 sententia
671 361 959 428 requirebat,
996 365 1046 412 in
1081 364 1344 413 ablativum
1382 363 1513 431 apud
1549 380 1640 411 nos
1676 364 1735 410 sit
1772 371 2113 411 commutatus.
2154 363 2384 420 Quamvis

231 444 361 491 enim
385 441 489 491 haec
514 443 738 509 Epistola,
766 461 873 510 quae
894 445 956 494 ad
981 447 1225 494 Romanos
1248 447 1486 510 dirigitur,
1512 445 1671 511 primo
1697 444 1858 491 Latine
1875 445 2052 510 scripta
2071 443 2379 508 intelligatur,

232 524 318 571 etsi
349 524 399 572 in
424 524 602 572 Graecia
627 525 759 591 apud
784 525 1072 574 Corinthum
1101 528 1284 593 scripta.
1312 527 1473 589 suerit3
1506 524 1748 574 credimus
1783 535 1943 573 tamen
1972 524 2187 573 diversos
2219 533 2383 590 postea

231 603 332 668 ejus
359 605 666 654 translatores
699 606 774 654 vel
807 608 1103 673 expositores
1137 609 1385 670 exstitisse,
1427 608 1509 673 qui
1544 609 1755 668 Graecos,
1796 616 1849 653 ut
1885 606 2067 654 dictum
2103 615 2192 664 est,
2229 606 2383 653 imita-

233 694 415 748 rentur,
447 702 556 733 cum
587 686 719 734 illam
753 687 965 736 Fortassis
994 689 1281 754 scripturam
1316 689 1535 736 Latinam
1571 686 1635 735 ad
1673 703 1872 734 manum
1906 703 2006 734 non
2044 686 2296 748 haberent,
2337 696 2383 733 et

231 764 343 813 ideo
375 766 438 814 ad
472 767 762 834 exemplaria
801 771 967 818 Graeca
997 780 1317 818 recurrerent.
1351 773 1489 817 Nunc
1525 769 1668 834 igitur
1700 777 1958 831 utramque
1990 767 2197 814 litteram
2237 784 2384 833 expo—

230 861 419 894 namus.
447 850 570 894 Cum
599 848 760 914 itaque
792 850 1094 916 praemissum
1118 851 1202 911 sit,
1232 850 1609 899 «testimonium
1634 847 1868 896 reddente
1894 847 1985 894 illis
2015 847 2336 908 conscientia,
2358 866 2380 891 »

230 925 364 975 addit
379 965 392 990 ,
424 936 512 976 «et
535 930 830 978 conscientia
853 931 1220 996 cogitationum,
1247 941 1340 979 etc.
1356 951 1379 975 »ι
1407 934 1472 978 Ac
1495 931 1534 978 si
1558 930 1757 991 diceret,
1783 936 1832 977 et
1855 928 1936 976 tali
1959 928 2257 976 conscientia
2279 944 2384 992 qnae

229 1023 329 1054 non
363 1019 488 1056 erret
515 1009 565 1056 in
599 1009 890 1058 discretione
923 1029 1146 1078 operum,
1180 1028 1236 1060 ea
1267 1012 1446 1060 scilicet
1480 1011 1741 1059 discutiens
1776 1010 2044 1058 secundum
2077 1010 2204 1075 ipsas
2237 1009 2383 1056 animi

228 1088 567 1152 cogitationeS,
604 1089 701 1138 hoc
737 1100 808 1139 est
848 1092 1158 1141 intentiones.
1199 1096 1316 1152 Quae
1361 1093 1559 1158 quidem
1599 1092 1914 1155 cogitationes
1948 1090 2129 1138 liabent
2164 1105 2384 1137 accusare

227 1168 303 1215 vel
333 1169 590 1218 defendere
613 1171 745 1237 apud
769 1175 928 1221 Deum
956 1174 1118 1240 potius
1141 1191 1286 1240 qnam
1309 1174 1545 1222 exteriora
1573 1190 1738 1240 opera.
1772 1175 1830 1219 Et
1855 1172 1952 1219 hoc
1976 1182 2046 1219 est
2068 1171 2380 1230 conscientia,

228 1247 356 1312 dico,
392 1252 758 1317 cogitationum,
795 1254 845 1302 id
868 1264 962 1317 est,
996 1271 1101 1320 quae
1126 1257 1254 1322 ipsas
1276 1255 1591 1320 cogitationes
1619 1255 1769 1318 magis
1796 1252 2000 1301 attendit
2036 1268 2183 1317 quam
2216 1268 2380 1317 opera.

228 1332 285 1377 Et
309 1347 458 1395 quare
482 1350 562 1382 eas
581 1336 789 1384 maxime
818 1346 1004 1402 penset,
1037 1338 1266 1398 annectit,
1294 1354 1400 1402 quae
1424 1346 1650 1384 accusant
1683 1334 1759 1382 vel
1783 1343 2012 1382 excusant
2042 1332 2171 1399 apud
2205 1336 2378 1380 Deum.

227 1412 607 1476 Cogitationum,
643 1416 771 1477 dico,
804 1417 930 1465 inter
958 1434 1008 1465 se
1046 1419 1253 1466 invicem
1285 1418 1464 1466 scilicet
1499 1417 1800 1478 habitarum,
1829 1425 1881 1463 ut
1917 1414 1979 1463 de
2014 1414 2127 1479 ipsis
2163 1413 2385 1461 videlicet

227 1492 516 1543 existimaret
539 1497 782 1561 agendum
811 1498 932 1545 sicut
958 1498 1019 1545 de
1048 1498 1175 1559 aliis;
1195 1499 1341 1563 ‚juxta
1366 1498 1497 1546 illam
1526 1497 1749 1545 videlicet
1774 1495 2128 1562 suprapositam
2155 1493 2385 1541 naturalis

227 1567 343 1634 legis
366 1574 579 1637 regulam
605 1593 616 1621 ε
647 1595 669 1618 (ι
692 1575 838 1634 Quod
872 1575 960 1623 tibi
998 1575 1101 1623 fieri
1138 1593 1239 1624 non
1268 1577 1355 1638 vis,
1383 1575 1464 1624 alii
1498 1591 1559 1622 ne
1592 1574 1776 1621 feceris.
1799 1592 1824 1618 »
1846 1576 1934 1620 Et:
1968 1591 1989 1618 κ
2017 1575 2133 1629 Quae
2163 1571 2306 1618 vultis
2332 1581 2386 1618 ut

228 1650 404 1700 faciant
423 1654 563 1702 vobis
582 1655 825 1717 homines,
849 1667 896 1705 et
918 1674 1006 1705 vos
1029 1657 1167 1705 facite
1192 1657 1301 1704 illis.
1325 1676 1346 1701 »
1378 1676 1402 1701 «
1425 1660 1476 1703 In
1501 1656 1597 1703 die.
1620 1675 1643 1700 »
1671 1658 1774 1702 Hoc
1797 1664 1869 1702 est
1887 1655 1937 1701 in
1963 1663 2202 1718 tempore.
2234 1654 2384 1710 «Quo

222 1730 459 1794 judicabit
495 1738 686 1784 Deus.»
722 1739 813 1786 Per
850 1737 1003 1786 filium
1033 1755 1197 1797 suum,
1237 1737 1289 1784 id
1325 1746 1396 1785 est
1433 1739 1597 1784 Jesum
1637 1735 1908 1796 Christum,
1944 1733 2213 1782 secundum
2252 1733 2386 1797 quod

226 1811 554 1880 scriptumest
580 1835 591 1865 ε
613 1836 636 1862 «
660 1821 797 1866 Pater
818 1836 965 1867 omne
982 1819 1219 1884 judicium
1241 1818 1376 1866 dedit
1397 1817 1539 1865 filio¹.
1563 1837 1587 1863 υ
1618 1838 1641 1862 «
1667 1817 1870 1865 Occulta
1892 1817 2168 1874 hominum,
2190 1834 2213 1859 υ
2241 1814 2291 1862 id
2317 1825 2386 1862 est

225 1894 519 1945 intentiones
549 1900 709 1965 potius
738 1917 884 1965 quam
915 1901 1151 1948 exteriora
1174 1916 1340 1966 opera.
1375 1898 1695 1947 «Secundum
1724 1897 2038 1962 Evangelium
2066 1913 2258 1957 meum,
2288 1915 2310 1939 »
2336 1896 2384 1942 id

225 1985 314 2034 est,
340 1977 461 2025 sicut
479 1996 569 2043 ego
590 1980 800 2046 praedico
821 1998 1032 2030 asserere
1050 1981 1275 2029 videlicet
1295 1984 1450 2028 Deum
1470 1981 1632 2046 potius
1650 1980 1987 2039 intentionem,
2011 1994 2156 2042 quam
2181 1993 2383 2043 operum

226 2060 685 2109 remunerationem.
708 2063 756 2109 Si
777 2079 894 2110 vero
914 2063 972 2110 sit
995 2062 1229 2110 ablativus
1249 2062 1498 2110 absolutus
1514 2061 1611 2109 hoc
1631 2061 1780 2108 modo
1805 2079 1815 2106 :
1841 2081 1863 2104 c<
1885 2064 1940 2107 Et
1963 2060 2088 2106 inter
2110 2075 2160 2105 se
2177 2057 2383 2104 invicem

224 2139 597 2202 cogitationibus
616 2143 971 2204 accusantibus,
988 2154 1104 2206 etc.,
1123 2164 1146 2187 »
1170 2142 1539 2190 continuabitur
1558 2142 1619 2190 ad
1638 2142 1937 2209 praemissum
1957 2139 2104 2187 alium
2123 2137 2382 2185 ablativum

223 2219 321 2266 sic:
354 2222 531 2282 «Dixi,
559 2224 858 2272 conscientia
889 2226 1107 2290 ipsorum
1144 2224 1376 2272 reddente
1412 2223 1503 2271 illis
1536 2224 1894 2283 testimonium,
1935 2231 1982 2269 et
2009 2219 2382 2284 cogitationibus

224 2301 320 2348 suis
340 2319 460 2366 quas
483 2303 668 2352 habent
690 2306 816 2354 inter
837 2323 887 2354 se
911 2307 1137 2367 invicem,
1154 2327 1176 2350 ³>
1205 2306 1254 2353 id
1280 2316 1367 2368 est,
1396 2323 1484 2372 per
1511 2323 1631 2371 quas
1652 2322 1754 2353 sese
1777 2306 1842 2352 ita
1860 2315 1913 2352 ut
1937 2303 2056 2352 alios
2081 2311 2303 2368 pensant,
2331 2311 2383 2348 ut

223 2380 407 2430 dictum
443 2394 536 2446 est3
579 2385 721 2450 ipsis,
751 2387 970 2452 inquam,
1009 2389 1106 2435 suis
1138 2387 1529 2452 cogitationibus,
1574 2386 1624 2434 id
1659 2396 1730 2434 est
1766 2385 1974 2451 propriis
2010 2381 2377 2443 intentionibus,

223 2461 453 2512 subaudis
484 2465 800 2515 reddentibus
836 2468 928 2516 illis
955 2469 1308 2516 testimonium.
1347 2471 1407 2515 Et
1435 2477 1506 2516 est
1534 2468 1670 2532 quasi
1699 2466 1934 2532 expositio
1965 2465 2066 2529 ejus
2096 2463 2230 2529 quod
2260 2479 2380 2527 prae·

223 2544 423 2592 missum
449 2556 535 2608 est,
568 2567 590 2592 «
612 2550 933 2611 conscientia,
960 2571 982 2594 »
1011 2550 1209 2610 scilicet,
1244 2570 1266 2594 «
1287 2550 1525 2615 ipsorum,
1545 2568 1568 2593 ν
1595 2565 1652 2596 ac
1675 2548 1714 2594 si
1738 2547 1938 2607 diceret,
1964 2566 1986 2588 «t
2007 2543 2379 2608 cogitationibus

220 2639 409 2688 eorum,
436 2637 528 2675 etc.
550 2647 574 2672 n
604 2632 657 2675 Et
682 2647 832 2695 quare
857 2631 1186 2678 testimonium
1206 2630 1438 2678 reddatur
1460 2630 1544 2687 eis,
1566 2628 1617 2675 id
1640 2637 1710 2675 est
1732 2643 1925 2674 securos
1947 2642 2030 2673 eos
2054 2625 2226 2671 faciant
2246 2623 2377 2685 cogi-

221 2705 427 2754 tationes
448 2725 545 2755 suae
572 2710 704 2774 apud
726 2714 884 2758 Deum
907 2711 1090 2772 subdit,
1118 2712 1233 2776 quia
1258 2710 1481 2757 videlicet
1504 2708 1634 2769 solae,
1662 2717 1713 2754 ut
1736 2707 1919 2754 dictum
1943 2715 2036 2764 est,
2063 2702 2379 2767 cogitationes

220 2785 350 2850 apud
378 2790 535 2835 Deum
559 2789 741 2838 habent
771 2808 996 2840 accusare
1018 2793 1091 2839 vel
1116 2791 1393 2839 defendere.
1423 2793 1482 2836 Et
1508 2789 1605 2836 hoc
1627 2798 1698 2835 est
1720 2787 1851 2852 quod
1877 2785 2136 2852 supponit,
2167 2804 2189 2827 ct
2225 2787 2377 2832 Accu·

222 2866 439 2914 santibus
462 2879 545 2915 aut
569 2871 713 2918 etiam
737 2872 1127 2934 defendentibus,
1150 2882 1239 2919 etc.
1275 2891 1296 2916 υ
1326 2871 1564 2929 Quaeritur
1591 2879 1753 2916 autem
1777 2866 2030 2932 quomodo
2066 2875 2177 2932 post
2209 2865 2377 2914 datum

222 2947 600 2997 circumcisionis
625 2951 908 2999 mandatum
923 2954 963 2997 ἐ
985 2972 1007 2996 «
1022 2952 1193 2999 Omnis
1211 2951 1371 2999 anima
1388 2950 1466 2997 cui
1483 2966 1596 2997 caro
1614 2948 1834 3015 praeputii
1850 2947 2129 2995 circumcisa
2153 2963 2252 2994 non
2277 2948 2376 2995 fue-

220 3027 301 3089 rit,
317 3038 432 3090 etc.,
449 3049 471 3074 »
492 3030 704 3078 Gentiles
726 3032 1045 3079 incircumcisi
1063 3031 1389 3091 salvabantur,
1410 3032 1532 3078 sicut
1553 3029 1647 3077 Job
1670 3039 1717 3076 et
1741 3028 1937 3076 fortasse
1959 3027 2175 3093 plerique
2198 3028 2296 3088 alii,
2315 3028 2375 3075 de

220 3108 444 3172 qualibus
461 3110 644 3158 dictum
663 3122 734 3159 est
752 3130 762 3159 z
788 3133 809 3157 «
830 3115 953 3160 Cum
973 3114 1103 3161 enim
1122 3123 1303 3178 gentes,
1321 3123 1411 3160 etc.
1429 3133 1452 3156 »
1473 3110 1567 3159 Sed
1581 3111 1619 3158 si
1634 3109 1887 3175 diligenter
1904 3108 2210 3156 attendamus
2226 3108 2375 3156 verba

220 3188 321 3253 ipsa
345 3192 628 3257 Scripturae,
659 3204 803 3258 atque
834 3194 994 3260 ipsum
1031 3195 1410 3243 circumcisionis
1444 3192 1724 3252 exordium,
1760 3207 1866 3255 quae
1888 3190 2047 3256 primo
2075 3189 2273 3237 Abrahae
2306 3199 2372 3237 est

266 3375 272 3392 ¹
291 3372 399 3412 Joan.,
415 3385 487 3417 cap.
506 3387 543 3419 v,
562 3387 591 3409 v.
610 3380 661 3411 22.
682 3397 719 3402 —
734 3379 746 3398 ²
765 3380 894 3423 Genes.,
910 3390 982 3423 cap.
1000 3390 1080 3422 xvn,
1100 3391 1129 3415 v.
1152 3383 1200 3415 14.

382 3451 413 3474 u
2159 3437 2209 3473 214
