2638 3866
828 207 888 258 IN
921 205 1253 256 EPISTOLAM
1287 207 1370 258 AD
1406 206 1712 255 ROMANOS.
2245 210 2340 256 229

191 314 335 363 disse.
370 312 482 361 Haec
514 319 677 359 autem
708 307 820 359 ideo
849 307 1141 370 notavimus,
1174 308 1288 372 quia
1311 307 1501 356 videtur
1531 306 1789 373 Apostolus
1824 306 1890 354 ita
1922 315 2186 356 extremam
2218 324 2341 373 pro-

191 393 472 443 missionem
493 400 542 440 et
562 389 952 456 conceptionem,
989 387 1040 436 id
1062 397 1133 436 est
1154 391 1285 436 Isaac
1307 388 1582 455 disponere,
1609 397 1662 435 ut
1690 397 1800 435 ante
1824 387 1947 435 facta
1982 387 2061 436 illa
2085 388 2343 454 promissio

191 474 411 524 videatur
435 487 584 538 quam
608 474 739 519 Isaac
762 470 1115 536 conciperetur.
1144 468 1220 517 Sic
1242 469 1374 517 enim
1399 469 1619 535 superius
1641 469 1754 515 ait¹:
1781 469 1912 526 «Qui
1940 478 2111 517 contra
2134 486 2270 535 spem
2294 471 2342 516 in

189 572 326 622 spem
347 552 578 614 credidit,
606 561 659 600 ut
679 550 816 600 fieret
845 559 982 617 pater
1004 549 1266 598 multarum
1290 550 1531 614 gentium,
1557 548 1826 598 secundum
1855 549 1990 612 quod
2020 549 2204 597 dictum
2227 560 2298 598 est
2327 570 2334 595 ;

189 636 291 684 Erit
322 651 487 684 semen
520 643 659 682 tuum
689 632 813 680 sicut
847 630 991 680 stellae
1022 629 1129 678 coeli
1153 638 1201 678 et
1225 630 1347 678 sicut
1370 646 1516 678 arena
1550 630 1720 692 maris3
1738 649 1760 674 >2
1789 638 1837 677 et
1866 629 2026 677 statim
2058 630 2339 695 adjunctum

189 725 260 764 est
287 734 297 763 :
328 734 352 762 «
382 718 440 763 Et
461 730 569 777 non¹
594 721 665 762 est
691 711 962 760 infirmatus
988 711 1038 758 in
1069 710 1184 769 fide,
1208 719 1301 759 etc.
1325 730 1348 755 n
1374 710 1448 758 Ad
1470 711 1590 760 illud
1612 727 1729 759 vero
1753 720 1943 759 tantum
1965 710 2100 775 quod
2123 711 2342 777 interpo-

189 797 338 859 nitur,
376 815 399 842 α
418 805 473 844 111
504 794 640 843 fieret
669 803 823 860 pater,
861 802 978 855 etc.,
1001 811 1024 839 »
1060 791 1179 840 illud
1211 802 1394 858 spectat
1426 792 1560 858 quod
1590 791 1831 852 subditur,
1863 812 1885 835 «
1907 791 2176 839 secundum
2208 794 2341 858 quod

189 877 373 925 dictum
404 885 476 925 est
497 876 543 925 ei
563 894 574 924 ε
603 875 680 924 510
700 875 808 938 erit,
837 883 928 923 etc.
948 894 971 918 >2
995 872 1322 933 Quaerendum
1346 874 1565 922 existimo
1591 872 1790 939 quando
1814 889 1915 920 non
1940 873 2083 920 fuerit
2103 871 2343 921 Abraham

189 956 410 1006 infirmus
434 957 483 1005 in
515 955 613 1005 fide
644 955 706 1004 de
733 954 1055 1022 promissione
1080 956 1234 1017 Isaac,
1267 955 1505 1020 cumipse
1535 970 1732 1019 quoque
1760 954 1884 1001 sicut
1907 962 1955 1001 et
1983 954 2101 1000 Sara
2134 952 2196 1000 de
2224 970 2345 1018 pro-

189 1039 416 1087 missione
448 1037 540 1087 hac
563 1036 699 1103 quasi
722 1034 999 1084 diffidenter
1022 1034 1182 1102 loqui,
1211 1044 1257 1083 et
1287 1035 1446 1082 risisse
1467 1044 1705 1082 narretur.
1743 1034 1820 1082 Sic
1851 1033 1982 1081 enim
2017 1034 2247 1099 scriptum
2277 1045 2344 1082 est

188 1118 238 1166 in
261 1120 435 1167 Genesi
444 1120 458 1144 ²
487 1136 498 1166 ε
525 1139 549 1166 ι(
570 1115 757 1166 Cecidit
774 1115 1016 1165 Abraham
1036 1115 1087 1163 in
1111 1115 1310 1176 faciem,
1336 1124 1384 1163 et
1406 1115 1533 1176 risit,
1560 1115 1725 1163 dicens
1751 1115 1801 1162 in
1819 1113 1968 1162 corde
1991 1130 2081 1162 suo
2106 1131 2117 1161 z
2139 1117 2345 1162 Putasne

189 1200 467 1248 centenario
494 1208 718 1249 nascetur
753 1198 896 1260 filius,
927 1206 976 1246 et
1006 1198 1121 1246 Sara
1153 1195 1483 1262 nonagenaria
1516 1195 1705 1262 pariet?
1736 1215 1759 1241 »
1791 1195 1923 1242 Dixit
1955 1194 2018 1242 ad
2041 1195 2339 1243 Dominum:

192 1299 217 1326 «
238 1281 432 1331 Utinam
471 1281 640 1330 Ismael
682 1280 812 1329 vivat
851 1296 1018 1329 coram
1054 1287 1118 1326 te.
1140 1297 1164 1323 »
1205 1278 1300 1326 Sed
1339 1277 1559 1345 profecto
1603 1294 1718 1325 cum
1756 1276 2059 1342 praemittitur
2081 1295 2091 1323 :
2118 1277 2344 1326 «Cecidit

189 1361 432 1412 Abraham
456 1363 506 1411 in
538 1362 711 1412 faciem
734 1376 890 1424 suam,
915 1381 939 1404 »
973 1359 1024 1408 id
1056 1370 1126 1408 est
1154 1359 1410 1408 adorando
1439 1369 1585 1424 atque
1620 1357 1943 1424 supplicando
1979 1357 2153 1422 gratias
2185 1358 2345 1406 retulit

189 1444 528 1509 promissioni,
577 1444 752 1510 pariter
789 1443 1010 1491 innuitur
1046 1442 1161 1508 quia
1194 1441 1255 1489 de
1293 1457 1350 1489 ea
1379 1456 1482 1488 non
1523 1438 1812 1506 desperavit.
1854 1439 2001 1497 Quod
2035 1455 2345 1505 nequaquam

190 1527 306 1573 Sara
342 1526 507 1574 fecisse
538 1525 729 1590 legitur,
769 1541 882 1573 cum
911 1523 1084 1572 riserit.
1118 1524 1305 1575 Dicitur
1345 1523 1490 1570 etiam
1527 1521 1589 1569 de
1619 1523 1763 1582 Sara,
1799 1520 1934 1585 quod
1966 1521 2122 1569 riserit
2158 1521 2347 1569 occulte

188 1616 300 1672 post
329 1608 508 1655 ostium
531 1625 542 1653 z
569 1606 631 1655 de
653 1606 898 1655 Abraham
926 1620 1062 1668 vero,
1087 1604 1224 1670 quod
1254 1605 1410 1652 riserit
1428 1602 1578 1652 corde
1601 1603 1762 1668 potius
1788 1617 1937 1666 quam
1959 1618 2060 1650 ore.
2083 1601 2343 1661 Videlicet,

189 1688 289 1736 risu
312 1687 473 1736 cordis
497 1687 730 1753 gaudium
759 1686 1037 1750 intelligitur
1067 1685 1271 1748 mentis,
1307 1701 1410 1732 non
1445 1685 1559 1731 risio
1591 1682 1833 1749 promissi.
1865 1685 1925 1729 Et
1951 1681 2102 1730 verba
2133 1683 2213 1730 illa
2243 1700 2347 1747 quae

190 1778 477 1834 sequuntur,
509 1777 754 1834 «putasne
784 1767 1082 1828 centenario,
1113 1775 1204 1814 etc.
1225 1784 1250 1811 »
1274 1764 1609 1813 admirationis
1632 1763 1795 1830 potius
1819 1779 1967 1828 quam
1998 1762 2348 1829 desperationis

189 1859 319 1897 sunt.
346 1852 407 1897 Et
427 1848 564 1914 quod
595 1848 832 1914 adjunxit,
866 1868 889 1893 c<
906 1848 1091 1896 utinam
1116 1847 1293 1894 Ismael'
1312 1846 1440 1893 vivat
1462 1861 1629 1893 coram
1657 1853 1722 1905 te,
1739 1863 1763 1888 n
1795 1842 2006 1891 ostendit
2024 1843 2348 1893 humilitatem

191 1929 392 1979 Abrahae
415 1947 517 1978 non
539 1940 729 1978 tantum
751 1929 1109 1996 praesumpsisse
1133 1927 1194 1975 de
1216 1927 1435 1974 bonitate
1456 1925 1632 1974 divinae
1657 1925 1818 1990 gratiae
1840 1934 2078 1989 quantum
2098 1928 2228 1973 Deus
2247 1926 2349 1991 ipse

191 2028 291 2060 non
313 2012 496 2078 petenti
516 2011 674 2073 offert,
694 2011 781 2069 sed
798 2011 960 2078 potius
977 2008 1180 2058 Abrahae
1200 2010 1312 2057 satis
1336 2025 1457 2070 esse,
1478 2008 1518 2055 si
1533 2007 1611 2055 vel
1633 2006 1805 2055 lsmael
1822 2006 1952 2053 vivat
1970 2007 2014 2053 ei
2031 2023 2122 2072 pro
2143 2007 2343 2054 semine.

261 2113 286 2139 «
305 2096 358 2142 In
382 2093 774 2159 repromissione,
801 2102 894 2141 etc.
916 2111 938 2137 »1
961 2095 1033 2140 De
1057 2090 1251 2139 duobus
1271 2090 1405 2138 factae
1419 2098 1533 2137 sunt
1552 2088 1753 2136 Abrahae
1787 2087 2153 2153 promissiones,
2189 2087 2251 2135 de
2282 2105 2351 2135 se-

192 2175 323 2222 mine
344 2173 525 2222 scilicet
546 2174 591 2222 ei
612 2173 778 2222 dando
803 2173 878 2221 vel
901 2171 1291 2239 multiplicando,
1317 2181 1366 2219 et
1383 2170 1445 2218 de
1469 2180 1599 2218 terra
1621 2169 1850 2218 Chanaan
1878 2168 1922 2216 ei
1944 2167 2125 2227 danda,
2161 2168 2236 2215 vel
2277 2186 2351 2216 se—

193 2256 312 2303 mini
334 2256 453 2320 ejus.
480 2256 661 2322 Saepius
678 2264 840 2305 autem
863 2264 1119 2319 utramque
1143 2253 1521 2320 promissionem
1547 2251 1721 2300 factam
1745 2251 1790 2298 ei
1816 2249 1960 2296 fuisse
1983 2249 2203 2313 legimus,
2233 2249 2349 2297 dum

193 2336 428 2403 compleri
448 2336 738 2385 differretur.
757 2336 854 2385 Sed
875 2336 1138 2384 maximam
1157 2335 1237 2382 illa
1261 2334 1322 2382 de
1343 2333 1648 2400 possessione
1671 2341 1810 2379 terrae
1838 2329 2123 2377 dilationem
2146 2331 2348 2396 accepit,

192 2434 299 2482 quae
320 2417 466 2481 longe
486 2426 596 2484 post
613 2427 821 2465 mortem
835 2416 961 2465 illius
983 2416 1277 2482 complenda
1300 2432 1403 2464 esse
1425 2414 1739 2481 promittitur.
1757 2414 1893 2459 Hanc
1907 2412 2070 2476 itaque
2087 2410 2350 2458 secundam

191 2498 566 2564 promissionem
599 2498 1028 2564 repromissionem
1062 2497 1179 2546 dicit
1218 2495 1492 2563 Apostolus,
1537 2511 1594 2542 ac
1629 2494 1668 2541 si
1700 2494 1882 2542 diceret
1918 2511 1928 2540 z
1966 2496 2074 2540 Non
2112 2491 2268 2539 solum
2303 2494 2350 2537 in

192 2580 349 2644 prima
366 2580 706 2645 promissione,
732 2579 794 2628 de
818 2580 1001 2628 semine
1024 2578 1202 2626 scilicet
1224 2595 1327 2626 non
1349 2576 1605 2635 dubitavit,
1634 2574 1719 2623 sed
1756 2591 1846 2621 nec
1879 2573 2026 2620 etiam
2044 2573 2093 2619 in
2120 2571 2348 2626 secunda,

193 2659 255 2707 de
281 2659 580 2725 possessione
606 2659 830 2708 videlicet
854 2670 1014 2722 terrae,
1047 2659 1161 2707 licet
1184 2659 1327 2724 longe
1351 2667 1523 2723 postea
1553 2656 1729 2716 futura,
1766 2654 1816 2700 in
1857 2662 2031 2718 quarta
2060 2651 2241 2699 scilicet
2277 2652 2351 2697 vel

194 2741 242 2787 in
266 2740 435 2805 quinta
458 2740 767 2804 generatione
791 2738 1003 2787 filiorum
1038 2739 1188 2787 Jacob
1216 2740 1267 2786 in
1299 2741 1508 2803 AEgypto
1543 2735 1892 2802 profectorum.
1933 2752 1958 2778 «
1985 2735 2092 2778 Non
2123 2730 2355 2779 haesitavit

194 2819 480 2882 diffidentia,
499 2838 522 2864 »
544 2819 596 2868 id
617 2830 706 2882 est,
729 2836 831 2867 non
855 2819 1027 2868 habuit
1046 2819 1402 2867 dubitationem
1422 2818 1471 2864 in
1488 2816 1655 2877 corde,
1673 2816 1797 2868 sicut
1814 2814 1863 2861 in
1879 2829 1964 2860 ore
1982 2811 2132 2860 verba
2155 2811 2353 2876 quidem

194 2900 511 2949 dubitationis
541 2899 766 2948 habuisse
801 2899 1009 2962 videtur,
1049 2909 1096 2946 et
1127 2915 1229 2946 non
1265 2899 1426 2946 statim
1460 2895 1744 2957 credidisse,
1786 2910 1887 2941 non
1920 2893 2054 2959 prius
2088 2893 2138 2939 in
2168 2892 2353 2940 visione

195 2982 334 3047 signo
360 2990 580 3047 acceptO,
606 2980 728 3029 sicut
747 2980 908 3028 statim
933 2979 1138 3028 credidit
1156 2979 1467 3046 promissioni
1491 2977 1643 3043 priori
1668 2975 1730 3024 de
1754 2975 1955 3023 semine.
1983 2974 2060 3021 Sic
2091 2973 2221 3021 enim
2245 2974 2354 3020 scri-

197 3073 334 3127 ptum
358 3073 429 3110 est
449 3062 511 3109 de
531 3062 744 3109 Domino
769 3070 816 3110 et
837 3061 899 3109 de
922 3060 1168 3109 Abraham
1189 3062 1202 3086 ³
1224 3079 1234 3108 ε
1257 3082 1280 3105 «
1295 3059 1388 3118 Qui
1412 3057 1684 3123 egredietur
1706 3055 1767 3103 de
1788 3065 1925 3102 utero
1952 3064 2057 3116 tuo,
2083 3054 2241 3119 ipsum
2266 3053 2353 3101 ha-

196 3142 333 3191 bebis
353 3143 616 3191 haeredem.
640 3142 910 3207 Eduxitque
934 3159 1047 3191 eum
1068 3142 1214 3204 foras,
1237 3151 1286 3190 et
1309 3142 1402 3190 ait:
1430 3139 1628 3205 Suspice
1650 3136 1845 3199 coelum,
1880 3146 1927 3184 et
1949 3151 2155 3183 numera
2175 3134 2349 3193 stellas,

244 3329 251 3346 ¹
268 3327 379 3367 Rom..
396 3337 467 3369 cap.
490 3338 523 3370 v,
539 3338 571 3361 v.
591 3330 642 3362 18.
666 3346 703 3353 -
728 3329 739 3348 ²
754 3330 884 3371 Genes.‚
899 3337 972 3370 cap.
990 3337 1079 3370 xvn,
1098 3337 1128 3362 v.
1149 3330 1199 3362 17.
1220 3346 1258 3351 —
1274 3328 1285 3349 ³
1302 3328 1439 3367 Genea,
1461 3335 1536 3368 cap.
1552 3334 1606 3367 xv,
1624 3334 1657 3357 v.
1677 3325 1698 3358 4
1714 3328 1748 3357 et
1762 3332 1813 3365 sq.
