2638 3866
270 157 369 205 792
1201 155 1514 204 APPENDlX.

1331 500 1375 554 V

902 724 1300 783 EPISTOLA
1361 694 1802 786 ROSCEL1N1

1145 937 1204 973 Ad
1228 938 1270 973 P.
1297 937 1539 974 Abaelardum.

268 1127 411 1163 Lectori
433 1134 575 1175 gratum
600 1126 668 1162 erit
688 1139 809 1162 rursus
844 1127 895 1161 ibi
924 1127 1084 1162 invenire
1112 1127 1290 1175 insignem
1315 1128 1411 1163 illam
1438 1128 1642 1175 epistolam,
1666 1140 1773 1175 quam
1806 1128 1928 1179 paucis
1956 1129 2088 1164 abhinc
2113 1128 2229 1173 annis,
2257 1129 2315 1165 vir
2338 1130 2424 1170 clar.

316 1187 522 1232 Schmeller,
554 1186 782 1221 bibliothecae
808 1187 1036 1222 Monacensis
1066 1187 1338 1234 subpraefectus‚
1368 1187 1405 1221 in
1438 1200 1552 1234 parvo
1579 1187 1738 1234 quodam
1765 1189 1871 1223 seculi
1902 1185 1996 1223 XIII
2021 1189 2202 1224 volumine
2226 1198 2426 1237 repertam,

314 1245 452 1293 publici
467 1246 559 1294 juris
578 1246 735 1293 primum
755 1245 837 1280 fecit
860 1246 1148 1295 (Abhandlungen
1169 1246 1229 1281 der
1244 1251 1263 1280 1
1279 1247 1384 1283 class.
1403 1247 1440 1284 d.
1460 1247 1492 1283 k.
1510 1247 1578 1284 Alc.
1599 1247 1659 1281 der
1681 1251 1783 1285 Wiss.
1808 1252 1842 1281 V
1854 1248 1914 1292 Ba,
1932 1252 1992 1282 III
2003 1247 2148 1296 Abth.);
2180 1261 2356 1295 quamque
2380 1248 2427 1286 ad

313 1306 458 1341 Petrum
478 1305 709 1340 Abaelardum
735 1305 907 1341 directam
927 1306 1051 1351 fuisse,
1072 1318 1138 1341 nec
1162 1306 1220 1341 alii
1246 1306 1413 1352 cuiquam
1437 1306 1666 1342 tribuendam
1686 1317 1815 1355 praeter
1833 1309 2075 1352 Roscelinum,
2095 1309 2176 1344 licet
2194 1309 2427 1356 inscriptione

314 1374 349 1400 et
374 1365 636 1412 subscriptione
665 1365 703 1399 in
727 1364 851 1400 codice
878 1373 1009 1412 careat,
1027 1373 1130 1400 tenor
1166 1365 1240 1412 ipse
1264 1365 1438 1400 sermonis
1461 1367 1542 1400 satis
1565 1365 1733 1402 declarat.
1759 1368 1826 1402 Illa
1851 1367 1997 1414 quidem
2018 1381 2091 1403 esse
2122 1368 2220 1404 haud
2247 1369 2426 1409 immerito

310 1424 452 1459 videtur
471 1424 640 1472 epistola,
661 1436 739 1471 quae
756 1425 846 1459 iram
862 1423 1042 1459 Abaelardi
1061 1425 1214 1459 maxime
1233 1425 1387 1459 accensit
1403 1434 1438 1460 et
1453 1425 1522 1473 ipsi
1545 1426 1718 1473 persuasit
1734 1435 1773 1461 ut
1787 1426 1974 1474 epistolam
1992 1436 2118 1462 contra
2133 1427 2363 1462 Roscelinum
2378 1427 2427 1464 ad

312 1484 521 1532 episcopum
539 1484 772 1518 Parisiensem
786 1483 1041 1528 conscriberet,
1052 1496 1158 1530 quam
1177 1496 1297 1532 supra,
1316 1484 1468 1532 hujusce
1482 1486 1573 1519 tomi
1588 1498 1671 1533 pag.
1691 1487 1772 1532 150,
1786 1495 1867 1534 post
1881 1486 2115 1522 Amboesium
2129 1482 2323 1531 edidimus,
2341 1498 2426 1523 cum

310 1543 414 1577 nobis
434 1542 599 1578 nondum
615 1543 828 1578 innotuisset
845 1543 987 1578 libellus
1006 1556 1026 1578 a
1042 1544 1129 1578 clar.
1147 1544 1225 1578 viro
1241 1544 1437 1580 Schmeller
1455 1545 1603 1580 feliciter
1620 1544 1792 1582 detectus.

322 1734 365 1776 Si
385 1733 625 1776 christianae
660 1733 880 1793 religionis
918 1733 1194 1777 dulcedinem
1227 1750 1357 1792 quam
1384 1735 1538 1777 habitu
1567 1735 1660 1794 ipso
1688 1735 1948 1795 praeferebas
1968 1735 2035 1779 vel
2069 1737 2256 1780 tenuiter
2290 1735 2426 1797 degu-

263 1824 435 1867 stasses,
462 1829 736 1872 nequaquam
765 1814 828 1856 tui
854 1813 1019 1856 ordinis
1040 1824 1210 1871 tuaeque
1232 1813 1513 1872 professionis
1544 1815 1789 1870 immemor,
1817 1827 1860 1859 et
1887 1815 2197 1859 beneficiorum
2227 1833 2324 1876 quae
2346 1812 2427 1859 tibi

262 1904 329 1937 tot
350 1904 394 1937 et
423 1904 567 1946 tanta,
594 1909 618 1935 a
641 1909 777 1953 puero
807 1909 941 1953 usque
972 1893 1029 1936 ad
1053 1895 1274 1950 juvenem,
1298 1893 1377 1935 sub
1406 1894 1599 1954 magistri
1621 1896 1798 1938 nomine
1821 1906 1863 1938 et
1885 1907 1999 1945 actu,
2023 1896 2217 1951 exhibui,
2247 1897 2422 1951 oblitus,

260 1975 306 2016 in
337 1973 471 2017 verba
508 1973 682 2016 malitiae
716 1970 860 2017 me'a‘m
892 1973 1093 2017 adversus
1130 1974 1425 2017 innocentiam
1460 1973 1571 2016 adeo
1604 1976 1892 2035 prorupisses,
1925 1987 1975 2019 ut
2007 1976 2240 2019 fraternam
2272 1991 2426 2036 pacem

259 2054 419 2114 linguae
462 2053 609 2114 gladio
643 2053 905 2108 vulnerares,
935 2056 1059 2111 juxta
1102 2053 1210 2096 illud
1254 2074 1270 2091 α
1299 2054 1448 2115 lingua
1482 2071 1636 2098 eorum
1670 2055 1836 2115 gladius
1868 2067 2032 2110 acutus,
2062 2078 2080 2095 »ι
2119 2067 2162 2099 et
2196 2056 2425 2100 Salvatoris

260 2136 395 2178 nostri
412 2133 692 2178 saluberrima
715 2145 897 2194 actuque
918 2134 1123 2178 facillima
1142 2145 1361 2194 praecepta
1385 2145 1731 2195 contempneres.
1750 2138 1860 2179 Cum
1877 2137 1994 2179 enim
2010 2137 2176 2180 Veritas
2209 2136 2324 2179 dicat
2351 2157 2367 2175 α
2389 2137 2425 2180 si

261 2215 502 2275 peccaverit
531 2217 577 2257 in
604 2225 647 2257 te
681 2215 812 2258 frater
845 2217 964 2270 tuus,
996 2215 1164 2274 corripe
1202 2230 1304 2258 eum
1325 2215 1437 2258 inter
1456 2226 1498 2258 te
1523 2226 1566 2259 et
1587 2216 1729 2276 ipsum
1750 2216 1915 2273 solum;
1941 2218 1976 2260 si
1998 2229 2143 2261 autem
2163 2228 2207 2260 te
2230 2233 2320 2260 non
2341 2233 2423 2260 au-

261 2295 403 2350 dierit,
425 2295 584 2338 adhibe
607 2306 756 2350 testes;
775 2296 894 2354 quod
911 2297 945 2338 si
963 2311 1103 2355 neque
1126 2296 1185 2338 sic
1207 2306 1249 2339 te
1274 2295 1474 2350 audierit,
1492 2296 1563 2340 dic
1584 2297 1801 2351 Ecclesiae,
1825 2319 1844 2337 »
1869 2309 1918 2341 tu
1938 2298 2108 2342 duobus
2124 2298 2271 2358 primis
2294 2313 2423 2341 man-

261 2377 371 2420 datis
392 2376 533 2419 subito
556 2376 790 2419 iracundiae
809 2377 954 2420 furore
976 2376 1148 2420 calcatis
1170 2377 1227 2420 ad
1248 2378 1421 2420 tertium
1443 2378 1687 2422 inordinate
1709 2379 1995 2435 transvolasti,
2025 2391 2069 2423 et
2093 2379 2154 2423 ad>
2171 2378 2422 2440 praeclaram

261 2468 305 2500 et
341 2457 659 2517 praecellentem
697 2457 815 2500 beati
846 2457 1023 2500 Martini
1063 2459 1326 2502 Turonensis
1361 2458 1598 2502 Ecclesiam
1632 2459 1907 2504 detractionis
1943 2476 2051 2504 meae
2080 2460 2345 2520 plenissimas
2378 2470 2422 2504 et
2487 2484 2494 2491 ·

261 2537 316 2580 de
363 2538 473 2580 vasis
531 2539 596 2580 sui
633 2537 908 2580 immunditia
941 2537 1227 2581 foetidissimas
1268 2538 1413 2581 literas
1465 2540 1755 2596 transmisisti,
1802 2541 1847 2582 in
1892 2541 2048 2600 quibus
2090 2556 2189 2584 mea
2236 2556 2422 2600 persona

258 2618 483 2677 multiplici
515 2618 703 2661 infamiae
746 2618 916 2661 macula
951 2619 1074 2678 quasi
1106 2620 1226 2662 vario
1279 2619 1412 2679 leprae
1454 2619 1600 2663 colore
1639 2604 1809 2680 depicta
1823 2654 1835 2678 ,
1871 2622 1919 2664 in
1955 2622 2085 2682 ipsius
2122 2623 2252 2666 etiam
2294 2637 2421 2665 sanc-

257 2698 429 2741 tissimae
459 2697 659 2741 Ecclesiae
690 2698 999 2741 contumeliam
1013 2731 1024 2753 ,
1053 2699 1175 2759 lapso
1213 2700 1450 2743 honestatis
1483 2699 1616 2760 pede,
1651 2716 1749 2744 eam
1777 2701 1949 2746 foveam
1988 2718 2169 2757 vocans,
2206 2701 2417 2746 decidisti.

256 2777 399 2821 Fovea
429 2778 588 2838 quippe
625 2779 671 2820 in
707 2794 828 2836 sacro
873 2779 1047 2838 eloquio
1076 2794 1251 2839 semper·
1295 2780 1341 2822 in
1386 2780 1503 2823 malo
1535 2781 1761 2841 accipitur,
1804 2804 1820 2820 u
1849 2794 1898 2826 ut
1937 2783 2106 2826 foderet
2134 2793 2234 2826 ante
2268 2782 2423 2826 faciem

257 2870 399 2899 meam
434 2858 630 2912 foveam,
656 2879 672 2896 »
711 2879 728 2896 «
747 2859 918 2902 foveam
950 2860 1105 2902 animae
1135 2875 1243 2903 meae
1262 2881 1279 2898 »ι
1314 2870 1360 2903 et
1391 2861 1459 2903 «si
1491 2877 1628 2905 caecus
1665 2878 1780 2906 caeco
1817 2863 2020 2906 ducatum
2050 2864 2263 2924 praebeat,
2289 2862 2419 2906 ambo

257 2935 303 2977 in
334 2936 504 2979 foveam
532 2938 723 2981 cadunt»
754 2948 798 2981 et
826 2959 842 2976 «
865 2939 939 2997 qui
969 2950 1094 2998 parat
1119 2940 1319 2999 proximo
1342 2956 1421 2984 suo
1444 2941 1615 2985 foveam
1637 2944 1756 3003 prior
1782 2943 1933 2986 incidit
1954 2945 2000 2987 in
2022 2940 2135 2988 eam.
2159 2965 2176 2983 »
2203 2944 2306 2987 Non
2331 2944 2418 2987 ita-

258 3030 342 3073 que
375 3016 598 3074 praefatam
632 3018 940 3060 sanctissimam
963 3018 1199 3062 Ecclesiam
1227 3036 1323 3079 quae
1351 3036 1423 3064 me
1454 3022 1682 3083 indignum
1713 3033 1756 3066 et
1795 3017 2068 3083 peccatorem
2095 3035 2162 3077 et,
2186 3035 2236 3066 ut
2268 3038 2419 3066 verum

255 3090 408 3144 fatear,
434 3090 720 3149 obprobrium
746 3092 975 3134 hominum
999 3092 1222 3153 plebisque
1245 3096 1532 3153 abjectionem
1558 3098 1743 3157 gratuita
1770 3099 2042 3142 miseratione
2068 3099 2250 3158 recepit,
2281 3098 2416 3140 foveae

255 3186 506 3230 comparare
539 3169 779 3227 debueras;
817 3171 897 3221 sed*
928 3173 969 3215 ei
989 3174 1149 3231 potius,
1175 3176 1296 3232 cujus
1325 3176 1530 3220 imitatrix
1559 3178 1653 3221 haec
1673 3179 1719 3221 in
1742 3178 1855 3223 facto
1884 3179 2038 3223 effecta
2060 3190 2146 3234 est,
2179 3178 2253 3238 qui
2279 3176 2416 3220 solem

258 3266 384 3294 suum
418 3250 522 3293 oriri
552 3249 655 3292 facit
684 3265 810 3310 super
837 3251 978 3294 bonos
1007 3263 1051 3295 et
1072 3254 1225 3309 malos,
1262 3266 1304 3297 et
1327 3255 1438 3315 pluit
1468 3274 1595 3317 super
1610 3260 1746 3316 justos
1777 3270 1821 3302 et
1839 3260 2033 3318 injustOS,
2057 3259 2131 3318 qui
2154 3258 2211 3301 ob
2234 3258 2414 3300 nimiam
