2638 3866
1005 230 1329 279 CONFESSIO
1364 231 1536 279 FlDEl.
2247 235 2335 283 721

194 329 462 391 diversitas,
501 329 577 377 vel
602 330 827 395 potentiae
851 331 1162 395 inaequalitas.
1190 333 1417 398 Quisquis
1445 332 1591 381 etiam
1614 348 1690 381 me
1713 333 1957 399 scripsisse
1982 334 2175 395 asserit,
2210 335 2343 399 quod

195 410 257 459 de
286 410 552 460 substantia
572 409 739 458 >Patris
776 410 979 475 Spiritus
1005 422 1198 460 sanctus
1219 413 1376 460 etiam
1410 414 1510 463 non
1541 413 1626 475 sit,
1660 413 1850 462 malitioe
1879 413 1933 461 id
1955 414 2036 462 >vel
2064 415 2344 478 ignorantiae

195 491 413 540 maximae
438 480 542 538 fuit.

224 608 225 612 ,
264 571 434 620 Solum
468 570 643 619 Filium
671 570 761 618 Dei
790 569 1097 618 incarnatum
1123 570 1372 636 profiteor,
1402 581 1455 619 ut
1477 590 1568 621 nos
1590 589 1620 621 a
1642 573 1868 622 servitute
1896 575 2077 639 peccati
2106 584 2153 623 et
2176 591 2205 623 a
2228 574 2345 640 jugo

197 650 389 700 Diaboli
410 650 652 713 liberaret,
679 660 728 698 et
749 666 968 716 supernae
994 651 1182 699 aditum
1205 653 1329 710 vitae,
1358 662 1514 701 morte
1536 670 1641 716 sua,
1666 653 1808 701 nobis
1831 651 2086 702 reseraret.7

263 735 428 779 Jesum
452 731 697 780 Christum
728 732 851 779 sicut
883 748 1052 779 verum
1076 742 1123 779 et
1155 733 1352 781 unicum
1376 734 1464 781 Dei
1491 733 1662 781 Filium
1692 750 1749 782 ex
1777 734 2041 783 substantia
2068 736 2214 783 Patris
2237 745 2349 784 ante

198 812 366 861 saecula
401 813 642 876 genitum,
670 812 736 861 ita
768 813 960 861 tertiam
986 813 1033 860 in
1057 813 1283 860 Trinitate
1313 830 1610 879 personam,.
1635 816 1867 881 Spiritum
1900 831 2097 880 quoque
2130 827 2349 864 sanctum

202 902 300 942 tam
336 891 536 959 abipso
569 892 708 954 Filio,
742 909 889 957 quam
913 909 941 942 a
975 896 1112 942 Patre
1136 893 1480 960 procedentem
1513 905 1562 943 et
1593 896 1796 944 credens
1832 912 2017 957 assero,
2058 906 2106 944 et
2137 912 2351 944 asserens

200 973 366 1022 credo.
1352 1030 1359 1039 α

262 1054 477 1103 Gratiam
502 1056 592 1103 Dei
614 1055 680 1103 ita
708 1054 936 1103 omnibus
961 1056 1278 1104 necessariam
1302 1055 1431 1103 dico¹
1462 1066 1515 1104 ut
1537 1072 1627 1103 nec
1652 1066 1833 1118 naturae
1856 1057 2077 1114 facultas,
2106 1073 2197 1104 nec
2221 1057 2350 1105 arbi-

201 1136 278 1184 trii
301 1135 495 1185 libertas
518 1136 620 1184 sine
644 1136 722 1184 illa
749 1135 968 1184 sufficere
988 1137 1140 1202 possit
1163 1137 1226 1185 ad
1247 1137 1467 1185 salutem.
1495 1139 1805 1203 Ipsa'qu'ippe>
1828 1140 1982 1203 gratia
2008 1154 2098 1185 nos
2123 1139 2353 1203 praevenit

204 1227 257 1265 ut
279 1217 499 1277 velimus,
524 1218 630 1283 ipsa
664 1217 973 1283 subsequitur
994 1219 1324 1284 utpossimus,
1349 1219 1452 1284 ipsa
1471 1235 1562 1266 nos
1584 1229 1835 1267 conservat
1850 1221 1865 1244 ³
1892 1230 1944 1267 ut
1966 1225 2349 1285 perseveremus.

269 1300 428 1345 Deum
467 1314 525 1345 ea
561 1297 872 1346 solummodo
910 1316 1052 1364 posse
1086 1299 1240 1346 facere
1275 1298 1442 1359 (πρᾶο,
1479 1316 1584 1364 quae
1614 1300 1772 1365 ipsum
1804 1301 1958 1348 facere
1993 1300 2219 1348 convenit
2256 1318 2267 1347 ε
2305 1309 2352 1348 et

201 1377 335 1443 quod
363 1378 514 1426 multa
537 1378 692 1427 facere
715 1388 875 1445 poteSt
891 1380 931 1442 ³,
958 1396 1065 1445 quae
1086 1396 1338 1444 nunquam
1364 1379 1519 1427 saciet.

266 1458 415 1507 Multa
445 1460 661 1524 quoque*
682 1477 769 1526 per
802 1460 1124 1525 ignorantiam
1152 1460 1276 1508 facta
1304 1460 1456 1526 culpae
1484 1470 1595 1508 sunt
1623 1460 1943 1509 adscribenda
1966 1479 1976 1507 :
2013 1461 2221 1509 maxime
2242 1476 2355 1507 cum

202 1555 291 1604 per
317 1539 659 1604 negligentiam
690 1550 906 1589 nostram
933 1541 1181 1606 contingat
1209 1557 1299 1588 nos
1330 1541 1570 1605 ignorare,
1603 1558 1711 1607 quae
1746 1541 1887 1589 nobis
1909 1542 2231 1589 necessarium
2256 1550 2358 1588 erat

203 1636 462 1684 praenosse.
490 1620 657 1678 Qualis
688 1620 767 1668 ille
793 1621 908 1683 fuit,
937 1621 1005 1671 ,de
1037 1638 1144 1686 quo
1160 1621 1413 1670 Psalmista
1446 1622 1600 1685 dicit⁶‚
1631 1622 1830 1670 «Noluit
1856 1621 2119 1685 intelligere
2152 1631 2206 1669 ut
2232 1620 2358 1668 bene

205 1710 384 1764 ageret.
411 1722 434 1744 >›
1027 1746 1030 1751 .

270 1780 394 1828 Mala
415 1783 575 1829 Deum
595 1782 830 1847 impedire
855 1782 1131 1847 frequenter
1154 1782 1306 1831 fateor
1334 1801 1345 1829 ι
1387 1783 1502 1846 quia
1531 1798 1632 1830 non
1668 1783 1826 1830 solum
1849 1783 2074 1830 effectum
2099 1783 2361 1847 malignan-

204 1861 325 1908 tium
366 1862 621 1926 praevenit,
672 1879 765 1923 ne,
814 1862 948 1926 quod
991 1862 1196 1924 volunt,
1241 1863 1429 1928 possint
1462 1881 1481 1909 -:
1525 1864 1841 1911 verumetiam
1881 1863 2151 1911 voluntates
2191 1880 2359 1910 eorum

206 1944 398 2005 mutat⁶,
436 1953 488 1991 ut
525 1959 553 1991 a
589 1944 717 1991 malo
752 1943 886 2007 quod
914 1944 1283 2007 cogitaverunt,
1326 1944 1516 2009 penitus
1551 1943 1818 2005 desistant⁷.

269 2027 336 2071 Ex
370 2024 543 2084 Adam,
573 2024 623 2075 in
656 2041 755 2089 quo
790 2041 960 2075 omnes
990 2025 1314 2089 peccavimuS,
1352 2035 1451 2072 tam
1483 2025 1677 2090 culpam
1703 2041 1852 2089 quam
1888 2040 2083 2089 poenam
2112 2041 2202 2072 nos
2236 2042 2358 2072 con-

204 2104 399 2151 traxisse
427 2115 623 2151 assero:
657 2105 772 2168 quia
802 2104 929 2151 illius
964 2115 1218 2169 peccatum
1250 2114 1530 2152 nostrorum
1562 2121 1761 2170 quoque
1789 2114 2102 2170 peccatorum
2135 2106 2361 2153 omnium

209 2184 345 2247 origo
369 2184 522 2231 extitit
545 2194 688 2248 atque
711 2200 871 2232 causa.

274 2266 594 2315 Crucifixores
630 2267 806 2315 Christi
831 2268 880 2315 in
913 2268 1017 2333 ipsa
1046 2267 1362 2315 crucifixione
1394 2269 1727 2332 gravissimum
1757 2278 2008 2334 peccatum
2043 2270 2195 2316 fateor
2228 2285 2362 2316 com·

211 2348 410 2396 misisse.

278 2429 429 2478 Multa
465 2429 527 2479 de
564 2429 756 2477 Christo
794 2429 1038 2491 dicuntur,
1080 2445 1185 2494 quae
1218 2446 1320 2477 non
1359 2439 1458 2477 tam
1496 2429 1765 2477 secundum
1801 2440 1974 2496 caput,
2015 2421 2161 2495 quam
2196 2445 2362 2477 secun—

211 2508 329 2557 dum
373 2526 551 2576 corpus
587 2510 757 2576 ipsius,
791 2509 926 2574 quod
960 2520 1031 2558 est
1067 2510 1300 2571 Ecclesia,
1342 2519 1453 2557 sunt
1486 2510 1767 2576 accipienda
1797 2529 1807 2557 :
1853 2520 1904 2558 ut
1946 2511 2024 2558 ille
2062 2511 2261 2575 Spiritus
2304 2510 2362 2556 ti-

212 2594 380 2656 moris,
418 2594 556 2659 quod
584 2603 655 2642 est
688 2595 880 2642 initium
921 2595 1180 2660 sapientiae,
1216 2610 1362 2657 quem
1391 2594 1614 2642 videlicet
1655 2595 1878 2642 timorem
1916 2594 2123 2660 perfecta
2161 2593 2365 2640 charitas

217 2674 348 2722 foras
371 2675 517 2723 mittit
530 2676 560 2723 ⁸.
589 2676 743 2740 Hujus
771 2693 885 2739 ergo
912 2677 1098 2723 timoris
1123 2675 1343 2741 spiritum
1366 2676 1416 2722 in
1438 2675 1601 2722 anima
1624 2674 1817 2736 Christi,
1854 2675 1941 2740 qui
1975 2674 2365 2741 perfectissimam

213 2754 384 2802 habuit
415 2755 718 2813 charitatem,
757 2773 1008 2821 nunquam
1040 2756 1182 2803 fuisse
1217 2754 1516 2803 credendum
1539 2764 1633 2815 est,
1667 2756 1750 2819 qui
1783 2764 1942 2802 tamen
1974 2755 2022 2802 in
2056 2753 2365 2802 inferioribus

216 2834 444 2882 membris
476 2851 578 2883 non
615 2835 766 2883 deest.
806 2839 966 2883 Tantae
997 2838 1177 2901 quippe
1207 2835 1514 2901 perfectionis
1549 2844 1597 2882 et
1623 2844 1765 2882 tantae
1797 2836 2060 2883 securitatis
2096 2835 2258 2883 anima
2287 2834 2368 2882 illa

216 2915 369 2962 extitit
403 2932 490 2981 per
524 2917 680 2981 ipsam
712 2915 856 2963 Verbi
892 2917 1151 2978 unionem,
1179 2925 1232 2963 ut
1267 2916 1408 2963 sciret
1441 2915 1510 2963 nil
1544 2915 1747 2963 omnino
1782 2931 1833 2963 se
1865 2916 2166 2963 committere
2197 2931 2364 2981 posse,

217 2995 350 3044 unde
369 3012 537 3062 poenas
556 2997 839 3057 incurreret,
861 2996 938 3044 vel
955 3000 1115 3045 Deum
1138 2996 1422 3046 offenderet.
1444 2998 1639 3045 Castum
1662 2998 1806 3044 vero’
1828 2997 2051 3044 timorem
2075 2997 2125 3043 in
2143 2995 2367 3044 saeculum

219 3076 377 3124 saeculi
403 3086 797 3142 permanentem,
832 3078 916 3142 qui
946 3078 1144 3144 proprie
1164 3078 1431 3126 reverentia
1461 3077 1705 3127 charitatis
1731 3076 1925 3138 dicitur,
1958 3086 2056 3124 tam
2084 3076 2176 3142 ipsi
2199 3077 2368 3125 animae

264 3231 369 3264 'Dico
386 3233 479 3265 deest
493 3233 589 3266 Amb.
611 3251 649 3256 —
665 3234 677 3253 ²
690 3232 744 3266 Sic
755 3233 838 3267 Cod.
856 3235 951 3268 2923.
972 3234 1149 3268 consociat
1159 3233 1257 3267 Amb.
1330 3234 1412 3268 eod.
1430 3235 1571 3269 2923.’-
1584 3231 1750 3267 Ἱδὶσῦοᾱ.
1762 3233 2047 3268 2923.Divertant
2060 3233 2155 3266 Amb.
2167 3234 2225 3257 —⁸
2236 3231 2326 3264 Joan.
2342 3231 2367 3271 Ι,

222 3300 262 3308 -
277 3285 289 3306 ³
305 3286 422 3319 Posset
448 3286 531 3321 God.
556 3289 650 3322 2923.
678 3304 715 3311 —
741 3288 752 3308 ⁴
778 3287 832 3320 Sic
856 3287 938 3320 Cod.
967 3287 1061 3321 Mala
1077 3297 1141 3331 per
1165 3288 1261 3330 iqno-
1332 3298 1407 3332 cap.
1425 3298 1471 3332 ιν,
1487 3300 1518 3324 v.
1538 3293 1590 3325 18.
1610 3307 1651 3314 —
1666 3289 1747 3324 ’Sic
1769 3288 1850 3323 Cod.
1872 3287 1954 3330 neg.
1979 3289 2110 3332 Quippe
2124 3297 2184 3331 pro
2201 3297 2277 3322 vero
2291 3287 2369 3327 128st

223 3339 380 3385 rontium
408 3340 506 3375 Amb.
530 3359 570 3366 —
586 3343 597 3362 ⁶
614 3340 743 3375 Psalm.
760 3350 872 3383 xxxv,
889 3351 921 3375 v.
951 3343 982 3376 4.
999 3360 1040 3367 —
1057 3343 1069 3363 ⁶
1085 3343 1259 3376 Immutat.
1333 3342 1433 3377 Ami».

386 3408 418 3433 11
2156 3399 2197 3435 91
