2638 3866
808 468 1300 546 LIBRORUM
1366 468 1861 546 CAPITULA.

321 686 474 725 Primus
489 683 590 724 liber
605 682 779 724 continet
795 683 892 736 quid
908 683 1003 724 velit
1021 683 1215 724 distinctio
1233 683 1351 724 trium
1369 696 1626 736 personarum
1642 684 1684 724 in
1699 687 1798 736 Deo,
1818 686 1879 725 vel
1901 685 1996 738 quid
2009 674 2148 726 sonent
2165 685 2310 740 inipso
2322 688 2407 727 haec

269 749 427 788 nomina
438 759 711 800 personarum,
724 749 854 797 Pater,
873 746 1010 796 Filius,
1024 755 1064 787 et
1081 747 1246 799 Spiritus
1265 754 1435 788 sanctus.
1453 746 1689 787 ‘testimonia
1705 755 1781 787 tam
1798 749 2078 802 prophetarum
2097 762 2215 802 quam
2235 749 2410 803 philoso-

269 811 438 864 phorum
466 810 515 849 de
541 812 581 851 S.
605 809 806 858 Trinitate,
828 823 900 849 nec
924 822 1005 849 non
1032 818 1071 849 et
1091 823 1213 862 quare
1235 809 1432 862 Sapientia
1458 809 1531 849 Dei
1551 818 1714 849 vocetur
1737 810 1924 863 Verbum,
1946 818 2014 853 aut
2038 812 2262 865 Benignitas
2288 813 2409 864 ipsius

270 874 420 914 dicatur
440 872 605 927 Spiritus
624 880 791 912 sanctus.
810 875 855 912 In
874 886 953 925 quo
972 873 1087 913 etiam
1104 886 1151 913 ea
1167 886 1254 925 quae
1274 873 1324 912 de
1342 873 1471 912 anima
1495 872 1631 912 mundi
1650 886 1673 912 a
1689 873 1931 926 philosophis
1952 874 2051 915 dicta
2073 882 2178 924 sunt,
2194 875 2243 913 de
2264 874 2410 927 Spiritu

270 945 402 976 sancto
419 936 584 990 intelligi
606 943 885 977 monstrantur.

321 999 524 1040 Secundus
546 998 855 1039 liberadversus
873 1000 1085 1040 calumnias
1097 998 1272 1039 fidelium
1292 998 1340 1037 de
1353 998 1591 1038 admixtione
1603 999 1962 1053 philosophicorum
1981 1000 2292 1040 testimoniorum
2307 1009 2411 1040 totus

271 1061 467 1102 scribitur.
479 1064 526 1101 In
540 1075 619 1114 quo
631 1062 681 1101 de
691 1062 771 1101 vita
789 1071 829 1102 et
845 1062 1053 1102 virtutibus
1070 1071 1109 1102 et
1127 1062 1311 1102 doctrinis
1332 1061 1655 1114 philosophorum
1668 1062 1836 1115 plurima
1855 1063 2141 1103 commendatio
2161 1063 2218 1113 fit,
2242 1071 2286 1103 ut
2303 1062 2412 1116 digni

270 1125 327 1164 illi
347 1125 555 1165 videantur
581 1124 724 1177 quibus
753 1125 869 1165 etiam
890 1129 998 1166 Deus
1027 1138 1106 1166 suae
1134 1125 1224 1164 fidei
1246 1137 1388 1164 arcana
1408 1124 1582 1163 revelare
1605 1124 1843 1177 dignaretur.

320 1188 471 1227 Tertius
494 1188 665 1227 continet
686 1188 928 1228 invectiones
949 1189 990 1228 in
1015 1188 1259 1237 dialecticos,
1279 1196 1319 1226 et
1346 1200 1413 1226 eos
1443 1199 1578 1226 omnes
1606 1188 1674 1239 qui
1698 1190 1823 1227 Deum
1847 1201 2004 1240 quoque
2032 1188 2213 1227 humanis
2237 1200 2415 1240 compre-

271 1249 391 1289 hendi
415 1249 630 1289 rationibus
648 1250 801 1300 volunt,
822 1263 895 1291 nec
911 1250 1050 1290 eadem
1072 1250 1150 1289 fide
1168 1248 1414 1302 suscipienda
1435 1258 1595 1289 censent
1620 1263 1708 1302 quae
1738 1250 1921 1290 humanis
1946 1250 2160 1290 rationibus
2180 1249 2331 1290 adstrui
2348 1250 2411 1289 vel

272 1311 430 1351 defendi
456 1325 538 1352 non
560 1312 730 1352 valeant.
760 1313 946 1365 Proponit
969 1313 1087 1352 etiam
1112 1324 1306 1352 summam
1333 1311 1423 1351 fidei
1446 1312 1550 1351 circa
1569 1313 1756 1352 unitatem
1783 1327 1828 1353 ac
1849 1314 2089 1362 Trinitatem,
2116 1321 2156 1353 et
2179 1313 2415 1363 objectiones

270 1374 458 1414 adversus
484 1375 699 1427 proposita,
721 1383 760 1413 et
779 1384 875 1427 quot
895 1375 1022 1415 modis
1042 1375 1146 1414 idem
1166 1375 1248 1414 sive
1271 1375 1469 1415 diversum
1489 1375 1716 1428 accipiatur,
1743 1386 1782 1416 et
1801 1385 1896 1429 quot
1916 1376 2039 1415 modis
2058 1389 2225 1429 persona
2246 1376 2411 1416 dicatur.

323 1439 494 1487 Quartus
520 1437 693 1477 continet
713 1437 927 1478 solutiones
949 1438 1138 1478 adversus
1162 1437 1328 1487 objecta,
1360 1446 1399 1476 et
1422 1438 1717 1491 generationem
1744 1439 1862 1479 Verbi
1885 1452 1933 1478 ex
1957 1442 2089 1489 Patre,
2118 1438 2158 1478 id
2189 1447 2247 1478 est
2272 1438 2415 1478 divinae

270 1500 474 1553 Sapientiae
491 1513 540 1540 ex
556 1500 690 1540 divina
709 1500 899 1549 Potentia,
912 1510 951 1541 et
968 1514 1047 1554 qua
1063 1500 1316 1540 similitudine
1335 1500 1468 1541 divina
1479 1501 1654 1540 Potentia
1671 1501 1822 1541 dicatur
1838 1504 1968 1551 Pater,
1987 1502 2048 1541 vel
2066 1502 2201 1541 divina
2219 1500 2416 1553 Sapientia

270 1563 422 1603 dicatur
439 1563 574 1603 Filius.
588 1564 767 1604 Continet
778 1564 939 1617 insuper
954 1564 1242 1617 processionem
1260 1564 1441 1617 Spiritus,
1465 1573 1504 1604 et
1520 1565 1719 1617 quomodo
1736 1565 1847 1606 Plato
1864 1566 2032 1605 animam
2053 1564 2188 1604 mundi
2204 1577 2322 1617 quam
2334 1562 2417 1615 Spi-

269 1626 386 1665 ritum
404 1634 580 1666 sanctum
597 1627 809 1677 intellexit,
830 1627 915 1666 vult
929 1637 1099 1668 creatam
1116 1640 1215 1677 esse,
1232 1627 1307 1667 hoc
1326 1637 1383 1668 est
1400 1628 1552 1668 initium
1569 1627 1733 1676 habere,
1755 1637 1793 1668 et
1808 1628 1915 1681 quod
1933 1628 2050 1668 fidem
2067 1627 2263 1667 Trinitatis
2283 1639 2417 1666 omnes

270 1687 447 1728 homines
465 1689 696 1729 naturaliter
716 1688 902 1730 habeant.

325 1751 490 1801 Quintus
508 1760 565 1791 est
585 1751 635 1791 de
658 1752 808 1791 ratione
825 1751 1011 1792 credendi
1037 1766 1161 1792 unum
1179 1754 1304 1792 Deum
1324 1765 1404 1792 non
1424 1753 1572 1806 plures,
1593 1762 1632 1791 et
1649 1752 1698 1792 de
1717 1753 1953 1805 perfectione
1971 1762 2009 1793 et
2029 1750 2419 1793 incommutabilitate

271 1813 387 1863 huius
405 1813 547 1855 summi
563 1813 672 1864 boni,
691 1814 799 1868 quod
817 1815 858 1856 in
878 1815 988 1856 nullo
1005 1829 1177 1856 crescere
1195 1815 1257 1856 vel
1278 1816 1401 1855 minui
1426 1816 1545 1868 possit
1564 1825 1630 1856 aut
1654 1816 1813 1855 variari.
