2638 3866
294 148 386 194 440
1082 145 1253 194 PETRI
1287 144 1601 193 ABAELARDI

293 251 410 298 dum
432 247 523 296 sibi
551 248 610 296 sit
633 247 708 295 vel
731 247 1090 306 dimittendum,
1116 248 1226 295 licet
1248 264 1381 311 aeque
1407 257 1666 312 utrumque
1689 247 1736 294 in
1761 257 1922 295 nostra
1949 250 2008 307 sit
2030 259 2280 315 potestate,
2308 252 2428 300 libe-

291 348 399 378 rum
420 345 721 394 nequaquam
739 338 807 376 est
830 327 1094 376 arbitrium.
1122 328 1218 376 Etsi
1235 328 1364 375 enim
1383 326 1526 375 bruta
1544 328 1770 376 animalia
1790 327 2005 392 quaedam
2027 346 2114 394 per
2137 331 2428 380 voluntatem

292 428 426 458 suam
464 411 617 457 facere
650 418 852 475 possunt
879 409 950 456 vel
979 408 1241 468 dimittere3
1268 408 1382 472 quia
1403 417 1563 456 tamen
1582 407 1767 472 judicio
1790 409 1987 457 rationis
2008 419 2193 469 carent,
2225 410 2429 461 liberum

292 508 391 538 non
415 490 595 538 habent
619 489 884 538 arbitrium.
911 489 958 536 Si
987 489 1095 553 quis
1130 488 1271 535 etiam
1294 486 1386 534 tale
1414 487 1530 552 quid
1552 488 1665 535 velit
1695 504 1751 536 ac
1771 487 1983 554 disponit
2006 489 2186 550 facere,
2214 492 2344 556 quod
2379 493 2427 539 in

292 572 392 635 ejus
415 588 514 617 non
539 570 599 618 sit
622 579 882 635 potestate,
903 569 977 617 vel
998 568 1129 634 quod
1154 569 1254 615 sine
1274 567 1587 634 dispositione
1603 569 1752 635 ipsius
1774 586 1907 634 aeque
1927 569 2061 619 fieret
2077 607 2089 631 ,
2116 571 2164 618 in
2190 571 2286 620 hoc
2312 571 2430 620 libe-

291 669 400 699 rum
417 651 668 699 arbitrium
689 667 788 698 non
820 649 979 698 habet.
1007 648 1150 696 Verbi
1174 649 1351 713 gratia,
1373 666 1496 715 saepe
1527 649 1639 698 talia
1663 667 1752 698 1105
1774 649 1927 699 facere
1953 653 2295 717 proponimus,
2325 670 2429 717 quae

292 732 478 797 decepti
498 748 587 779 nos
605 747 747 796 posse
772 730 970 796 implere
993 728 1310 791 confidimus,
1339 738 1382 777 et
1404 745 1759 796 nonnunquam
1786 732 1984 780 nitimur
2004 733 2080 780 vel
2104 729 2430 781 desideramus

292 823 342 859 ut
364 829 420 860 ea
441 812 586 871 fiant,
608 829 711 876 quae
729 828 828 858 non
852 811 1010 857 minus
1028 810 1195 857 fierent
1219 808 1400 874 absque
1420 821 1587 859 nostro
1608 813 1874 878 proposito.
1896 813 2055 861 Veluti
2073 814 2212 879 siqui
2233 813 2430 862 diutinis

290 894 444 959 poenis
469 893 591 940 mori
615 901 876 957 cogantur,
900 901 947 938 et
970 900 1123 937 morte
1146 891 1249 955 ipsa
1268 891 1505 938 cruciatus
1527 890 1666 940 finire
1685 892 1982 954 desiderent,
2005 903 2052 941 et
2074 893 2133 942 ad
2154 893 2250 942 hoc
2271 895 2429 942 nitan-

291 985 383 1036 tur,
411 989 740 1038 nequaquam‚
766 989 876 1020 cum
902 971 950 1018 id
973 970 1162 1031 accidit,
1185 969 1414 1019 ex‘libero
1437 989 1524 1020 suo
1543 972 1741 1021 arbitrio
1764 984 2107 1039 assequuntur3
2137 974 2272 1039 quod
2294 974 2429 1023 vide-

287 1056 397 1103 licet
421 1072 521 1102 non
545 1055 704 1102 minus
726 1053 1023 1116 contingeret
1045 1053 1112 1099 eis
1132 1051 1272 1099 etiam
1295 1051 1415 1099 nihil
1434 1052 1548 1100 inde
1561 1054 2021 1119 praemeditantibus.
2043 1058 2100 1102 Et
2116 1054 2217 1102 haec
2231 1055 2428 1120 quidem

287 1136 427 1183 liberi
442 1135 623 1182 arbitrii
646 1133 861 1181 definitio
886 1133 1157 1180 nullatenus
1176 1134 1225 1180 in
1250 1136 1407 1180 Deum
1430 1133 1558 1182 cadit
1574 1173 1586 1197 ,
1607 1134 1692 1182 sed
1709 1136 1757 1182 in
1780 1152 1863 1183 eos
1887 1146 2076 1183 tantum
2093 1136 2177 1201 qui
2199 1135 2429 1184 volunta-

290 1227 384 1264 tem
412 1226 624 1275 mutare,
652 1225 699 1265 et
732 1215 781 1262 in
804 1214 1044 1262 contraria
1068 1223 1269 1280 possunt
1297 1214 1576 1275 deflectere3
1604 1226 1656 1263 ut
1676 1216 1897 1264 videlicet
1919 1217 1968 1264 in
1994 1233 2164 1264 eorum
2198 1217 2258 1264 sit
2292 1227 2427 1282 pote-

289 1306 406 1344 state
425 1296 474 1343 id
492 1295 624 1360 quod
645 1294 831 1358 eligitur
851 1304 950 1341 tam
973 1294 1211 1342 dimittere
1230 1311 1377 1360 quam
1398 1295 1568 1343 facere.
1584 1297 1803 1361 Denique
1823 1307 1869 1345 et
1891 1298 2115 1346 nonnulli
2140 1297 2348 1345 liberum
2364 1296 2424 1345 ad

287 1377 380 1424 1100
407 1376 699 1424 reduxerunt
723 1375 973 1423 arbitrium
990 1413 1002 1437 ,
1027 1386 1079 1423 ut
1106 1375 1181 1422 his
1214 1385 1401 1423 tantum
1427 1376 1518 1442 ipsi
1541 1377 1810 1425 concedant
1831 1394 1936 1442 quae
1967 1388 2014 1426 et
2045 1378 2169 1427 bene
2195 1378 2349 1426 facere
2381 1387 2426 1425 et

286 1458 411 1505 male
431 1467 647 1524 possunt.
671 1460 891 1515 Quorum
915 1457 1197 1522 opinionem
1225 1456 1393 1505 beatus
1425 1475 1635 1524 quoque*
1654 1459 1975 1524 Hieronymus
1999 1469 2190 1507 secutus
2216 1459 2427 1506 Homilc'a

284 1538 363 1586 1113
391 1539 451 1587 (10
474 1538 572 1585 filio
598 1538 826 1604 prodigo,
855 1539 979 1586 inter
1002 1538 1256 1597 caeteraysic
1281 1539 1347 1586 ait
1368 1557 1377 1585 :
1409 1561 1430 1584 α
1457 1539 1597 1587 50105
1613 1542 1743 1588 Deus
1763 1549 1832 1588 est
1855 1541 1902 1587 in
1928 1557 2027 1605 quo
2050 1550 2301 1606 peccatum
2327 1556 2424 1587 non

285 1620 440 1679 cadit;
467 1629 658 1682 caetera,
686 1636 797 1666 cum
825 1620 919 1667 sint
942 1618 1080 1666 liberi
1102 1618 1315 1679 arbitrii,
1339 1620 1387 1666 in
1413 1630 1669 1686 utrumque
1694 1631 1896 1687 possunt
1911 1638 2046 1669 suam
2065 1621 2318 1669 deflectere
2341 1636 2425 1667 vo-

283 1701 533 1749 luntatem.
556 1721 578 1744 »
601 1704 657 1748 At
667 1718 780 1748 vero
794 1701 878 1766 qui
897 1700 1169 1766 diligentius
1187 1699 1395 1748 liberum
1412 1700 1663 1749 arbitrium
1674 1702 1932 1768 inspexerit
1948 1739 1960 1763 ,
1977 1702 2096 1749 nulli
2108 1701 2427 1749 benefacienti

284 1780 381 1828 hoc
400 1780 562 1829 deesse
586 1781 778 1843 dixerit3
799 1782 1006 1830 maxime
1029 1790 1188 1830 autem
1204 1783 1325 1841 Deo,
1347 1791 1392 1828 et
1408 1781 1483 1829 his
1497 1781 1722 1829 omnibus
1742 1783 1826 1847 qui
1849 1791 1980 1830 tanta
2000 1780 2297 1830 beatitudine
2316 1791 2426 1828 sunt

283 1861 606 1924 corroborati,
635 1873 686 1910 ut
703 1864 802 1927 jam
826 1864 874 1910 in
900 1872 1152 1929 peccatum
1176 1861 1272 1910 labi
1293 1879 1395 1910 non
1418 1873 1616 1928 queant.
1640 1866 1750 1922 Quo
1770 1863 1899 1911 enim
1929 1863 2131 1928 quisque
2167 1879 2194 1909 a
2227 1872 2425 1928 peccato

284 1946 513 1991 remotior
535 1955 630 2006 est,
657 1955 702 1992 et
722 1944 783 1992 ad
799 1944 988 1992 honum
1008 1945 1235 2010 pronior,
1261 1954 1395 1992 tanto
1416 1945 1466 1992 in
1489 1945 1711 2010 eligendo
1735 1945 1924 1992 bonum
1951 1944 2148 1992 liberius
2174 1931 2322 1991 habet
2341 1945 2426 2008 ju-

283 2023 484 2084 dicium,
502 2034 682 2089 quanto
708 2025 769 2073 ab
791 2024 1062 2073 illaultima
1076 2026 1300 2073 servitute
1318 2027 1525 2091 peccati,
1553 2025 1614 2073 de
1638 2042 1734 2090 qua
1756 2026 1988 2092 scriptum
2011 2026 2103 2072 est¹
2123 2043 2133 2070 z
2164 2045 2186 2068 ε(
2205 2025 2300 2082 Qui
2317 2023 2427 2072 facit

284 2115 547 2168 peccatum,
566 2123 729 2154 servus
743 2117 813 2154 est
826 2107 1027 2172 peccati,
1044 2127 1065 2151 11
1082 2106 1273 2170 longius
1285 2105 1484 2154 absistit.
1506 2106 1802 2155 Generaliter
1816 2107 1975 2171 itaque
1987 2122 2042 2154 ac
2054 2106 2298 2153 verissime
2311 2104 2426 2153 libe-

284 2203 388 2233 rum
405 2186 654 2234 arbitrium
669 2188 861 2248 dicitur,
878 2205 989 2236 cum
1010 2187 1212 2253 quilibet
1229 2187 1364 2252 quod
1383 2204 1439 2235 ex
1461 2189 1649 2236 ratione
1666 2188 1946 2245 decreverit,
1970 2186 2239 2234 voluntarie
2251 2201 2308 2233 ac
2324 2186 2425 2232 sine

282 2267 530 2315 coactione
550 2268 812 2334 adimplere
831 2268 1021 2316 valebit.
1047 2271 1162 2327 Quae
1186 2269 1383 2333 quidem
1408 2267 1599 2316 libertas
1620 2268 1801 2317 arbitrii
1821 2278 1917 2316 tam
1935 2270 2039 2315 Deo
2059 2283 2204 2332 quam
2216 2265 2426 2313 homini-

282 2345 377 2393 bus
393 2364 525 2412 aeque
541 2349 867 2397 indubitanter
883 2350 1023 2411 inest,
1041 2350 1318 2414 quicunque
1339 2359 1454 2396 tunc
1474 2349 1729 2397 voluntatis
1750 2349 1971 2397 facultate
1990 2348 2162 2413 privati
2177 2363 2278 2394 non
2292 2356 2420 2405 sunt,

284 2435 424 2490 atque
448 2427 522 2476 his
545 2431 801 2496 praecipue,
828 2440 881 2477 ut
900 2430 1128 2491 diximus,
1156 2431 1238 2495 qui
1260 2430 1361 2494 jam
1384 2431 1585 2477 omnino
1606 2446 1704 2477 non
1731 2437 1932 2494 possunt
1951 2443 2166 2493 peccare.
2194 2427 2424 2484 Quamvis

282 2507 410 2553 enim
428 2525 624 2572 peccare
640 2521 902 2574 nequeant,
924 2519 1047 2558 anta
1061 2510 1195 2557 bono
1214 2509 1348 2575 quod
1363 2510 1542 2557 faciunt
1560 2510 1757 2557 minime
1774 2525 1823 2556 se
1840 2508 2081 2556 retrahere
2096 2517 2292 2572 queant,
2310 2507 2422 2571 quia

285 2604 381 2634 non
398 2599 604 2653 oportet,
626 2607 726 2637 non
747 2591 859 2638 ideo
877 2600 1035 2638 tamen
1052 2590 1099 2638 id
1119 2591 1316 2654 alicujus
1333 2590 1594 2638 coactionis
1611 2590 1890 2637 necessitate
1904 2599 2067 2653 agunt,
2086 2586 2219 2653 quod
2236 2587 2418 2651 utique,

284 2667 322 2712 si
337 2684 435 2713 non
451 2669 642 2729 vellent,
666 2687 972 2736 nequaquam
992 2671 1147 2719 facere
1167 2681 1470 2735 cogerentur.
1496 2670 1642 2729 Quod
1658 2680 1705 2718 et
1717 2669 1967 2735 diligenter
1983 2669 2151 2716 beatus
2170 2666 2422 2716 attendens

283 2748 581 2811 Augustinus,
601 2750 684 2798 lib.
712 2754 855 2812 XXII,
880 2752 939 2799 de
960 2754 1159 2805 Ciuitate
1181 2755 1289 2815 Dei,
1308 2752 1383 2800 his
1400 2753 1568 2800 astruit
1583 2751 1764 2800 verbis’
1785 2769 1795 2797 z
1824 2770 1844 2795 «
1862 2751 1991 2798 Sicut
2003 2750 2158 2815 prima
2173 2750 2422 2819 immorta-

284 2826 388 2874 litas
408 2827 425 2873 s
427 2829 509 2888 uit,
528 2847 672 2894 quam
687 2833 935 2897 peccando
950 2833 1102 2881 Adam
1115 2833 1340 2900 perdidit,
1360 2850 1498 2899 posse
1512 2849 1611 2881 ‚uon
1628 2832 1770 2892 mori,
1788 2831 2048 2879 novissima
2062 2830 2149 2877 erit
2165 2846 2264 2877 non
2281 2845 2422 2895 posse

282 2908 434 2967 mori;
461 2908 525 2955 ita
545 2911 755 2973 primum
779 2913 981 2962 liberum
1014 2914 1264 2962 arbitrium
1293 2931 1432 2980 posse
1462 2931 1562 2961 non
1587 2929 1812 2979 peccare,
1841 2912 2160 2960 novissimum
2186 2926 2285 2958 non
2310 2926 2421 2974 pec-

282 3003 389 3034 care
411 3004 568 3052 posse.
590 3009 612 3033 »
632 2993 748 3037 Item
773 3011 781 3038 :
805 3012 827 3037 «
845 2996 982 3042 Certe
998 2998 1127 3042 Deus
1139 2996 1240 3060 ipse
1258 2994 1514 3060 numquid,
1535 2994 1767 3059 quoniam
1785 3008 1983 3059 peccare
1998 3008 2097 3038 non
2115 2999 2289 3055 potest,
2310 2989 2420 3036 ideo

279 3066 484 3115 liberum
520 3068 767 3118 arbitrium
803 3073 980 3123 habere
1003 3076 1250 3140 negandus
1287 3075 1392 3123 est?
1414 3085 1505 3123 etc.
1534 3095 1554 3119 11
1582 3073 1831 3138 Quidquid
1866 3074 2025 3136 itaque
2057 3071 2287 3134 gerimus,
2323 3070 2420 3117 sive

325 3259 329 3273 ¹
351 3253 466 3295 Joan„
493 3264 564 3296 cap.
590 3264 664 3296 vul,
691 3266 719 3290 v.
740 3260 791 3291 34.
811 3276 847 3281 —
863 3260 871 3277 ⁴
889 3259 965 3300 Cap.
986 3269 1066 3302 xxx,
1086 3263 1222 3303 opp-,t
1239 3261 1310 3303 vn,
1327 3262 1388 3295 eol.
1410 3262 1482 3295 701.
