2638 3866
1049 526 1516 600 MAGISTRI

365 747 991 909 PETRI
1101 749 2205 919 ABAELARDI

1035 1071 1539 1153 APOLOGIA

881 1292 1004 1344 SEU
1056 1293 1421 1346 CONFESSIO
1474 1294 1683 1348 FIDEI.

208 1484 498 1530 UNIVERSIS
537 1484 815 1532 ECCLESIAE
858 1486 1082 1533 SANCTAE
1121 1488 1287 1534 FILIIS
1323 1489 1533 1534 PETRUS
1567 1490 1910 1537 ABAELARDUS
1956 1492 2029 1537 EX
2062 1493 2149 1538 EIS
2194 1494 2353 1549 UNUS,

970 1566 1071 1611 SED
1108 1567 1169 1613 IN
1211 1567 1298 1612 EIS
1343 1567 1594 1614 MINIMUS.

264 1735 316 1776 In
343 1734 627 1794 Confessione
647 1736 778 1779 Fidei
808 1751 938 1795 quam
956 1735 1212 1782 Abaelardus
1236 1738 1425 1798 scripsit,
1450 1750 1679 1798 postquam
1701 1740 1746 1781 in
1764 1739 1957 1783 Concilio
1981 1739 2216 1783 Senonensi
2240 1740 2359 1784 dam-

205 1811 329 1843 natus
360 1800 528 1855 fuisset,
570 1817 595 1843 a
624 1801 751 1845 nullis
780 1801 973 1845 abscedit
1006 1802 1285 1862 opinionibus
1319 1819 1425 1862 quas
1458 1805 1560 1847 alibi
1581 1804 1794 1864 professus
1829 1815 1916 1859 est,
1957 1805 2032 1848 sed
2062 1821 2113 1848 ea
2150 1806 2358 1850 catholice

202 1866 508 1926 interpretatur
530 1883 626 1926 quae
656 1867 828 1911 concilii
850 1868 1059 1927 episcopis
1082 1883 1107 1910 a
1125 1883 1224 1911 vera
1250 1867 1335 1912 fide
1360 1870 1565 1916 dissidere
1593 1872 1682 1914 visa
1704 1870 1890 1914 fuerant.
1926 1871 2067 1928 Major
2095 1872 2156 1914 ibi
2184 1884 2360 1932 apparet

202 1932 335 1974 animi
368 1932 575 1992 patientia
609 1944 654 1976 et
681 1933 967 1992 tranquillitas
997 1949 1128 1994 quam
1161 1935 1255 1993 quis
1292 1950 1463 1995 sperare
1490 1936 1623 1997 possit
1651 1937 1822 1997 cognita
1861 1936 2079 1980 Abaelardi
2109 1936 2256 1980 indole
2295 1949 2358 1981 sat

202 2014 339 2057 prona
358 1998 403 2041 in
425 1999 535 2042 iram
558 2010 687 2058 atque
710 2001 1017 2059 arrogantiam.
1050 2001 1276 2044 «Amicum
1293 2013 1488 2046 nostrum
1504 2023 1520 2042 υ
1550 2004 1606 2045 D.
1631 2003 1899 2046 Bernardum
1918 2014 2060 2057 vocat,
2080 2014 2123 2046 et
2147 2006 2352 2062 queritur,

199 2064 536 2124 haudquaquam
558 2065 728 2115 acerbe,
751 2065 832 2108 sibi
857 2066 911 2108 ab
936 2067 1075 2109 amico
1097 2066 1172 2108 illo
1195 2067 1450 2110 attributum
1472 2068 1579 2111 falso
1602 2067 1727 2110 fuisse
1748 2068 1906 2111 librum
1927 2068 2159 2127 quemdam
2197 2091 2211 2105 α
2243 2069 2353 2111 Sen-

200 2136 447 2172 tentiarum.
479 2150 495 2168 »
522 2130 614 2172 Nos
628 2132 725 2187 jure
748 2132 960 2187 conjicere
981 2147 1105 2191 posse
1129 2131 1387 2174 arbitramur
1402 2134 1515 2176 hanc
1532 2133 1855 2176 Confessionem
1878 2145 1966 2176 tum
1989 2134 2187 2193 scriptam
2210 2134 2351 2186 fuisse,

199 2211 334 2254 quum
363 2196 515 2239 Petrus
534 2196 803 2239 Venerabilis
832 2197 943 2240 Divo
970 2197 1190 2241 Bernardo
1217 2198 1497 2242 Abaelardum
1526 2198 1897 2243 reconciliavisset.
1933 2199 2128 2243 Andreas
2164 2200 2352 2255 Querce-

198 2272 322 2304 tanus
343 2261 514 2304 videtur
535 2277 626 2304 non
652 2278 749 2305 eam
779 2262 1025 2307 discrevisse
1057 2264 1112 2306 ab
1142 2263 1425 2324 Apologetica
1447 2266 1653 2308 Oratione
1683 2266 1817 2321 cujus,
1846 2276 1952 2309 teste
1983 2267 2155 2309 Othone
2190 2266 2223 2308 F
2225 2267 2350 2308 risin—

198 2328 317 2386 gensi
329 2326 361 2380 ¹,
379 2327 464 2370 tale
484 2338 576 2370 erat
590 2327 838 2371 exordium:
857 2349 873 2366 «
895 2329 961 2372 Ne
971 2331 1095 2386 juxta
1111 2329 1366 2373 Boetianum
1382 2330 1507 2382 illud,
1525 2331 1743 2390 prooemiis
1758 2332 1865 2374 nihil
1888 2331 2167 2375 afferentibus
2186 2342 2353 2391 tempus

196 2403 388 2448 teratur3
413 2392 468 2435 ad
500 2408 594 2437 rem
621 2394 758 2453 ipsam
782 2394 1048 2438 veniendum
1071 2405 1134 2439 est
1149 2427 1160 2447 ‚
1186 2405 1234 2437 ut
1261 2396 1553 2440 innocentiam
1585 2412 1728 2440 meam
1751 2398 1843 2456 ipsa
1871 2413 2015 2441 rerum
2036 2398 2189 2440 veritas
2211 2397 2352 2457 potius

198 2475 329 2518 quam
362 2459 596 2502 verborum
617 2471 790 2503 excuset
810 2460 1049 2520 prolixitas.
1077 2482 1093 2500 »
1122 2461 1246 2504 Istius
1269 2463 1493 2523 Apologiae
1509 2479 1623 2506 nunc
1647 2463 1880 2523 deperditae
1902 2463 2139 2524 fragmenta
2153 2463 2351 2521 quaedam

197 2541 222 2568 e
245 2524 522 2585 scriptoribus
546 2527 919 2586 contemporaneis
943 2527 1168 2587 desumpta
1190 2527 1320 2587 paulo
1341 2529 1452 2572 infra
1472 2528 1657 2573 videbis.

258 2590 439 2634 Codices
462 2591 722 2636 contulimus
744 2592 950 2636 Biblioth.
976 2593 1111 2636 Paris.
1138 2594 1297 2653 Imper.
1324 2599 1440 2639 2923
1465 2605 1507 2638 et
1533 2599 1670 2649 1896,
1703 2610 1726 2638 e
1756 2595 1910 2653 quibus
1941 2605 2104 2638 textum
2128 2594 2347 2636 Amboesii

198 2657 414 2699 nonnullis
434 2657 556 2711 locis,
581 2669 627 2701 ut
648 2658 829 2718 patebit,
855 2659 1197 2703 emendavimus.

263 2994 439 3039 Notum
462 2991 776 3057 proverbium
797 3001 869 3039 est
895 3009 906 3038 ι
935 2991 1061 3040 Nihil
1082 3001 1182 3040 tarn
1204 2992 1329 3040 bene
1350 2991 1551 3052 dictum,
1582 2992 1716 3058 quod
1746 3008 1844 3039 non
1881 2991 2030 3058 possit
2061 2990 2340 3056 depravari3

195 3081 260 3134 et,
296 3082 350 3120 ut
375 3072 544 3120 beatus
574 3074 791 3121 meminit
825 3073 1164 3138 Hieronymus,
1201 3092 1225 3118 «
1251 3073 1346 3132 Qui
1375 3073 1552 3120 multos
1585 3073 1747 3120 scribit
1779 3072 1952 3133 libros,
1987 3071 2167 3119 multos
2197 3070 2344 3118 sumit

191 3153 393 3216 judices.
418 3175 440 3198 n
469 3157 569 3218 Ego
593 3171 817 3219 quoque,
847 3171 959 3201 cum
995 3170 1151 3219 pauca
1185 3154 1478 3219 scripserim,
1506 3170 1669 3219 parva,
1702 3154 1797 3214 vel,
1833 3152 1893 3200 ad
1930 3153 2342 3218 comparationem

243 3317 247 3335 ¹
266 3316 314 3348 De
331 3317 407 3350 Reb.
428 3317 511 3350 Gest.
528 3317 661 3351 Frider.
681 3316 690 3349 l
709 3318 880 3359 imperat„
899 3318 957 3350 lib.
976 3316 1000 3358 Ι,
1019 3326 1096 3358 cap.
1117 3325 1201 3350 xux.
