2638 3866
640 228 853 276 ETHlCA
888 229 997 276 SEU
1033 228 1205 276 LlBER
1242 229 1445 277 DlC'l'US
1484 248 1495 276 :
1534 227 1699 277 SClTO
1734 224 2005 276 TElPSUM.
2306 222 2399 270 627

256 328 493 394 patientiae
528 337 575 375 et
599 326 975 392 longanimitatis
1007 330 1307 378 contemnis?
1335 333 1531 395 Ignoras
1552 329 1786 396 quoniam
1806 326 2079 391 benignitas
2102 324 2193 372 Dei
2214 323 2274 371 ad
2299 339 2405 389 poe-

256 409 508 457 nitentiam
531 419 576 457 te
594 408 828 457 adducit?
846 427 869 453 »
896 409 1083 468 Quibus
1107 410 1326 459 videlicet
1348 411 1507 460 verbis
1529 429 1635 477 quae
1655 412 1714 459 sit
1737 409 2017 477 poenitentia
2043 405 2265 463 salubris,
2290 414 2336 452 et
2350 421 2403 451 ex

255 505 421 537 amore
456 489 542 537 Dei
572 490 733 555 potius
761 499 910 554 quam
945 506 1000 536 ex
1030 490 1204 538 timore
1227 493 1539 556 proveniens,
1566 491 1816 540 manifeste
1845 490 2081 547 declarat,
2111 497 2164 535 ut
2185 485 2405 534 videlicet

255 569 507 618 doleamus
530 573 687 618 Deum
719 569 976 618 offendisse
1004 570 1079 617 vel
1117 573 1484 637 contempsisse,
1518 574 1632 638 quia
1662 582 1732 620 est
1759 571 1920 619 bonus
1943 569 2092 634 magis
2119 584 2266 633 quam
2290 565 2405 630 quia

251 652 408 715 justus
442 661 528 699 est.
557 655 666 710 Quo
699 651 829 699 enim
859 651 1039 699 diutius
1070 668 1180 699 eum
1210 655 1583 716 contemnimus,
1610 655 1723 719 quia
1747 654 1906 701 statim
1935 668 2047 699 eum
2071 658 2403 714 contemptum

256 750 398 780 suum
419 733 637 798 Judieare
657 749 757 780 non
782 731 1051 794 credimus3
1075 732 1198 780 sicut
1220 750 1246 781 e
1265 737 1509 783 contrario
1534 735 1777 801 Principes
1797 733 1943 782 seculi
1967 733 2164 793 faciunt,
2186 730 2271 795 qui
2294 745 2405 776 cum

257 813 573 861 offenduntur
587 814 808 861 nesciunt
824 829 1040 879 parcere,
1064 829 1153 861 nec
1169 830 1363 862 suarum
1377 816 1660 880 injuriarum
1673 816 1907 864 ultionem
1922 813 2140 873 differre3
2164 828 2221 859 eo
2237 810 2408 875 justius

257 894 524 958 graviorem
569 894 711 943 infert
748 895 822 942 sui
858 904 1165 960 contemptus
1211 912 1428 960 poenam;
1463 907 1510 945 et
1550 908 1685 946 tanto
1715 896 1977 945 districtior
2008 904 2080 942 est
2112 895 2162 941 in
2197 891 2402 949 ultione,

256 985 441 1040 quanto
475 976 734 1041 patientior
765 975 854 1022 fuit
884 975 933 1022 in
959 976 1310 1041 expectatione.
1338 977 1482 1036 Quod
1506 978 1855 1042 subsequenter
1877 975 2131 1042 praedictus
2155 970 2407 1038 Apostolus

256 1056 466 1103 ostendit
487 1056 698 1104 dicens¹:
730 1075 754 1101 «
775 1055 1054 1104 Secundum
1080 1056 1307 1105 duritiam
1329 1067 1491 1105 autem
1514 1068 1647 1106 tuam
1663 1094 1675 1118 ,
1698 1067 1745 1106 et
1767 1075 1854 1105 cor
1875 1055 2185 1122 impoenitens
2214 1052 2406 1100 thesau-

256 1137 376 1184 rizas
402 1137 489 1185 tibi
519 1138 639 1185 iram
658 1137 709 1184 in
739 1136 816 1184 die
836 1137 932 1184 irae.
969 1155 992 1182 υ
1008 1140 1141 1184 Tune
1164 1137 1362 1203 quidem
1388 1139 1490 1200 irae,
1519 1138 1668 1186 modo
1693 1136 2098 1196 mansuetudinis3
2127 1134 2237 1199 quia
2254 1170 2267 1194 ,
2295 1142 2408 1179 tunc

257 1217 496 1278 vindictae,
524 1218 673 1266 modo
709 1219 966 1283 patientiae.
1006 1218 1077 1266 Ibi
1106 1219 1290 1283 justitia
1323 1221 1556 1284 exigente,
1586 1229 1719 1268 tanto
1753 1220 1942 1285 gravius
1973 1218 2047 1265 sui
2078 1223 2410 1279 contemptum

257 1297 527 1359 ulciscetur,
565 1308 749 1363 quanto
783 1299 942 1346 minus
976 1299 1224 1347 contemni
1263 1299 1457 1358 debuit,
1485 1312 1533 1349 et
1568 1301 1747 1348 diutius
1781 1300 2017 1348 toleravit.
2054 1298 2295 1344 Timemus
2319 1294 2409 1341 ho·

259 1379 411 1426 mines
427 1379 692 1440 offendere,
715 1389 762 1427 et
783 1396 991 1444 quorum
1013 1380 1247 1428 offensam
1267 1381 1440 1429 timore
1460 1399 1560 1429 non
1583 1382 1853 1446 effugimus,
1878 1377 2168 1428 verecundia
2185 1377 2407 1423 vitamus.

258 1459 482 1508 Latebras
517 1461 792 1525 quaerimus,
832 1477 944 1508 cum
979 1460 1290 1521 fornicamur,
1331 1479 1391 1510 ne
1427 1462 1488 1510 ab
1521 1462 1803 1510 hominibus
1838 1461 2108 1516 videamur,
2149 1473 2239 1505 nec
2271 1455 2413 1503 unius

259 1540 470 1588 hominis
507 1551 751 1607 aspectum
804 1552 921 1589 tunc
960 1542 1193 1590 sustinere
1231 1560 1505 1608 possumus.
1547 1545 1734 1591 Scimus
1774 1546 1930 1590 Deum
1964 1548 2248 1607 praesentem
2286 1552 2410 1593 esse,

258 1638 404 1684 quem
438 1622 558 1669 nihil
597 1631 752 1687 potest
773 1623 942 1684 latere3
970 1622 1119 1670 videri
1151 1623 1212 1671 ab
1237 1625 1340 1690 ipso
1372 1635 1419 1672 et
1441 1634 1542 1673 tota
1566 1625 1699 1672 curia
1720 1624 1838 1672 Coeli
1861 1625 1909 1670 in
1933 1622 2077 1686 hujus
2100 1620 2290 1668 actione
2313 1627 2413 1664 tur·

261 1702 494 1766 pitudinis
523 1719 622 1750 non
647 1703 1001 1764 erubescimuS,
1029 1704 1112 1768 qui
1137 1703 1198 1751 ad
1221 1705 1364 1751 unius
1387 1705 1676 1752 homunculi
1698 1713 1946 1770 aspectum
1968 1700 2379 1750 consunderemur
2399 1701 2410 1747 1

259 1785 380 1829 Ante
410 1783 624 1847 judicem
658 1793 903 1831 terrenum
936 1800 1224 1848 praesumere
1257 1784 1437 1849 aliquid
1473 1785 1678 1832 maxime
1703 1785 1947 1844 timemus,
1985 1800 2013 1831 a
2041 1799 2141 1848 quo
2173 1799 2265 1829 nos
2292 1781 2417 1846 judi-

260 1864 443 1911 candos
467 1865 645 1911 scimus
674 1865 930 1930 temporali
957 1875 1146 1912 tantum
1170 1882 1336 1931 poena,
1363 1883 1464 1913 non
1490 1876 1682 1914 aeterna.
1721 1866 1870 1914 Multa
1904 1883 1995 1913 nos
2019 1866 2174 1913 facere
2196 1864 2273 1912 vel
2294 1864 2416 1912 tole·

259 1961 366 1992 rare
397 1945 601 1993 carnalis
632 1945 830 1993 affectus
857 1946 1003 2010 cogit,
1036 1963 1192 2012 pauca
1214 1947 1486 2012 spiritualis.
1518 1950 1712 1995 Utinam
1742 1957 1872 1996 tanta
1907 1957 2106 2013 propter
2127 1949 2303 2007 Deum,
2337 1946 2412 1993 cui

260 2026 425 2073 omnia
446 2025 697 2087 debemus,
724 2036 908 2091 quanta
925 2036 1124 2093 propter
1147 2043 1349 2075 uxorem
1372 2028 1447 2075 vel
1470 2027 1610 2086 filios,
1642 2028 1714 2075 vel
1735 2043 2094 2093 quamcumque
2113 2027 2413 2074 meretricem

262 2107 461 2154 facimus
483 2107 558 2155 vel
582 2106 871 2155 toleramus!

328 2190 437 2245 Qua
473 2187 675 2235 obsecro
715 2205 860 2253 poena
897 2188 999 2235 haec
1033 2188 1208 2252 injuria
1251 2198 1322 2235 est
1350 2189 1613 2253 judicanda
1647 2200 1701 2237 ut
1742 2190 2041 2238 meretricem
2088 2206 2286 2254 quoque
2326 2190 2415 2255 ipsi

261 2269 638 2334 praeponamus?
675 2269 996 2333 Conqueritur
1032 2269 1133 2333 ipse
1167 2286 1254 2334 per
1284 2270 1575 2335 prophetam
1612 2270 1746 2336 quod
1783 2287 1872 2318 uec
1918 2272 1962 2319 ei
1995 2287 2135 2318 amor
2182 2281 2414 2334 tanquam

266 2350 406 2409 Patri,
429 2366 519 2396 nec
545 2350 689 2396 timor
708 2348 990 2397 exhiheatur
1013 2359 1242 2413 tanquam
1263 2352 1493 2399 Domino.
1527 2372 1549 2396 «
1567 2352 1726 2413 Filius,
1753 2353 1953 2418 inquit’,
1973 2352 2184 2399 honorat
2206 2363 2410 2417 patrem,

262 2439 308 2476 et
325 2446 490 2477 servus
504 2430 759 2477 dominum
773 2448 915 2477 suum
933 2430 1068 2477 timet
1084 2449 1095 2489 3
1122 2431 1159 2477 si
1178 2448 1268 2495 ego
1290 2435 1443 2493 Pater,
1462 2432 1544 2479 ubi
1558 2432 1719 2480 honor
1735 2434 1902 2481 meus?
1917 2437 1974 2479 Et
1990 2434 2027 2480 si
2042 2449 2131 2498 ego
2152 2434 2407 2492 Dominus,

262 2510 346 2557 ubi
361 2511 507 2558 timor
521 2510 726 2558 meusP»
754 2511 1077 2575 Conqueritur
1094 2510 1185 2558 sibi
1198 2522 1385 2577 patrem
1399 2512 1473 2560 vel
1499 2513 1754 2562 dominum
1772 2515 1998 2580 praeferri.
2027 2514 2228 2561 Attende
2254 2515 2411 2578 igitur,

262 2601 499 2655 quantum
531 2591 807 2655 indignetur
829 2592 1131 2639 meretricem
1167 2609 1364 2656 quoque
1385 2593 1475 2641 sibi
1499 2595 1742 2657 anteferri,
1771 2605 1819 2643 et
1843 2595 1905 2642 de
1928 2611 2117 2642 summa
2148 2612 2243 2642 suae
2276 2594 2415 2641 boni-

263 2672 370 2717 tatis
406 2671 658 2735 patientia,
694 2672 824 2718 unde
849 2672 957 2737 plus
989 2672 1155 2718 debuit
1179 2673 1347 2731 amari,
1385 2675 1534 2737 magis
1555 2676 1821 2723 contemni.
1851 2678 2008 2733 Quam
2040 2674 2237 2739 quidem
2270 2675 2414 2723 boni-

263 2760 410 2798 tatem
443 2761 490 2797 et
526 2751 765 2816 patientiae
794 2752 1207 2816 longanimitatem
1231 2752 1282 2798 hi
1306 2754 1389 2816 qui
1419 2754 1673 2803 salubriter
1694 2756 1945 2820 poenitent,
1972 2755 2288 2804 adtendentes
2311 2773 2411 2804 non

263 2841 363 2878 tam
397 2831 570 2878 timore
607 2848 863 2896 poenarum
892 2849 1038 2896 quam
1072 2832 1220 2897 ipsius
1242 2848 1408 2880 amore
1433 2833 1494 2881 ad
1519 2836 1949 2901 compunctionem
1971 2845 2254 2899 moventur;
2278 2838 2413 2902 juxta

264 2910 538 2975 praedictam
577 2911 791 2977 Apostoli
835 2912 1246 2973 exhortationem,
1282 2912 1367 2960 ubi
1402 2914 1643 2963 salubrem
1675 2916 2007 2982 poenitentiam
2042 2915 2295 2981 diligenter
2328 2919 2414 2967 de-

261 2992 476 3058 scripsit3
505 3009 620 3040 cum
640 3010 667 3040 e
693 2994 938 3040 contrario
956 2993 1101 3041 dixit:
1127 3013 1149 3038 «
1171 3009 1231 3041 an
1257 2993 1447 3043 divitias
1467 2995 1698 3046 bonitatis
1713 2997 1832 3062 ejus,
1857 3017 1881 3044 »
1910 2998 2006 3046 hoc
2028 3009 2115 3057 est,
2150 2999 2349 3048 divitem
2368 3010 2414 3048 et

262 3073 512 3138 copiosam
542 3073 826 3134 bonitatem,
862 3074 962 3121 sive
983 3073 1314 3122 abundantem
1344 3074 1690 3142 benignitatem
1715 3078 2004 3143 longanimis
2038 3080 2293 3146 patientiae,
2320 3099 2413 3146 qua

263 3153 446 3201 tamdiu
462 3163 509 3201 te
527 3154 716 3216 tolerat,
748 3174 771 3198 «
788 3155 1075 3216 contemnis,
1101 3175 1123 3198 >2
1149 3155 1264 3219 quia
1282 3155 1503 3205 videlicet
1523 3175 1624 3206 non
1649 3160 1746 3207 cito
1766 3161 1925 3225 punit,
1956 3179 1979 3206 «
1998 3162 2239 3225 ignorans,
2266 3183 2287 3205 »
2313 3162 2408 3209 hoc

314 3345 452 3386 ¹Rom.‚
475 3355 547 3386 cap.
567 3355 604 3387 n,
627 3355 656 3380 v,
677 3348 707 3379 5.
735 3364 775 3370 —-—
794 3347 803 3365 ²
828 3345 984 3387 Malacli.,
1007 3355 1079 3387 cap.
1098 3356 1120 3387 ι,
1139 3355 1169 3378 v:
1188 3349 1217 3379 6.
