2638 3866
924 227 983 275 ΙΝ
1018 224 1350 273 EPISTOLAM
1387 224 1467 272 AD
1504 224 1800 274 ROMANOS.
2345 225 2440 274 333

292 348 439 397 quam
481 339 701 383 nostrum
721 365 733 388 ‚
770 327 841 385 sic
886 336 935 374 et
966 325 1203 390 judicare.
1245 328 1302 372 Et
1319 376 1320 379 Ἴ
1340 335 1587 390 postremo
1627 325 1749 373 sicut
1786 325 1951 373 omnia
1998 324 2061 374 ad
2099 325 2301 390 gloriam
2341 326 2442 390 ejus

290 412 526 469 debemus
552 411 726 472 facere,
763 409 827 463 ita
859 406 1152 473 ipsepotius
1185 422 1273 471 per
1308 416 1604 464 noscuncta
1632 405 1735 453 haec
1771 407 1960 471 operari
1994 405 2139 464 debet
2169 423 2315 470 quam
2354 423 2443 454 nos

290 493 400 559 ipsi.
436 495 571 540 Tunc
603 507 718 539 vero
753 492 882 540 Deus
908 487 1148 552 judicium
1174 486 1285 533 facit
1317 487 1476 552 potius
1506 503 1654 551 quam
1677 485 1848 547 homo,
1888 487 2084 551 quando
2121 488 2223 553 ipse
2252 487 2326 535 vel
2362 505 2444 552 per

290 574 444 639 legem
465 573 677 638 aliquam
700 570 775 620 vel
795 568 1165 635 inspirationem
1194 567 1432 614 internam
1452 567 1571 632 quid
1590 566 1854 615 dicendum
1880 567 1939 614 sit
1962 584 2052 615 nos
2081 569 2273 616 instruit
2290 606 2303 630 ,
2335 579 2385 616 ut
2417 586 2443 616 a

290 653 435 709 nobis
458 652 761 701 recitandum
784 659 951 717 postea
973 649 1033 697 sit
1056 650 1157 712 ejus
1176 647 1410 712 judicium
1424 686 1436 710 ,
1451 665 1563 703 ⁴non
1587 647 1878 696 faciendum.
1906 648 2076 704 Tribus
2104 650 2264 715 itaque
2287 650 2444 698 modis

293 738 354 786 de
372 737 536 802 aliquo
551 737 681 803 prius
702 735 855 784 dubio
876 733 1083 800 judicari
1106 731 1316 792 videtur,
1333 749 1419 797 per
1441 732 1705 787 Dominum
1727 731 1948 780 videlicet
1967 733 2140 798 ipsum,
2158 734 2278 782 sicut
2298 752 2445 799 expo—

292 819 492 883 suimus,
523 835 610 884 per
624 817 843 883 ,aliquam
866 816 935 864 rei
960 813 1416 875 manifestationem,
1447 831 1533 879 per
1556 813 1808 861 hominem
1829 813 1891 861 de
1910 830 1996 861 sua
2018 814 2198 862 scilicet
2215 816 2445 880 opinione

291 907 681 965 praesumentem.
714 899 837 946 Cum
852 905 1023 946 ,autem
1040 895 1213 960 ,aliquo
1237 903 1411 943 eventu
1440 895 1508 942 rei
1530 893 1665 959 quod
1685 893 1888 942 dubium
1916 894 2069 942 fuerat
2099 894 2443 955 manifestatur,

292 982 395 1045 ipsa
424 995 499 1027 res
523 978 771 1043 judicare,
809 994 911 1024 non
940 976 1094 1024 homo
1127 975 1321 1024 dicitur.
1357 977 1411 1022 In
1445 974 1805 1040 dubiisitaque,
1831 985 2019 1023 tantum
2050 974 2202 1023 homo
2232 975 2447 1040 judicare

292 1059 486 1122 dicitur,
515 1057 650 1124 quod
684 1057 887 1106 omnino
911 1056 1217 1123 prohibetur,
1246 1055 1445 1122 quando
1470 1055 1689 1109 videlicet
1711 1056 1960 1122 propriam
1989 1065 2178 1104 tantum
2211 1057 2446 1106 existima·

294 1141 477 1205 tionem
512 1155 743 1205 sequens,
771 1138 1016 1204 praesumit
1043 1136 1273 1194 definire,
1305 1154 1418 1184 cum
1450 1154 1539 1184 nec
1570 1154 1657 1202 per
1679 1138 1834 1185 Deum
1858 1136 2043 1199 adhuc,
2073 1153 2163 1184 nec
2185 1154 2271 1202 per
2295 1138 2446 1202 ipsam

293 1221 363 1270 rei
384 1219 988 1287 experientiam,contingit
1012 1236 1125 1267 eum
1150 1229 1336 1267 certum
1362 1235 1481 1267 esse.
1517 1217 1813 1278 «stabimus,
1837 1238 1860 1264 »
1888 1218 2025 1278 dicit,
2052 1220 2189 1283 quasi
2214 1219 2374 1278 erecti,
2399 1231 2448 1266 ut

293 1302 521 1366 cognosci
546 1300 607 1348 ab
630 1299 858 1356 omnibus
895 1301 1154 1366 possimus,
1185 1320 1206 1346 «
1236 1309 1352 1353 ante,
1373 1298 1607 1361 tribunal,
1632 1319 1653 1344 »
1680 1299 1729 1346 id
1754 1308 1825 1346 est
1848 1299 2011 1347 sedem
2033 1299 2335 1364 judiciariam
2360 1302 2445 1346 Dei

293 1383 454 1448 potius
489 1382 573 1448 qui
601 1381 698 1429 falli
732 1398 833 1430 non
863 1392 1049 1448 potest,
1086 1392 1132 1428 et
1152 1367 1307 1445 justus
1334 1391 1421 1443 est,
1451 1397 1598 1446 quam
1628 1379 1857 1428 hominis.
1885 1383 2020 1428 Hanc
2050 1380 2249 1446 quidem
2284 1381 2447 1428 sedem

293 1463 382 1530 Dei
416 1462 732 1515 hominema
758 1462 921 1510 Verbo
952 1472 1254 1528 assumptum
1282 1461 1510 1526 intellige.
1552 1465 1690 1509 Pater
1718 1461 1847 1508 enim
1880 1478 2025 1509 omne
2052 1461 2289 1526 judicium
2317 1462 2449 1510 dedit

294 1542 431 1605 Filio,
461 1545 576 1609 quia
595 1544 738 1591 Filius
759 1544 860 1608 ejus
876 1553 964 1591 est.
987 1547 1038 1590 111
1058 1543 1155 1596 hoc
1171 1543 1351 1608 quippe
1371 1542 1572 1590 homine
1597 1552 1842 1607 assumpto
1856 1542 1999 1590 Filius
2012 1543 2100 1590 Dei
2116 1551 2214 1590 tam
2232 1552 2449 1593 mortuus

241 1653 249 1658 -
296 1634 366 1687 est
390 1641 536 1689 quam
561 1625 835 1686 resurrexit,
863 1625 987 1673 sicut
1010 1642 1142 1672 nunc
1173 1624 1404 1685 diximus,
1431 1634 1477 1672 et
1502 1623 1614 1673 inde
1640 1624 1844 1670 maxime
1865 1622 2102 1687 judicium
2127 1623 2450 1671 damnationis

296 1705 534 1770 imminet,
562 1705 602 1768 si
626 1715 822 1754 mortuo
846 1722 936 1771 pro
963 1706 1127 1767 uobis,
1155 1715 1208 1753 ut
1230 1705 1412 1753 dictum
1436 1715 1523 1767 est,
1549 1714 1597 1752 et
1619 1704 1898 1753 resuscitato
1920 1722 2010 1769 pro
2034 1703 2177 1751 nobis
2199 1713 2298 1752 tam
2321 1721 2451 1752 mors

296 1770 460 1847 nostra
482 1802 629 1851 quam
652 1786 752 1834 vita
775 1786 1155 1852 inseparabiliter
1176 1803 1277 1833 non
1300 1785 1557 1848 adhaereat,
1579 1795 1724 1851 atque
1746 1785 1808 1833 ad
1832 1784 2348 1850 obediendumparata
2371 1786 2447 1832 sit.

353 1885 388 1915 .«
408 1867 649 1932 Scriptum
672 1876 742 1914 est
763 1867 913 1914 enim.
933 1887 959 1918 2³,
979 1867 1111 1915 Isaiae
1131 1867 1409 1915 testimonio
1432 1868 1444 1891 ¹
1466 1865 1642 1932 probat
1664 1866 1799 1932 quod
1822 1883 1993 1914 omnes
2015 1882 2043 1913 a
2065 1869 2169 1914 Deo
2198 1867 2293 1914 sint
2317 1865 2453 1930 judi-

297 1947 456 1994 candi.
482 1967 504 1993 «
527 1947 650 1995 Vivo
674 1964 782 2012 ego.
807 1968 829 1992 >2
859 1951 923 1996 Ac
946 1948 986 1996 si
1012 1948 1209 2008 diceret,
1234 1964 1321 2013 per
1344 1947 1682 2013 memetipsum
1706 1947 2038 1995 indeficienter
2064 1947 2301 1995 viventem
2320 1947 2449 2010 juro.

297 2029 438 2075 Genu
459 2027 666 2075 flectitur
683 2027 855 2092 judici,
874 2028 1072 2093 quando
1090 2028 1340 2094 suppletur
1362 2028 1463 2092 ejus
1485 2028 1747 2087 sententia3
1770 2037 2070 2093 exspectatur
2086 2028 2165 2075 cui
2183 2028 2335 2075 resisti
2350 2044 2448 2074 non

296 2106 486 2172 potest..
501 2108 669 2169 Omnis
691 2108 855 2172 lingua
879 2109 929 2156 in
955 2109 1038 2156 illo
1057 2109 1241 2173 judicio
1266 2108 1619 2156 consessionem
1638 2108 1793 2155 laudis
1815 2111 1919 2155 Deo
1944 2107 2099 2169 faciet,
2132 2109 2261 2172 quia.
2276 2107 2452 2154 nullius

296 2189 590 2237 conscientia
609 2199 779 2240 contra
804 2189 927 2237 illius
945 2189 1123 2254 judicis
1146 2190 1484 2237 rectitudinem
1508 2206 1811 2238 murmurare
1834 2189 2028 2255 poterit.
2048 2188 2186 2238 Unde
2209 2188 2321 2236 mali
2338 2205 2454 2252 quo-

298 2285 392 2332 que
416 2269 755 2333 poenitentiam
777 2269 902 2318 inter
923 2287 974 2318 se
997 2280 1191 2335 agentes
1214 2279 1262 2318 et
1286 2271 1669 2334 ingemiscentes,
1699 2269 1793 2317 hoc
1814 2270 1922 2336 ipso
1945 2269 2080 2333 quod
2111 2269 2284 2317 facient
2302 2278 2450 2319 ,attes-

301 2347 533 2396 tabuntur
550 2349 730 2413 justam
750 2367 800 2398 se
822 2349 1148 2398 damnationis
1174 2351 1393 2417 accipere
1414 2351 1717 2399 sententiam.
1749 2353 1802 2397 In
1827 2349 1909 2397 illo
1946 2351 2108 2415 itaque
2134 2349 2319 2414 judicio
2355 2359 2453 2396 tam

295 2428 566 2495 judicantes
588 2447 736 2495 quam
754 2430 1023 2496 judicandi,
1050 2431 1124 2479 vel
1151 2432 1235 2497 qui
1254 2432 1359 2496 jam
1384 2432 1526 2479 etiam
1553 2431 1753 2496 judicati
1776 2441 1912 2491 sunt,
1943 2448 2067 2496 genu
2092 2431 2301 2492 flectent,
2330 2448 2454 2495 quo-

299 2509 443 2573 niamv
465 2527 635 2559 omnes
670 2511 746 2560 vel
787 2512 958 2560 timore
997 2529 1255 2579 poenarum
1283 2513 1358 2561 vel
1391 2523 1627 2579 perceptae
1662 2513 1822 2577 gratiae
1858 2511 2095 2560 beneficio
2125 2511 2214 2559 sub
2248 2521 2381 2559 tanto
2404 2528 2454 2558 se

295 2590 458 2653 judice
467 2591 812 2641 humiliabunt.
831 2613 855 2638 u
867 2596 1051 2658 Itaque,
1068 2614 1090 2639 »ι
1102 2594 1216 2658 quia
1225 2593 1446 2642 videlicet
1458 2594 1525 2641 ita
1535 2610 1705 2640 omnes
1717 2593 1977 2641 astabimus
1991 2602 2102 2640 ante
2116 2591 2320 2658 tribunal
2338 2593 2455 2638 tanti

298 2670 483 2734 judicii.
515 2692 537 2717 «
557 2673 807 2721 Rationem
828 2673 1016 2737 reddet,
1037 2694 1059 2719 υ
1082 2674 1131 2722 id
1154 2684 1242 2733 est,
1259 2684 1493 2738 quantum
1518 2674 1640 2721 ratio
1661 2673 1867 2737 exegerit
1884 2673 2079 2737 recipiet
2102 2688 2131 2720 a
2152 2672 2363 2719 Domino
2395 2671 2456 2719 de

303 2767 448 2814 poena
462 2751 538 2808 vel
559 2753 776 2817 praemio.
805 2773 827 2799 «
847 2757 1110 2818 Nonfergo.
1135 2774 1157 2799 υ
1181 2754 1307 2812 Quia
1331 2753 1554 2800 videlicet
1585 2754 1686 2818 ipse
1722 2754 1787 2800 ita
1825 2753 1886 2800 de
1917 2751 2144 2803 omnibus
2174 2761 2221 2799 et
2252 2752 2457 2799 maxime

306 2829 366 2878 de
387 2829 462 2878 his
486 2848 700 2896 quorum,
719 2832 867 2881 dubia
891 2843 962 2881 est
986 2835 1189 2882 intentio
1208 2833 1427 2897 judicare
1450 2832 1614 2884 habet.
1642 2853 1664 2878 «
1684 2833 1915 2899 Amplius,
1939 2852 1964 2878 »
1992 2833 2041 2880 id
2061 2843 2131 2880 est
2154 2843 2263 2898 post
2286 2833 2455 2880 admo·

304 2911 542 2960 uitionem
576 2912 703 2962 hanc
737 2924 951 2962 nostram
973 2931 1056 2962 seu
1081 2914 1475 2980 praeceptionem.
1506 2934 1528 2956 «
1552 2914 1783 2976 Invicem,
1810 2934 1832 2957 »
1860 2913 1979 2962 alter
2010 2913 2232 2979 videlicet
2254 2913 2459 2962 alterum

305 3008 393 3056 pro
417 2991 593 3057 talibus
616 2993 952 3042 damnandum
974 3011 1076 3042 esse
1097 2994 1385 3060 reputando.
1410 3014 1433 3040 «
1455 2993 1549 3042 Sed
1564 2993 1661 3042 hoc
1684 2995 1851 3059 magis,
1874 3015 1896 3038 »
1919 2994 2079 3055 idest,
2104 2994 2266 3060 potius
2288 2993 2458 3042 obser-

303 3072 520 3132 vandum
548 3084 757 3131 censete.
788 3094 816 3130 α,
834 3076 902 3122 Ne
920 3075 1118 3140 ,ponatis
1150 3074 1679 3135 offendiculumsratri,
1704 3095 1727 3118 >2
1756 3074 1808 3122 id
1844 3084 1915 3123 est
1947 3092 2007 3123 ne
2042 3074 2223 3140 aliquid
2258 3075 2453 3135 faciatis,

307 3150 444 3217 cuj'us
466 3155 688 3221 exemplo
707 3165 961 3221 corruptus
977 3156 1079 3222 ipse
1098 3166 1310 3218 corruat,
1334 3156 1407 3205 vel
1432 3155 1777 3205 scandalizatus
1800 3166 1848 3205 et
1866 3166 2169 3222 exasperatus
2198 3155 2458 3221 reprehen-

352 3339 456 3382 ¹1sal.‚
470 3351 544 3384 cap.
560 3352 635 3386 ην,
657 3353 688 3379 v.
708 3346 762 3378 24.
