2638 3866
271 240 367 287 386
981 284 983 287 f
1077 233 1248 280 PETRI
1282 232 1598 281 ABAELARDI

272 349 318 390 et
336 336 590 385 virtutibus
619 334 851 382 adornata
871 371 883 395 ,
918 333 1118 399 pulchre
1141 334 1190 380 in
1214 334 1319 398 ipso
1349 350 1444 382 suae
1473 333 1823 384 adhortationis
1850 344 1898 383 et
1925 334 2187 402 disciplinae
2213 336 2410 386 exordio

273 419 452 465 dictum
494 418 601 476 est¹,

659 479 703 522 Si
721 481 836 523 Deus
860 491 923 523 est
950 482 1139 535 animus,
1161 480 1287 523 nobis
1310 490 1358 522 ut
1374 481 1563 524 carmina
1586 480 1752 534 dicunt,

658 552 741 595 Hic
759 552 840 595 tibi
863 553 1075 613 praecipue
1098 552 1145 595 fit
1166 568 1274 612 pura
1293 563 1438 596 mente
1463 553 1684 597 colendus.

341 673 403 713 Ac
439 666 507 713 sia
540 674 674 730 perte
706 664 859 712 filium
893 666 1140 712 instruens·
1158 664 1286 712 dicat
1312 682 1322 710 ε
1351 665 1474 711 Cum
1499 667 1630 712 Deus
1663 666 1722 712 sit
1750 665 1955 726 animus,
1995 665 2092 712 hoc
2125 675 2196 712 est
2227 682 2340 714 vera
2369 676 2416 714 et

272 746 527 812 spiritualis
563 746 687 805 vita,
731 746 853 793 sicut
896 756 943 793 et
979 746 1084 812 ipsa
1118 744 1375 811 perhibent
1419 746 1595 812 scripta
1629 756 1910 812 poetarum,
1949 746 2079 793 velut
2124 746 2204 795 illa
2238 747 2416 811 Virgilii

273 827 434 889 verba,
462 844 568 891 quae
594 843 739 892 super
760 827 856 874 1100
881 827 1040 892 ipsum
1071 826 1344 874 Macrobius
1374 825 1579 886 inducit,
1606 827 1725 874 sicut
1747 826 2062 893 postmodum
2084 827 2412 888 ostendemus,

271 908 403 956 hunc
439 908 693 973 praecipue,
733 907 911 955 scilicet
934 910 1092 955 Deum
1124 906 1249 955 bene
1271 907 1483 955 vivendo
1506 907 1734 972 glorifica.
1770 911 1896 955 Bene
1929 909 2072 955 etiam
2093 924 2204 955 cum
2240 909 2416 957 animal

273 1005 373 1036 esse
408 988 542 1036 Plato
578 988 817 1035 mundum
850 988 1041 1049 dixerit,
1069 988 1330 1053 ipsumque
1348 988 1708 1053 intelligentem,
1732 988 1843 1036 Ι’1100
1875 998 1945 1036 051
1974 988 2207 1036 rationale
2241 989 2417 1037 animal

273 1087 373 1117 esse
409 1069 670 1135 perhibuit,
711 1070 977 1117 secundum
1012 1069 1110 1117 hoc
1145 1069 1340 1130 scilicet,
1379 1069 1514 1134 quod
1546 1070 1648 1134 ejus
1682 1070 1842 1117 anima
1873 1079 2055 1134 quanto
2080 1070 2260 1117 cacteris
2295 1086 2418 1135 prae-

272 1151 475 1199 stantior
507 1150 678 1208 existit,
711 1159 845 1197 tanto
882 1149 1212 1198 rationabilius
1240 1150 1289 1196 in
1319 1149 1424 1215 ipso
1449 1159 1623 1197 cuncta
1645 1150 1740 1215 agit
1767 1159 1910 1215 atque
1932 1150 2164 1215 disponit.
2188 1153 2261 1198 De
2283 1151 2419 1215 cujus

272 1231 466 1295 quidem
503 1247 700 1278 summae
728 1230 924 1278 rationis
955 1230 1261 1278 ordinatione
1291 1247 1405 1278 cum
1433 1230 1654 1278 subditur
1675 1231 1808 1295 quod
1834 1230 1936 1278 haec
1962 1232 2066 1296 ipsa
2102 1230 2274 1278 mundi
2290 1230 2420 1279 vide·-

270 1312 380 1358 licet
416 1311 592 1372 anima,
634 1327 801 1359 causas
839 1311 1062 1358 omnium
1101 1327 1208 1375 quae
1246 1312 1541 1377 proveniunt
1577 1311 1820 1377 providet,
1859 1311 2076 1359 divinam
2113 1312 2158 1359 ei
2197 1312 2419 1359 omnium

271 1402 550 1440 naturarum
580 1391 936 1456 providentiam
969 1392 1193 1456 assignat,
1222 1401 1270 1439 et
1291 1392 1464 1440 divinae
1486 1391 1839 1458 plenitudinem
1863 1393 2086 1453 scientiae,
2113 1409 2170 1440 ex
2193 1409 2291 1457 quo
2318 1393 2420 1458 ipsa

271 1472 414 1519 etiam
437 1475 565 1519 Deus
586 1488 686 1520 esse
710 1472 946 1534 innuitur,
970 1473 1126 1520 metiri
1142 1488 1206 1520 ’30
1226 1472 1494 1520 deliberare
1517 1489 1571 1520 ea
1591 1489 1697 1537 quae
1721 1473 1879 1521 sutura
1898 1482 2010 1520 sunt
2031 1489 2088 1521 ex
2109 1472 2420 1539 praesentibus

272 1553 462 1613 dicitur,
502 1554 632 1617 quia*
647 1553 783 1617 juxta
817 1570 873 1600 ea
910 1569 1015 1617 quae
1033 1556 1135 1618 jam
1167 1563 1279 1601 sunt
1305 1564 1499 1620 oportet
1527 1554 1686 1602 futura
1715 1555 1989 1620 praeparari,
2026 1563 2079 1602 ut
2109 1554 2177 1602 eis
2208 1569 2421 1618 congrua

273 1633 576 1680 ordinatione
614 1633 852 1681 cohaerere
876 1635 1062 1699 possint
1098 1643 1240 1698 atque
1276 1635 1447 1700 aptari.
1483 1634 1628 1694 Quod
1661 1644 1823 1683 autem
1858 1634 2079 1683 subditur
2116 1651 2173 1682 ex
2209 1634 2421 1699 reliquiis

274 1713 594 1760 concretionis
623 1713 881 1761 mundanae
915 1715 1086 1761 animae
1120 1724 1307 1761 nostras
1341 1715 1391 1762 id
1427 1726 1496 1763 est
1529 1715 1769 1763 humanas
1803 1716 1988 1763 animas
2022 1731 2124 1763 esse
2157 1714 2417 1774 confectas,

275 1792 365 1839 tale
402 1803 472 1839 est
503 1809 558 1840 ac
586 1793 625 1840 si
655 1793 836 1841 diceret
864 1810 944 1842 eas
974 1795 1187 1842 animam
1218 1794 1390 1842 mundi
1419 1796 1468 1842 in
1493 1795 1719 1861 potentiis
1743 1812 1799 1843 ac
1833 1790 2090 1843 virtutibus
2111 1795 2304 1856 imitari,
2337 1794 2422 1842 sed

275 1873 418 1936 longe
458 1874 508 1919 in
544 1873 639 1919 hoc
675 1873 781 1938 ipso
814 1890 843 1921 a
875 1874 1106 1938 dignitate
1149 1874 1250 1938 ejus
1290 1874 1508 1923 abscedes.
1526 1892 1567 1923 e.
1607 1878 1831 1941 Congrue
1871 1876 2016 1923 etiam
2057 1875 2174 1922 dicit
2211 1875 2422 1922 animam

275 1952 462 2013 mundi,
499 1969 588 2000 1100
621 1953 819 2018 alicujus
848 1955 917 2001 rei
946 1955 995 2002 in
1023 1954 1229 2017 mundo,
1258 1955 1379 2002 sicut
1407 1965 1454 2003 et
1481 1957 1693 2004 animam
1725 1956 1938 2003 hominis
1959 1955 2178 2016 dicimus,
2209 1971 2305 2002 -nec
2337 1953 2423 2002 ali-

276 2033 411 2096 cujus
450 2033 654 2080 membri
694 2033 912 2081 humani.
956 2035 1127 2082 Anima
1170 2036 1351 2101 quippe
1399 2036 1460 2084 ab
1504 2037 1765 2084 animando
1804 2037 1931 2084 dicta
1966 2045 2066 2097 est,
2109 2051 2200 2083 nec
2243 2035 2424 2099 aliquid

275 2114 468 2178 proprie
500 2115 702 2161 animari
737 2115 927 2176 dicitur,
964 2116 1056 2162 nisi
1089 2115 1138 2162 id
1171 2116 1220 2162 in
1246 2133 1345 2181 quo
1378 2126 1479 2165 tota
1500 2118 1574 2166 vis
1601 2118 1915 2182 vegetationis
1945 2117 2010 2164 ita
2039 2126 2420 2177 consummatur,

277 2203 327 2239 ut
363 2194 481 2240 nihil
513 2195 707 2260 corpori
734 2195 803 2242 illi
824 2205 1042 2260 vegetato
1076 2195 1321 2245 adhaerere
1349 2198 1640 2246 extrinsecus
1670 2214 1863 2246 necesse
1898 2197 1959 2245 sit
1981 2196 2044 2244 ad
2073 2197 2425 2261 vegetationem

276 2290 421 2337 quam
448 2274 670 2322 habet-in
708 2292 757 2322 se
786 2276 892 2341 ipso
925 2277 1326 2325 conservandam.
1349 2281 1472 2326 Cum
1502 2279 1665 2344 itaque
1701 2277 1916 2326 mundus
1946 2277 2080 2341 juxta
2110 2268 2424 2343 philosophos

278 2355 499 2402 universa
544 2356 822 2417 concludat,
863 2367 916 2404 ut
958 2357 1080 2404 nihil
1116 2367 1247 2406 extra
1285 2360 1446 2425 ipsum
1491 2359 1725 2407 divinitus
1771 2357 2132 2424 disponendum
2179 2357 2426 2422 relinqua-

277 2444 372 2496 tur,
413 2445 540 2483 recte
571 2437 737 2484 anima
767 2437 940 2485 mundi
967 2437 1096 2485 dicta
1120 2448 1209 2500 est,
1238 2440 1361 2487 sicut
1395 2450 1443 2487 et
1474 2441 1636 2488 anima
1671 2439 1900 2500 hominis,
1935 2455 2048 2486 cum
2094 2438 2320 2485 universa
2354 2438 2424 2484 vis

277 2515 447 2563 animae
480 2517 530 2563 in
559 2533 618 2564 eo
657 2528 1060 2566 consummetur:
1096 2519 1219 2567 adeo
1260 2520 1476 2584 quidem,
1536 2530 1591 2567 ut
1627 2536 1716 2567 nec
1756 2520 1918 2585 ipsum
1966 2518 2207 2566 mundum
2251 2517 2422 2565 oculos

277 2596 351 2643 vel
385 2606 551 2645 caetera
598 2614 831 2646 sensuum
877 2599 1198 2647 instrumenta
1233 2600 1414 2648 habere
1461 2601 1758 2667 oportuerit,
1806 2601 1928 2647 sicut
1970 2608 2018 2646 et
2059 2599 2161 2663 ipse
2201 2597 2424 2663 perhibet

278 2676 430 2736 Plato,
460 2694 575 2724 cum
595 2679 727 2726 nulla
751 2688 883 2727 extra
914 2680 1074 2744 ipsum
1103 2682 1388 2729 remaneant
1420 2681 1482 2729 ad
1514 2698 1619 2746 quae
1651 2681 1738 2728 ista
1768 2679 2182 2746 opportunitatem
2214 2679 2425 2742 aliquam

282 2755 508 2805 habeant.

342 2838 422 2883 His
452 2855 510 2884 ex
541 2840 741 2888 Platone
773 2840 985 2888 breviter
1017 2841 1254 2902 collectis,
1297 2851 1440 2906 atque
1473 2841 1537 2889 ad
1570 2850 1746 2889 nostrae
1777 2840 1890 2888 fidei
1920 2839 2252 2888 testimonium
2283 2838 2418 2895 satis,

279 2924 329 2960 ut
365 2916 586 2979 arbitror,
625 2919 876 2984 diligenter
911 2921 1161 2987 expeditis,
1198 2939 1501 2986 consequens
1534 2923 1755 2970 existimo
1792 2922 1855 2970 ad
1890 2933 2116 2986 sequaces
2162 2919 2265 2984 ejus
2296 2911 2425 2965 com-

277 3010 451 3054 meare,
490 3007 543 3043 ut
574 3014 630 3045 ea
665 3017 770 3063 quae
802 3000 863 3048 ab
894 3002 1010 3066 ipsis
1039 3019 1236 3067 quoque
1272 3002 1332 3050 de
1368 3003 1530 3051 anima
1559 3003 1731 3051 mundi
1754 3002 1883 3050 dicta
1917 3011 2046 3062 sunt,
2083 2999 2215 3047 nulla
2237 2997 2423 3045 ratione

275 3076 619 3123 convenienter
651 3080 805 3144 accipi
834 3097 974 3145 posse
1005 3092 1350 3144 monstremus,
1385 3084 1476 3130 nisi
1507 3084 1706 3148 Spiritui
1739 3092 1904 3130 sancto
1929 3098 2017 3146 per
2050 3077 2424 3146 pulcherrimam

278 3154 514 3201 involucri
537 3155 741 3219 figuram
765 3160 1084 3222 assignentur.
1112 3166 1216 3211 Hoc
1246 3163 1426 3229 quippe
1451 3163 1685 3227 loquendi
1716 3178 1866 3226 genus
1898 3159 2199 3226 philosophis
2221 3173 2419 3222 quoque

314 3337 320 3353 n
345 3332 490 3365 Catonis
506 3331 661 3366 Disticha
690 3357 700 3374 ‚
718 3344 748 3368 ν.
771 3339 797 3367 1.
