2638 3866
898 252 1240 302 THEOLOGIA
1275 254 1646 305 CHRISTlANA.
2241 255 2331 304 371

193 353 276 416 tia,
313 354 437 402 sicut
467 353 707 420 posterius
741 353 1069 402 ostendemus.
1101 355 1211 404 Tale
1242 366 1314 405 est
1344 374 1459 422 ergo
1483 356 1774 423 Sapientiam
1805 364 2089 423 conceptam
2116 357 2340 423 parturiri

192 450 220 482 a
238 435 363 495 Deo,
388 451 444 483 ac
466 435 505 482 si
533 434 717 483 dictum
745 434 822 494 sit,
844 434 1004 500 ipsam'
1023 436 1314 501 Sapientiam
1336 454 1391 485 ex
1426 437 1528 503 ipsa
1545 438 1706 485 'Patris
1726 437 2009 499 substantia,
2040 437 2091 485 in
2126 453 2222 503 qua
2248 446 2337 496 est,

192 515 340 579 gigni.
368 516 479 563 Tale
501 524 572 563 est
595 514 889 581 Sapientiam
911 514 1078 563 ludere
1100 532 1267 565 coram
1287 518 1434 566 Patre
1458 529 1505 565 et
1538 534 1651 566 cum
1675 518 1781 583 ipso
1804 529 1975 566 cuncta
2000 526 2306 584 'componere
2323 556 2335 578 ,

193 606 248 642 ac
270 595 310 643 si
333 594 521 656 dixerit,
556 595 711 661 ipsam
740 594 951 642 divinam
987 597 1260 645 Potentiam
1297 597 1463 645 omnia
1497 598 1545 644 in
1581 598 1824 664 Sapientia
1862 614 1952 663 pro
1987 597 2216 646 bonitatis
2245 615 2339 647 suae

192 674 390 724 arbitrio
417 675 694 742 disponere,
729 684 781 722 ut
814 675 863 722 in
897 676 1000 740 ipso
1035 676 1154 723 ludo
1184 676 1343 743 ipsum
1373 677 1603 726 bonitatis
1630 678 1855 727 affectum
1889 678 2207 743 intelligamus
2234 698 2245 726 ε
2278 678 2339 728 de

192 772 292 821 quo
329 756 562 822 scriptum
597 758 728 804 est¹:
764 776 786 800 «
808 756 987 822 Spiritu
1023 756 1119 803 oris
1154 756 1256 821 ejus
1290 759 1448 805 omnis
1488 759 1637 806 virtus
1668 775 1856 807 eorum.
1882 780 1904 802 ι»
1945 758 2090 818 Quod
2126 774 2242 806 vero
2275 761 2340 807 ait

192 836 482 903 Sapientiam
513 852 679 885 coram
712 839 816 885 Deo
854 840 992 884 Patre
1017 853 1207 902 semper
1229 838 1464 899 assistere,
1499 839 1592 887 tale
1623 848 1718 900 est,
1757 840 1910 905 ipsam
1937 839 2340 905 omnipotentiam

193 916 313 964 nihil
341 916 546 979 efficere,
582 918 673 966 nisi
704 927 945 984 praeeunte
965 917 1156 965 'ratione
1191 927 1238 965 et
1273 917 1451 967 ducatu
1484 920 1752 984 Sapientiae.
1782 923 1900 968 ltem
1924 918 2053 967 idem
2085 919 2133 966 in
2160 919 2339 967 eisdem

196 997 460 1046 Proverbiis·
489 997 550 1047 de
586 998 704 1047 Filio
735 999 822 1047 Dei
847 1009 894 1046 et
929 997 1158 1046 ineffabili
1189 998 1389 1046 nomine
1421 999 1568 1065 ipsius
1599 1018 1795 1066 quoque
1827 1000 1930 1048 Filii
1962 999 2342 1048 manifestissime

193 1078 374 1141 scribit,
396 1080 532 1144 quasi
559 1079 768 1128 induens
790 1095 1047 1145 personam
1069 1078 1364 1127 admirabilis
1393 1080 1644 1145 cujusdam
1674 1081 1920 1148 prophetae
1940 1080 2068 1128 hanc
2096 1081 2341 1130 inenarra-

192 1159 339 1208 bilem
391 1160 750 1225 generationem
787 1160 1124 1226 prophetantis
1160 1170 1208 1208 et
1246 1159 1545 1209 admirantis.
1594 1162 1720 1210 Dicit
1764 1163 1945 1228 quippe
1979 1163 2072 1209 sic’
2112 1179 2123 1208 ε
2166 1180 2190 1206 «
2212 1162 2340 1210 Visio

192 1256 339 1305 quam
389 1239 581 1288 locutus
632 1250 700 1289 est
759 1242 832 1289 vir
884 1258 994 1288 cum
1048 1257 1147 1306 quo
1201 1251 1273 1288 est
1315 1243 1472 1303 Deus,
1524 1252 1571 1289 et
1619 1243 1702 1307 qui
1754 1245 1858 1289 Deo
1907 1258 2068 1290 secum
2120 1252 2341 1290 morante

192 1320 489 1369 confortatus
527 1321 592 1369 ait
624 1339 635 1369 ε
687 1322 805 1380 Quis
849 1323 1092 1370 suscitavit
1129 1339 1299 1370 omnes
1342 1323 1571 1370 terminos
1604 1322 1774 1370 terrae?
1813 1322 1947 1386 quod
1987 1339 2165 1370 nomen
2209 1323 2334 1387 ejus,

193 1411 239 1449 et
281 1402 417 1467 quod
457 1418 638 1450 nomen
680 1403 781 1450 Filii
822 1403 954 1468 ejus?
979 1423 1000 1447 »
1045 1406 1203 1461 Quam
1243 1402 1435 1450 firmum
1472 1404 1648 1465 etiam,
1686 1419 1930 1469 quamque
1966 1414 2186 1469 apertum
2222 1403 2337 1452 fidei

190 1491 364 1530 nostrae
398 1483 731 1530 testimonium
763 1484 811 1530 in
842 1483 1172 1530 Ecclesiastico
1203 1484 1437 1545 occurrit,
1473 1483 1557 1531 ubi
1591 1484 1790 1549 quidem
1823 1484 2064 1549 Sapientia
2090 1484 2176 1531 Dei
2213 1493 2261 1532 et
2292 1501 2342 1532 se

193 1563 564 1628 primogenitam
598 1573 710 1611 ante
741 1564 907 1612 omnia
925 1564 1058 1622 dicit,
1093 1563 1362 1612 secundum
1393 1564 1654 1612 divinitatis
1689 1574 1928 1623 naturam,
1956 1573 2002 1612 et
2027 1564 2341 1629 postmodum

193 1654 402 1691 creatam
438 1643 708 1692 secundum
743 1654 924 1693 naturae
958 1654 1133 1692 nostrae
1165 1646 1532 1706 assumtionem,
1570 1662 1683 1692 cum
1717 1646 1820 1711 ipsa
1845 1644 2064 1692 videlicet
2094 1643 2156 1692 ad
2187 1645 2342 1709 impe-

193 1724 318 1772 rium
337 1724 487 1772 Patris
514 1740 600 1791 per
618 1725 963 1773 incarnationis
983 1724 1205 1773 habitum
1228 1725 1435 1773 visitavit
1458 1725 1618 1773 lsrael.
1646 1725 1888 1791 Scriptum
1913 1725 2093 1790 quippe
2115 1734 2185 1772 est
2207 1724 2274 1772 ibi
2289 1726 2304 1750 ⁸
2329 1744 2341 1770 :

197 1824 219 1848 :‹
240 1805 483 1870 Sapientia
505 1805 556 1851 in
583 1804 890 1852 multitudine
910 1804 1177 1853 electorum
1208 1804 1408 1853 habebit
1435 1804 1628 1853 laudem
1662 1815 1710 1852 et
1739 1806 1864 1853 inter
1890 1804 2174 1853 benedictos
2198 1804 2343 1852 bene-'

193 1884 397 1947 dicetur,
424 1883 591 1932 dicens
614 1903 625 1931 :
660 1905 680 1930 u
706 1888 806 1949 Ego
836 1902 891 1933 ex
920 1902 1004 1933 ore
1031 1886 1247 1933 altissimi
1270 1885 1462 1953 prodivi
1485 1886 1806 1952 primogenita
1835 1896 1947 1934 ante
1965 1895 2179 1933 ‘omnem
2211 1901 2344 1933 crea-

192 1976 367 2014 turam.
408 1969 510 2030 Ego
543 1966 593 2014 in
631 1965 778 2014 coelis
802 1966 891 2014 feci
924 1976 977 2014 ut
1013 1967 1221 2015 oriretur
1258 1967 1420 2016 lumen
1462 1967 1758 2028 indeficiens,
1800 1977 1847 2015 et
1881 1968 2004 2015 sicut
2041 1966 2219 2014 nebula
2252 1968 2344 2014 texi

193 2057 392 2095 omnem
416 2056 609 2095 terram.
635 2050 736 2112 Ego
759 2049 808 2095 in
832 2048 1070 2096 altissimis
1099 2048 1341 2110 habitavi,
1370 2060 1417 2097 et
1448 2049 1652 2096 thronus
1685 2065 1820 2096 meus
1853 2049 1902 2095 in
1930 2047 2156 2095 columna
2179 2047 2340 2095 nubis.

193 2130 378 2193 Gyrum
401 2127 509 2176 coeli
537 2129 735 2177 circuivi
756 2129 877 2192 sola,
907 2140 997 2178 etc.
1027 2149 1050 2175 »
1082 2134 1136 2177 Et
1158 2141 1267 2196 post
1290 2133 1472 2196 pauca⁴
1494 2148 1505 2177 ε
1534 2150 1554 2175 α
1576 2133 1711 2177 Tunc
1747 2129 1988 2195 praecepit,
2015 2138 2062 2176 et
2084 2128 2202 2176 dixit
2225 2127 2343 2175 mihi

192 2218 381 2257 creator
403 2208 643 2270 omnium,
669 2219 716 2257 et
738 2211 821 2274 qui
843 2211 1020 2258 creavit
1039 2227 1117 2258 me
1141 2211 1376 2275 requievit
1399 2212 1447 2258 in
1475 2210 1787 2259 tabernaculo
1815 2227 1942 2271 meo,
1971 2219 2018 2257 et
2041 2209 2159 2256 dixit
2181 2208 2301 2255 mihi
2328 2227 2339 2255 ε

196 2309 219 2332 «
244 2292 297 2335 ln
331 2288 480 2337 Jacob
509 2289 751 2347 inhabita,
778 2299 826 2338 et
847 2291 896 2337 in
916 2292 1058 2339 lsrael
1077 2291 1387 2351 haereditare,
1417 2302 1464 2339 et
1492 2293 1539 2339 in
1574 2292 1735 2339 electis
1766 2291 1885 2338 meis
1918 2290 2066 2337 mitte¹
2084 2288 2285 2337 radices.
2319 2309 2340 2332 υ

195 2373 247 2416 ln
287 2369 699 2435 eodemtquoque
741 2370 868 2419 libro
910 2369 1206 2437 apertissime
1244 2382 1557 2438 peccatorum
1600 2373 1932 2420 remissionem
1982 2370 2244 2418 consistere
2294 2370 2342 2416 in

195 2451 531 2499 Incarnatione
566 2450 739 2499 divinae
776 2453 1028 2518 Sapientiae
1048 2490 1059 2512 ,
1097 2469 1203 2517 quae
1240 2453 1456 2501 Christus
1493 2462 1592 2514 est,
1626 2451 1910 2518 prophetat,
1952 2451 2114 2498 dicens
2148 2459 2343 2516 peccata

193 2530 350 2578 David
387 2548 475 2597 per
510 2530 754 2580 Christum
798 2543 998 2598 purgata
1039 2550 1155 2581 esse.
1215 2533 1287 2581 lbi
1334 2534 1465 2582 enim
1514 2535 1627 2581 cum
1665 2533 1726 2580 de
1765 2532 1909 2580 laude
1949 2531 2101 2579 David
2135 2531 2338 2595 plurima

194 2611 487 2674 dicerentur,
530 2629 719 2661 summa
752 2614 900 2661 totius
945 2613 1103 2661 laudis
1134 2615 1182 2661 in
1223 2614 1320 2662 hoc
1359 2631 1459 2661 uno
1497 2613 1698 2661 collecta
1734 2623 1832 2672 est,
1874 2628 1973 2676 quo
2010 2610 2299 2658 subdicitur⁵
2324 2626 2344 2654 :·

199 2712 220 2734 «
246 2690 461 2739 Christus
489 2694 709 2757 purgavit
730 2704 926 2759 peccata
951 2694 1117 2759 ipsius,
1144 2704 1188 2741 et
1218 2694 1441 2742 exaltavit
1463 2695 1513 2740 in
1542 2704 1774 2741 aeternum
1809 2709 1960 2739 cornu
1993 2691 2111 2755 ejus,
2138 2700 2186 2738 et
2209 2689 2343 2737 dedit

195 2770 261 2818 illi
283 2781 624 2819 testamentum
647 2790 834 2837 regum,
858 2784 906 2821 et
925 2774 1089 2822 sedem
1116 2774 1277 2837 gloriae
1300 2775 1350 2820 in
1375 2774 1534 2820 Israel.
1556 2794 1578 2817 »

262 2850 484 2898 Michaeas
522 2868 718 2916 quoque
752 2853 813 2900 de
850 2853 943 2900 hac
973 2864 1150 2901 aeterna
1172 2853 1315 2900 Verbi
1353 2853 1661 2916 generatione
1694 2868 1750 2899 ex
1789 2856 1942 2910 Patre,
1965 2854 2170 2900 'necnon
2190 2857 2245 2898 'et
2281 2850 2346 2898 de'

195 2931 450 2997 temporali
466 2948 522 2978 ex
540 2940 690 2979 matre
706 2933 818 2980 ait⁶:
847 2954 869 2977 «
886 2937 942 2980 Et
958 2943 1009 2980 tu
1036 2933 1278 2980 Bethleem
1304 2932 1483 2981 Effrata
1500 2932 1728 2998 parvulus
1747 2950 1797 2980 es
1821 2933 1870 2980 in
1889 2931 2098 2979 millibus
2117 2930 2239 2979 Juda
2260 2930 2343 2978 :ex

198 3022 243 3058 te
264 3011 382 3059 mihi
403 3012 674 3077 egredietur
695 3014 780 3077 qui
805 3015 864 3061 sit
883 3014 1162 3062 dominator
1185 3015 1235 3061 in
1256 3014 1416 3074 Israel,
1439 3023 1487 3061 et
1511 3030 1724 3078 egressus
1747 3014 1849 3078 ejus
1872 3013 1933 3061 ab
1961 3013 2099 3060 initio
2123 3029 2150 3059 a
2172 3011 2344 3060 diebus

197 3094 485 3142 aeternitatis.
509 3114 531 3138 n
568 3094 741 3141 Dicant
768 3094 968 3143 rebelles
997 3105 1043 3142 et
1072 3094 1504 3156 increduli-ludaei,
1536 3094 1598 3142 de
1621 3111 1721 3160 quo
1758 3095 2000 3143 nascituro
2022 3095 2082 3141 in‘
2102 3092 2343 3141 Bethleem

244 3302 249 3319 ¹
267 3300 398 3334 Psalm.
417 3311 521 3344 xxxn,
537 3312 566 3336 v.
582 3305 614 3337 6.
632 3321 672 3328 -
687 3306 698 3324 ²
717 3306 835 3344 Prota,
853 3315 931 3344 xxx,
948 3314 978 3338 v.
1001 3311 1027 3340 t.·
1048 3324 1085 3330 -—
1116 3307 1128 3327 ³
1152 3306 1270 3346 ticeli„
1287 3315 1359 3348 cap.
1379 3314 1465 3344 xxiv,
1490 3315 1520 3340 v.
1541 3308 1573 3340 4.
1595 3323 1632 3331 -
1655 3308 1665 3327 ⁴
1682 3305 1784 3344 Ibid..
1804 3315 1833 3340 v.
1858 3306 1905 3339 12.
1931 3322 1973 3330 —
1988 3306 1999 3326 ⁶
2020 3302 2129 3345 Ibid.,
2146 3311 2219 3344 cap.
2238 3309 2342 3340 xtvn,

199 3363 230 3387 v.
257 3355 307 3388 13.
324 3371 364 3380 -—
376 3355 389 3376 θ
404 3355 522 3396 weh„
537 3366 608 3399 cap.
628 3367 659 3398 v,
675 3367 706 3391 v.
724 3361 755 3392 2.
