2638 3866
220 208 319 255 492
1031 205 1206 251 PETRI
1245 204 1554 252 ABAELARDI

225 307 508 354 tabilitatem
543 303 805 352 defendens
828 303 878 349 in
904 303 978 350 his
1016 302 1215 367 quidem
1251 319 1356 366 quae
1389 303 1434 350 ei
1474 319 1532 349 ex
1552 313 1775 368 *tempore
1814 305 2127 351 conveniunt.
2158 324 2181 350 α
2208 307 2363 368 Certe,

225 389 398 451 inquit,
427 396 479 433 ut
500 384 737 432 Dominus
759 383 971 430 hominis
1000 392 1138 442 esset,
1165 399 1223 430 ex
1248 393 1466 448 tempore
1495 383 1665 430 accidit
1689 387 1812 445 Deo,
1839 394 1887 431 et
1910 394 1963 432 ut
1986 394 2096 432 tuus
2126 387 2365 435 Dominus

227 478 349 515 esset
383 476 466 513 aut
501 482 654 523 meus,
693 464 775 527 qui
809 463 959 511 modo
987 479 1087 510 esse
1120 463 1372 528 coepimus.
1411 463 1674 521 Quomodo
1709 465 1852 527 igitur
1884 464 2211 513 obtinebimus
2245 466 2364 514 nihil

226 546 492 594 secundum
516 546 739 593 accidens
763 544 856 592 dici
883 544 943 591 de
962 546 1084 603 De0,
1112 543 1203 589 nisi
1226 543 1338 607 quia
1360 544 1509 608 ipsius
1530 553 1710 591 naturae
1735 544 1856 592 nihil
1884 544 2056 591 accidi-t
2077 562 2176 609 quo
2207 555 2364 592 mute-

226 634 320 686 tur,
352 635 405 672 ut
440 641 496 672 ea
530 626 653 673 sint¹
679 624 945 674 accidentia
975 622 1189 683 relativa,
1232 640 1337 687 quae
1374 641 1486 671 cum
1517 615 1973 688 aliqua'mutatione
2007 640 2171 671 earum
2204 641 2365 672 rerum

226 705 286 752 de
313 705 489 770 quibus
514 704 739 753 dicuntur
765 704 1005 763 accidunt,
1032 703 1154 750 sicut
1176 703 1356 751 amicus
1383 703 1578 751 relative
1611 703 1802 766 dicitur,
1830 714 1877 752 et
1901 703 1954 751 fit
1974 704 2132 769 aliqua
2164 704 2365 752 mutatio

225 786 501 847 voluntatis,
528 796 581 833 ut
605 787 786 834 amicus
808 785 1013 833 dicatur.
1040 787 1273 831 Nummus
1298 794 1458 831 autem
1480 802 1591 832 cum
1616 785 1789 832 dicitur
1813 786 2038 849 pretium,
2074 785 2268 833 relative
2290 784 2364 832 di·

225 867 364 927 citur,
391 882 481 913 nec
499 876 659 914 tamen
683 876 893 913 mutatus
914 874 1002 926 est,
1028 881 1187 928 neque
1210 881 1321 912 cum
1346 864 1521 912 dicitur
1542 865 1731 930 pignus.
1775 865 1824 911 Si
1861 882 1975 929 ergo
2008 882 2238 912 nummus
2274 881 2365 929 po·

226 956 316 993 test
338 946 469 993 nulla
492 948 566 993 sui
586 947 852 994 mutatione
876 945 1049 992 totiens
1072 944 1168 992 dici
1190 945 1402 1006 relative,
1446 955 1500 992 ut
1528 962 1686 1010 neque
1715 962 1827 992 cum
1864 945 2032 1011 incipit
2063 945 2174 1005 dici,
2208 961 2366 1008 neque

226 1042 339 1074 cum
363 1026 555 1087 desinit,
583 1026 764 1090 aliquid
780 1027 829 1073 in
853 1026 952 1089 ejus
973 1034 1146 1072 natura
1166 1026 1242 1073 vel
1260 1026 1432 1085 forma,
1459 1041 1553 1090 qua
1573 1041 1800 1073 nummus
1828 1035 1916 1085 est,
1953 1025 2230 1072 mutationis
2255 1024 2362 1087 fiat3

226 1116 409 1171 quanto
436 1106 619 1155 facilius
641 1107 702 1155 de
718 1105 1102 1154 incommutabili
1120 1106 1210 1153 Dei
1233 1105 1499 1153 substantia
1511 1104 1743 1153 debemus
1755 1106 1988 1171 accipere,
2015 1115 2070 1152 ut
2092 1105 2158 1152 ita
2181 1105 2369 1153 dicatur

231 1187 429 1234 relative
453 1187 635 1251 aliquid
659 1187 720 1234 ad
745 1197 1033 1245 creaturam,
1054 1196 1108 1232 ut
1129 1186 1349 1251 quamvis
1370 1195 1530 1232 tamen
1550 1186 1876 1251 temporaliter
1897 1185 2094 1251 incipiat
2114 1185 2226 1247 dici,
2265 1202 2367 1233 non

226 1276 386 1314 tamen
409 1268 500 1332 ipsi
523 1267 798 1314 substantiae
819 1267 909 1315 Dei
930 1266 1158 1314 accidisse
1178 1264 1493 1330 intelligatur,
1525 1265 1609 1313 sed
1632 1266 1700 1313 illi
1725 1276 1952 1314 creaturae
1979 1266 2039 1313 ad
2070 1282 2217 1330 quam
2250 1265 2368 1314 dici-

227 1357 304 1393 tur
324 1349 354 1406 ²,
387 1367 409 1391 ι(
438 1348 645 1394 Domine
668 1347 904 1410 refugium
923 1346 1075 1393 factus
1092 1356 1163 1393 est
1183 1345 1360 1393 nobis?
1384 1364 1408 1390 »
1434 1348 1489 1392 In
1512 1344 1653 1393 nobis
1672 1362 1787 1410 ergo
1811 1345 1865 1394 fit
1888 1346 2051 1411 aliqua
2075 1347 2295 1407 mutatio,
2322 1355 2369 1394 et

226 1426 463 1474 efficimur
481 1427 543 1474 ad
567 1445 680 1475 eum
706 1426 987 1490 refugiendo
1007 1426 1249 1484 meliores,
1277 1426 1325 1472 in
1351 1425 1433 1473 illo
1457 1435 1616 1473 autem
1642 1425 1791 1474 nulla.
1826 1426 1921 1474 Sed
1944 1436 1991 1474 et
2014 1428 2178 1474 Pater³
2205 1437 2370 1474 noster

226 1524 327 1554 esse
348 1508 533 1572 incipit,
555 1524 668 1554 cum
691 1524 777 1572 per
802 1508 903 1571 ejus
935 1508 1134 1570 gratiam
1167 1523 1524 1570 regeneramur.
1561 1506 1835 1554 Substantia
1870 1507 2035 1572 itaque
2069 1517 2234 1555 nostra
2265 1525 2371 1556 mu-

226 1596 353 1634 tatur
373 1587 420 1633 in
441 1587 628 1634 melius.
658 1587 803 1644 Quod
826 1604 940 1651 ergo
967 1587 1290 1652 temporaliter
1309 1586 1405 1634 dici
1419 1587 1586 1652 incipit
1601 1589 1749 1649 Deus,
1767 1587 2074 1634 manifestum
2090 1597 2161 1634 est
2174 1587 2370 1636 relative

226 1666 339 1726 dici,
365 1683 465 1713 non
487 1666 754 1714 secundum
777 1666 1002 1714 accidens
1026 1667 1129 1728 Dei,
1163 1667 1246 1714 sed
1266 1667 1408 1732 plane
1433 1667 1701 1714 secundum
1736 1666 1958 1715 accidens
1995 1668 2097 1731 ejus
2132 1667 2195 1715 ad
2225 1685 2370 1733 quem

225 1746 322 1793 dici
343 1746 521 1811 aliquid
552 1747 720 1812 incipit
741 1750 870 1794 Deus
892 1747 1104 1794 relative.
1131 1750 1190 1793 Et
1223 1746 1358 1811 quod
1394 1748 1577 1794 amicus
1600 1748 1688 1793 Dei
1723 1747 1880 1810 justus
1912 1764 2013 1795 esse
2044 1748 2228 1813 incipit,
2269 1750 2371 1815 ipse

225 1836 456 1888 mutatur,
484 1830 613 1874 Deus
631 1837 793 1874 autem
811 1827 934 1874 absit
956 1837 1009 1874 ut
1025 1828 1233 1891 aliquem
1247 1827 1575 1891 temporaliter
1593 1827 1775 1890 diligat,
1792 1828 1927 1892 quasi
1949 1844 2076 1874 nova
2092 1828 2366 1877 dilectione.

227 1910 392 1971 Itaque
417 1923 586 1954 omnes
610 1917 800 1954 sanctos
823 1917 935 1954 ante
966 1907 1135 1954 mundi
1168 1907 1563 1954 constitutionem
1598 1907 1778 1966 dilexit,
1820 1908 1941 1954 sicut
1979 1907 2367 1972 praedestinavit:

226 1988 311 2036 sed
334 2005 447 2035 cum
466 1997 833 2046 convertuntur,
862 1998 909 2035 et
932 1988 1185 2034 inveniunt
1203 1987 1357 2050 illum,
1384 1998 1500 2035 tunc
1522 1988 1735 2052 incipere
1773 1987 1833 2035 ab
1864 2004 1923 2035 eo
1956 1987 2088 2052 diligi
2121 1987 2366 2050 dicuntur,

226 2078 279 2114 ut
300 2085 359 2114 eo
381 2067 533 2114 modo
558 2067 765 2127 dicatur,
792 2083 891 2130 quo
910 2077 1070 2131 potest
1085 2067 1301 2114 humano
1315 2067 1491 2115 affectu
1506 2068 1614 2132 capi
1631 2067 1764 2132 quod
1782 2067 1972 2115 dicitur.
1997 2068 2073 2114 Sic
2092 2069 2236 2115 etiam
2258 2085 2372 2116 cum

225 2148 371 2194 iratus
394 2146 531 2194 malis
555 2147 748 2207 dicitur,
775 2157 824 2193 et
850 2146 1096 2211 placabilis
1119 2146 1292 2208 bonis;
1318 2148 1386 2195 illi
1409 2157 1673 2207 mutantur,
1701 2165 1801 2196 non
1825 2149 1929 2212 ipse
1953 2165 1963 2194 :
1989 2149 2111 2195 sicut
2138 2149 2218 2196 lux
2242 2148 2375 2196 infir-

225 2228 317 2273 mis
339 2226 491 2274 oculis
511 2243 696 2292 aspera,
725 2227 875 2274 firmis
899 2226 1019 2274 lenis
1041 2236 1128 2286 est,
1158 2228 1375 2292 ipsorum
1402 2229 1688 2288 mutatione,
1716 2245 1818 2275 non
1843 2245 1946 2276 sua.
1980 2248 2003 2272 »
2035 2231 2189 2276 Nemo
2211 2229 2375 2294 itaque

224 2308 339 2371 quia
360 2310 519 2354 Deum
543 2307 739 2355 relative
762 2311 948 2354 Patrem
966 2308 1128 2354 vocari
1161 2308 1314 2366 novit,
1340 2308 1438 2355 sive
1462 2308 1651 2369 Filium,
1681 2309 1996 2374 proprietates
2026 2309 2139 2356 istas
2173 2309 2374 2357 relatio-

225 2403 343 2433 num
367 2386 481 2434 alias
500 2404 576 2434 res
595 2404 696 2434 esse
719 2404 748 2435 a
769 2390 872 2434 Deo
892 2397 1148 2451 praesumat
1166 2386 1404 2450 confiteri,
1427 2405 1540 2435 cum
1562 2398 1609 2435 et
1631 2389 1777 2453 ipsius
1797 2390 2044 2453 Augustini
2065 2390 2340 2437 testimonio
2355 2427 2368 2450 ‚

227 2467 359 2530 quod
374 2466 516 2530 longe
535 2477 643 2514 ante
661 2467 927 2532 posuimus,
945 2466 1109 2514 divina
1122 2467 1388 2515 substantia
1400 2467 1511 2515 ideo
1526 2467 1727 2532 simplex
1741 2468 1946 2528 dicatur,
1960 2469 2096 2533 quod
2114 2469 2232 2516 nihil
2248 2470 2308 2516 sit
2319 2470 2370 2515 in

226 2547 345 2610 ipsa,
368 2546 502 2611 quod
525 2564 625 2593 non
648 2548 708 2594 sit
727 2548 856 2612 ipsa3
874 2547 982 2611 qui*
1001 2547 1147 2594 etiam
1166 2564 1365 2594 omnem
1389 2557 1630 2609 naturam,
1652 2557 1733 2594 aut
1751 2550 1909 2594 Deum
1928 2564 2048 2606 esse,
2073 2558 2158 2595 aut
2182 2548 2244 2595 ab
2265 2549 2372 2613 ipso

227 2627 418 2687 factam,
437 2637 597 2692 aperte
610 2627 879 2693 profitetur,
897 2628 1019 2674 sicut
1032 2644 1177 2693 supra
1192 2644 1389 2692 quoque
1406 2628 1731 2675 meminimus.
1749 2627 1844 2675 Sed
1858 2637 1904 2675 et
1916 2629 2237 2693 Hieronymus
2249 2629 2368 2694 ipse,

227 2716 278 2753 ut
293 2724 435 2772 supra
451 2725 647 2773 quoque
662 2709 988 2770 meminimuS,
1008 2709 1322 2774 proprietates
1335 2709 1462 2774 ipsas
1474 2725 1707 2774 personas
1717 2708 1850 2756 dicit.
1872 2729 1894 2754 «
1914 2713 2020 2756 Non
2034 2709 2181 2767 enim,
2194 2710 2368 2774 inquit,

228 2788 426 2834 nomina
443 2789 801 2847 tantummodo,
817 2789 902 2837 sed
918 2798 966 2836 et
981 2789 1238 2836 nominum
1253 2790 1587 2854 proprietates,
1614 2788 1665 2835 id
1678 2798 1749 2836 est
1770 2805 1998 2854 personas
2015 2788 2320 2837 confitemur.
2343 2809 2370 2835 υ

229 2867 347 2911 Nam
367 2877 413 2913 et
433 2868 483 2913 in
508 2868 649 2915 nobis
669 2869 783 2933 ipsis
806 2869 957 2916 multa
980 2869 1175 2916 relative
1201 2869 1519 2934 accipiuntur,
1545 2885 1659 2916 cum
1679 2886 1825 2916 nemo
1862 2868 2093 2916 discretus
2119 2869 2374 2917 relationes

228 2944 352 3007 ipsas
371 2946 499 2994 aliud
523 2964 551 2994 a
574 2948 715 2995 nobis
737 2966 838 2996 esse
858 2948 1116 3010 concedat,
1157 2949 1338 3014 quippe
1373 2965 1674 3014 unaquaeque
1712 2965 1787 2996 res
1817 2948 2012 2996 cuilibet
2037 2948 2175 2996 alteri
2208 2948 2376 2995 similis

230 3022 403 3070 dicitur
424 3026 473 3071 in
494 3043 551 3073 eo
577 3028 710 3090 quod
729 3045 830 3075 esse
852 3028 1021 3089 habet3
1049 3030 1125 3076 vel
1147 3029 1290 3076 etiam
1314 3030 1538 3094 opposita
1561 3030 1660 3076 sive
1683 3028 1923 3076 dissimilis
1943 3030 1992 3075 in
2024 3045 2084 3075 eo
2115 3027 2247 3092 quod
2270 3043 2372 3074 non

272 3217 282 3236 ¹
297 3214 336 3247 ln
353 3215 450 3248 editis
472 3220 534 3248 aut
553 3225 594 3249 ea
613 3217 694 3250 sint.
713 3235 752 3241 -
767 3219 779 3237 ²
793 3218 925 3252 Psalm.
937 3243 946 3260 ‚
969 3228 1088 3252 Lxxxix
1099 3245 1107 3259 ,
1124 3229 1156 3253 ν.
1175 3222 1205 3254 1.
1224 3237 1264 3244 -
1338 3222 1514 3253 stituimus.
1533 3221 1571 3252 In
1589 3220 1686 3252 editis
1701 3225 1735 3252 et
1751 3221 1784 3253 in
1801 3220 1915 3252 codice
1930 3218 2110 3251 Turonensi
2125 3216 2214 3259 quod
2227 3215 2318 3249 nihil
2327 3216 2375 3248 sit

226 3269 240 3289 ³
258 3269 322 3309 Ap.
346 3269 485 3309 August.
510 3269 567 3302 Sic
591 3273 622 3301 et
647 3275 747 3310 pater
769 3275 894 3304 noster.
918 3289 960 3296 —
981 3272 1057 3305 ⁴Sic
1081 3274 1189 3306 locum
1210 3283 1263 3306 re·
1319 3274 1376 3306 sin
1390 3274 1487 3316 ipsa,
1506 3274 1597 3314 quod
1613 3274 1729 3306 etiam.
