2638 3866
314 202 413 251 234
1119 203 1291 251 PETRI
1326 201 1641 251 ABAELARDI

314 317 404 348 066
426 300 509 348 ulli
528 301 611 366 qui
633 311 744 350 ante
760 302 914 368 legem
937 303 1145 367 suerunt,
1174 322 1201 353 a
1224 314 1420 371 peccato
1437 305 1678 353 immunes
1703 305 1992 365 exstiterint,
2019 304 2080 353 de
2100 307 2276 371 quibus
2296 311 2445 374 magis

312 381 570 443 videretur,
588 399 699 431 cum
721 383 882 431 adhuc
901 385 1081 433 nullius
1103 386 1286 451 scriptae
1306 386 1695 449 transgressionis
1714 401 1797 433 eos
1820 401 1928 433 reos
1950 385 2139 433 faceret.
2160 406 2183 432 «
2204 391 2363 453 Usque
2384 389 2445 437 ad

311 460 481 525 legem,
502 483 524 506 >2
549 463 600 510 id
622 473 692 510 est
713 474 814 512 toto
837 474 1056 531 tempore
1079 466 1161 513 illo
1187 476 1447 530 antequam
1469 465 1543 514 lex
1564 482 1651 531 per
1669 467 1884 530 Moysem
1908 465 2118 529 daretur,
2148 486 2172 512 «
2194 478 2445 533 peccatum

312 543 482 590 eratin
504 544 710 604 mundo,
732 563 755 590 »
781 545 891 594 licet
911 563 1012 594 non
1036 548 1371 612 imputaretur,
1400 547 1450 594 id
1470 556 1542 595 est
1562 547 1622 594 ab
1640 546 1922 595 hominibus
1941 557 2234 612 argueretur,
2258 549 2334 596 vel
2355 565 2445 614 pu-

311 623 494 670 niretur
510 641 598 689 per
621 626 828 691 aliquam
851 627 1024 692 legem,
1051 645 1163 675 cum
1181 627 1402 675 videlicet
1424 628 1499 675 lex
1527 627 1748 675 nondum
1777 629 1950 694 scripta
1979 638 2124 688 esset,
2150 626 2234 676 sed
2258 638 2445 676 tantum
2475 633 2477 637 ’

311 703 556 766 0311113115,
589 722 675 770 per
701 722 848 771 quam
868 707 989 756 boni
1012 708 1087 756 vel
1120 707 1234 755 mali
1265 707 1605 756 discretionem
1632 708 1917 756 nonnullam
1951 708 2222 767 habebant,
2257 726 2313 756 ex
2351 723 2448 774 qua

312 801 600 848 cognoscere
624 798 875 853 peccatum
898 800 1108 854 possent.
1146 793 1307 837 Potest
1341 790 1484 837 etiam
1517 790 1583 837 sic
1608 789 1703 837 dici
1736 799 1986 856 peccatum
2016 800 2126 837 ante
2158 790 2311 855 legem
2344 806 2444 837 non

309 864 534 929 imputari
558 865 619 912 ab
640 866 938 931 hominibus,
965 869 1014 916 id
1039 879 1107 916 est
1132 885 1161 916 a
1183 869 1325 916 nullis
1347 870 1423 916 vel
1447 870 1613 935 paucis
1640 871 1868 934 cognosci
1891 869 2008 935 quid
2032 879 2153 918 esset
2172 881 2443 936 peccatum,

308 953 566 1008 antequam
591 947 767 995 scilicet
786 949 1224 1015 concupiscentiam
1234 950 1310 996 lex
1325 959 1553 1014 tanquam
1570 961 1821 1015 peccatum
1838 950 2161 1011 interdiceret,
2182 960 2229 997 et
2251 950 2448 998 doceret

306 1023 356 1069 in
383 1024 530 1072 corde
551 1027 713 1090 potius
730 1044 878 1091 quam
901 1029 950 1075 in
968 1045 1114 1094 opere
1137 1040 1389 1095 peccatum
1418 1030 1695 1078 consistere.
1724 1030 1870 1088 Quod
1901 1030 2098 1094 quidem
2121 1031 2169 1077 in
2204 1030 2448 1094 sequenti-

304 1102 395 1150 bus
417 1114 634 1168 patenter
655 1108 907 1172 Apostolus
932 1109 1142 1158 edocens
1158 1111 1224 1158 ait
1242 1113 1254 1134 ¹
1281 1129 1292 1157 z
1324 1129 1346 1155 «
1364 1113 1459 1158 Lex
1480 1120 1731 1175 peccatum
1757 1120 1827 1158 est
1850 1111 1868 1157 P
1903 1110 2042 1158 absit.
2079 1110 2174 1158 Sed
2195 1120 2447 1176 peccatum

307 1200 406 1230 1100
426 1186 634 1249 cognovi
650 1187 739 1233 nisi
761 1204 849 1252 per
870 1189 1043 1252 legem.
1075 1193 1194 1238 Nam
1218 1190 1660 1256 concupiscentiam
1690 1191 1983 1251 nesciebam,
2013 1201 2105 1238 etc.
2136 1209 2158 1234 »
2190 1193 2448 1238 Peccatum

306 1263 464 1328 itaque
484 1282 583 1312 non
605 1266 934 1330 imputabatur
957 1270 1054 1317 sive
1077 1271 1308 1333 originale
1330 1272 1430 1319 sive
1452 1271 1703 1336 proprium
1717 1308 1730 1328 ,
1763 1270 1814 1318 id
1840 1281 1910 1320 est
1943 1270 2254 1335 ignorabatur
2275 1270 2336 1317 ab
2360 1269 2448 1317 ho·

306 1344 516 1391 minibus
542 1345 699 1393 (101166
721 1347 879 1412 ipsum
899 1348 971 1396 lex
993 1349 1188 1397 diceret.
1217 1353 1336 1398 Nam
1358 1361 1405 1398 et
1426 1352 1585 1417 ipsum
1608 1351 1879 1417 primorum
1906 1362 2159 1417 parentum
2192 1360 2449 1416 peccatum

304 1425 445 1472 etiam
458 1426 507 1472 in
526 1428 915 1492 concupiscentia
928 1429 1032 1493 fuit,
1057 1431 1178 1478 sicut
1196 1432 1427 1497 scriptum
1449 1442 1520 1479 est
1534 1434 1548 1456 ²
1566 1451 1575 1479 :
1603 1452 1625 1476 «
1646 1432 1779 1479 Vidit
1797 1449 1912 1497 ergo
1929 1432 2101 1480 mulier
2112 1432 2246 1496 quod
2259 1431 2448 1501 bonum

303 1516 424 1551 esset
440 1505 624 1568 lignum
645 1507 705 1554 ad
730 1510 1043 1572 vescendum,
1063 1521 1118 1558 ’61
1146 1511 1405 1576 pulchrum
1433 1511 1583 1559 oculis
1612 1521 1906 1577 aspectuque
1938 1512 2236 1572 delectabile,
2266 1521 2314 1559 et
2343 1509 2450 1558 tulit

303 1585 363 1631 de
381 1585 538 1633 fructu
561 1587 700 1648 illius,
728 1599 775 1636 et
798 1591 1027 1638 comedit.
1050 1610 1072 1636 »
1093 1595 1150 1637 Et
1171 1592 1283 1639 licet
1303 1603 1556 1657 peccatum
1580 1602 1691 1639 ante
1714 1593 1887 1656 legem,
1921 1603 1975 1640 ut
2010 1593 2192 1640 dictum
2224 1601 2311 1653 est,
2347 1608 2447 1639 non

301 1665 566 1730 imputetur
590 1667 652 1715 ab
683 1668 983 1733 hominibus,
1021 1682 1179 1718 tamen
1213 1672 1357 1719 etiam
1392 1683 1508 1719 tunc
1540 1672 1866 1738 imputabatur
1895 1691 1921 1722 a
1954 1677 2075 1729 Deo,
2102 1673 2336 1738 quoniam
2355 1687 2449 1737 pro

301 1745 407 1810 ipso
431 1763 626 1811 poenam
650 1750 914 1814 corporalis
940 1752 1105 1798 mortis
1126 1752 1351 1799 omnibus
1369 1753 1623 1815 inferebat,
1646 1754 1895 1801 insinuans
1913 1771 1998 1818 per
2020 1754 2116 1801 hoc
2131 1753 2274 1800 nobis
2294 1769 2321 1799 a
2339 1768 2450 1817 pro-

301 1826 415 1889 priis
440 1827 650 1874 maxime
670 1830 874 1893 peccatis
898 1846 999 1878 esse
1024 1831 1312 1893 cavendum,
1340 1849 1451 1879 cum
1480 1833 1576 1880 hoc
1609 1834 1951 1880 sustineremus
1984 1844 2185 1899 propter
2217 1832 2444 1880 alienum.

303 1907 361 1952 Et
389 1905 483 1953 hoc
503 1917 602 1954 est:
641 1909 775 1955 «Sed
794 1911 1008 1974 regnavit
1032 1928 1180 1973 mors,
1209 1930 1232 1956 »
1272 1912 1449 1960 scilicet
1483 1912 1765 1978 corporalis,
1806 1912 1858 1959 id
1890 1923 1960 1960 est
1992 1914 2211 1978 quietum
2241 1912 2451 1959 obtinuit

301 1985 592 2049 dominium,
617 1998 665 2034 et
683 1998 794 2036 ante
813 1989 985 2053 legem,
1015 1991 1177 2052 idest,
1205 2012 1227 2037 «
1250 1992 1311 2039 ab
1333 1993 1481 2041 Adam
1505 2010 1654 2058 usque
1671 1992 1733 2040 ad
1754 1994 1967 2057 Moysem
2004 1994 2148 2040 etiam
2179 1993 2228 2039 in
2255 2008 2338 2039 eos
2366 1992 2450 2056 qui

301 2082 399 2112 non
427 2079 765 2131 peccaverunt,
783 2089 804 2112 >2
829 2071 1032 2118 scienter
1049 2073 1448 2135 transgrediendo
1467 2073 1590 2120 sicut
1609 2072 1765 2121 Adam
1793 2073 1919 2130 fecit,
1953 2073 2003 2120 id
2026 2083 2113 2135 est,
2140 2073 2190 2119 in
2222 2071 2450 2138 parvulos

299 2145 374 2193 vel
400 2147 640 2210 quoslibet
663 2149 961 2200 1000660165.
985 2152 1081 2209 Qui
1108 2153 1287 2200 scilicet
1315 2153 1465 2200 Adam
1491 2163 1628 2201 vetus
1649 2162 1721 2199 est
1750 2173 1773 2196 ι(
1791 2153 1945 2213 forma
1972 2153 2137 2215 futuri,
2157 2171 2181 2198 >›
2214 2152 2263 2199 id
2288 2162 2358 2200 est
2390 2152 2451 2199 si-

301 2224 523 2273 militudo
547 2228 661 2274 novi
686 2229 817 2289 Adae,
844 2230 895 2277 id
919 2241 990 2278 est
1011 2231 1186 2280 Christi
1207 2244 1318 2299 post
1350 2251 1460 2281 eum
1491 2234 1656 2281 futuri.
1695 2233 1847 2281 Adam
1873 2235 1996 2281 sicut
2017 2234 2170 2281 homo
2191 2249 2450 2281 commune

302 2322 482 2353 nomen
506 2317 576 2353 est
599 2317 694 2354 tam
718 2310 809 2356 viri
827 2327 973 2375 quam
998 2312 1202 2360 feminae.
1237 2314 1351 2361 Ideo
1384 2332 1496 2362 cum
1528 2315 1702 2362 dicitur
1733 2330 1890 2362 novus
1923 2314 2095 2374 Adam,
2122 2313 2216 2361 tale
2245 2323 2315 2360 est
2334 2329 2390 2361 36
2411 2313 2451 2360 51

300 2384 539 2433 diceretur
570 2404 725 2435 novus
752 2389 920 2451 homo,
954 2400 1002 2438 61
1033 2393 1179 2440 veteri
1212 2393 1400 2441 homini
1430 2411 1514 2459 per
1549 2393 1877 2441 obedientiam
1920 2394 2121 2441 omnino
2158 2394 2446 2441 c‘ontrarius.

303 2466 674 2514 Similitudinem
698 2469 809 2517 Adae
832 2480 878 2517 et
895 2471 1069 2519 Christi
1086 2473 1188 2538 ipse
1213 2474 1467 2539 Apostolus
1491 2475 1661 2539 aperit,
1689 2473 1947 2521 ostendens
1975 2474 2196 2522 videlicet
2222 2475 2288 2521 ita
2312 2473 2450 2521 Chri-

304 2556 430 2593 stum
448 2549 667 2595 omnium
690 2551 1007 2614 spiritualium
1044 2570 1144 2601 esse
1176 2565 1381 2619 patrem,
1409 2556 1530 2602 sicut
1556 2566 1625 2602 est
1646 2555 1797 2602 Adam
1816 2555 2106 2617 carnalium,
2138 2555 2234 2602 hoc
2263 2564 2356 2613 est,
2383 2555 2449 2601 ita

303 2643 500 2690 praeesse
536 2630 760 2678 omnibus
803 2632 865 2679 ad
901 2634 1231 2697 generandum
1270 2636 1318 2682 in
1360 2639 1464 2683 Deo
1483 2673 1495 2697 ,
1533 2636 1658 2683 sicut
1691 2636 1770 2683 ille
1804 2646 1975 2702 praeest
2015 2636 2078 2683 ad
2118 2635 2448 2700 generandum

307 2707 490 2754 mundo
510 2726 520 2754 ε
541 2719 586 2755 61
606 2709 738 2757 111106
763 2712 831 2758 516
850 2712 913 2760 3(1
937 2714 1082 2761 vitam
1104 2724 1150 2761 et
1172 2715 1387 2778 requiem
1409 2733 1510 2764 esse
1535 2727 1801 2777 auctorem,
1834 2717 1955 2764 sicut
1975 2717 2054 2764 1116
2072 2726 2141 2764 651
2160 2717 2223 2763 ad
2241 2724 2448 2762 mortem

306 2794 353 2830 et
376 2802 587 2848 poenam.
615 2792 775 2836 Potest
797 2792 941 2840 etiam
963 2793 1025 2840 ad
1057 2793 1185 2841 hanc
1218 2795 1599 2859 similitudinem,
1629 2797 1741 2844 Adae
1767 2796 1990 2844 videlicet
2022 2807 2071 2845 61
2104 2796 2304 2857 Christi,
2329 2793 2449 2842 illud

306 2863 468 2911 reduci
497 2868 630 2930 quod
655 2869 767 2916 alibi
798 2871 926 2918 idem
949 2874 1202 2938 Apostolus
1222 2876 1488 2941 intelligens
1510 2878 1574 2924 ait
1591 2879 1605 2902 ³
1630 2896 1641 2925 :
1663 2879 2068 2925 «Sacramentum
2096 2892 2328 2940 magnum
2359 2890 2449 2937 ego

309 2942 417 2990 dico
444 2945 491 2990 in
515 2946 706 2994 Christo
734 2959 780 2996 et
802 2951 850 2996 111
876 2952 1102 3015 Ecclesia,
1124 2975 1146 2998 2>
1168 2955 1253 3002 sed
1283 2955 1448 3004 litterae
1471 2958 1693 3023 praesenti
1723 2957 1894 3006 sufficit
1922 2957 2183 3006 similitudo
2203 2954 2445 3021 praedicta,

308 3039 453 3086 quam
479 3025 578 3088 ipse
602 3028 855 3090 Apostolus
879 3034 1201 3096 prosequitur,
1232 3035 1293 3082 de
1311 3038 1492 3084 carnali
1515 3038 1692 3086 scilicet
1714 3047 1761 3087 61
1779 3038 2009 3103 spirituali
2029 3036 2353 3101 generatione.

379 3122 401 3147 «
429 3104 522 3150 Sed
540 3122 639 3152 non
664 3107 786 3154 sicut
809 3108 1077 3158 delictum»
1105 3114 1232 3175 Adae,
1264 3135 1287 3161 «
1308 3117 1370 3163 ita
1396 3127 1466 3164 est
1486 3128 1532 3165 et
1553 3118 1739 3165 donum
1758 3139 1780 3162 >2
1804 3118 1997 3180 Christi,
2022 3117 2073 3165 id
2090 3126 2187 3179 est,
2213 3132 2313 3163 non
2337 3124 2448 3162 sunt

369 3288 479 3329 Rom„
495 3297 567 3329 cap.
587 3298 641 3328 vn,
659 3299 688 3322 v.
705 3294 734 3325 7.
755 3309 792 3315 —
809 3293 961 3336 menes„
980 3304 1051 3337 cap.
1071 3304 1120 3337 111,
1145 3306 1173 3331 v.
1193 3299 1223 3330 6.
1236 3316 1274 3322 —
1293 3298 1461 3341 ³*Ephes.,
1486 3310 1558 3341 cap.
1577 3310 1614 3342 v,
1632 3310 1663 3333 v.
1682 3303 1733 3334 32.
