2638 3866
228 238 325 285 461..
1037 235 1207 281 PETRI
1244 235 1562 283 ABAELARDI

227 338 467 397 homines,
495 353 550 383 30
567 335 840 400 paucissimi
865 335 1149 400 spirituales.
1177 334 1361 382 Sufficit
1385 345 1546 392 autem
1570 334 1712 383 nobis
1735 352 2046 402 quocumque
2067 338 2216 401 modo
2239 357 2370 390 sum-

227 434 418 465 morum
448 415 755 462 inimicorum
785 424 1060 462 nostrorum
1082 414 1234 461 robur
1256 414 1506 480 dissipare,
1534 417 1796 480 praesertim
1828 433 1940 463 cum
1972 417 2066 464 alio
2096 419 2246 467 modo
2269 438 2367 468 non

226 498 482 562 possimus,
513 495 604 541 nisi
633 494 719 541 has
745 511 862 558 quas
888 505 1130 542 noverunt
1155 495 1365 542 rationes
1394 511 1451 541 ex
1477 496 1693 560 ipsorum
1714 495 1895 544 artibus
1927 497 2200 546 afferamus.
2239 500 2372 547 Absit

226 578 355 623 enim
389 575 484 621 hoc
517 583 570 620 ut
605 573 857 621 credamus
884 576 1056 635 Deum,
1096 575 1181 639 qui
1217 575 1355 622 malis
1388 592 1583 639 quoque
1606 576 1719 640 ipsis
1753 576 1878 624 bene
1902 577 2069 638 utitur,
2106 594 2208 625 non
2243 579 2371 628 bene

226 656 367 702 etiam
404 671 573 701 omnes
601 664 742 717 artes,
771 671 875 719 quae
897 656 998 719 ejus
1023 654 1154 701 dona
1178 664 1315 716 sunt,
1343 655 1585 713 ordinare,
1612 665 1665 702 ut
1689 655 1762 702 hae
1787 672 1982 721 quoque
2009 657 2110 720 ejus
2137 658 2369 722 majestati

225 734 514 796 deserviant,
573 744 1018 799 quantumcumque
1056 734 1181 782 male
1220 734 1295 781 his
1335 736 1596 783 abutantur
1638 737 1865 800 perversi,
1916 735 2045 783 unde
2090 746 2138 783 et
2174 740 2225 784 B.
2276 742 2370 785 Au-

225 817 443 879 gustinus
485 819 517 861 ⁴³.
531 852 541 862 .
553 851 562 861 .
575 852 584 862 .

631 818 868 862 Doctores
907 815 1211 863 ecclesiastici
1246 817 1491 863 saeculares
1530 832 1725 880 quoque
1763 826 1903 875 artes,
1943 817 2096 881 ipsam
2131 818 2370 883 praecipue

223 896 539 951 dialecticam,
575 912 718 942 530136
755 897 1010 962 Scripturae
1047 896 1311 944 admodum
1341 897 1630 944 necessarias
1660 895 1933 962 perhibent.
1970 897 2052 943 His
2082 908 2253 945 contra
2283 898 2370 946 ad·
2410 942 2417 945 .

224 977 459 1023 versarios
479 975 749 1041 praelibatis,
777 975 837 1024 ad
861 977 1165 1042 propositum
1187 976 1479 1039 festinemus,
1506 976 1588 1024 illo
1613 977 1744 1041 prius
1768 992 1796 1023 a
1820 976 1961 1023 nobis
1987 987 2369 1026 commemorato

225 1067 367 1121 atque
405 1057 683 1114 constituto,
723 1074 784 1104 ne
820 1058 858 1104 si
888 1059 936 1104 in
972 1067 1104 1104 tanta
1137 1057 1428 1105 obscuritate
1463 1057 1584 1104 ratio
1615 1057 1903 1120 caligaverit,
1944 1073 2050 1120 quae
2080 1058 2230 1122 magis
2261 1058 2370 1106 reli-

224 1138 383 1201 gione,
422 1154 569 1201 quam
601 1138 794 1201 ingenio
828 1138 1139 1202 conspicitur,
1178 1147 1259 1184 aut
1291 1148 1362 1184 tot
1391 1147 1438 1184 et
1463 1137 1605 1184 tantis
1629 1137 1945 1184 subtilissimis
1977 1138 2372 1203 inquisitionibus

225 1218 436 1283 parvitas
463 1224 627 1264 nostra
650 1234 752 1263 11011
781 1217 1038 1277 suffecerit,
1066 1228 1149 1265 aut
1179 1219 1325 1265 etiam
1347 1218 1472 1265 victa
1505 1217 1828 1280 succubuerit,
1868 1235 1930 1265 ne
1954 1217 2019 1265 ob
2041 1218 2110 1280 id,
2137 1219 2336 1282 inquam
2354 1255 2367 1279 ,

224 1297 419 1362 culpare
455 1307 536 1343 aut
574 1296 927 1362 reprehendere
962 1297 1108 1345 fidem
1147 1307 1363 1344 nostram
1397 1308 1716 1363 praesumant,
1754 1315 1858 1362 quae
1898 1299 2059 1345 minus
2094 1299 2143 1345 in
2180 1315 2230 1346 se
2270 1315 2372 1346 11011

223 1376 364 1434 valet,
387 1377 424 1424 si
449 1377 556 1441 quis
576 1377 625 1423 in
645 1377 925 1425 disserendo
948 1394 1055 1425 eam
1079 1377 1287 1425 deficiat.
1312 1381 1466 1425 Nemo
1490 1379 1634 1425 etiam
1655 1377 1774 1424 mihi
1796 1379 2124 1444 praesumtioni
2148 1379 2368 1444 imputet,

224 1458 262 1503 si
298 1457 431 1521 quod
466 1473 711 1521 aggressus
745 1475 851 1505 sum
883 1475 982 1506 non
1013 1459 1287 1523 perfecer03
1321 1458 1405 1506 sed
1442 1459 1531 1524 piae
1565 1458 1780 1522 ignoscat
1800 1458 2061 1520 voluntati,
2104 1475 2211 1522 quae
2241 1458 2373 1524 apud

224 1539 380 1584 Deum
413 1537 604 1599 sufficit,
639 1539 679 1585 si
711 1528 908 1586 facultas
941 1539 1082 1586 desit.
1119 1539 1366 1604 Quidquid
1401 1540 1563 1604 itaque
1599 1538 1660 1586 de
1691 1538 1782 1586 hac
1812 1539 2038 1586 altissima
2067 1538 2373 1604 philosophia

225 1616 540 1678 disseremus,
577 1618 800 1666 umbram
844 1636 944 1666 non
979 1621 1232 1667 veritatem
1275 1637 1376 1668 esse
1413 1620 1725 1686 profitemur,
1765 1629 1812 1667 et
1846 1620 1980 1684 quasi
2013 1619 2374 1668 similitudinem

225 1697 505 1761 quamdam,
533 1715 633 1745 non
661 1715 782 1745 rem.
819 1699 948 1757 Quid
973 1716 1141 1746 verum
1166 1701 1241 1762 sit,
1267 1701 1459 1748 noverit
1489 1701 1753 1762 Dominus3
1787 1700 1905 1765 quid
1938 1709 2099 1748 autem
2119 1699 2376 1747 verisimile

227 1794 281 1824 ac
315 1778 520 1825 maxime
545 1778 894 1844 philosophicis
921 1790 1301 1827 consentaneum
1324 1780 1611 1840 rationibus,
1637 1780 1811 1844 quibus
1837 1781 2100 1846 impetitur,
2131 1780 2376 1827 dicturum

225 1874 302 1904 me
327 1857 551 1905 arbitror.
580 1861 634 1905 In
658 1876 756 1923 quo
782 1859 979 1923 quidem
1001 1860 1057 1921 si,
1085 1859 1237 1925 culpis
1261 1861 1379 1908 meis
1402 1860 1716 1924 exigentibus,
1744 1876 1772 1907 a
1795 1859 2049 1923 catholica,
2075 1860 2210 1924 quod
2231 1859 2384 1919 absit,-

224 1938 562 1986 exorbitavero
601 1938 914 2002 intelligentia
946 1939 1022 1987 vel
1058 1940 1335 2001 locutione,
1371 1941 1586 2004 ignoscat
1621 1940 1698 1987 ille
1731 1940 1850 1986 mihi
1893 1940 1976 2003 qui
2012 1957 2068 1987 ex
2105 1940 2375 1987 intentione

225 2034 373 2083 opera
412 2018 671 2083 dijudicat,
716 2030 887 2085 parato
927 2037 1117 2085 semper
1154 2020 1217 2067 ad
1258 2037 1458 2068 omnem
1492 2020 1865 2068 satisfactionem
1897 2020 1958 2067 de
1993 2019 2260 2068 maledictis
2299 2019 2376 2068 vel

224 2097 521 2162 corrigendis
550 2098 626 2145 vel
655 2098 892 2159 delendis,
927 2117 1040 2147 cum
1071 2101 1178 2165 quis
1210 2099 1427 2148 fidelium
1458 2101 1532 2147 vel
1559 2101 1736 2148 virtute
1762 2099 1960 2147 rationis
1991 2099 2067 2147 vel
2094 2099 2378 2148 auctoritate

223 2179 480 2243 Scripturae
514 2180 792 2226 correxerit.
818 2181 928 2227 Scio
965 2196 1176 2245 namque
1205 2180 1341 2246 quod
1373 2181 1607 2246 scriptum
1635 2184 1729 2228 est¹
1754 2198 1765 2226 :
1799 2201 1822 2231 «ς
1845 2180 2082 2245 Corripiet
2115 2196 2193 2227 me
2216 2180 2374 2244 justus

223 2259 271 2305 in
310 2259 640 2307 misericordia
664 2269 711 2306 et
733 2260 1000 2325 increpabit
1025 2278 1119 2322 me,
1152 2261 1314 2309 oleum
1338 2271 1498 2309 autem
1523 2261 1791 2327 peccatoris
1817 2277 1919 2308 non
1943 2261 2209 2329 impinguet
2231 2269 2378 2325 caput

224 2355 414 2398 meum,
443 2358 464 2383 »
503 2341 559 2385 Et
595 2340 644 2386 in
669 2340 996 2387 Proverbiis-²:
1031 2362 1053 2385 c<
1081 2342 1171 2388 Via
1208 2342 1315 2388 vitae
1339 2342 1605 2408 increpatio
1643 2340 1933 2406 disciplinae,
1959 2341 2044 2404 qui
2079 2350 2240 2388 autem
2273 2340 2378 2388 odit

284 2468 298 2484 ⁸
320 2463 405 2516 Qui
427 2474 470 2505 et
494 2463 597 2505 alibi
618 2478 696 2505 suo
719 2464 887 2506 instruit
917 2465 1132 2523 exemplo,
1163 2481 1491 2524 nonnumquam
1524 2466 1580 2508 ad
1614 2467 1818 2519 rationes,
1843 2480 1941 2507 cum
1965 2463 2019 2506 de
2042 2463 2194 2507 divinis
2218 2464 2373 2523 agitur,

223 2537 501 2583 transmeare,
532 2529 608 2571 ubi
641 2528 840 2571 videlicet
870 2544 969 2571 cum
998 2529 1079 2572 illis
1113 2530 1389 2584 conferimus,
1425 2532 1498 2589 qui
1530 2546 1668 2573 sacras
1699 2546 1790 2571 non
1822 2530 2054 2572 admittunt
2084 2529 2372 2571 auctoritates.

223 2593 351 2636 Unde
371 2594 417 2635 in
438 2593 550 2636 libro
574 2594 627 2636 de
645 2593 843 2636 Moribus
869 2595 1079 2637 Ecclesiae
1106 2606 1255 2637 contra
1277 2595 1540 2638 Manichaeos
1561 2611 1656 2654 cap.
1686 2611 1731 2636 xl
1753 2594 1833 2637 ait¹⁸
1865 2610 1874 2637 :
1908 2614 1924 2631 «
1938 2593 2066 2637 Unde
2087 2594 2215 2653 igitur
2241 2593 2372 2646 oriar,

225 2658 279 2699 ab
307 2660 573 2714 auctoritate,
600 2676 655 2702 an
678 2675 703 2701 a
726 2659 921 2702 ratione?
943 2661 1118 2702 Naturae
1143 2660 1318 2718 quidem
1341 2660 1451 2703 ordo
1468 2662 1529 2702 ita
1551 2676 1594 2703 se
1614 2660 1762 2715 habet,
1782 2671 1830 2702 ut
1851 2675 1952 2702 cum
1975 2659 2136 2718 aliquid
2155 2658 2373 2712 discimus,

224 2724 438 2767 rationem
459 2724 675 2784 praecedat
695 2726 941 2768 auctoritas.
966 2726 1080 2768 Nam
1110 2724 1278 2768 infirma
1301 2726 1437 2769 videri
1459 2726 1569 2768 ratio
1591 2736 1754 2785 potest,
1779 2741 1874 2784 quae
1903 2740 2002 2768 cum
2025 2724 2195 2767 reddita
2225 2724 2373 2778 fuerit,

226 2790 521 2833 auctoritatem
537 2802 702 2850 postea,
726 2806 804 2850 per
827 2806 956 2850 quam
979 2790 1186 2844 firmetur,
1214 2792 1402 2835 assumit.
1423 2791 1508 2834 Sed
1532 2792 1736 2850 quoniam
1758 2806 1857 2832 cum
1878 2791 1943 2832 his
1966 2789 2091 2833 nobis
2112 2805 2179 2832 res
2200 2800 2277 2842 est,
2302 2789 2377 2848 qui

226 2855 370 2896 omnia
393 2867 543 2898 contra
563 2856 762 2899 ordinem
784 2867 827 2899 et
849 2857 1101 2911 sentiunt,et
1114 2857 1364 2915 loquuntur,
1390 2868 1435 2900 et
1450 2868 1629 2916 gerunt3
1655 2856 1847 2915 nihilque
1865 2855 1981 2898 aliud
2004 2856 2191 2898 maxime
2209 2854 2372 2903 dicunt,

227 2917 305 2958 nisi
326 2920 536 2963 rationem
557 2922 673 2980 prius
693 2937 783 2964 esse
805 2921 1090 2976 reddendam,
1115 2938 1283 2965 morem
1304 2922 1385 2965 illis
1408 2936 1579 2982 geram,
1604 2921 1724 2981 quod
1743 2921 1880 2964 fateor
1900 2921 1946 2962 in
1968 2918 2227 2979 disputando
2249 2917 2375 2960 vitio-

227 2996 320 3037 sum
347 2998 452 3039 esse,
485 2987 726 3045 suscipiam.
758 2987 984 3030 Rationem
1020 2988 1148 3047 igitur
1183 3004 1422 3047 quaeramus
1458 2986 1829 3047 quemadmodum
1859 2987 1912 3029 sit
1942 2985 2189 3028 hominibus
2222 2983 2373 3025 viven-

227 3045 348 3100 dum,
374 3058 456 3090 etc.
481 3070 497 3086 „

275 3193 424 3226 ¹Psalm.
452 3202 526 3233 exn,
553 3204 584 3228 v,
606 3197 640 3228 5.
668 3214 707 3221 --
729 3197 740 3215 ²
756 3198 875 3238 Prov.‚
907 3208 979 3239 cap.
1005 3208 1049 3238 vi,
1080 3208 1112 3231 v.
1145 3203 1198 3233 23.
1226 3217 1264 3224 —
1337 3199 1553 3240 Turonensis,
1584 3201 1730 3239 quamvis
1751 3208 1789 3232 ea
1807 3198 2010 3231 antecedenti
2028 3197 2153 3237 paginae
2169 3195 2373 3236 subjicienda

228 3248 240 3267 ³
268 3248 318 3280 Ad
351 3248 437 3279 hunc
470 3249 576 3280 locum
608 3255 715 3281 textus
754 3251 916 3283 Abaelardi
957 3253 1054 3285 verba
1093 3253 1264 3293 Augustini
1338 3256 1434 3295 primi
1453 3255 1595 3286 editores
1613 3254 1800 3293 conjiciant.
1821 3270 1858 3275 —
1879 3253 1889 3271 ⁴
1904 3251 1976 3283 Lib.
1995 3251 2020 3288 1.
2035 3259 2107 3291 cap.
2126 3258 2161 3282 11.
2182 3249 2284 3291 Opp„
2300 3253 2325 3280 t·
2345 3247 2373 3280 1.

227 3310 300 3341 quae
316 3307 511 3342 sequuntur,
534 3303 703 3336 reserenda
724 3312 794 3335 esse
819 3306 998 3345 credimus,
1025 3312 1059 3337 ut
1076 3307 1137 3338 sert
1161 3308 1264 3339 codex
