2638 3866
834 214 893 262 IN
926 211 1260 261 EPISTOLAM
1294 213 1379 262 AD
1412 212 1717 262 ROMANOS.
2253 214 2348 261 235
2427 261 2431 266 ,

197 318 397 383 aequalia
415 317 465 364 in
488 315 588 363 istis
611 331 718 379 quae
741 313 803 363 ad
833 323 1052 379 posteros
1083 330 1196 361 suos
1223 315 1632 374 transmittuntur,
1667 323 1716 362 et
1741 315 1881 380 plura
1908 330 1993 381 per
2015 313 2261 363 Christum
2287 315 2349 363 ad

197 408 418 465 posteros
435 398 825 446 transmittuntur
842 396 892 444 in
909 395 1130 458 salutem,
1155 412 1301 461 quam
1320 413 1407 462 per
1429 396 1582 444 Adam
1601 396 1651 443 in
1676 395 2038 444 damnationem
2058 414 2069 443 :
2090 405 2138 444 et
2154 396 2345 456 merito,

197 480 310 544 quia
333 479 440 545 plus
461 478 758 527 conveniens
777 477 866 525 suit
885 476 1059 525 divinae
1075 477 1268 541 justitiae
1291 478 1390 542 sive
1413 478 1596 544 pietati,
1632 487 1687 524 ut
1713 493 1799 542 per
1830 476 2075 525 Christum
2105 477 2211 542 plus
2235 494 2350 544 pro-

196 560 354 608 desset
379 576 526 626 quam
552 576 640 626 per
662 558 814 607 Adam
833 567 1047 620 noceret,
1068 557 1119 605 id
1146 566 1218 605 est
1240 558 1379 623 plura
1402 575 1488 624 per
1505 558 1638 607 hunc
1660 557 1915 607 commoda
1934 554 2080 623 quain
2104 574 2192 625 per
2214 558 2349 607 illum

197 640 510 689 incommoda
541 640 692 689 daret.
731 642 894 703 Longe
923 639 1104 705 quippe
1135 648 1206 687 est
1244 640 1446 704 pronior
1479 643 1609 688 Deus
1647 638 1710 687 ad
1744 638 1933 686 bonum
1968 639 2346 698 conferendum,

197 738 344 786 quam
368 721 430 769 ad
450 721 634 769 malum
653 719 979 769 inferendum.
1019 722 1075 768 Et
1100 719 1197 767 hoc
1218 730 1306 781 est,
1338 740 1360 764 «
1381 721 1421 768 si
1443 737 1533 786 pro
1561 720 1705 768 unius
1733 719 1929 782 delicto,
1957 739 1979 763 1>
2015 720 2193 767 scilicet
2221 720 2344 779 Adae,

199 819 298 850 uno
320 802 542 850 videlicet
571 819 672 850 non
707 800 943 867 pluribus,
985 822 1007 844 c<
1024 801 1163 848 multi
1187 802 1367 849 mortui
1394 811 1522 861 sunt,
1543 820 1566 846 »
1589 801 1639 848 id
1663 810 1733 849 est
1758 800 1991 862 damnati,
2018 801 2140 848 sicut
2162 802 2348 866 parvuli

197 899 298 930 non
322 882 566 948 baptizati,
589 883 672 948 qui
689 882 753 931 ob
775 882 907 930 aliud
923 899 1024 930 non
1044 891 1157 930 sunt
1169 882 1374 948 perditi:
1400 883 1554 930 multo
1568 882 1720 946 magis
1736 881 1786 928 in
1801 881 1979 947 plures,
2000 881 2049 928 id
2067 891 2154 941 est,
2171 883 2351 930 multos

197 963 428 1022 similiter,
456 980 558 1011 non
578 965 628 1011 in
653 980 805 1013 unum
828 973 1017 1012 tantum
1036 963 1306 1023 hominem,
1338 972 1389 1011 ut
1406 963 1626 1011 absolute
1650 962 1872 1010 videlicet
1894 979 1996 1010 non
2025 963 2352 1028 comparative

197 1044 504 1108 intelligatur,
525 1045 774 1093 abundare
791 1044 962 1093 debuit
980 1045 1129 1110 gratia
1151 1046 1258 1105 Dei,
1286 1054 1333 1092 et
1358 1044 1609 1092 donumin
1633 1044 1833 1109 gratiam
1852 1042 2046 1104 Christi,
2077 1043 2126 1091 id
2157 1054 2244 1105 est,
2268 1061 2355 1110 per

196 1125 328 1173 dona
344 1127 433 1174 Dei
454 1126 643 1180 homini
661 1126 730 1174 illi
751 1126 944 1187 collata,
969 1127 1031 1175 de
1053 1126 1353 1192 plenitudine
1383 1127 1520 1191 cujus
1551 1143 1645 1174 nos
1678 1143 1850 1174 omnes
1877 1126 2169 1191 accepimuS,
2198 1134 2245 1173 et
2271 1128 2353 1191 qui

197 1206 339 1255 nobis
362 1208 543 1255 meritis
563 1208 660 1255 suis
679 1209 953 1274 impetravit
975 1208 1213 1274 quidquid
1236 1207 1357 1255 boni
1378 1208 1634 1256 habemus.
1654 1227 1678 1253 «
1697 1210 1754 1254 Et
1777 1224 1877 1255 non
1898 1207 2021 1254 sicut
2043 1223 2130 1272 per
2148 1223 2302 1255 unum
2327 1227 2349 1252 »

196 1288 376 1337 scilicet
406 1289 659 1337 hominem
684 1290 838 1338 Adam
870 1291 1145 1357 pertransiit
1170 1290 1404 1352 subaudi,
1450 1300 1503 1338 ut
1537 1307 1684 1356 supra
1720 1289 1932 1337 diximus
1976 1308 1998 1334 κ
2029 1298 2302 1354 peccatum,
2327 1309 2351 1335 »

196 1369 374 1417 scilicet
398 1387 550 1418 unum
574 1373 624 1419 in
653 1389 842 1432 omnes,
869 1371 966 1420 hoc
994 1381 1064 1419 est
1085 1371 1337 1436 originale,
1365 1391 1388 1415 «
1413 1372 1477 1419 ita
1501 1381 1548 1420 et
1570 1371 1796 1419 donum»
1830 1369 2046 1417 similiter
2070 1386 2222 1417 unum
2245 1387 2354 1436 per—

195 1451 382 1498 transiit
405 1469 490 1517 per
512 1469 667 1500 unum
689 1452 943 1500 hominem
959 1491 972 1515 ,
995 1452 1218 1500 videlicet
1248 1452 1493 1500 Christum
1513 1490 1526 1515 ,
1550 1453 1701 1500 immo
1731 1452 1885 1499 multa
1906 1451 2038 1498 dona
2068 1450 2131 1499 ad
2154 1450 2349 1499 multos.

197 1533 253 1578 Et
278 1531 376 1579 hoc
398 1542 469 1580 est
488 1533 622 1597 quod
648 1534 906 1598 Apostolus
923 1534 971 1581 in
999 1533 1237 1599 superiori
1261 1550 1404 1581 versu
1422 1534 1523 1598 jam
1557 1531 2012 1599 comprehenderat,
2051 1530 2136 1579 sed
2165 1532 2355 1597 repetiit

198 1621 251 1658 ut
272 1612 501 1677 probaret
523 1614 689 1662 dicens
714 1632 723 1660 :
746 1633 769 1660 «
795 1618 918 1662 Nam
934 1614 1173 1679 judicium
1196 1615 1414 1680 quidem,
1442 1625 1556 1674 etc.,
1582 1633 1604 1659 n
1631 1614 1683 1662 id
1705 1623 1775 1661 est
1798 1630 1856 1661 ex
1878 1629 1979 1660 uno
2001 1622 2221 1677 peccato,
2244 1613 2356 1660 Adae

195 1692 405 1754 scilicet,
445 1704 517 1742 est
547 1694 786 1758 judicium
820 1695 907 1742 Dei
951 1715 975 1739 «
1010 1696 1060 1742 in
1097 1695 1558 1743 condemnationem
1586 1714 1609 1740 »
1645 1690 1953 1760 postessrum
1983 1693 2112 1757 ejus,
2153 1692 2205 1739 id
2248 1703 2351 1753 est,

195 1773 396 1838 deputat
415 1791 500 1822 eos
521 1779 707 1822 aeternae
725 1792 880 1841 poenae
898 1776 1178 1824 tradendos.
1206 1776 1301 1824 Sed
1324 1777 1474 1841 gratia
1489 1777 1597 1836 Dei,
1621 1776 1671 1823 id
1690 1785 1762 1823 est
1783 1775 2044 1839 gratuitum
2065 1774 2357 1822 remissionis

195 1854 384 1902 donum
417 1871 471 1903 ex
512 1856 675 1904 multis
714 1856 927 1918 delictis,
965 1868 1066 1906 tam
1098 1857 1320 1922 originali
1354 1858 1534 1906 scilicet
1576 1875 1724 1923 quam
1758 1858 1965 1924 propriis
1995 1873 2083 1922 per
2115 1855 2356 1904 Christum

194 1934 499 1999 condonatis,
533 1947 604 1985 est
632 1937 775 1986 nobis
803 1957 826 1984 «
849 1939 898 1986 in
918 1938 1331 2003 justificationem,
1359 1958 1381 1984 D
1421 1939 1469 1986 id
1495 1948 1567 1987 est
1599 1939 1660 1986 ad
1690 1955 1949 2005 poenarum
1980 1937 2352 1985 absolutionem.

195 2019 405 2082 Apparet
435 2017 599 2082 itaque
627 2018 768 2084 plura
806 2018 949 2067 nobis
978 2036 1007 2067 a
1039 2019 1228 2068 Christo
1259 2020 1434 2068 collata
1457 2037 1559 2068 esse
1591 2019 1653 2067 ad
1685 2020 2092 2084 salutem,bquam
2117 2017 2178 2065 ab
2206 2018 2356 2066 Adam

194 2097 254 2145 ad
276 2097 737 2147 condemnationem
759 2117 769 2146 :
800 2116 914 2148 cum
936 2100 1016 2149 ille
1038 2101 1261 2149 videlicet
1280 2101 1433 2149 Adam
1459 2118 1613 2149 unum
1635 2111 1887 2167 peccatum
1913 2099 2125 2147 intulerit
2148 2099 2352 2160 mundo,

195 2177 245 2225 id
275 2188 347 2225 est
379 2179 522 2226 unius
556 2181 741 2245 peccati
771 2182 950 2230 scilicet
979 2182 1225 2246 originalis
1251 2199 1474 2247 poenam,
1505 2183 1590 2230 iste
1613 2199 1730 2229 vero
1756 2182 2090 2229 remissionem
2112 2187 2210 2227 tam
2234 2179 2359 2226 illius

194 2274 342 2323 quam
363 2269 671 2312 caeterorum.
702 2265 760 2309 Et
791 2262 964 2310 merito
998 2263 1112 2328 quia
1143 2263 1252 2329 plus
1285 2264 1504 2329 oportuit
1531 2273 1604 2310 tot
1631 2273 1678 2310 et
1708 2273 1842 2311 tanta
1864 2262 1998 2309 bona
2029 2261 2165 2309 istius
2189 2261 2359 2325 juvare

195 2355 341 2403 quam
377 2339 503 2388 illius
527 2358 681 2388 unum
706 2342 960 2404 delictum,
988 2361 1078 2392 nec
1099 2361 1332 2408 magnum
1356 2344 1562 2393 aliorum
1585 2346 1969 2410 comparatione,
1995 2359 2189 2390 nocere.
2219 2342 2359 2389 Unde

195 2419 518 2484 Hieronymus
551 2421 621 2468 ad
639 2422 806 2482 filiam
839 2426 1074 2472 Maur-lcii
1106 2425 1203 2473 hoc
1244 2426 1390 2473 etiam
1425 2435 1681 2491 peccatum
1720 2434 1985 2473 extenuans
2025 2424 2120 2471 ait²
2148 2441 2158 2469 ε
2190 2442 2213 2468 «
2246 2422 2358 2469 Adae

196 2501 345 2565 magis
378 2502 679 2568 parcendum
709 2503 822 2566 fuit,
854 2505 939 2570 qui
973 2505 1134 2554 adhuc
1172 2506 1393 2554 novellus
1420 2516 1547 2566 erat,
1572 2516 1620 2553 et
1654 2505 1833 2554 nullius
1865 2516 1977 2553 ante
2005 2504 2272 2571 peccantis,
2313 2512 2357 2549 et

194 2591 392 2647 propter
420 2592 673 2647 peccatum
704 2601 847 2632 suum
881 2587 1133 2634 morientis
1162 2587 1496 2635 retrahebatur
1527 2587 1766 2652 exemplo.
1800 2586 1904 2634 Tibi
1934 2602 2051 2633 vero
2085 2593 2196 2650 post
2226 2592 2358 2630 tanta

195 2661 486 2710 documenta
506 2701 518 2725 ,
556 2674 667 2729 post
698 2664 879 2729 legem,
912 2677 1024 2732 post
1059 2668 1352 2733 Prophetas,
1390 2678 1501 2733 post
1534 2668 1820 2731 Evangelia,
1863 2676 1973 2732 post
2005 2663 2284 2731 Apostolos,
2318 2665 2356 2710 si

194 2741 476 2807 delinquere
510 2744 738 2806 volueris,
770 2747 1022 2810 quomodo
1060 2748 1301 2811 indulgeri
1330 2749 1480 2813 possit
1512 2749 1700 2812 ignoro,
1733 2768 1755 2791 2>
1788 2748 1865 2794 Sic
1887 2763 2093 2812 expone.
2123 2744 2356 2804 Quando.-

193 2822 392 2885 quidem
411 2840 499 2888 per
522 2823 751 2872 delictum
771 2827 932 2887 unius,
953 2828 1132 2875 scilicet
1150 2829 1278 2888 Adae,
1300 2839 1347 2876 et
1366 2845 1453 2894 per
1474 2845 1626 2875 unum
1644 2826 1826 2876 scilicet
1846 2827 2097 2888 delictum,
2122 2846 2144 2872 t<
2165 2842 2315 2886 mors,
2330 2846 2352 2868 2>

193 2903 339 2950 etiam
367 2904 538 2951 animae
565 2924 588 2949 κ
617 2907 863 2968 regnavit,
896 2927 920 2951 »
946 2907 997 2955 id
1022 2917 1092 2955 est
1114 2909 1276 2972 quiete
1295 2918 1515 2974 posteros
1540 2907 1752 2956 obtinuit
1773 2926 1783 2955 :
1810 2908 1966 2956 multo
1989 2906 2359 2955 convenientius

195 2992 242 3034 et
264 2983 437 3046 justius
465 3001 552 3050 per
582 3001 739 3032 unum
766 2989 930 3035 Jesum
956 2987 1200 3036 Christum
1233 2989 1456 3037 omnium
1482 2988 1730 3036 bonorum
1758 2988 2062 3054 plenitudine
2092 2987 2357 3053 perfectum

195 3066 374 3128 posteri
398 3065 500 3128 ejus
522 3065 791 3130 spirituales
815 3079 1106 3134 acceperunt
1126 3070 1478 3119 abundantiam
1505 3070 1678 3130 dixtinae
1698 3070 1876 3135 gratiae,
1900 3069 1951 3116 id
1975 3079 2046 3117 est
2068 3069 2207 3135 plura
2225 3067 2357 3115 bona

195 3160 339 3209 super
366 3146 536 3193 merita
561 3146 782 3211 ipsorum
805 3149 873 3196 eis
897 3149 1097 3212 collata,
1125 3150 1256 3199 bona
1289 3151 1400 3199 dico
1432 3151 1712 3199 donationis
1744 3160 1792 3198 et
1820 3150 2032 3215 justitiae.
2070 3148 2357 3196 Donationis

196 3225 505 3273 solummodo
530 3226 610 3274 illa
638 3226 771 3275 dona
794 3228 1040 3293 dicuntur,
1071 3231 1246 3296 quibus
1273 3232 1461 3280 nullum
1481 3242 1553 3280 est
1577 3231 1805 3279 meritum
1826 3230 2134 3295 adjunctum,
2163 3230 2286 3276 sicut
2308 3228 2356 3273 in

199 3306 423 3368 parvulis.
463 3308 659 3354 Justitiae
687 3325 830 3371 vero,
872 3311 958 3358 ubi
988 3311 1169 3377 aliquid
1206 3330 1296 3378 pro
1327 3314 1508 3361 meritis
1537 3312 1695 3361 datur.
1733 3311 1919 3360 Justitia
1947 3311 2127 3376 quippe
2164 3308 2356 3364 dicitur,
