2638 3866
814 269 872 317 ΙΝ
908 268 1232 318 EPISTOLAM
1269 270 1349 317 AD
1384 270 1686 320 ROMANOS.
2222 272 2307 320 351

188 367 420 418 eruditus.
435 386 460 414 »
485 367 795 417 Ambrosius:
819 371 992 416 «Hunc
1013 369 1225 435 Apellem
1253 387 1352 418 non
1373 372 1509 436 quasi
1535 372 1746 419 amicum
1765 379 1848 418 aut
1871 371 2139 437 principem
2161 374 2321 438 operis

188 448 376 511 salutat,
403 448 488 497 sed
506 458 765 515 propterea
785 447 919 514 quod
944 450 1288 498 tentationibus
1311 451 1539 517 probatus
1561 461 1657 511 est,
1689 452 1737 499 in
1762 451 1951 499 Christo
1975 451 2127 500 fidelis
2151 452 2319 501 inven-

187 537 278 576 tus.
303 547 328 573 »2
359 530 547 594 Haymo
576 547 588 577 ε
619 548 645 576 (ι
667 529 796 577 Licet
829 527 1024 594 quidam
1062 529 1237 578 saciant
1267 547 1326 579 ex
1362 531 1459 580 hoc
1492 532 1592 579 duo
1621 531 1821 579 nomina
1856 533 2070 597 propria,
2105 532 2317 582 dicentes

188 607 281 657 ita:
315 608 526 658 Salutate
548 609 762 674 Apellem
795 619 842 658 et
875 608 1104 671 Probum,
1131 609 1182 657 id
1210 621 1280 659 est
1303 612 1561 677 probatum
1584 612 1632 659 in
1667 611 1782 671 fide,
1807 620 1853 658 et
1873 611 2014 659 laude
2042 612 2259 677 dignum.
2291 637 2314 659 »

190 708 212 731 α
233 688 490 738 Aristoboli
502 688 669 737 domo.
687 688 891 737 Salutate
903 689 1249 738 Herodionem.
1267 712 1290 736 ι)
1313 695 1528 740 Fortasse
1544 691 1621 739 hic
1641 691 1742 756 jam
1764 690 2016 739 defunctus
2033 703 2151 754 erat,
2175 710 2320 758 quem

188 770 299 818 satis
321 769 500 831 laudat,
537 769 766 818 familiam
787 770 888 835 ejus
915 770 1189 833 salutando,
1223 781 1270 819 et
1299 771 1444 819 fidem
1478 772 1580 836 ejus
1610 772 1660 819 in
1685 787 1744 819 ea
1773 772 2182 821 commendando.
2212 776 2320 821 Am-

167 849 376 897 ·brosius
404 867 415 896 z
447 868 471 893 α
494 851 584 897 Iste
607 861 924 916 congregator
957 851 1236 915 intelligitur
1260 851 1402 900 fuisse
1426 853 1623 900 fratrum
1645 852 1695 900 in
1719 851 1926 899 Christo.
1949 869 1974 896 υ
2001 871 2024 897 «
2053 854 2320 916 Cognatum

188 945 366 978 meum.
384 930 594 979 Salutate
615 947 699 979 eos
724 932 809 995 qui
825 942 935 980 sunt
947 949 1023 981 ex,
1047 951 1071 976 n
1092 932 1400 980 Ambrosius:
1425 935 1619 991 «Quem
1637 942 1900 996 cognatum
1914 941 2099 980 tantum
2116 933 2322 998 appellat

186 1008 398 1059 ostendit
418 1009 651 1060 devotum
674 1012 725 1060 in
755 1012 965 1071 caritate,
992 1028 1092 1059 non
1129 1021 1291 1060 tamen
1326 1012 1617 1077 vigilantiam
1644 1014 1745 1077 ejus
1772 1012 2006 1077 designat.
2031 1032 2052 1056 n
2080 1034 2103 1058 α
2122 1014 2321 1061 Narcissi

185 1090 353 1151 domo,
370 1091 455 1156 qui
469 1100 582 1139 sunt
602 1092 652 1140 in
675 1094 904 1141 Domino.
923 1092 1129 1140 Salutate
1142 1092 1456 1158 Tryphaenam
1470 1103 1519 1141 et
1534 1093 1832 1159 'tryphosam
1853 1109 1976 1157 quae.
1998 1113 2021 1136 n
2038 1093 2285 1157 Origenes¹
2305 1111 2317 1140 :

190 1189 214 1215 «
231 1173 397 1235 Neque
409 1170 610 1220 dilectos
629 1189 787 1238 neque
802 1173 982 1239 probos
998 1190 1154 1238 neque
1177 1175 1421 1240 adjutores
1438 1174 1686 1235 nominat;
1702 1174 1787 1222 sed
1807 1174 1930 1222 forte
1950 1172 2019 1220 nil
2042 1174 2156 1221 utile
2177 1174 2323 1223 habe·

183 1250 303 1299 bant
317 1252 372 1300 'in
398 1252 578 1300 meritis
597 1271 611 1313 ;
636 1253 818 1303 idcirco
852 1271 935 1303 eos
974 1254 1078 1302 solo
1123 1254 1260 1302 titulo
1303 1255 1600 1303 salutationis
1641 1255 1917 1303 honoravit.
1961 1275 1983 1298 «
2017 1258 2084 1302 Ex
2118 1257 2320 1304 Narcissi

183 1330 351 1380 domo.
373 1351 398 1377 η
421 1333 660 1382 Videntur
678 1334 839 1400 plures
860 1335 1001 1383 fuisse
1023 1353 1082 1383 ex
1107 1336 1304 1383 Narcissi
1333 1336 1483 1384 domo
1518 1335 1594 1383 vel
1617 1336 1811 1397 familia,
1840 1336 1924 1383 sed
1946 1353 2045 1383 non
2074 1352 2244 1384 omnes
2267 1338 2315 1384 in

182 1410 332 1459 domo
353 1411 513 1461 fuisse.
536 1414 814 1463 Ambrosius
841 1432 853 1462 ε
884 1435 906 1459 c<
926 1415 1171 1463 Narcissus
1189 1416 1266 1463 hic
1299 1415 1382 1463 illo
1406 1426 1626 1481 tempore
1659 1416 1906 1481 presbyter
1938 1416 2116 1464 dicitur
2150 1416 2313 1478 fuisse,

181 1491 305 1540 sicut
331 1492 503 1557 legitur
537 1494 584 1542 in
620 1495 723 1543 aliis
745 1495 1024 1554 codicibus;
1050 1505 1097 1543 et
1120 1497 1234 1560 quia
1256 1513 1460 1562 praesens
1482 1513 1583 1544 non
1608 1506 1726 1554 erat,
1752 1497 1923 1544 salutat
1945 1506 2133 1544 sanctos
2156 1497 2240 1561 qui
2261 1514 2318 1545 ex

182 1572 287 1636 ejus.
306 1583 457 1621 erant.
486 1574 575 1622 Hic
591 1591 707 1639 ergo
730 1577 975 1624 Narcissus
999 1575 1251 1641 Presbyter
1283 1577 1522 1642 peregrini
1556 1577 1715 1624 officio
1754 1576 2058 1641 fungebatur,
2096 1577 2318 1624 exhorta-

182 1652 394 1701 tionibus
416 1653 615 1702 firmans
635 1656 902 1705 credentes.
926 1676 950 1702 «
972 1657 1209 1705 Laborant
1229 1659 1279 1704 in
1301 1658 1532 1705 Domino.
1559 1657 1767 1705 Salutate
1790 1657 1984 1704 Rufum.
2011 1677 2032 1699 »
2056 1657 2314 1720 Origenes:

181 1730 316 1779 Multi
337 1730 578 1794 laborant,
596 1733 680 1780 sed
698 1735 862 1782 nonin
876 1735 1105 1783 Domino.
1125 1735 1443 1783 »Ambrosius
1463 1753 1476 1781 t
1505 1755 1528 1780 <x
1542 1738 1638 1782 Has
1650 1751 1750 1782 uno
1765 1751 1850 1782 ore
1866 1734 2034 1798 dignas
2047 1733 2257 1782 declarat
2268 1734 2318 1781 in

180 1810 387 1859 Christo.
408 1811 646 1861 Laborant
662 1813 841 1862 scilicet
859 1815 1174 1864 ministrando
1188 1816 1380 1864 sanctis.
1403 1834 1427 1861 »
1453 1834 1477 1861 «
1495 1818 1613 1874 Quae
1626 1815 1848 1863 multum.
1871 1833 1896 1859 »
1919 1814 2177 1877 Origenes:
2200 1834 2223 1859 «
2237 1815 2319 1862 Vi-

180 1890 321 1940 detur
342 1891 422 1940 hic
444 1893 600 1956 magis·
612 1892 802 1943 laudari
822 1905 870 1943 et
891 1896 942 1943 in
961 1895 1296 1945 exhortatione
1309 1906 1357 1944 et
1379 1897 1428 1944 in
1451 1896 1716 1944 ministerio
1733 1905 2028 1959 sanctorum,
2053 1905 2101 1944 et
2119 1896 2168 1942 in
2191 1911 2321 1960 pres-

178 1988 306 2032 sura,
329 1982 376 2020 et
397 1973 447 2020 in
467 1983 672 2036 egestate
696 1985 901 2042 propter
913 1977 1171 2040 Christum,
1199 1979 1314 2043 quia
1335 1987 1383 2025 et
1404 1977 1581 2025 domus
1604 1993 1713 2025 suas
1735 1975 2038 2042 relinquebat
2060 1976 2247 2040 fugatis,
2273 1986 2319 2023 et

179 2052 445 2118 opprobrio
462 2063 564 2102 erat
580 2053 759 2102 infidis..
778 2075 801 2099 ›>
828 2076 851 2102 «
872 2056 1090 2105 Electum
1101 2058 1151 2106 in
1168 2058 1400 2117 Domino,
1415 2067 1464 2107 et
1476 2067 1697 2106 matrem.
1718 2078 1741 2101 n
1757 2060 1944 2121 Haymo
1963 2075 1974 2103 :
1997 2076 2020 2100 «
2040 2056 2095 2103 Id
2107 2066 2194 2117 est,
2210 2072 2319 2121 pro-

178 2143 365 2181 motum
383 2134 444 2182 ad
461 2135 783 2183 sacerdotium
807 2137 926 2201 ejus.
940 2157 965 2183 υ
996 2142 1088 2188 «Et
1109 2156 1283 2186 meam.
1308 2158 1332 2184 »
1350 2139 1427 2186 Sic
1450 2140 1581 2203 prius
1603 2138 1695 2201 legi
1719 2147 1921 2185 matrem
1937 2137 2038 2200 ejus
2054 2146 2100 2184 et
2115 2146 2317 2184 matrem

181 2230 357 2274 meam,
373 2224 425 2262 ut
447 2215 554 2262 duae
577 2216 689 2275 sint,
711 2216 789 2264 vel
810 2227 864 2264 ut
879 2217 1047 2266 eadem
1069 2219 1129 2266 sit
1152 2218 1278 2266 illius
1301 2218 1480 2266 scilicet
1504 2227 1656 2265 mater
1678 2216 1943 2264 secundum
1963 2233 2175 2274 carnem,
2193 2220 2317 2281 Apo·

178 2294 286 2341 stoli
304 2295 572 2343 secundum
590 2295 899 2360 beneficium,
923 2298 1058 2363 quod
1082 2298 1290 2347 fortassis
1308 2315 1422 2346 eum
1440 2298 1556 2346 olim
1582 2297 1696 2345 alibi
1723 2297 1784 2345 de
1819 2313 1905 2345 sua
1929 2295 2193 2344 substantia
2211 2306 2316 2344 tan-

176 2390 322 2440 quam
347 2385 499 2424 mater
517 2376 680 2437 aleret,
709 2378 785 2425 vel
809 2395 899 2444 pro
922 2380 1193 2428 reverentia
1226 2379 1486 2428 sanctitatis
1518 2395 1623 2427 eam
1659 2388 1862 2426 matrem
1896 2394 2035 2426 suam
2072 2377 2205 2436 dicit,
2240 2378 2315 2424 cui

175 2455 352 2503 scilicet
388 2456 618 2521 tanquam
661 2459 803 2507 matri
838 2459 999 2508 honor
1035 2461 1096 2508 sit
1138 2459 1446 2509 deferendus.
1494 2480 1517 2504 ιε
1550 2460 1852 2524 Asyncritum
1887 2468 1934 2506 et
1967 2457 2281 2522 Phlegontem
2299 2496 2311 2517 ,

176 2538 421 2597 Hermam,
447 2537 724 2600 Patrobam,
752 2549 798 2586 et
821 2540 906 2605 qui
930 2557 1044 2589 cum
1066 2541 1134 2589 eis
1155 2550 1268 2588 sunt
1293 2541 1475 2588 fratres.
1502 2541 1710 2588 Salutate
1728 2539 2033 2603 Philologum
2058 2547 2106 2585 et
2123 2538 2312 2595 Juliam‚

176 2618 384 2664 Nereum
407 2627 454 2665 et
476 2635 695 2667 sororem
718 2619 838 2683 ejus,
861 2630 907 2669 et
929 2621 1284 2686 Olympiadem,
1321 2631 1367 2668 et
1400 2638 1568 2668 omnes
1600 2621 1684 2685 qui
1719 2637 1831 2668 cum
1867 2620 1933 2667 eis
1971 2626 2083 2665 sunt
2105 2627 2310 2665 sanctos.

175 2694 401 2744 Salutate.
425 2715 448 2739 »
478 2697 753 2747 Ambrosius
780 2718 790 2746 ε
823 2720 845 2744 ε(
867 2704 965 2748 Hos
998 2702 1139 2751 simul
1162 2701 1350 2761 salutat,
1377 2702 1490 2765 quia
1512 2700 1692 2748 sciebat
1724 2716 1807 2747 eos
1826 2716 1929 2747 esse
1963 2697 2229 2746 concordes
2265 2697 2313 2743 in

176 2774 381 2834 Christo,
398 2794 422 2820 »
443 2777 493 2823 id
509 2787 593 2838 est,
617 2779 774 2827 unitos
794 2780 843 2826 in
869 2781 1077 2828 amicitia
1093 2781 1378 2841 Christiana,
1404 2791 1451 2828 et
1470 2780 1632 2827 fideles
1653 2780 1702 2827 in
1726 2779 1961 2827 amicitiis.
1990 2798 2013 2822 α
2029 2781 2272 2826 Hermam.
2287 2795 2313 2820 υ

177 2854 408 2918 Origenes
431 2873 441 2902 :
463 2873 488 2900 «
507 2859 629 2904 Puto
647 2858 780 2920 quod
798 2862 996 2908 Hermas
1011 2861 1097 2909 iste
1117 2860 1175 2907 sit
1201 2860 1407 2924 scriptor
1424 2859 1572 2907 libelli
1596 2859 1720 2906 illius
1741 2859 1825 2923 qui
1842 2862 2017 2905 Pastor
2027 2857 2310 2924 appellatur,

175 2950 279 2997 quae
298 2936 534 3001 scriptura
564 2936 683 2984 mihi
714 2938 851 2985 valde
880 2939 1009 2987 utilis
1035 2939 1239 3001 videtur,
1268 2949 1330 2998 et,
1366 2948 1418 2986 ut
1451 2948 1589 3004 puto,
1628 2938 1856 2986 divinitus
1887 2938 2130 3004 inspirata.
2169 2936 2314 2994 Quod

174 3030 289 3062 vero
309 3015 378 3062 nil
402 3016 558 3063 laudis
580 3018 781 3083 scripsit,
809 3019 905 3080 illa,
931 3019 1124 3084 opinor,
1152 3029 1222 3067 est
1244 3035 1404 3079 causa,
1433 3019 1546 3084 quia
1571 3018 1778 3079 videtur,
1815 3019 1936 3066 sicut
1967 3019 2201 3083 scriptura
2237 3016 2315 3064 illa

174 3093 401 3156 declarat,
425 3105 535 3160 post
558 3097 710 3146 multa
735 3107 932 3163 peccata
954 3098 1016 3147 ad
1040 3099 1370 3164 poenitentiam
1393 3099 1534 3147 fuisse
1563 3115 1840 3147 conversuS.
1869 3098 2151 3162 Intelligitur
2180 3096 2314 3162 quod

171 3174 315 3222 simul
347 3174 669 3225 habitaverint
712 3178 773 3226 hi·
807 3196 1017 3244 quorum
1052 3180 1273 3229 salutatio
1319 3181 1497 3229 sociata
1539 3190 1626 3228 est.
1650 3201 1672 3224 »
1708 3179 2039 3228 Ecclesiastica
2083 3180 2310 3236 Historia,

218 3365 224 3380 ¹
241 3361 281 3392 ln
295 3360 404 3403 Epist.
422 3362 469 3395 ad
485 3363 595 3405 Rom„
614 3373 646 3405 p.
665 3366 737 3398 683.
