<?xml version="1.0" encoding="UTF-8"?>
<!DOCTYPE html PUBLIC "-//W3C//DTD XHTML 1.0 Transitional//EN"
    "http://www.w3.org/TR/xhtml1/DTD/xhtml1-transitional.dtd">
<html xmlns="http://www.w3.org/1999/xhtml" xml:lang="en" lang="en">
 <head>
  <title>
</title>
<meta http-equiv="Content-Type" content="text/html;charset=utf-8" />
  <meta name='ocr-system' content='tesseract 3.04.00' />
  <meta name='ocr-capabilities' content='ocr_page ocr_carea ocr_par ocr_line ocrx_word'/>
</head>
<body>
  <div class='ocr_page' id='page_1' title='image "./operahactenusseo00abeluoft_0219.png"; bbox 0 0 2638 3866; ppageno 0'>
   <div class='ocr_carea' id='block_1_1' title="bbox 845 224 2360 277">
    <p class='ocr_par' dir='ltr' id='par_1_1' title="bbox 845 224 2360 277">
     <span class='ocr_line' id='line_1_1' title="bbox 845 224 2360 277; baseline -0.001 -2"><span class='ocrx_word' id='word_1_1' title='bbox 845 226 904 275; x_wconf 89' lang='lat' dir='ltr'><strong>IN</strong></span> <span class='ocrx_word' id='word_1_2' title='bbox 938 224 1270 276; x_wconf 80' lang='lat' dir='ltr'><strong>EPISTOLAM</strong></span> <span class='ocrx_word' id='word_1_3' title='bbox 1304 228 1385 277; x_wconf 76' lang='lat' dir='ltr'><strong>AD</strong></span> <span class='ocrx_word' id='word_1_4' title='bbox 1419 225 1725 276; x_wconf 86' lang='lat' dir='ltr'><strong>ROMANOS.</strong></span> <span class='ocrx_word' id='word_1_5' title='bbox 2264 227 2360 276; x_wconf 84' lang='lat'><strong>209</strong></span> 
     </span>
    </p>
   </div>
   <div class='ocr_carea' id='block_1_2' title="bbox 205 326 2374 3226">
    <p class='ocr_par' dir='ltr' id='par_1_2' title="bbox 205 326 2373 2177">
     <span class='ocr_line' id='line_1_2' title="bbox 206 326 2360 394; baseline -0.002 -14"><span class='ocrx_word' id='word_1_6' title='bbox 206 332 275 380; x_wconf 90' lang='lat' dir='ltr'><strong>sic</strong></span> <span class='ocrx_word' id='word_1_7' title='bbox 314 331 441 379; x_wconf 91' lang='lat' dir='ltr'><strong>mori</strong></span> <span class='ocrx_word' id='word_1_8' title='bbox 472 338 521 379; x_wconf 87' lang='lat' dir='ltr'><strong>et</strong></span> <span class='ocrx_word' id='word_1_9' title='bbox 551 328 771 377; x_wconf 88' lang='lat' dir='ltr'><strong>damnari</strong></span> <span class='ocrx_word' id='word_1_10' title='bbox 805 337 1011 375; x_wconf 90' lang='lat' dir='ltr'><strong>tantum.</strong></span> <span class='ocrx_word' id='word_1_11' title='bbox 1043 329 1206 376; x_wconf 89' lang='lat' dir='ltr'><strong>Posset</strong></span> <span class='ocrx_word' id='word_1_12' title='bbox 1234 338 1282 377; x_wconf 91' lang='lat' dir='ltr'><strong>et</strong></span> <span class='ocrx_word' id='word_1_13' title='bbox 1314 329 1439 377; x_wconf 91' lang='lat' dir='ltr'><strong>mori</strong></span> <span class='ocrx_word' id='word_1_14' title='bbox 1470 327 1737 394; x_wconf 88' lang='lat' dir='ltr'><strong>baptizatus</strong></span> <span class='ocrx_word' id='word_1_15' title='bbox 1765 326 1814 374; x_wconf 91' lang='lat' dir='ltr'><strong>in</strong></span> <span class='ocrx_word' id='word_1_16' title='bbox 1851 343 1911 375; x_wconf 93' lang='lat' dir='ltr'><strong>eo</strong></span> <span class='ocrx_word' id='word_1_17' title='bbox 1943 335 2163 393; x_wconf 90' lang='lat' dir='ltr'><strong>tempore</strong></span> <span class='ocrx_word' id='word_1_18' title='bbox 2186 327 2235 375; x_wconf 88' lang='lat' dir='ltr'><strong>in</strong></span> <span class='ocrx_word' id='word_1_19' title='bbox 2262 346 2360 393; x_wconf 91' lang='lat' dir='ltr'><strong>quo</strong></span> 
     </span>
     <span class='ocr_line' id='line_1_3' title="bbox 206 407 2361 477; baseline -0.001 -16"><span class='ocrx_word' id='word_1_20' title='bbox 206 412 430 461; x_wconf 87' lang='lat' dir='ltr'><strong>nondum</strong></span> <span class='ocrx_word' id='word_1_21' title='bbox 464 421 536 460; x_wconf 90' lang='lat' dir='ltr'><strong>est</strong></span> <span class='ocrx_word' id='word_1_22' title='bbox 571 410 873 477; x_wconf 89' lang='lat' dir='ltr'><strong>baptizatus,</strong></span> <span class='ocrx_word' id='word_1_23' title='bbox 914 418 963 457; x_wconf 90' lang='lat' dir='ltr'><strong>et</strong></span> <span class='ocrx_word' id='word_1_24' title='bbox 993 408 1061 456; x_wconf 90' lang='lat' dir='ltr'><strong>sic</strong></span> <span class='ocrx_word' id='word_1_25' title='bbox 1092 407 1284 458; x_wconf 78' lang='lat' dir='ltr'><strong>salvari.</strong></span> <span class='ocrx_word' id='word_1_26' title='bbox 1324 409 1467 469; x_wconf 86' lang='lat' dir='ltr'><strong>Quod</strong></span> <span class='ocrx_word' id='word_1_27' title='bbox 1501 409 1541 457; x_wconf 90' lang='lat' dir='ltr'><strong>si</strong></span> <span class='ocrx_word' id='word_1_28' title='bbox 1576 408 1707 456; x_wconf 91' lang='lat' dir='ltr'><strong>dicas</strong></span> <span class='ocrx_word' id='word_1_29' title='bbox 1741 408 2039 472; x_wconf 89' lang='lat' dir='ltr'><strong>conjunctim</strong></span> <span class='ocrx_word' id='word_1_30' title='bbox 2072 425 2185 456; x_wconf 91' lang='lat' dir='ltr'><strong>eum</strong></span> <span class='ocrx_word' id='word_1_31' title='bbox 2220 426 2361 475; x_wconf 92' lang='lat' dir='ltr'><strong>posse</strong></span> 
     </span>
     <span class='ocr_line' id='line_1_4' title="bbox 205 489 2361 557; baseline -0.002 -15"><span class='ocrx_word' id='word_1_32' title='bbox 205 492 349 542; x_wconf 86' lang='lat' dir='ltr'><strong>simul</strong></span> <span class='ocrx_word' id='word_1_33' title='bbox 383 502 430 542; x_wconf 91' lang='lat' dir='ltr'><strong>et</strong></span> <span class='ocrx_word' id='word_1_34' title='bbox 464 491 726 539; x_wconf 84' lang='lat' dir='ltr'><strong>habentem</strong></span> <span class='ocrx_word' id='word_1_35' title='bbox 762 490 1009 539; x_wconf 88' lang='lat' dir='ltr'><strong>caritatem</strong></span> <span class='ocrx_word' id='word_1_36' title='bbox 1042 498 1090 537; x_wconf 93' lang='lat' dir='ltr'><strong>et</strong></span> <span class='ocrx_word' id='word_1_37' title='bbox 1122 505 1223 538; x_wconf 91' lang='lat' dir='ltr'><strong>non</strong></span> <span class='ocrx_word' id='word_1_38' title='bbox 1248 489 1574 557; x_wconf 90' lang='lat' dir='ltr'><strong>baptizatum,</strong></span> <span class='ocrx_word' id='word_1_39' title='bbox 1606 504 1708 536; x_wconf 91' lang='lat' dir='ltr'><strong>non</strong></span> <span class='ocrx_word' id='word_1_40' title='bbox 1734 489 1914 554; x_wconf 86' lang='lat' dir='ltr'>recipio</span> <span class='ocrx_word' id='word_1_41' title='bbox 1954 489 2104 554; x_wconf 88' lang='lat' dir='ltr'><strong>magis</strong></span> <span class='ocrx_word' id='word_1_42' title='bbox 2141 506 2287 554; x_wconf 89' lang='lat' dir='ltr'><strong>quam</strong></span> <span class='ocrx_word' id='word_1_43' title='bbox 2323 492 2361 538; x_wconf 90' lang='lat' dir='ltr'><strong>si</strong></span> 
     </span>
     <span class='ocr_line' id='line_1_5' title="bbox 207 568 2361 638; baseline -0.001 -17"><span class='ocrx_word' id='word_1_44' title='bbox 207 573 391 621; x_wconf 85' lang='lat' dir='ltr'><strong>diceres</strong></span> <span class='ocrx_word' id='word_1_45' title='bbox 420 572 632 637; x_wconf 88' lang='lat' dir='ltr'><strong>aliquem</strong></span> <span class='ocrx_word' id='word_1_46' title='bbox 658 587 800 638; x_wconf 86' lang='lat' dir='ltr'><strong>posse</strong></span> <span class='ocrx_word' id='word_1_47' title='bbox 825 570 950 618; x_wconf 90' lang='lat' dir='ltr'><strong>mori</strong></span> <span class='ocrx_word' id='word_1_48' title='bbox 979 568 1358 619; x_wconf 88' lang='lat' dir='ltr'><strong>adulterantem¹</strong></span> <span class='ocrx_word' id='word_1_49' title='bbox 1381 581 1430 620; x_wconf 93' lang='lat' dir='ltr'><strong>et</strong></span> <span class='ocrx_word' id='word_1_50' title='bbox 1457 569 1866 637; x_wconf 77' lang='lat' dir='ltr'><strong>praedestinatum.</strong></span> <span class='ocrx_word' id='word_1_51' title='bbox 1898 570 1975 617; x_wconf 91' lang='lat' dir='ltr'><strong>Sic</strong></span> <span class='ocrx_word' id='word_1_52' title='bbox 1998 586 2115 618; x_wconf 88' lang='lat' dir='ltr'><strong>vero</strong></span> <span class='ocrx_word' id='word_1_53' title='bbox 2142 587 2254 618; x_wconf 89' lang='lat' dir='ltr'><strong>eum</strong></span> <span class='ocrx_word' id='word_1_54' title='bbox 2277 572 2361 636; x_wconf 92' lang='lat' dir='ltr'><strong>qui</strong></span> 
     </span>
     <span class='ocr_line' id='line_1_6' title="bbox 207 650 2357 720; baseline -0.001 -18"><span class='ocrx_word' id='word_1_55' title='bbox 207 653 571 720; x_wconf 64' lang='lat' dir='ltr'><strong>praedestinatus</strong></span> <span class='ocrx_word' id='word_1_56' title='bbox 595 661 666 700; x_wconf 91' lang='lat' dir='ltr'><strong>est</strong></span> <span class='ocrx_word' id='word_1_57' title='bbox 686 651 814 700; x_wconf 91' lang='lat' dir='ltr'><strong>bene</strong></span> <span class='ocrx_word' id='word_1_58' title='bbox 832 667 972 716; x_wconf 86' lang='lat' dir='ltr'><strong>agere</strong></span> <span class='ocrx_word' id='word_1_59' title='bbox 995 660 1205 716; x_wconf 86' lang='lat' dir='ltr'><strong>oportet,</strong></span> <span class='ocrx_word' id='word_1_60' title='bbox 1229 660 1282 698; x_wconf 94' lang='lat' dir='ltr'><strong>ut</strong></span> <span class='ocrx_word' id='word_1_61' title='bbox 1306 651 1514 700; x_wconf 89' lang='lat' dir='ltr'><strong>salvetur</strong></span> <span class='ocrx_word' id='word_1_62' title='bbox 1538 668 1549 698; x_wconf 75' lang='grc' dir='ltr'>ε</span> <span class='ocrx_word' id='word_1_63' title='bbox 1574 650 1696 698; x_wconf 89' lang='lat' dir='ltr'><strong>sicut</strong></span> <span class='ocrx_word' id='word_1_64' title='bbox 1721 666 1852 711; x_wconf 91' lang='lat' dir='ltr'><strong>eum,</strong></span> <span class='ocrx_word' id='word_1_65' title='bbox 1870 650 1953 713; x_wconf 91' lang='lat' dir='ltr'><strong>qui</strong></span> <span class='ocrx_word' id='word_1_66' title='bbox 1972 650 2072 714; x_wconf 89' lang='lat' dir='ltr'><strong>jam</strong></span> <span class='ocrx_word' id='word_1_67' title='bbox 2091 650 2247 715; x_wconf 85' lang='lat' dir='ltr'><strong>justus</strong></span> <span class='ocrx_word' id='word_1_68' title='bbox 2270 661 2357 712; x_wconf 91' lang='lat' dir='ltr'><strong>est,</strong></span> 
     </span>
     <span class='ocr_line' id='line_1_7' title="bbox 207 731 2359 798; baseline -0 -17"><span class='ocrx_word' id='word_1_69' title='bbox 207 733 452 782; x_wconf 90' lang='lat' dir='ltr'><strong>credendo</strong></span> <span class='ocrx_word' id='word_1_70' title='bbox 470 743 517 782; x_wconf 92' lang='lat' dir='ltr'><strong>et</strong></span> <span class='ocrx_word' id='word_1_71' title='bbox 539 732 805 797; x_wconf 89' lang='lat' dir='ltr'><strong>diligendo,</strong></span> <span class='ocrx_word' id='word_1_72' title='bbox 830 731 1066 798; x_wconf 89' lang='lat' dir='ltr'><strong>baptizari</strong></span> <span class='ocrx_word' id='word_1_73' title='bbox 1088 741 1290 797; x_wconf 88' lang='lat' dir='ltr'><strong>propter</strong></span> <span class='ocrx_word' id='word_1_74' title='bbox 1314 731 1459 780; x_wconf 86' lang='lat' dir='ltr'><strong>fixam</strong></span> <span class='ocrx_word' id='word_1_75' title='bbox 1484 731 1684 780; x_wconf 82' lang='lat' dir='ltr'>Domini</span> <span class='ocrx_word' id='word_1_76' title='bbox 1706 731 1991 778; x_wconf 88' lang='lat' dir='ltr'><strong>sententiam</strong></span> <span class='ocrx_word' id='word_1_77' title='bbox 2014 731 2076 778; x_wconf 88' lang='lat' dir='ltr'><strong>de</strong></span> <span class='ocrx_word' id='word_1_78' title='bbox 2098 731 2359 798; x_wconf 89' lang='lat' dir='ltr'><strong>baptismo,</strong></span> 
     </span>
     <span class='ocr_line' id='line_1_8' title="bbox 207 812 2362 881; baseline 0.001 -20"><span class='ocrx_word' id='word_1_79' title='bbox 207 814 283 863; x_wconf 90' lang='lat' dir='ltr'><strong>vel</strong></span> <span class='ocrx_word' id='word_1_80' title='bbox 308 825 506 881; x_wconf 88' lang='lat' dir='ltr'><strong>propter</strong></span> <span class='ocrx_word' id='word_1_81' title='bbox 530 816 684 881; x_wconf 86' lang='lat' dir='ltr'>ipsam</span> <span class='ocrx_word' id='word_1_82' title='bbox 706 813 898 879; x_wconf 83' lang='lat' dir='ltr'><strong>justitiae</strong></span> <span class='ocrx_word' id='word_1_83' title='bbox 923 813 1346 880; x_wconf 86' lang='lat' dir='ltr'><strong>perseverantiam.</strong></span> <span class='ocrx_word' id='word_1_84' title='bbox 1377 815 1426 861; x_wconf 91' lang='lat' dir='ltr'><strong>Si</strong></span> <span class='ocrx_word' id='word_1_85' title='bbox 1454 814 1586 862; x_wconf 91' lang='lat' dir='ltr'><strong>enim</strong></span> <span class='ocrx_word' id='word_1_86' title='bbox 1618 814 1658 861; x_wconf 92' lang='lat' dir='ltr'><strong>is</strong></span> <span class='ocrx_word' id='word_1_87' title='bbox 1682 812 1768 878; x_wconf 93' lang='lat' dir='ltr'><strong>qui</strong></span> <span class='ocrx_word' id='word_1_88' title='bbox 1797 812 2067 874; x_wconf 89' lang='lat' dir='ltr'><strong>caritatem,</strong></span> <span class='ocrx_word' id='word_1_89' title='bbox 2102 822 2362 879; x_wconf 88' lang='lat' dir='ltr'><strong>antequam</strong></span> 
     </span>
     <span class='ocr_line' id='line_1_9' title="bbox 207 886 2363 962; baseline 0 -20"><span class='ocrx_word' id='word_1_90' title='bbox 207 895 455 961; x_wconf 89' lang='lat' dir='ltr'><strong>baptizari,</strong></span> <span class='ocrx_word' id='word_1_91' title='bbox 478 886 947 962; x_wconf 52' lang='lat' dir='ltr'><strong>habetjpriusquam</strong></span> <span class='ocrx_word' id='word_1_92' title='bbox 970 892 1241 959; x_wconf 87' lang='lat' dir='ltr'><strong>baptizetur</strong></span> <span class='ocrx_word' id='word_1_93' title='bbox 1259 895 1406 943; x_wconf 89' lang='lat' dir='ltr'><strong>vitam</strong></span> <span class='ocrx_word' id='word_1_94' title='bbox 1432 894 1609 956; x_wconf 84' lang='lat' dir='ltr'><strong>finiret,</strong></span> <span class='ocrx_word' id='word_1_95' title='bbox 1636 909 1945 958; x_wconf 90' lang='lat' dir='ltr'><strong>nequaquam</strong></span> <span class='ocrx_word' id='word_1_96' title='bbox 1971 893 2020 940; x_wconf 92' lang='lat' dir='ltr'><strong>in</strong></span> <span class='ocrx_word' id='word_1_97' title='bbox 2045 893 2147 959; x_wconf 90' lang='lat' dir='ltr'><strong>ipsa</strong></span> <span class='ocrx_word' id='word_1_98' title='bbox 2169 895 2363 943; x_wconf 90' lang='lat' dir='ltr'><strong>caritate</strong></span> 
     </span>
     <span class='ocr_line' id='line_1_10' title="bbox 207 975 2363 1042; baseline 0 -18"><span class='ocrx_word' id='word_1_99' title='bbox 207 987 561 1042; x_wconf 83' lang='lat' dir='ltr'><strong>perseveraret,</strong></span> <span class='ocrx_word' id='word_1_100' title='bbox 588 987 642 1024; x_wconf 92' lang='lat' dir='ltr'><strong>ut</strong></span> <span class='ocrx_word' id='word_1_101' title='bbox 663 976 724 1024; x_wconf 92' lang='lat' dir='ltr'><strong>de</strong></span> <span class='ocrx_word' id='word_1_102' title='bbox 755 986 931 1024; x_wconf 86' lang='lat' dir='ltr'><strong>aeterna</strong></span> <span class='ocrx_word' id='word_1_103' title='bbox 958 975 1259 1023; x_wconf 90' lang='lat' dir='ltr'><strong>beatitudine</strong></span> <span class='ocrx_word' id='word_1_104' title='bbox 1287 976 1480 1041; x_wconf 89' lang='lat' dir='ltr'><strong>penitus</strong></span> <span class='ocrx_word' id='word_1_105' title='bbox 1512 975 1808 1042; x_wconf 86' lang='lat' dir='ltr'><strong>desperaret,</strong></span> <span class='ocrx_word' id='word_1_106' title='bbox 1833 984 1882 1022; x_wconf 91' lang='lat' dir='ltr'><strong>et</strong></span> <span class='ocrx_word' id='word_1_107' title='bbox 1914 991 1964 1022; x_wconf 89' lang='lat' dir='ltr'><strong>se</strong></span> <span class='ocrx_word' id='word_1_108' title='bbox 1994 975 2154 1022; x_wconf 91' lang='lat' dir='ltr'><strong>statim</strong></span> <span class='ocrx_word' id='word_1_109' title='bbox 2177 976 2227 1023; x_wconf 91' lang='lat' dir='ltr'><strong>in</strong></span> <span class='ocrx_word' id='word_1_110' title='bbox 2258 976 2363 1042; x_wconf 92' lang='lat' dir='ltr'><strong>ipso</strong></span> 
     </span>
     <span class='ocr_line' id='line_1_11' title="bbox 208 1055 2364 1124; baseline 0 -19"><span class='ocrx_word' id='word_1_111' title='bbox 208 1058 335 1106; x_wconf 85' lang='lat' dir='ltr'><strong>exitu</strong></span> <span class='ocrx_word' id='word_1_112' title='bbox 371 1075 473 1106; x_wconf 89' lang='lat' dir='ltr'><strong>esse</strong></span> <span class='ocrx_word' id='word_1_113' title='bbox 509 1059 561 1106; x_wconf 92' lang='lat' dir='ltr'><strong>in</strong></span> <span class='ocrx_word' id='word_1_114' title='bbox 596 1067 833 1124; x_wconf 84' lang='lat' dir='ltr'><strong>perpetuo</strong></span> <span class='ocrx_word' id='word_1_115' title='bbox 859 1056 1194 1105; x_wconf 89' lang='lat' dir='ltr'><strong>damnandum</strong></span> <span class='ocrx_word' id='word_1_116' title='bbox 1221 1058 1536 1123; x_wconf 89' lang='lat' dir='ltr'><strong>praesentiret.</strong></span> <span class='ocrx_word' id='word_1_117' title='bbox 1572 1057 1706 1104; x_wconf 89' lang='lat' dir='ltr'><strong>Sicut</strong></span> <span class='ocrx_word' id='word_1_118' title='bbox 1736 1065 1898 1104; x_wconf 90' lang='lat' dir='ltr'><strong>autem</strong></span> <span class='ocrx_word' id='word_1_119' title='bbox 1932 1065 2042 1103; x_wconf 87' lang='lat' dir='ltr'><strong>ante</strong></span> <span class='ocrx_word' id='word_1_120' title='bbox 2069 1055 2364 1122; x_wconf 88' lang='lat' dir='ltr'><strong>baptismum</strong></span> 
     </span>
     <span class='ocr_line' id='line_1_12' title="bbox 208 1136 2365 1204; baseline 0 -18"><span class='ocrx_word' id='word_1_121' title='bbox 208 1137 420 1204; x_wconf 86' lang='lat' dir='ltr'><strong>aliquem</strong></span> <span class='ocrx_word' id='word_1_122' title='bbox 444 1155 502 1186; x_wconf 86' lang='lat' dir='ltr'><strong>ex</strong></span> <span class='ocrx_word' id='word_1_123' title='bbox 530 1138 645 1197; x_wconf 88' lang='lat' dir='ltr'><strong>fide,</strong></span> <span class='ocrx_word' id='word_1_124' title='bbox 672 1137 722 1185; x_wconf 95' lang='lat' dir='ltr'><strong>id</strong></span> <span class='ocrx_word' id='word_1_125' title='bbox 754 1148 825 1186; x_wconf 90' lang='lat' dir='ltr'><strong>est</strong></span> <span class='ocrx_word' id='word_1_126' title='bbox 851 1138 1088 1185; x_wconf 85' lang='lat' dir='ltr'><strong>electione</strong></span> <span class='ocrx_word' id='word_1_127' title='bbox 1107 1137 1296 1202; x_wconf 86' lang='lat' dir='ltr'><strong>justum</strong></span> <span class='ocrx_word' id='word_1_128' title='bbox 1322 1138 1423 1203; x_wconf 91' lang='lat' dir='ltr'><strong>jam</strong></span> <span class='ocrx_word' id='word_1_129' title='bbox 1459 1137 1682 1199; x_wconf 89' lang='lat' dir='ltr'><strong>dicimus,</strong></span> <span class='ocrx_word' id='word_1_130' title='bbox 1708 1137 1787 1185; x_wconf 90' lang='lat' dir='ltr'><strong>cui</strong></span> <span class='ocrx_word' id='word_1_131' title='bbox 1818 1146 1979 1185; x_wconf 90' lang='lat' dir='ltr'><strong>tamen</strong></span> <span class='ocrx_word' id='word_1_132' title='bbox 2005 1136 2054 1183; x_wconf 94' lang='lat' dir='ltr'><strong>in</strong></span> <span class='ocrx_word' id='word_1_133' title='bbox 2078 1136 2365 1203; x_wconf 87' lang='lat' dir='ltr'><strong>baptismate</strong></span> 
     </span>
     <span class='ocr_line' id='line_1_13' title="bbox 209 1217 2365 1285; baseline 0 -18"><span class='ocrx_word' id='word_1_134' title='bbox 209 1218 431 1267; x_wconf 88' lang='lat' dir='ltr'><strong>nondum</strong></span> <span class='ocrx_word' id='word_1_135' title='bbox 456 1229 568 1267; x_wconf 91' lang='lat' dir='ltr'><strong>sunt</strong></span> <span class='ocrx_word' id='word_1_136' title='bbox 598 1228 796 1285; x_wconf 91' lang='lat' dir='ltr'><strong>peccata</strong></span> <span class='ocrx_word' id='word_1_137' title='bbox 815 1218 1035 1280; x_wconf 84' lang='lat' dir='ltr'><strong>dimissa,</strong></span> <span class='ocrx_word' id='word_1_138' title='bbox 1072 1218 1123 1266; x_wconf 91' lang='lat' dir='ltr'><strong>id</strong></span> <span class='ocrx_word' id='word_1_139' title='bbox 1145 1229 1233 1280; x_wconf 90' lang='lat' dir='ltr'><strong>est,</strong></span> <span class='ocrx_word' id='word_1_140' title='bbox 1266 1236 1411 1285; x_wconf 87' lang='lat' dir='ltr'><strong>poena</strong></span> <span class='ocrx_word' id='word_1_141' title='bbox 1436 1236 1610 1267; x_wconf 90' lang='lat' dir='ltr'><strong>eorum</strong></span> <span class='ocrx_word' id='word_1_142' title='bbox 1641 1217 1834 1284; x_wconf 90' lang='lat' dir='ltr'><strong>penitus</strong></span> <span class='ocrx_word' id='word_1_143' title='bbox 1866 1217 2144 1265; x_wconf 87' lang='lat' dir='ltr'><strong>condonata</strong></span> <span class='ocrx_word' id='word_1_144' title='bbox 2178 1236 2188 1265; x_wconf 90' lang='lat'>:</span> <span class='ocrx_word' id='word_1_145' title='bbox 2217 1219 2285 1266; x_wconf 91' lang='lat' dir='ltr'><strong>sic</strong></span> <span class='ocrx_word' id='word_1_146' title='bbox 2319 1229 2365 1267; x_wconf 88' lang='lat' dir='ltr'><strong>et</strong></span> 
     </span>
     <span class='ocr_line' id='line_1_14' title="bbox 208 1299 2365 1366; baseline 0 -18"><span class='ocrx_word' id='word_1_147' title='bbox 208 1309 319 1366; x_wconf 90' lang='lat' dir='ltr'><strong>post</strong></span> <span class='ocrx_word' id='word_1_148' title='bbox 346 1299 642 1366; x_wconf 90' lang='lat' dir='ltr'><strong>baptismum</strong></span> <span class='ocrx_word' id='word_1_149' title='bbox 667 1300 895 1366; x_wconf 87' lang='lat' dir='ltr'><strong>parvulos</strong></span> <span class='ocrx_word' id='word_1_150' title='bbox 919 1310 967 1348; x_wconf 92' lang='lat' dir='ltr'><strong>et</strong></span> <span class='ocrx_word' id='word_1_151' title='bbox 989 1300 1075 1365; x_wconf 91' lang='lat' dir='ltr'><strong>qui</strong></span> <span class='ocrx_word' id='word_1_152' title='bbox 1095 1300 1275 1348; x_wconf 91' lang='lat' dir='ltr'><strong>nullius</strong></span> <span class='ocrx_word' id='word_1_153' title='bbox 1301 1300 1604 1349; x_wconf 89' lang='lat' dir='ltr'><strong>discretionis</strong></span> <span class='ocrx_word' id='word_1_154' title='bbox 1627 1310 1762 1360; x_wconf 90' lang='lat' dir='ltr'><strong>sunt,</strong></span> <span class='ocrx_word' id='word_1_155' title='bbox 1789 1300 2010 1364; x_wconf 90' lang='lat' dir='ltr'><strong>quamvis</strong></span> <span class='ocrx_word' id='word_1_156' title='bbox 2033 1300 2365 1349; x_wconf 87' lang='lat' dir='ltr'><strong>remissionem</strong></span> 
     </span>
     <span class='ocr_line' id='line_1_15' title="bbox 209 1380 2367 1447; baseline 0 -18"><span class='ocrx_word' id='word_1_157' title='bbox 209 1382 515 1447; x_wconf 88' lang='lat' dir='ltr'><strong>perceperint</strong></span> <span class='ocrx_word' id='word_1_158' title='bbox 547 1391 876 1446; x_wconf 86' lang='lat' dir='ltr'><strong>peccatorum,</strong></span> <span class='ocrx_word' id='word_1_159' title='bbox 914 1380 1140 1429; x_wconf 89' lang='lat' dir='ltr'><strong>nondum</strong></span> <span class='ocrx_word' id='word_1_160' title='bbox 1171 1391 1330 1429; x_wconf 90' lang='lat' dir='ltr'><strong>tamen</strong></span> <span class='ocrx_word' id='word_1_161' title='bbox 1362 1382 1518 1446; x_wconf 85' lang='lat' dir='ltr'><strong>justos</strong></span> <span class='ocrx_word' id='word_1_162' title='bbox 1549 1381 1776 1442; x_wconf 80' lang='lat' dir='ltr'><strong>dicimuS,</strong></span> <span class='ocrx_word' id='word_1_163' title='bbox 1813 1381 2032 1445; x_wconf 86' lang='lat' dir='ltr'><strong>quamvis</strong></span> <span class='ocrx_word' id='word_1_164' title='bbox 2069 1380 2237 1428; x_wconf 91' lang='lat' dir='ltr'><strong>mundi</strong></span> <span class='ocrx_word' id='word_1_165' title='bbox 2272 1381 2367 1430; x_wconf 86' lang='lat' dir='ltr'><strong>sint</strong></span> 
     </span>
     <span class='ocr_line' id='line_1_16' title="bbox 209 1461 2367 1528; baseline 0 -18"><span class='ocrx_word' id='word_1_166' title='bbox 209 1461 342 1527; x_wconf 85' lang='lat' dir='ltr'><strong>apud</strong></span> <span class='ocrx_word' id='word_1_167' title='bbox 376 1464 549 1522; x_wconf 89' lang='lat' dir='ltr'><strong>Deum,</strong></span> <span class='ocrx_word' id='word_1_168' title='bbox 585 1463 667 1527; x_wconf 91' lang='lat' dir='ltr'><strong>qui</strong></span> <span class='ocrx_word' id='word_1_169' title='bbox 702 1463 925 1510; x_wconf 88' lang='lat' dir='ltr'><strong>nondum</strong></span> <span class='ocrx_word' id='word_1_170' title='bbox 957 1471 1040 1510; x_wconf 92' lang='lat' dir='ltr'><strong>aut</strong></span> <span class='ocrx_word' id='word_1_171' title='bbox 1074 1462 1284 1510; x_wconf 90' lang='lat' dir='ltr'><strong>caritatis</strong></span> <span class='ocrx_word' id='word_1_172' title='bbox 1311 1473 1393 1510; x_wconf 91' lang='lat' dir='ltr'><strong>aut</strong></span> <span class='ocrx_word' id='word_1_173' title='bbox 1418 1463 1611 1527; x_wconf 83' lang='lat' dir='ltr'><strong>justitiae</strong></span> <span class='ocrx_word' id='word_1_174' title='bbox 1643 1477 1842 1528; x_wconf 89' lang='lat' dir='ltr'><strong>capaces</strong></span> <span class='ocrx_word' id='word_1_175' title='bbox 1877 1478 1979 1509; x_wconf 89' lang='lat' dir='ltr'><strong>esse</strong></span> <span class='ocrx_word' id='word_1_176' title='bbox 2011 1471 2241 1527; x_wconf 89' lang='lat' dir='ltr'><strong>possunt,</strong></span> <span class='ocrx_word' id='word_1_177' title='bbox 2277 1479 2367 1510; x_wconf 88' lang='lat' dir='ltr'><strong>nec</strong></span> 
     </span>
     <span class='ocr_line' id='line_1_17' title="bbox 210 1542 2368 1608; baseline 0 -18"><span class='ocrx_word' id='word_1_178' title='bbox 210 1542 370 1608; x_wconf 91' lang='lat' dir='ltr'><strong>aliqua</strong></span> <span class='ocrx_word' id='word_1_179' title='bbox 406 1544 578 1592; x_wconf 92' lang='lat' dir='ltr'><strong>merita</strong></span> <span class='ocrx_word' id='word_1_180' title='bbox 608 1543 808 1591; x_wconf 89' lang='lat' dir='ltr'><strong>habere.</strong></span> <span class='ocrx_word' id='word_1_181' title='bbox 838 1544 935 1602; x_wconf 84' lang='lat' dir='ltr'><strong>Qui</strong></span> <span class='ocrx_word' id='word_1_182' title='bbox 966 1553 1124 1591; x_wconf 91' lang='lat' dir='ltr'><strong>tamen</strong></span> <span class='ocrx_word' id='word_1_183' title='bbox 1153 1545 1193 1592; x_wconf 92' lang='lat' dir='ltr'><strong>si</strong></span> <span class='ocrx_word' id='word_1_184' title='bbox 1220 1544 1271 1592; x_wconf 82' lang='lat' dir='ltr'><strong>in</strong></span> <span class='ocrx_word' id='word_1_185' title='bbox 1300 1544 1393 1592; x_wconf 89' lang='lat' dir='ltr'><strong>hac</strong></span> <span class='ocrx_word' id='word_1_186' title='bbox 1420 1543 1747 1592; x_wconf 89' lang='lat' dir='ltr'><strong>imbecillitate</strong></span> <span class='ocrx_word' id='word_1_187' title='bbox 1775 1543 2064 1604; x_wconf 88' lang='lat' dir='ltr'><strong>moriantur,</strong></span> <span class='ocrx_word' id='word_1_188' title='bbox 2097 1559 2209 1590; x_wconf 90' lang='lat' dir='ltr'><strong>cum</strong></span> <span class='ocrx_word' id='word_1_189' title='bbox 2239 1543 2368 1592; x_wconf 88' lang='lat' dir='ltr'><strong>inci-</strong></span> 
     </span>
     <span class='ocr_line' id='line_1_18' title="bbox 210 1623 2369 1691; baseline 0.001 -20"><span class='ocrx_word' id='word_1_190' title='bbox 210 1624 351 1688; x_wconf 91' lang='lat' dir='ltr'><strong>piunt</strong></span> <span class='ocrx_word' id='word_1_191' title='bbox 382 1623 443 1671; x_wconf 92' lang='lat' dir='ltr'><strong>de</strong></span> <span class='ocrx_word' id='word_1_192' title='bbox 471 1641 679 1690; x_wconf 89' lang='lat' dir='ltr'><strong>corpore</strong></span> <span class='ocrx_word' id='word_1_193' title='bbox 712 1625 867 1685; x_wconf 84' lang='lat' dir='ltr'><strong>exire,</strong></span> <span class='ocrx_word' id='word_1_194' title='bbox 905 1634 953 1672; x_wconf 91' lang='lat' dir='ltr'><strong>et</strong></span> <span class='ocrx_word' id='word_1_195' title='bbox 982 1624 1147 1672; x_wconf 84' lang='lat' dir='ltr'><strong>vident</strong></span> <span class='ocrx_word' id='word_1_196' title='bbox 1175 1624 1267 1673; x_wconf 91' lang='lat' dir='ltr'><strong>sibi</strong></span> <span class='ocrx_word' id='word_1_197' title='bbox 1298 1642 1386 1691; x_wconf 92' lang='lat' dir='ltr'><strong>per</strong></span> <span class='ocrx_word' id='word_1_198' title='bbox 1417 1623 1800 1672; x_wconf 90' lang='lat' dir='ltr'><strong>misericordiam</strong></span> <span class='ocrx_word' id='word_1_199' title='bbox 1830 1624 1919 1671; x_wconf 92' lang='lat' dir='ltr'><strong>Dei</strong></span> <span class='ocrx_word' id='word_1_200' title='bbox 1952 1623 2152 1687; x_wconf 87' lang='lat' dir='ltr'><strong>gloriam</strong></span> <span class='ocrx_word' id='word_1_201' title='bbox 2185 1640 2369 1690; x_wconf 86' lang='lat' dir='ltr'><strong>praepa·</strong></span> 
     </span>
     <span class='ocr_line' id='line_1_19' title="bbox 210 1704 2370 1769; baseline 0.001 -18"><span class='ocrx_word' id='word_1_202' title='bbox 210 1714 381 1765; x_wconf 88' lang='lat' dir='ltr'><strong>ratam,</strong></span> <span class='ocrx_word' id='word_1_203' title='bbox 408 1704 547 1752; x_wconf 86' lang='lat' dir='ltr'><strong>simul</strong></span> <span class='ocrx_word' id='word_1_204' title='bbox 573 1721 686 1752; x_wconf 89' lang='lat' dir='ltr'><strong>cum</strong></span> <span class='ocrx_word' id='word_1_205' title='bbox 709 1705 998 1753; x_wconf 85' lang='lat' dir='ltr'><strong>discretione</strong></span> <span class='ocrx_word' id='word_1_206' title='bbox 1029 1706 1200 1754; x_wconf 89' lang='lat' dir='ltr'><strong>caritas</strong></span> <span class='ocrx_word' id='word_1_207' title='bbox 1222 1707 1312 1753; x_wconf 93' lang='lat' dir='ltr'><strong>Dei</strong></span> <span class='ocrx_word' id='word_1_208' title='bbox 1338 1707 1388 1753; x_wconf 91' lang='lat' dir='ltr'><strong>in</strong></span> <span class='ocrx_word' id='word_1_209' title='bbox 1406 1706 1479 1753; x_wconf 75' lang='lat' dir='ltr'><strong>&#39;eis</strong></span> <span class='ocrx_word' id='word_1_210' title='bbox 1503 1705 1731 1753; x_wconf 88' lang='lat' dir='ltr'><strong>nascitur.</strong></span> <span class='ocrx_word' id='word_1_211' title='bbox 1760 1707 1828 1752; x_wconf 92' lang='lat' dir='ltr'><strong>Ne</strong></span> <span class='ocrx_word' id='word_1_212' title='bbox 1852 1705 1960 1768; x_wconf 90' lang='lat' dir='ltr'><strong>quis</strong></span> <span class='ocrx_word' id='word_1_213' title='bbox 1991 1705 2152 1769; x_wconf 90' lang='lat' dir='ltr'><strong>itaque</strong></span> <span class='ocrx_word' id='word_1_214' title='bbox 2179 1704 2370 1753; x_wconf 79' lang='lat' dir='ltr'><strong>Judaeo·</strong></span> 
     </span>
     <span class='ocr_line' id='line_1_20' title="bbox 209 1783 2366 1852; baseline 0 -20"><span class='ocrx_word' id='word_1_215' title='bbox 209 1801 317 1832; x_wconf 91' lang='lat' dir='ltr'><strong>rum</strong></span> <span class='ocrx_word' id='word_1_216' title='bbox 347 1783 509 1846; x_wconf 90' lang='lat' dir='ltr'><strong>nobis,</strong></span> <span class='ocrx_word' id='word_1_217' title='bbox 541 1785 694 1832; x_wconf 90' lang='lat' dir='ltr'><strong>immo</strong></span> <span class='ocrx_word' id='word_1_218' title='bbox 722 1785 953 1851; x_wconf 89' lang='lat' dir='ltr'><strong>Apostolo</strong></span> <span class='ocrx_word' id='word_1_219' title='bbox 979 1797 1144 1852; x_wconf 90' lang='lat' dir='ltr'><strong>posset</strong></span> <span class='ocrx_word' id='word_1_220' title='bbox 1166 1803 1438 1852; x_wconf 90' lang='lat' dir='ltr'><strong>opponere,</strong></span> <span class='ocrx_word' id='word_1_221' title='bbox 1465 1803 1557 1834; x_wconf 92' lang='lat' dir='ltr'><strong>nos</strong></span> <span class='ocrx_word' id='word_1_222' title='bbox 1588 1802 1783 1851; x_wconf 91' lang='lat' dir='ltr'><strong>quoque</strong></span> <span class='ocrx_word' id='word_1_223' title='bbox 1808 1802 1895 1850; x_wconf 91' lang='lat' dir='ltr'><strong>per</strong></span> <span class='ocrx_word' id='word_1_224' title='bbox 1922 1786 2079 1850; x_wconf 90' lang='lat' dir='ltr'><strong>legem</strong></span> <span class='ocrx_word' id='word_1_225' title='bbox 2106 1785 2366 1847; x_wconf 83' lang='lat' dir='ltr'><strong>sactorum,</strong></span> 
     </span>
     <span class='ocr_line' id='line_1_21' title="bbox 209 1864 2372 1933; baseline 0.001 -20"><span class='ocrx_word' id='word_1_226' title='bbox 209 1864 260 1913; x_wconf 92' lang='lat' dir='ltr'><strong>id</strong></span> <span class='ocrx_word' id='word_1_227' title='bbox 279 1875 351 1913; x_wconf 91' lang='lat' dir='ltr'><strong>est</strong></span> <span class='ocrx_word' id='word_1_228' title='bbox 371 1867 665 1914; x_wconf 88' lang='lat' dir='ltr'><strong>exteriorum</strong></span> <span class='ocrx_word' id='word_1_229' title='bbox 687 1883 911 1932; x_wconf 89' lang='lat' dir='ltr'><strong>operum,</strong></span> <span class='ocrx_word' id='word_1_230' title='bbox 938 1867 1078 1915; x_wconf 90' lang='lat' dir='ltr'><strong>sicuti</strong></span> <span class='ocrx_word' id='word_1_231' title='bbox 1098 1866 1329 1933; x_wconf 88' lang='lat' dir='ltr'><strong>baptismi</strong></span> <span class='ocrx_word' id='word_1_232' title='bbox 1347 1867 1599 1932; x_wconf 89' lang='lat' dir='ltr'><strong>justificari</strong></span> <span class='ocrx_word' id='word_1_233' title='bbox 1625 1886 1636 1914; x_wconf 73' lang='grc' dir='ltr'><strong><em>ε</em></strong></span> <span class='ocrx_word' id='word_1_234' title='bbox 1663 1865 1870 1914; x_wconf 78' lang='lat' dir='ltr'><strong>sufficiat</strong></span> <span class='ocrx_word' id='word_1_235' title='bbox 1890 1883 1982 1914; x_wconf 92' lang='lat' dir='ltr'><strong>nos</strong></span> <span class='ocrx_word' id='word_1_236' title='bbox 2002 1866 2100 1914; x_wconf 90' lang='lat' dir='ltr'><strong>hoc</strong></span> <span class='ocrx_word' id='word_1_237' title='bbox 2125 1866 2187 1914; x_wconf 91' lang='lat' dir='ltr'><strong>de</strong></span> <span class='ocrx_word' id='word_1_238' title='bbox 2206 1877 2372 1915; x_wconf 89' lang='lat' dir='ltr'><strong>nostra</strong></span> 
     </span>
     <span class='ocr_line' id='line_1_22' title="bbox 205 1945 2367 2014; baseline 0.001 -20"><span class='ocrx_word' id='word_1_239' title='bbox 205 1945 564 2010; x_wconf 86' lang='lat' dir='ltr'><strong>justificatione,</strong></span> <span class='ocrx_word' id='word_1_240' title='bbox 593 1947 746 1995; x_wconf 90' lang='lat' dir='ltr'><strong>immo</strong></span> <span class='ocrx_word' id='word_1_241' title='bbox 779 1948 1026 2009; x_wconf 91' lang='lat' dir='ltr'><strong>omnium,</strong></span> <span class='ocrx_word' id='word_1_242' title='bbox 1054 1965 1161 2014; x_wconf 82' lang='lat' dir='ltr'><strong>quae</strong></span> <span class='ocrx_word' id='word_1_243' title='bbox 1195 1949 1246 1996; x_wconf 89' lang='lat' dir='ltr'><strong>in</strong></span> <span class='ocrx_word' id='word_1_244' title='bbox 1281 1949 1478 1996; x_wconf 89' lang='lat' dir='ltr'><strong>caritate</strong></span> <span class='ocrx_word' id='word_1_245' title='bbox 1514 1948 1734 1997; x_wconf 87' lang='lat' dir='ltr'><strong>consistit</strong></span> <span class='ocrx_word' id='word_1_246' title='bbox 1763 1947 2126 2013; x_wconf 89' lang='lat' dir='ltr'><strong>interposuisse,</strong></span> <span class='ocrx_word' id='word_1_247' title='bbox 2154 1958 2201 1996; x_wconf 91' lang='lat' dir='ltr'><strong>et</strong></span> <span class='ocrx_word' id='word_1_248' title='bbox 2238 1957 2367 1996; x_wconf 87' lang='lat' dir='ltr'><strong>ante·</strong></span> 
     </span>
     <span class='ocr_line' id='line_1_23' title="bbox 211 2028 2373 2094; baseline 0.001 -20"><span class='ocrx_word' id='word_1_249' title='bbox 211 2042 361 2091; x_wconf 91' lang='lat' dir='ltr'><strong>quam</strong></span> <span class='ocrx_word' id='word_1_250' title='bbox 394 2038 697 2076; x_wconf 89' lang='lat' dir='ltr'><strong>sacramenta</strong></span> <span class='ocrx_word' id='word_1_251' title='bbox 733 2029 1057 2094; x_wconf 86' lang='lat' dir='ltr'><strong>suscipiantur</strong></span> <span class='ocrx_word' id='word_1_252' title='bbox 1106 2029 1205 2078; x_wconf 89' lang='lat' dir='ltr'><strong>sive</strong></span> <span class='ocrx_word' id='word_1_253' title='bbox 1241 2040 1407 2078; x_wconf 89' lang='lat' dir='ltr'><strong>nostra</strong></span> <span class='ocrx_word' id='word_1_254' title='bbox 1457 2030 1557 2078; x_wconf 90' lang='lat' dir='ltr'><strong>sive</strong></span> <span class='ocrx_word' id='word_1_255' title='bbox 1594 2028 1808 2076; x_wconf 89' lang='lat' dir='ltr'><strong>illorum.</strong></span> <span class='ocrx_word' id='word_1_256' title='bbox 1847 2028 1995 2087; x_wconf 90' lang='lat' dir='ltr'><strong>Quod</strong></span> <span class='ocrx_word' id='word_1_257' title='bbox 2043 2043 2090 2076; x_wconf 89' lang='lat' dir='ltr'><strong>et</strong></span> <span class='ocrx_word' id='word_1_258' title='bbox 2130 2029 2373 2094; x_wconf 90' lang='lat' dir='ltr'><strong>Propheta</strong></span> 
     </span>
     <span class='ocr_line' id='line_1_24' title="bbox 212 2107 2193 2177; baseline -0.001 -23"><span class='ocrx_word' id='word_1_259' title='bbox 212 2107 528 2156; x_wconf 82' lang='lat' dir='ltr'><strong>considerans</strong></span> <span class='ocrx_word' id='word_1_260' title='bbox 550 2109 615 2156; x_wconf 91' lang='lat' dir='ltr'><strong>ait</strong></span> <span class='ocrx_word' id='word_1_261' title='bbox 643 2127 654 2156; x_wconf 72' lang='grc' dir='ltr'><strong><em>ε</em></strong></span> <span class='ocrx_word' id='word_1_262' title='bbox 686 2128 709 2154; x_wconf 78' lang='grc' dir='ltr'><strong><em>κ</em></strong></span> <span class='ocrx_word' id='word_1_263' title='bbox 732 2112 786 2156; x_wconf 84' lang='lat' dir='ltr'><strong>In</strong></span> <span class='ocrx_word' id='word_1_264' title='bbox 810 2127 1102 2175; x_wconf 86' lang='lat' dir='ltr'><strong>quacunque</strong></span> <span class='ocrx_word' id='word_1_265' title='bbox 1124 2110 1249 2159; x_wconf 90' lang='lat' dir='ltr'><strong>hora</strong></span> <span class='ocrx_word' id='word_1_266' title='bbox 1273 2120 1501 2177; x_wconf 86' lang='lat' dir='ltr'><strong>peccator</strong></span> <span class='ocrx_word' id='word_1_267' title='bbox 1526 2110 1832 2175; x_wconf 89' lang='lat' dir='ltr'><strong>ingemuerit,</strong></span> <span class='ocrx_word' id='word_1_268' title='bbox 1860 2109 2019 2157; x_wconf 91' lang='lat' dir='ltr'><strong>salvus</strong></span> <span class='ocrx_word' id='word_1_269' title='bbox 2042 2110 2149 2157; x_wconf 89' lang='lat' dir='ltr'><strong>erit.</strong></span> <span class='ocrx_word' id='word_1_270' title='bbox 2171 2130 2193 2153; x_wconf 85' lang='grc'>»</span> 
     </span>
    </p>

    <p class='ocr_par' dir='ltr' id='par_1_3' title="bbox 211 2187 2374 3226">
     <span class='ocr_line' id='line_1_25' title="bbox 281 2187 2372 2257; baseline 0.001 -21"><span class='ocrx_word' id='word_1_271' title='bbox 281 2208 305 2232; x_wconf 88' lang='lat'>«</span> <span class='ocrx_word' id='word_1_272' title='bbox 325 2187 624 2237; x_wconf 88' lang='lat' dir='ltr'><strong>Arbitramur</strong></span> <span class='ocrx_word' id='word_1_273' title='bbox 645 2190 793 2236; x_wconf 87' lang='lat' dir='ltr'><strong>enim.</strong></span> <span class='ocrx_word' id='word_1_274' title='bbox 816 2210 838 2233; x_wconf 76' lang='lat'><strong>2&gt;</strong></span> <span class='ocrx_word' id='word_1_275' title='bbox 863 2193 961 2238; x_wconf 87' lang='lat' dir='ltr'><strong>Nos</strong></span> <span class='ocrx_word' id='word_1_276' title='bbox 984 2190 1178 2248; x_wconf 88' lang='lat' dir='ltr'><strong>scilicet,</strong></span> <span class='ocrx_word' id='word_1_277' title='bbox 1207 2208 1331 2256; x_wconf 90' lang='lat' dir='ltr'><strong>quos</strong></span> <span class='ocrx_word' id='word_1_278' title='bbox 1352 2192 1594 2239; x_wconf 91' lang='lat' dir='ltr'><strong>Dominus</strong></span> <span class='ocrx_word' id='word_1_279' title='bbox 1617 2191 1898 2257; x_wconf 85' lang='lat' dir='ltr'><strong>praeposuit,</strong></span> <span class='ocrx_word' id='word_1_280' title='bbox 1926 2190 1977 2238; x_wconf 94' lang='lat' dir='ltr'><strong>id</strong></span> <span class='ocrx_word' id='word_1_281' title='bbox 2003 2201 2091 2247; x_wconf 90' lang='lat' dir='ltr'><strong>est,</strong></span> <span class='ocrx_word' id='word_1_282' title='bbox 2120 2206 2372 2239; x_wconf 90' lang='lat' dir='ltr'><strong>censemus</strong></span> 
     </span>
     <span class='ocr_line' id='line_1_26' title="bbox 211 2268 2367 2336; baseline 0.002 -21"><span class='ocrx_word' id='word_1_283' title='bbox 211 2268 289 2316; x_wconf 82' lang='lat' dir='ltr'><strong>vel</strong></span> <span class='ocrx_word' id='word_1_284' title='bbox 324 2269 656 2318; x_wconf 87' lang='lat' dir='ltr'><strong>testificamur.</strong></span> <span class='ocrx_word' id='word_1_285' title='bbox 699 2270 863 2331; x_wconf 91' lang='lat' dir='ltr'><strong>Unde,</strong></span> <span class='ocrx_word' id='word_1_286' title='bbox 905 2281 960 2318; x_wconf 92' lang='lat' dir='ltr'><strong>ut</strong></span> <span class='ocrx_word' id='word_1_287' title='bbox 997 2272 1064 2320; x_wconf 90' lang='lat' dir='ltr'><strong>ait</strong></span> <span class='ocrx_word' id='word_1_288' title='bbox 1103 2275 1310 2336; x_wconf 88' lang='lat' dir='ltr'><strong>Haymo,</strong></span> <span class='ocrx_word' id='word_1_289' title='bbox 1353 2272 1562 2320; x_wconf 89' lang='lat' dir='ltr'><strong>arbitros</strong></span> <span class='ocrx_word' id='word_1_290' title='bbox 1600 2271 1807 2319; x_wconf 89' lang='lat' dir='ltr'><strong>dicimus</strong></span> <span class='ocrx_word' id='word_1_291' title='bbox 1839 2271 2027 2336; x_wconf 85' lang='lat' dir='ltr'><strong>judices</strong></span> <span class='ocrx_word' id='word_1_292' title='bbox 2072 2272 2172 2319; x_wconf 88' lang='lat' dir='ltr'><strong>sive</strong></span> <span class='ocrx_word' id='word_1_293' title='bbox 2207 2280 2367 2320; x_wconf 88' lang='lat' dir='ltr'><strong>testes.</strong></span> 
     </span>
     <span class='ocr_line' id='line_1_27' title="bbox 219 2351 2373 2418; baseline 0.002 -22"><span class='ocrx_word' id='word_1_294' title='bbox 219 2367 240 2395; x_wconf 84' lang='lat'>‹</span> <span class='ocrx_word' id='word_1_295' title='bbox 262 2351 523 2398; x_wconf 90' lang='lat' dir='ltr'><strong>Hominem</strong></span> <span class='ocrx_word' id='word_1_296' title='bbox 551 2367 768 2400; x_wconf 90' lang='lat' dir='ltr'><strong>omnem.</strong></span> <span class='ocrx_word' id='word_1_297' title='bbox 792 2373 814 2395; x_wconf 74' lang='lat'><strong>&gt;2</strong></span> <span class='ocrx_word' id='word_1_298' title='bbox 837 2352 1027 2400; x_wconf 89' lang='lat' dir='ltr'><strong>Scilicet</strong></span> <span class='ocrx_word' id='word_1_299' title='bbox 1050 2363 1149 2401; x_wconf 90' lang='lat' dir='ltr'><strong>tam</strong></span> <span class='ocrx_word' id='word_1_300' title='bbox 1169 2353 1387 2401; x_wconf 86' lang='lat' dir='ltr'><strong>Judaeum</strong></span> <span class='ocrx_word' id='word_1_301' title='bbox 1418 2370 1566 2418; x_wconf 92' lang='lat' dir='ltr'><strong>quam</strong></span> <span class='ocrx_word' id='word_1_302' title='bbox 1591 2352 1850 2400; x_wconf 90' lang='lat' dir='ltr'><strong>Gentilem.</strong></span> <span class='ocrx_word' id='word_1_303' title='bbox 1883 2373 1906 2398; x_wconf 91' lang='lat'>«</span> <span class='ocrx_word' id='word_1_304' title='bbox 1931 2355 2021 2400; x_wconf 91' lang='lat' dir='ltr'><strong>Per</strong></span> <span class='ocrx_word' id='word_1_305' title='bbox 2047 2351 2194 2400; x_wconf 84' lang='lat' dir='ltr'><strong>fidem</strong></span> <span class='ocrx_word' id='word_1_306' title='bbox 2216 2373 2238 2398; x_wconf 77' lang='lat' dir='ltr'><strong>n</strong></span> <span class='ocrx_word' id='word_1_307' title='bbox 2268 2362 2373 2401; x_wconf 91' lang='lat' dir='ltr'><strong>tan·</strong></span> 
     </span>
     <span class='ocr_line' id='line_1_28' title="bbox 212 2430 2374 2500; baseline 0.001 -23"><span class='ocrx_word' id='word_1_308' title='bbox 212 2445 362 2495; x_wconf 88' lang='lat' dir='ltr'><strong>quam</strong></span> <span class='ocrx_word' id='word_1_309' title='bbox 394 2430 574 2478; x_wconf 90' lang='lat' dir='ltr'><strong>scilicet</strong></span> <span class='ocrx_word' id='word_1_310' title='bbox 606 2432 651 2481; x_wconf 91' lang='lat' dir='ltr'><strong>ei</strong></span> <span class='ocrx_word' id='word_1_311' title='bbox 679 2433 1017 2495; x_wconf 89' lang='lat' dir='ltr'><strong>necessariam,</strong></span> <span class='ocrx_word' id='word_1_312' title='bbox 1046 2434 1159 2498; x_wconf 92' lang='lat' dir='ltr'><strong>quia</strong></span> <span class='ocrx_word' id='word_1_313' title='bbox 1191 2434 1295 2481; x_wconf 92' lang='lat' dir='ltr'><strong>sine</strong></span> <span class='ocrx_word' id='word_1_314' title='bbox 1329 2434 1426 2483; x_wconf 88' lang='lat' dir='ltr'><strong>fide</strong></span> <span class='ocrx_word' id='word_1_315' title='bbox 1460 2433 1759 2500; x_wconf 91' lang='lat' dir='ltr'><strong>impossibile</strong></span> <span class='ocrx_word' id='word_1_316' title='bbox 1794 2443 1866 2482; x_wconf 91' lang='lat' dir='ltr'><strong>est</strong></span> <span class='ocrx_word' id='word_1_317' title='bbox 1899 2437 2004 2482; x_wconf 89' lang='lat' dir='ltr'><strong>Deo</strong></span> <span class='ocrx_word' id='word_1_318' title='bbox 2038 2433 2246 2499; x_wconf 90' lang='lat' dir='ltr'><strong>placere.</strong></span> <span class='ocrx_word' id='word_1_319' title='bbox 2286 2436 2374 2481; x_wconf 91' lang='lat' dir='ltr'><strong>Per</strong></span> 
     </span>
     <span class='ocr_line' id='line_1_29' title="bbox 213 2509 2374 2580; baseline 0.001 -22"><span class='ocrx_word' id='word_1_320' title='bbox 213 2509 361 2558; x_wconf 82' lang='lat' dir='ltr'><strong>fldem</strong></span> <span class='ocrx_word' id='word_1_321' title='bbox 399 2511 535 2574; x_wconf 88' lang='lat' dir='ltr'><strong>dico,</strong></span> <span class='ocrx_word' id='word_1_322' title='bbox 574 2513 729 2560; x_wconf 86' lang='lat' dir='ltr'><strong>«Sine</strong></span> <span class='ocrx_word' id='word_1_323' title='bbox 766 2513 999 2579; x_wconf 92' lang='lat' dir='ltr'><strong>operibus</strong></span> <span class='ocrx_word' id='word_1_324' title='bbox 1029 2515 1188 2579; x_wconf 80' lang='lat' dir='ltr'><strong>legis»</strong></span> <span class='ocrx_word' id='word_1_325' title='bbox 1224 2515 1316 2563; x_wconf 90' lang='lat' dir='ltr'><strong>illis</strong></span> <span class='ocrx_word' id='word_1_326' title='bbox 1351 2515 1574 2563; x_wconf 90' lang='lat' dir='ltr'><strong>videlicet</strong></span> <span class='ocrx_word' id='word_1_327' title='bbox 1610 2514 1927 2563; x_wconf 83' lang='lat' dir='ltr'><strong>exterioribus</strong></span> <span class='ocrx_word' id='word_1_328' title='bbox 1959 2525 2007 2563; x_wconf 92' lang='lat' dir='ltr'><strong>et</strong></span> <span class='ocrx_word' id='word_1_329' title='bbox 2039 2513 2374 2580; x_wconf 90' lang='lat' dir='ltr'><strong>corporalibus</strong></span> 
     </span>
     <span class='ocr_line' id='line_1_30' title="bbox 212 2590 2371 2661; baseline 0.001 -23"><span class='ocrx_word' id='word_1_330' title='bbox 212 2590 546 2640; x_wconf 88' lang='lat' dir='ltr'><strong>observantiis.</strong></span> <span class='ocrx_word' id='word_1_331' title='bbox 575 2596 677 2640; x_wconf 87' lang='lat' dir='ltr'><strong>«An</strong></span> <span class='ocrx_word' id='word_1_332' title='bbox 700 2594 998 2642; x_wconf 87' lang='lat' dir='ltr'><strong>Judaeorum.</strong></span> <span class='ocrx_word' id='word_1_333' title='bbox 1023 2615 1047 2641; x_wconf 89' lang='lat'>»</span> <span class='ocrx_word' id='word_1_334' title='bbox 1073 2595 1392 2656; x_wconf 87' lang='lat' dir='ltr'><strong>Arbitramur,</strong></span> <span class='ocrx_word' id='word_1_335' title='bbox 1420 2605 1467 2644; x_wconf 88' lang='lat' dir='ltr'><strong>et</strong></span> <span class='ocrx_word' id='word_1_336' title='bbox 1488 2596 1634 2658; x_wconf 89' lang='lat' dir='ltr'><strong>bene,</strong></span> <span class='ocrx_word' id='word_1_337' title='bbox 1661 2596 1776 2661; x_wconf 91' lang='lat' dir='ltr'><strong>quia</strong></span> <span class='ocrx_word' id='word_1_338' title='bbox 1798 2596 1943 2643; x_wconf 90' lang='lat' dir='ltr'><strong>etiam</strong></span> <span class='ocrx_word' id='word_1_339' title='bbox 1969 2597 2149 2643; x_wconf 90' lang='lat' dir='ltr'><strong>Gentes</strong></span> <span class='ocrx_word' id='word_1_340' title='bbox 2170 2595 2371 2659; x_wconf 86' lang='lat' dir='ltr'><strong>gratiam</strong></span> 
     </span>
     <span class='ocr_line' id='line_1_31' title="bbox 213 2673 2372 2742; baseline 0.002 -24"><span class='ocrx_word' id='word_1_341' title='bbox 213 2673 304 2719; x_wconf 90' lang='lat' dir='ltr'><strong>Dei</strong></span> <span class='ocrx_word' id='word_1_342' title='bbox 339 2683 663 2737; x_wconf 89' lang='lat' dir='ltr'><strong>assequuntur</strong></span> <span class='ocrx_word' id='word_1_343' title='bbox 701 2692 785 2741; x_wconf 91' lang='lat' dir='ltr'><strong>per</strong></span> <span class='ocrx_word' id='word_1_344' title='bbox 823 2675 988 2738; x_wconf 86' lang='lat' dir='ltr'><strong>fidem,</strong></span> <span class='ocrx_word' id='word_1_345' title='bbox 1027 2693 1133 2741; x_wconf 87' lang='lat' dir='ltr'><strong>quae</strong></span> <span class='ocrx_word' id='word_1_346' title='bbox 1171 2687 1336 2724; x_wconf 92' lang='lat' dir='ltr'><strong>tamen</strong></span> <span class='ocrx_word' id='word_1_347' title='bbox 1369 2676 1486 2741; x_wconf 90' lang='lat' dir='ltr'><strong>legis</strong></span> <span class='ocrx_word' id='word_1_348' title='bbox 1522 2692 1672 2742; x_wconf 90' lang='lat' dir='ltr'><strong>opera</strong></span> <span class='ocrx_word' id='word_1_349' title='bbox 1707 2693 1809 2723; x_wconf 92' lang='lat' dir='ltr'><strong>non</strong></span> <span class='ocrx_word' id='word_1_350' title='bbox 1848 2685 2058 2734; x_wconf 88' lang='lat' dir='ltr'><strong>servant,</strong></span> <span class='ocrx_word' id='word_1_351' title='bbox 2103 2675 2241 2723; x_wconf 89' lang='lat' dir='ltr'><strong>sicuti</strong></span> <span class='ocrx_word' id='word_1_352' title='bbox 2280 2674 2372 2722; x_wconf 89' lang='lat' dir='ltr'><strong>Job</strong></span> 
     </span>
     <span class='ocr_line' id='line_1_32' title="bbox 215 2751 2369 2820; baseline 0.003 -23"><span class='ocrx_word' id='word_1_353' title='bbox 215 2751 417 2799; x_wconf 91' lang='lat' dir='ltr'><strong>Gentilis</strong></span> <span class='ocrx_word' id='word_1_354' title='bbox 444 2753 579 2812; x_wconf 92' lang='lat' dir='ltr'><strong>olim,</strong></span> <span class='ocrx_word' id='word_1_355' title='bbox 605 2764 654 2802; x_wconf 91' lang='lat' dir='ltr'><strong>et</strong></span> <span class='ocrx_word' id='word_1_356' title='bbox 675 2772 808 2803; x_wconf 90' lang='lat' dir='ltr'><strong>nunc</strong></span> <span class='ocrx_word' id='word_1_357' title='bbox 831 2757 978 2804; x_wconf 90' lang='lat' dir='ltr'><strong>etiam</strong></span> <span class='ocrx_word' id='word_1_358' title='bbox 1001 2757 1216 2805; x_wconf 90' lang='lat' dir='ltr'><strong>Gentiles</strong></span> <span class='ocrx_word' id='word_1_359' title='bbox 1238 2757 1479 2804; x_wconf 89' lang='lat' dir='ltr'><strong>conversi.</strong></span> <span class='ocrx_word' id='word_1_360' title='bbox 1505 2759 1563 2803; x_wconf 93' lang='lat' dir='ltr'><strong>Et</strong></span> <span class='ocrx_word' id='word_1_361' title='bbox 1585 2756 1681 2803; x_wconf 91' lang='lat' dir='ltr'><strong>hoc</strong></span> <span class='ocrx_word' id='word_1_362' title='bbox 1707 2766 1776 2803; x_wconf 91' lang='lat' dir='ltr'><strong>est</strong></span> <span class='ocrx_word' id='word_1_363' title='bbox 1796 2755 1932 2820; x_wconf 91' lang='lat' dir='ltr'><strong>quod</strong></span> <span class='ocrx_word' id='word_1_364' title='bbox 1954 2755 2168 2803; x_wconf 90' lang='lat' dir='ltr'><strong>ostendit</strong></span> <span class='ocrx_word' id='word_1_365' title='bbox 2186 2755 2369 2817; x_wconf 90' lang='lat' dir='ltr'><strong>dicens,</strong></span> 
     </span>
     <span class='ocr_line' id='line_1_33' title="bbox 221 2832 2373 2902; baseline 0.002 -24"><span class='ocrx_word' id='word_1_366' title='bbox 221 2853 243 2876; x_wconf 73' lang='lat' dir='ltr'><strong>a</strong></span> <span class='ocrx_word' id='word_1_367' title='bbox 264 2832 342 2880; x_wconf 91' lang='lat' dir='ltr'><strong>An</strong></span> <span class='ocrx_word' id='word_1_368' title='bbox 365 2833 641 2881; x_wconf 83' lang='lat' dir='ltr'><strong>Judaeorum</strong></span> <span class='ocrx_word' id='word_1_369' title='bbox 672 2844 862 2883; x_wconf 87' lang='lat' dir='ltr'><strong>tantum</strong></span> <span class='ocrx_word' id='word_1_370' title='bbox 889 2847 960 2884; x_wconf 91' lang='lat' dir='ltr'><strong>est</strong></span> <span class='ocrx_word' id='word_1_371' title='bbox 983 2839 1114 2884; x_wconf 92' lang='lat' dir='ltr'><strong>Deus</strong></span> <span class='ocrx_word' id='word_1_372' title='bbox 1130 2857 1152 2880; x_wconf 73' lang='lat' dir='ltr'><strong>n</strong></span> <span class='ocrx_word' id='word_1_373' title='bbox 1180 2853 1268 2902; x_wconf 90' lang='lat' dir='ltr'><strong>per</strong></span> <span class='ocrx_word' id='word_1_374' title='bbox 1292 2837 1521 2900; x_wconf 83' lang='lat' dir='ltr'><strong>gratiam?</strong></span> <span class='ocrx_word' id='word_1_375' title='bbox 1549 2855 1573 2881; x_wconf 89' lang='lat'><strong><em>«</em></strong></span> <span class='ocrx_word' id='word_1_376' title='bbox 1599 2836 1847 2895; x_wconf 90' lang='lat' dir='ltr'><strong>Quoniam</strong></span> <span class='ocrx_word' id='word_1_377' title='bbox 1870 2835 2086 2902; x_wconf 90' lang='lat' dir='ltr'><strong>quidem.</strong></span> <span class='ocrx_word' id='word_1_378' title='bbox 2104 2857 2126 2880; x_wconf 75' lang='lat' dir='ltr'>n</span> <span class='ocrx_word' id='word_1_379' title='bbox 2149 2839 2215 2884; x_wconf 86' lang='lat' dir='ltr'><strong>Ac</strong></span> <span class='ocrx_word' id='word_1_380' title='bbox 2238 2836 2278 2884; x_wconf 91' lang='lat' dir='ltr'><strong>si</strong></span> <span class='ocrx_word' id='word_1_381' title='bbox 2300 2836 2373 2884; x_wconf 87' lang='lat' dir='ltr'><strong>di-</strong></span> 
     </span>
     <span class='ocr_line' id='line_1_34' title="bbox 215 2916 2374 2983; baseline 0.003 -25"><span class='ocrx_word' id='word_1_382' title='bbox 215 2921 361 2974; x_wconf 89' lang='lat' dir='ltr'><strong>ceret,</strong></span> <span class='ocrx_word' id='word_1_383' title='bbox 398 2923 719 2980; x_wconf 86' lang='lat' dir='ltr'><strong>utrorumque</strong></span> <span class='ocrx_word' id='word_1_384' title='bbox 753 2926 823 2964; x_wconf 91' lang='lat' dir='ltr'><strong>est</strong></span> <span class='ocrx_word' id='word_1_385' title='bbox 854 2933 942 2982; x_wconf 92' lang='lat' dir='ltr'><strong>per</strong></span> <span class='ocrx_word' id='word_1_386' title='bbox 966 2917 1185 2980; x_wconf 86' lang='lat' dir='ltr'><strong>gratiam,</strong></span> <span class='ocrx_word' id='word_1_387' title='bbox 1211 2917 1327 2982; x_wconf 89' lang='lat' dir='ltr'><strong>quia</strong></span> <span class='ocrx_word' id='word_1_388' title='bbox 1351 2927 1581 2982; x_wconf 89' lang='lat' dir='ltr'><strong>utrosque</strong></span> <span class='ocrx_word' id='word_1_389' title='bbox 1597 2916 1828 2981; x_wconf 90' lang='lat' dir='ltr'><strong>justificat</strong></span> <span class='ocrx_word' id='word_1_390' title='bbox 1856 2933 1945 2983; x_wconf 90' lang='lat' dir='ltr'><strong>per</strong></span> <span class='ocrx_word' id='word_1_391' title='bbox 1978 2916 2143 2980; x_wconf 88' lang='lat' dir='ltr'><strong>fidem,</strong></span> <span class='ocrx_word' id='word_1_392' title='bbox 2172 2934 2279 2983; x_wconf 83' lang='lat' dir='ltr'><strong>quae</strong></span> <span class='ocrx_word' id='word_1_393' title='bbox 2313 2917 2374 2965; x_wconf 92' lang='lat' dir='ltr'><strong>ad</strong></span> 
     </span>
     <span class='ocr_line' id='line_1_35' title="bbox 215 2993 2372 3065; baseline 0.004 -26"><span class='ocrx_word' id='word_1_394' title='bbox 215 2993 483 3057; x_wconf 89' lang='lat' dir='ltr'><strong>caritatem,</strong></span> <span class='ocrx_word' id='word_1_395' title='bbox 518 3005 572 3042; x_wconf 92' lang='lat' dir='ltr'><strong>ut</strong></span> <span class='ocrx_word' id='word_1_396' title='bbox 595 2995 823 3057; x_wconf 82' lang='lat' dir='ltr'><strong>diximus,</strong></span> <span class='ocrx_word' id='word_1_397' title='bbox 850 2997 1090 3062; x_wconf 87' lang='lat' dir='ltr'><strong>perducit.</strong></span> <span class='ocrx_word' id='word_1_398' title='bbox 1123 3017 1148 3043; x_wconf 90' lang='lat'>«</span> <span class='ocrx_word' id='word_1_399' title='bbox 1166 2998 1625 3059; x_wconf 90' lang='lat' dir='ltr'><strong>Circumcisionem,</strong></span> <span class='ocrx_word' id='word_1_400' title='bbox 1649 3017 1673 3043; x_wconf 89' lang='lat'>»</span> <span class='ocrx_word' id='word_1_401' title='bbox 1701 2997 1753 3045; x_wconf 92' lang='lat' dir='ltr'><strong>id</strong></span> <span class='ocrx_word' id='word_1_402' title='bbox 1787 3008 1856 3045; x_wconf 93' lang='lat' dir='ltr'><strong>est</strong></span> <span class='ocrx_word' id='word_1_403' title='bbox 1890 2998 2099 3046; x_wconf 87' lang='lat' dir='ltr'><strong>Judaeos.</strong></span> <span class='ocrx_word' id='word_1_404' title='bbox 2132 3020 2155 3043; x_wconf 75' lang='grc' dir='ltr'>α</span> <span class='ocrx_word' id='word_1_405' title='bbox 2182 3002 2372 3065; x_wconf 88' lang='lat' dir='ltr'><strong>Praepu-</strong></span> 
     </span>
     <span class='ocr_line' id='line_1_36' title="bbox 217 3073 2369 3142; baseline 0.003 -23"><span class='ocrx_word' id='word_1_406' title='bbox 217 3073 359 3133; x_wconf 85' lang='lat' dir='ltr'><strong>tium,</strong></span> <span class='ocrx_word' id='word_1_407' title='bbox 379 3095 403 3120; x_wconf 75' lang='grc' dir='ltr'><strong>υ</strong></span> <span class='ocrx_word' id='word_1_408' title='bbox 432 3075 482 3122; x_wconf 95' lang='lat' dir='ltr'><strong>id</strong></span> <span class='ocrx_word' id='word_1_409' title='bbox 505 3086 577 3123; x_wconf 89' lang='lat' dir='ltr'><strong>est</strong></span> <span class='ocrx_word' id='word_1_410' title='bbox 600 3078 832 3125; x_wconf 89' lang='lat' dir='ltr'><strong>Gentiles.</strong></span> <span class='ocrx_word' id='word_1_411' title='bbox 851 3078 998 3136; x_wconf 90' lang='lat' dir='ltr'><strong>Quod</strong></span> <span class='ocrx_word' id='word_1_412' title='bbox 1023 3078 1158 3142; x_wconf 92' lang='lat' dir='ltr'><strong>dicit,</strong></span> <span class='ocrx_word' id='word_1_413' title='bbox 1189 3099 1210 3125; x_wconf 78' lang='grc' dir='ltr'>α</span> <span class='ocrx_word' id='word_1_414' title='bbox 1227 3096 1284 3127; x_wconf 81' lang='lat' dir='ltr'><strong>ex</strong></span> <span class='ocrx_word' id='word_1_415' title='bbox 1308 3078 1404 3127; x_wconf 89' lang='lat' dir='ltr'><strong>fide</strong></span> <span class='ocrx_word' id='word_1_416' title='bbox 1428 3080 1476 3126; x_wconf 92' lang='lat' dir='ltr'><strong>in</strong></span> <span class='ocrx_word' id='word_1_417' title='bbox 1502 3077 1668 3141; x_wconf 86' lang='lat' dir='ltr'><strong>fidem,</strong></span> <span class='ocrx_word' id='word_1_418' title='bbox 1683 3099 1706 3122; x_wconf 72' lang='lat'><strong>³&gt;</strong></span> <span class='ocrx_word' id='word_1_419' title='bbox 1727 3078 1977 3127; x_wconf 88' lang='lat' dir='ltr'><strong>diversitas</strong></span> <span class='ocrx_word' id='word_1_420' title='bbox 1999 3089 2070 3127; x_wconf 89' lang='lat' dir='ltr'><strong>est</strong></span> <span class='ocrx_word' id='word_1_421' title='bbox 2094 3078 2369 3136; x_wconf 84' lang='lat' dir='ltr'><strong>locutionis,</strong></span> 
     </span>
     <span class='ocr_line' id='line_1_37' title="bbox 218 3157 2372 3226; baseline 0.002 -25"><span class='ocrx_word' id='word_1_422' title='bbox 218 3169 317 3202; x_wconf 91' lang='lat' dir='ltr'><strong>non</strong></span> <span class='ocrx_word' id='word_1_423' title='bbox 344 3157 609 3205; x_wconf 84' lang='lat' dir='ltr'><strong>sententiae.</strong></span> <span class='ocrx_word' id='word_1_424' title='bbox 639 3158 779 3206; x_wconf 90' lang='lat' dir='ltr'><strong>Unde</strong></span> <span class='ocrx_word' id='word_1_425' title='bbox 806 3159 1099 3225; x_wconf 86' lang='lat' dir='ltr'><strong>Augustinus</strong></span> <span class='ocrx_word' id='word_1_426' title='bbox 1131 3159 1179 3207; x_wconf 93' lang='lat' dir='ltr'><strong>in</strong></span> <span class='ocrx_word' id='word_1_427' title='bbox 1211 3158 1337 3208; x_wconf 90' lang='lat' dir='ltr'><strong>libro</strong></span> <span class='ocrx_word' id='word_1_428' title='bbox 1372 3159 1432 3208; x_wconf 81' lang='lat' dir='ltr'><strong>de</strong></span> <span class='ocrx_word' id='word_1_429' title='bbox 1463 3162 1648 3226; x_wconf 81' lang='lat' dir='ltr'><strong>Spiritu</strong></span> <span class='ocrx_word' id='word_1_430' title='bbox 1674 3170 1719 3208; x_wconf 83' lang='lat' dir='ltr'><strong>et</strong></span> <span class='ocrx_word' id='word_1_431' title='bbox 1741 3159 1903 3208; x_wconf 75' lang='lat' dir='ltr'><strong>littera</strong></span> <span class='ocrx_word' id='word_1_432' title='bbox 1929 3179 1943 3207; x_wconf 93' lang='grc'><strong>.·</strong></span> <span class='ocrx_word' id='word_1_433' title='bbox 1973 3180 1995 3206; x_wconf 89' lang='lat'>«</span> <span class='ocrx_word' id='word_1_434' title='bbox 2016 3162 2123 3209; x_wconf 91' lang='lat' dir='ltr'><strong>Non</strong></span> <span class='ocrx_word' id='word_1_435' title='bbox 2150 3160 2211 3208; x_wconf 90' lang='lat' dir='ltr'><strong>ad</strong></span> <span class='ocrx_word' id='word_1_436' title='bbox 2235 3159 2372 3206; x_wconf 76' lang='lat' dir='ltr'><strong>diffe-</strong></span> 
     </span>
    </p>
   </div>
   <div class='ocr_carea' id='block_1_3' title="bbox 261 3327 2211 3437">
    <p class='ocr_par' dir='ltr' id='par_1_4' title="bbox 261 3327 2211 3437">
     <span class='ocr_line' id='line_1_38' title="bbox 261 3327 674 3365; baseline 0.01 -5"><span class='ocrx_word' id='word_1_437' title='bbox 261 3329 270 3347; x_wconf 82' lang='lat'>&#39;</span> <span class='ocrx_word' id='word_1_438' title='bbox 285 3327 367 3361; x_wconf 86' lang='lat' dir='ltr'><strong>Male</strong></span> <span class='ocrx_word' id='word_1_439' title='bbox 386 3329 480 3363; x_wconf 74' lang='grc' dir='ltr'><strong>Δηὼ.</strong></span> <span class='ocrx_word' id='word_1_440' title='bbox 502 3330 674 3365; x_wconf 78' lang='lat' dir='ltr'><strong>Adultum.</strong></span> 
     </span>
     <span class='ocr_line' id='line_1_39' title="bbox 380 3398 2211 3437; baseline 0.001 -5"><span class='ocrx_word' id='word_1_441' title='bbox 380 3408 410 3433; x_wconf 83' lang='lat'><strong>11</strong></span> <span class='ocrx_word' id='word_1_442' title='bbox 2160 3398 2211 3437; x_wconf 82' lang='lat'><strong>27</strong></span> 
     </span>
    </p>
   </div>
  </div>
 </body>
</html>
