2638 3866
570 194 741 243 PETRI
779 192 1097 242 ABAELARDI
1127 193 1186 242 ΙΝ
1220 191 1550 242 EPISTOLAM
1583 194 1664 241 AD
1690 193 1993 242 ROMANOS.
2235 194 2331 243 325

196 296 330 348 aliud
357 305 428 346 est
456 303 691 360 quantum
714 303 778 342 te.
815 292 888 341 lbi
921 294 1101 359 quippe
1120 292 1402 355 similitudo,
1436 293 1518 342 hic
1538 294 1782 360 aequalitas
1813 293 2100 343 ostenditur.
2123 294 2264 344 Unde
2293 306 2339 343 et

194 395 308 429 cum
330 377 515 426 Veritas
545 376 640 424 ait¹
664 394 675 422 ε
705 393 729 423 «
747 378 911 423 Estote
941 374 1294 436 misericordes,
1328 375 1450 423 sicut
1472 385 1521 424 et
1540 385 1677 442 pater
1699 384 1854 423 vester
1879 375 2102 438 coelestis,
2123 394 2147 422 »
2173 376 2338 424 simili·

195 452 414 503 tudinem
437 451 597 518 potius
617 449 956 500 misericordiae
977 466 1125 514 quam
1143 450 1463 515 aequalitatem
1485 450 1732 517 expressit.
1758 450 1807 498 Si
1832 460 1993 499 autem
2015 467 2338 518 unumquem-

194 550 290 600 que
312 542 552 600 quantum
582 547 661 581 me
682 530 879 595 diligere
906 529 1154 592 deberem,
1189 546 1359 579 omnes
1379 531 1623 595 aequaliter
1652 546 1680 579 a
1710 546 1788 578 me
1815 528 2045 596 diligendi
2072 542 2246 581 essent.
2284 536 2341 580 At

194 631 312 663 vero
330 631 444 662 cuni
461 628 609 670 nemo
635 612 723 661 nisi
738 620 941 678 propter
956 613 1115 659 Deum
1139 611 1271 676 diligi
1289 610 1467 660 debere
1486 611 1722 673 videatur,
1751 620 1887 659 tanto
1909 612 2114 677 amplius
2138 614 2341 679 quisque

195 695 328 761 diligi
355 694 530 759 dignus
563 703 653 755 est,
687 701 870 758 quanto
905 694 1010 740 Deo
1042 692 1200 740 carior
1233 691 1437 740 habetur
1465 703 1513 741 et
1534 692 1705 741 melior
1727 703 1814 740 est.
1843 692 1891 740 Si
1919 693 2048 741 enim
2074 696 2202 742 Deus
2229 695 2341 759 quia

195 775 369 824 melior
386 783 474 834 est,
508 790 654 840 super
676 789 848 823 omnes
873 782 944 822 est
964 772 1254 838 diligendus,
1281 774 1557 840 quicunque
1579 783 1691 840 post
1710 789 1822 822 eum
1845 771 2068 821 meliores
2091 785 2219 835 sunt,
2241 791 2342 823 am-

195 855 321 922 plius
340 853 571 920 diligendi
588 864 699 903 sunt
717 869 865 919 quam
881 854 979 902 alii.
1003 851 1154 902 Aliter
1175 854 1357 920 quippe
1379 855 1549 903 caritas
1567 854 1792 904 ordinata
1811 870 1911 902 non
1928 864 2017 903 est.
2039 857 2162 903 Eum
2181 865 2341 903 autem

194 936 303 1002 plus
331 935 572 1001 diligimus
602 937 681 985 cui
706 945 761 984 ut
787 934 978 984 beatior
1006 936 1066 983 sit
1095 944 1338 1001 optamus,
1370 935 1480 984 licet
1499 936 1542 984 ei
1568 936 1631 985 de
1658 934 1991 1002 corporalibus
2011 934 2153 983 bonis
2184 937 2343 984 minus

194 1033 342 1082 quam
370 1015 432 1065 de
459 1026 626 1066 nostra
652 1015 728 1065 vel
760 1032 931 1065 eorum
953 1016 1038 1082 qui
1061 1016 1331 1082 specialiter
1353 1015 1496 1065 nobis
1519 1015 1764 1065 adhaerent
1787 1031 1955 1065 curam
1977 1031 2190 1081 agamus.
2215 1019 2345 1064 Tunc

195 1106 358 1146 autem
376 1096 640 1163 quemlibet
668 1097 792 1146 sicut
817 1113 908 1145 nos
930 1096 1189 1163 diligimus,
1217 1114 1331 1146 cum
1352 1113 1466 1146 eum
1486 1097 1548 1146 ad
1568 1096 1918 1146 beatitudinem
1938 1098 2059 1145 sicut
2074 1113 2166 1145 nos
2181 1113 2347 1163 perve-

196 1179 300 1226 nire
325 1177 569 1241 volumus,
599 1177 771 1228 eadem
801 1178 980 1227 scilicet
1007 1178 1278 1227 intentione
1307 1179 1434 1227 circa
1462 1194 1574 1226 eum
1596 1177 1779 1240 habita,
1807 1195 1913 1244 quae
1935 1179 2060 1227 circa
2090 1194 2200 1238 nOS,
2235 1180 2346 1244 quia

197 1258 416 1308 videlicet
447 1259 543 1308 hoc
581 1260 626 1308 ei
659 1258 847 1308 bonum
880 1261 1207 1309 existimamus
1239 1276 1341 1308 esse
1370 1259 1493 1308 sicut
1522 1269 1570 1309 et
1607 1259 1767 1308 nobis.
1809 1260 2047 1319 Fortassis?
2070 1260 2200 1308 enim
2234 1277 2344 1308 cum

196 1339 303 1404 quis
322 1340 468 1388 alium
488 1339 606 1402 odit,
628 1357 739 1389 eum
757 1342 806 1389 in
830 1341 1053 1408 paradiso
1072 1342 1174 1407 jam
1195 1357 1297 1390 esse
1321 1340 1479 1402 vellet,
1498 1357 1599 1406 quo
1622 1341 1690 1388 nil
1715 1341 1884 1389 melius
1906 1341 1950 1389 ei
1968 1350 2137 1407 optare
2154 1351 2309 1407 potest
2331 1360 2341 1388 τ

197 1437 287 1470 nec
310 1431 470 1469 tamen
494 1421 608 1470 ideo
640 1439 754 1471 eum
777 1421 947 1486 diligit,
977 1438 1088 1471 cum
1118 1421 1169 1470 id
1198 1438 1300 1470 non
1327 1431 1426 1471 tam
1448 1431 1649 1488 propter
1671 1438 1782 1469 eum
1809 1438 1955 1487 quam
1983 1430 2181 1488 propter
2207 1438 2259 1470 se
2285 1421 2347 1470 ab

196 1518 256 1550 eo
278 1500 585 1551 liberandum
608 1504 767 1552 saciat.
795 1522 818 1549 α
835 1503 1041 1552 Dilectio
1061 1504 1286 1570 proximi.
1311 1524 1335 1548 »
1358 1506 1482 1551 Vere
1502 1503 1587 1569 qui
1606 1502 1758 1567 diligit
1772 1502 2069 1569 proximum,
2090 1519 2191 1550 non
2207 1502 2345 1551 adul·

199 1581 388 1644 terabit,
405 1599 507 1631 non
524 1584 733 1645 occidet,
754 1594 870 1645 etc„
893 1585 1007 1649 quia
1021 1584 1210 1633 nullum
1223 1585 1415 1651 penitus
1431 1584 1613 1633 malum
1630 1594 1875 1650 operatur.
1894 1583 2034 1632 Unde
2047 1593 2245 1649 apparet
2257 1586 2347 1631 Da-

198 1664 297 1726 vid,
323 1663 444 1712 dum
467 1681 580 1712 cum
604 1664 803 1713 Betsabe
827 1665 1142 1714 fornicaretur
1157 1666 1234 1714 vel
1252 1667 1417 1715 Uriam
1437 1665 1499 1713 ad
1516 1674 1724 1713 mortem
1745 1664 1972 1731 proderet
1982 1667 2013 1724 ³,
2040 1679 2347 1729 nequaquam

198 1744 475 1808 proximum
489 1744 733 1805 dilexisse3
750 1745 834 1794 sed
847 1756 896 1793 et
911 1762 1025 1794 cum
1038 1746 1159 1794 alius
1170 1745 1300 1794 dicat
1314 1748 1347 1794 A
1352 1745 1593 1812 postolus⁸
1607 1763 1617 1792 ε
1635 1745 1756 1803 «Qui
1771 1744 1902 1793 enim
1916 1761 2016 1792 non
2029 1744 2181 1809 diligit
2193 1746 2350 1810 proxi-

198 1840 334 1872 mum
352 1841 500 1890 quem
522 1824 670 1887 videt,
692 1827 851 1874 Deum
873 1842 1020 1892 quem
1042 1843 1142 1875 non
1166 1827 1298 1876 videt
1320 1825 1574 1893 quomodo
1593 1834 1753 1892 potest-
1771 1825 2002 1891 diligere?
2026 1844 2050 1870 »
2076 1826 2244 1891 utique
2261 1842 2350 1874 nec

198 1906 355 1953 Deum
369 1914 485 1953 tunc
500 1904 722 1955 dilexisse
737 1906 945 1956 videtur.
962 1907 1227 1967 Quomodo
1245 1909 1388 1957 etiam
1403 1907 1499 1957 dici
1513 1917 1673 1974 potest
1691 1906 1896 1956 alterum
1912 1906 2109 1971 diligere
2128 1907 2249 1955 sicut
2271 1924 2350 1956 se-

199 1986 475 2053 metipsum,
500 2003 612 2036 cum
635 2004 727 2036 nec
747 1989 1058 2055 semetipsum
1079 2006 1193 2038 vere
1216 1989 1397 2055 diligat,
1423 1990 1506 2055 qui
1526 2006 1552 2037 a
1575 1998 1731 2037 morte
1753 1989 1940 2050 animae,
1969 1988 2061 2036 sibi
2083 1988 2345 2054 parcendo,

199 2087 300 2118 non
318 2070 499 2136 parcit?
523 2073 764 2138 Scriptum
783 2074 965 2139 quippe
983 2076 1108 2121 est⁸z
1133 2094 1155 2118 c<
1174 2074 1269 2133 Qui
1286 2073 1440 2138 diligit
1462 2073 1781 2138 iniquitatem,
1802 2071 1904 2120 odit
1920 2071 2132 2119 animam
2151 2087 2304 2119 suam.
2324 2093 2345 2114 ›>

268 2151 566 2201 «Plenitudo
597 2169 730 2217 ergo.
758 2171 781 2199 »
809 2153 1221 2218 Quandoquidem
1242 2154 1422 2202 scilicet
1443 2153 1651 2219 proximi
1674 2153 1819 2200 etiam
1853 2151 2046 2201 dilectio
2074 2152 2227 2217 legem
2261 2153 2348 2199 im·

200 2231 316 2295 plet,
343 2242 396 2280 ut
425 2231 609 2280 dictum
634 2242 706 2280 est
732 2250 744 2279 τ
770 2249 884 2298 ergo
913 2232 1071 2282 multo
1106 2235 1258 2299 magis
1294 2234 1356 2282 de
1388 2250 1562 2298 genere
1585 2232 1751 2299 ipsius,
1789 2232 1925 2298 quod
1953 2241 2024 2280 est
2050 2231 2266 2294 dilectio,
2300 2232 2347 2279 id

199 2312 349 2378 recipi
370 2322 576 2360 constat.
614 2315 739 2361 Cum
773 2330 890 2362 vero
915 2324 1017 2363 tota
1050 2315 1337 2364 meritorum
1364 2325 1643 2364 nostrorum
1676 2330 1865 2362 summa
1896 2314 1947 2362 in
1979 2312 2237 2361 dilectione
2261 2314 2350 2360 Dei

199 2393 432 2442 consistat
460 2403 508 2441 et
538 2395 764 2459 proximi,
790 2394 1045 2461 diligenter
1064 2406 1287 2461 utraque,
1322 2396 1361 2444 si
1383 2412 1659 2462 possumuS,
1688 2411 1716 2443 a
1745 2393 1888 2443 nobis
1911 2404 1983 2442 est
2011 2392 2345 2453 describenda,

199 2483 246 2521 et
268 2474 463 2540 insuper
486 2474 920 2524 demonstrandum
938 2477 1191 2542 quomodo
1212 2478 1531 2543 praetermissa
1548 2477 1637 2524 Dei
1656 2476 1933 2537 dilectione,
1961 2491 2068 2540 quae
2087 2475 2241 2539 maj0r
2256 2484 2343 2533 est,

199 2570 345 2602 ausus
374 2555 435 2602 sit
463 2556 721 2621 Apostolus
751 2556 911 2605 dicere
937 2556 1248 2607 dilectionem
1271 2558 1479 2624 proximi
1507 2558 1663 2623 legem
1692 2556 1911 2623 implere.
1941 2555 2147 2604 Dilectio
2175 2555 2264 2602 Dei
2291 2571 2347 2601 ex

202 2645 303 2683 toto
334 2636 484 2684 corde
510 2637 560 2685 in
590 2637 736 2686 nobis
758 2648 829 2687 est
857 2639 1040 2706 optima
1071 2639 1151 2688 illa
1180 2656 1292 2705 erga
1322 2642 1479 2688 Deum
1501 2639 1748 2700 voluntas,
1778 2653 1874 2703 qua
1904 2639 1948 2685 ei
1977 2647 2112 2686 tanto
2143 2634 2347 2701 amplius

203 2715 389 2781 placere
424 2717 692 2779 studemus,
724 2729 907 2784 quanto
931 2719 1136 2786 amplius
1161 2720 1205 2768 ei
1236 2719 1525 2785 placendum
1562 2735 1664 2767 esse
1699 2718 2106 2783 recognoscimus.
2144 2718 2210 2762 Ex
2245 2724 2349 2762 toto

201 2806 363 2844 autem
393 2797 541 2845 corde
576 2814 660 2846 seu
684 2815 743 2847 ex
776 2809 877 2847 tota
905 2802 1068 2849 anima
1090 2800 1141 2848 id
1165 2800 1367 2865 agimus,
1407 2799 1606 2864 quando
1635 2799 1704 2847 sic
1733 2798 1794 2846 ad
1827 2815 1938 2846 eum
1962 2800 2152 2863 penitus
2178 2806 2352 2845 nostrae

202 2876 472 2925 dilectionis
505 2878 826 2928 intentionem
854 2879 1123 2944 dirigimus,
1158 2889 1211 2927 ut
1247 2896 1347 2927 non
1384 2890 1482 2928 tam
1507 2879 1624 2944 quid
1657 2878 1798 2927 nobis
1823 2878 1936 2926 utile
1969 2879 2031 2926 sit
2062 2894 2211 2944 quam
2233 2876 2352 2942 quid

203 2958 248 3005 ei
271 2957 504 3024 placitum
534 2959 594 3007 sit
621 2959 943 3008 attendamus.
969 2960 1193 3026 Alioquin
1215 2977 1306 3009 nos
1334 2961 1497 3027 potius
1518 2970 1667 3025 quam
1690 2960 1849 3026 ipsum
1877 2958 2145 3008 dilectionis
2177 2966 2351 3007 nostrae

204 3037 369 3101 finem,
395 3039 446 3087 id
469 3048 540 3088 est
562 3038 757 3088 finalem
779 3050 828 3088 et
853 3057 1130 3107 supremam
1147 3041 1506 3091 institueremus
1527 3056 1739 3089 causam.
1766 3039 1970 3088 Dilectio
1994 3056 2111 3089 vero
2135 3039 2224 3088 Dei
2242 3054 2354 3103 erga

204 3135 294 3167 nos
315 3131 387 3169 est
415 3121 519 3187 ipsa
543 3120 716 3169 divinae
741 3121 900 3187 gratiae
922 3121 984 3170 de
1005 3120 1158 3172 salute
1180 3132 1345 3171 nostra
1373 3122 1647 3188 dispositio.
1679 3121 1959 3170 Proximum
1983 3138 2100 3170 vero
2123 3131 2353 3186 tanquam

254 3302 364 3346 'Luc.‚
378 3314 450 3348 cap.
469 3316 512 3349 w,
531 3317 558 3342 v.
577 3310 628 3342 36.
649 3326 683 3334 «-
698 3310 708 3329 ²
722 3310 804 3351 Περ.
825 3308 861 3350 11,
879 3318 951 3351 cap.
974 3318 1019 3351 xi,
1040 3319 1071 3344 v.
1084 3311 1119 3351 4,
1142 3311 1174 3344 ¹4
1189 3314 1223 3343 et
1241 3318 1291 3351 sq.
1307 3311 1373 3335 -⁸
1387 3308 1481 3343 Joan.
1502 3309 1529 3352 1,
1547 3318 1618 3351 cap.
1637 3317 1683 3351 tv,
1703 3318 1737 3342 v.
1761 3311 1813 3343 20.
1832 3325 1870 3332 -
1884 3306 2037 3341 ‘Pa-alm.
2056 3316 2089 3347 x,
2105 3315 2135 3338 v.
2155 3308 2187 3340 6.
