2638 3866
1017 215 1055 261 Ε
1084 214 1257 263 LlBRO
1290 215 1562 266 INCERTO.
2276 224 2372 271 729

291 315 485 361 Piz‘rnus.
524 315 580 360 Et
616 313 655 360 si
697 313 792 360 hoc
825 313 1023 377 quidem
1061 316 1209 364 modo
1250 319 1487 366 sermonis
1525 335 1641 366 usus
1681 335 1783 367 non
1822 319 2023 381 habeat,
2064 331 2117 369 ut
2152 322 2374 371 videlicet

226 403 311 443 aut
332 393 628 444 Christianos
651 410 782 441 nunc
804 395 1073 460 specialiter
1098 397 1402 445 nominemus
1427 398 1766 465 Philosophos,
1793 410 1875 448 aut
1898 417 2070 449 eorum
2096 401 2158 450 de
2181 402 2371 457 Christo

225 474 473 523 scientiam
507 483 588 522 aut
622 491 650 522 a
686 473 875 522 Christo
908 475 1133 524 traditam
1173 477 1445 540 doctrinam
1486 480 1783 546 appellemus
1816 480 2046 545 logicam,
2089 482 2372 548 profitemur

225 564 385 603 tamen
413 555 470 603 iis
487 572 593 621 quae
619 554 738 603 dicis
765 556 1020 603 nominum
1040 556 1388 623 ethymologias
1408 561 1616 608 maxime
1642 562 1931 610 consentire.
1965 566 1997 609 A
2022 566 2073 610 Β.
2102 566 2204 610 lmo
2229 565 2371 612 etiam

225 650 301 683 res
339 636 466 701 ipsas
498 635 762 701 plurimum
798 637 1025 685 attestari.
1060 640 1170 696 Quo
1210 640 1339 686 enim
1372 640 1502 706 apud
1537 641 1748 688 Gentiles
1780 641 2124 708 philosophicae
2161 645 2374 709 potiores

226 725 339 764 sunt
374 715 661 782 disciplinae,
699 725 832 764 tanto
865 717 942 765 vel
974 717 1127 765 multo
1154 720 1359 785 amplius
1392 722 1626 769 universis
1656 723 1802 769 sacris
1842 722 2195 774 eruditionibus
2228 742 2373 773 evan-

226 796 374 861 gelica
398 814 546 862 quam
574 797 788 846 Christus
812 797 1025 861 tradidit,
1055 799 1308 865 perfectior
1332 811 1402 849 est
1424 802 1693 868 disciplina.
1717 803 1812 862 Qui
1837 804 1979 850 etiam
2015 806 2110 853 suis
2143 816 2373 870 quautam

225 878 462 925 sermonis
489 877 837 927 abundantiam
870 879 1032 942 daret,
1061 879 1416 930 demonstratus
1440 883 1489 929 in
1523 884 1673 947 igneis
1704 883 1880 949 linguis
1913 883 2147 933 adventus
2175 887 2375 951 Spiritus

225 958 379 1007 sancti
413 958 702 1022 manifestat,
735 960 818 1025 qui
853 977 937 1008 eos
971 961 1193 1009 omnium
1225 961 1500 1028 linguarum
1533 964 1810 1024 varietateS,
1839 965 2060 1012 omnium
2095 983 2374 1014 sermonum

226 1055 400 1104 genera
435 1040 778 1106 perfectissime
809 1040 994 1090 docuit.
1030 1042 1169 1091 Unde
1200 1043 1434 1108 scriptum
1467 1047 1561 1092 est¹
1589 1061 1600 1092 :
1651 1065 1674 1088 «
1696 1048 1803 1092 Non
1834 1054 1945 1093 sunt
1977 1047 2179 1111 loquelae
2219 1064 2376 1112 neque

225 1136 490 1181 sermones,
526 1138 735 1186 quorum
765 1139 866 1170 non
898 1122 1156 1172 audiantur
1184 1140 1328 1172 voces
1358 1141 1590 1172 eorum.»
1615 1128 1681 1172 Ac
1706 1125 1746 1172 si
1769 1134 1931 1190 aperte
1964 1126 2205 1175 diceretur
2232 1146 2241 1173 :
2270 1131 2375 1175 Non

225 1210 338 1248 sunt
369 1201 633 1249 lectionum
662 1203 913 1251 varietates
950 1214 1033 1251 aut
1062 1204 1349 1270 eloquentiae
1387 1215 1671 1253 ornamenta
1695 1206 1770 1253 vel
1801 1223 1991 1269 genera,
2018 1224 2123 1272 quae
2152 1209 2249 1255 suis
2278 1210 2377 1274 ipse

225 1297 327 1329 non
356 1282 568 1344 dederit,
602 1283 778 1348 quibus
804 1285 948 1332 etiam
978 1287 1293 1350 promiserat,
1320 1286 1506 1335 dicens’
1532 1306 1542 1334 z
1563 1287 1706 1346 Quod
1732 1304 1842 1335 cum
1873 1288 2056 1337 veniret
2078 1290 2278 1354 Spiritus
2301 1290 2378 1337 ille

226 1362 464 1426 veritatis,
506 1363 706 1413 doceret
738 1363 846 1413 illos
885 1383 1083 1415 omnem
1115 1368 1365 1416 veritatem
1404 1386 1414 1415 ε
1454 1378 1507 1416 ut
1543 1379 1642 1416 tam
1681 1368 1839 1416 verbis
1875 1385 1958 1416 eos
1997 1386 2145 1434 quam
2181 1371 2378 1418 scientia

226 1443 463 1508 perfectos
499 1444 709 1493 efficeret
747 1464 757 1492 :
798 1455 852 1494 ut
883 1464 989 1512 quae
1018 1447 1228 1513 perfecte
1266 1459 1614 1515 cognoscerent
1641 1449 1872 1497 disserere
1902 1449 1966 1497 ad
1996 1450 2236 1515 integrum
2269 1467 2378 1516 pos—

226 1534 348 1573 sent.
378 1528 573 1584 Quanto
609 1537 773 1575 autem
804 1527 865 1576 de
898 1531 1002 1577 Deo
1026 1530 1361 1595 perfectiorem
1394 1541 1507 1578 sunt
1542 1530 1704 1596 adepti
1734 1531 1983 1579 scientiam
2013 1547 2160 1596 quam
2194 1532 2378 1596 antiqui

228 1607 411 1667 Patres,
447 1607 478 1654 ii
512 1607 597 1672 qui
620 1607 683 1656 ab
715 1609 822 1674 ipso
857 1610 1106 1673 unigenito
1134 1612 1367 1664 Deiosunt
1401 1611 1586 1673 edocti,
1619 1611 1877 1676 Gregorius
1912 1612 1961 1658 in
1993 1622 2205 1659 extrema
2247 1620 2381 1676 parte

228 1686 510 1748 Ezechielis,
548 1689 757 1737 Homilia
790 1707 859 1751 111,
895 1690 1184 1753 edisserens,
1219 1693 1285 1741 ait
1312 1710 1323 1739 z
1355 1712 1377 1736 α
1403 1695 1492 1739 Per
1523 1701 1799 1757 temporum
1831 1692 2125 1740 incrementa
2159 1692 2290 1739 venit
2331 1693 2381 1739 in

225 1767 445 1816 Patribus
489 1770 686 1818 scientia
722 1771 829 1818 Dei.
875 1771 1015 1819 Unde
1056 1772 1253 1833 Daniel,
1294 1771 1663 1820 Pertransibunt
1693 1771 1889 1837 plurimi
1925 1782 1971 1819 et
2009 1772 2258 1837 multiplex
2293 1773 2382 1819 erit

225 1848 442 1897 scientia.
470 1868 494 1895 »
529 1852 581 1897 P.
610 1853 668 1897 Et
698 1850 795 1898 hoc
823 1867 1021 1916 quoque
1043 1851 1250 1901 libenter
1273 1852 1537 1919 accipimus
1563 1851 1699 1918 quod
1729 1861 1776 1900 et
1808 1853 1980 1900 veritas
2015 1852 2185 1912 habet,
2220 1863 2267 1900 et
2291 1870 2380 1900 no·

225 1937 329 1976 strae
352 1928 466 1977 fidei
494 1930 846 1996 professionem
881 1932 1211 1982 commendat.
1239 1935 1432 2000 Quippe
1462 1934 1714 1999 quomodo
1746 1950 1831 1999 per
1854 1933 2244 1999 praedicationem
2271 1950 2381 1998 pau-

225 2025 397 2058 corum
428 2021 476 2059 et
498 2011 789 2077 simplicium
820 2012 1079 2061 hominum
1109 2023 1182 2062 tot
1203 2015 1253 2061 in
1278 2015 1512 2062 universis
1534 2014 1707 2061 mundi
1732 2014 1950 2080 partibus
1976 2013 2190 2061 Christus
2215 2014 2378 2078 acqui-

225 2090 386 2152 sisset,
426 2092 518 2139 nisi
551 2108 636 2139 eos
671 2093 871 2146 interius
898 2095 1023 2143 mira
1056 2095 1290 2159 sapientia
1321 2096 1552 2160 repleret,
1591 2105 1734 2159 atque
1767 2094 2079 2142 exterioribus
2113 2093 2380 2141 rationibus

225 2171 489 2219 verborum
538 2183 681 2237 atque
716 2173 1002 2239 eloquentiae
1044 2175 1195 2239 gratia
1226 2175 1508 2240 insigniret?
1547 2176 1681 2222 Sicut
1719 2175 1849 2222 enim
1892 2176 1940 2221 in
1980 2175 2082 2239 ipsa
2123 2174 2381 2221 Rhetoricae

226 2252 413 2301 fronte³
441 2252 621 2301 Tullius
650 2255 892 2317 meminit,
926 2259 1079 2304 Nemo
1116 2256 1208 2303 nisi
1245 2256 1479 2321 sapientia
1512 2265 1559 2304 et
1591 2255 1867 2320 eloquentia
1900 2254 2129 2320 praeditus
2158 2254 2380 2303 homines

226 2349 253 2380 a
267 2333 487 2398 jucunda
510 2350 596 2383 sua
623 2335 975 2384 consuetudine
997 2352 1105 2401 quae
1136 2337 1399 2401 praesertim
1427 2337 1529 2401 jam
1554 2347 1735 2384 naturae
1758 2336 1858 2384 vim
1896 2334 2152 2396 obtineret,
2183 2344 2381 2400 propter

227 2424 511 2464 vetustatem
544 2426 854 2477 convertere,
886 2426 935 2465 et
969 2417 1031 2465 ad
1061 2417 1274 2465 diversas
1309 2418 1519 2465 rationes
1550 2418 1658 2465 vitae
1690 2416 1942 2465 traducere
1979 2425 2155 2481 posset.
2186 2418 2381 2473 Quanto

227 2505 391 2544 autem
415 2496 685 2546 difficiliora
707 2498 934 2546 videntur
952 2514 1008 2547 ac
1030 2498 1319 2564 perfectiora
1338 2497 1514 2546 Christi
1534 2507 1791 2564 praecepta,
1817 2496 1972 2561 major
1991 2494 2380 2561 praedicatoribus

227 2576 328 2640 ejus
365 2576 589 2625 discretio
629 2588 677 2626 et
712 2578 988 2644 eloquentia
1025 2577 1319 2627 conferenda
1348 2588 1466 2627 erat.
1504 2582 1542 2626 A
1579 2581 1631 2626 P.
1669 2580 1806 2626 Certe
1848 2577 1917 2624 nil
1949 2577 2105 2624 verius
2139 2592 2196 2623 ac
2231 2575 2382 2639 magis

231 2658 408 2705 rationi
441 2669 824 2708 consentaneum
853 2676 999 2725 quam
1035 2669 1088 2707 ut
1122 2659 1317 2724 optimis
1350 2669 1449 2707 tam
1484 2659 1690 2707 scientiae
1723 2673 1869 2722 quam
1906 2657 2189 2722 eloquentiae
2221 2658 2382 2703 muni—

228 2747 397 2785 rentur
430 2739 602 2798 armis,
629 2756 840 2804 quorum
872 2740 1148 2805 praedicatio
1175 2739 1238 2787 ad
1270 2740 1549 2788 universum
1572 2737 1923 2804 acquirendum
1952 2735 2193 2784 mundum
2225 2752 2254 2784 a
2284 2738 2382 2783 Do·-

228 2818 363 2866 mino
393 2818 741 2880 destinabatur,
771 2830 824 2868 ut
851 2837 963 2868 cum
996 2820 1173 2874 fiducia
1200 2819 1404 2868 verbum
1427 2819 1654 2867 omnibus
1676 2817 2019 2886 praedicarent,
2047 2834 2171 2882 quos
2201 2826 2248 2865 et
2279 2817 2382 2883 ipse

228 2914 342 2946 cum
365 2899 530 2959 mittit,
558 2900 817 2961 confortat,
855 2901 1047 2949 dicens⁴
1076 2919 1088 2949 :
1115 2920 1137 2945 <t
1160 2903 1283 2948 Cum
1313 2901 1536 2948 steteritis
1570 2888 1683 2948 ante
1706 2902 1854 2964 Reges
1880 2908 1927 2946 et
1951 2897 2205 2956 Praesides,
2235 2895 2383 2944 nolite

228 2979 440 3042 cogitare
474 2979 726 3045 quomodo
762 2991 846 3029 aut
879 2980 1000 3047 quid
1029 2980 1317 3046 loquamini.
1353 2981 1558 3029 Dabitur
1589 2981 1720 3029 enim
1753 2979 1895 3028 vobis
1920 2979 1970 3026 in
2007 2977 2087 3027 illa
2111 2978 2235 3026 hora
2261 2976 2379 3041 quid

228 3058 515 3124 loquamini.
540 3079 561 3105 υ

274 3228 540 3272 'Psalm.xvu1,
554 3239 584 3264 v.
602 3232 634 3265 4.
660 3248 697 3255 —
726 3229 863 3274 ²Joan.,
882 3240 955 3273 cap.
974 3239 1041 3274 xvi,
1060 3240 1089 3265 v.
1113 3233 1164 3266 13.
1189 3247 1230 3256 -
1262 3231 1274 3252 ³
1289 3231 1382 3266 Ficte
1397 3232 1495 3266 Amb.
1511 3230 1560 3264 Cf.
1581 3229 1705 3264 invent.
1723 3230 1820 3264 Rhet.
1836 3228 1908 3272 1,1,
1922 3237 1959 3263 11.
1974 3246 2015 3253 —
2047 3230 2057 3250 ⁴
2077 3227 2193 3268 Marc,
2214 3235 2285 3267 cap.
2306 3232 2378 3265 xm,

229 3289 260 3313 v.
277 3282 329 3316 11.

390 3348 422 3373 11
2092 3333 2143 3371 92
