<?xml version="1.0" encoding="UTF-8"?>
<!DOCTYPE html PUBLIC "-//W3C//DTD XHTML 1.0 Transitional//EN"
    "http://www.w3.org/TR/xhtml1/DTD/xhtml1-transitional.dtd">
<html xmlns="http://www.w3.org/1999/xhtml" xml:lang="en" lang="en">
 <head>
  <title>
</title>
<meta http-equiv="Content-Type" content="text/html;charset=utf-8" />
  <meta name='ocr-system' content='tesseract 3.04.00' />
  <meta name='ocr-capabilities' content='ocr_page ocr_carea ocr_par ocr_line ocrx_word'/>
</head>
<body>
  <div class='ocr_page' id='page_1' title='image "./operahactenusseo00abeluoft_0448.png"; bbox 0 0 2638 3866; ppageno 0'>
   <div class='ocr_carea' id='block_1_1' title="bbox 220 243 1555 295">
    <p class='ocr_par' dir='ltr' id='par_1_1' title="bbox 220 243 1555 295">
     <span class='ocr_line' id='line_1_1' title="bbox 220 243 1555 295; baseline -0.003 -1"><span class='ocrx_word' id='word_1_1' title='bbox 220 247 315 295; x_wconf 69' lang='lat'>438</span> <span class='ocrx_word' id='word_1_2' title='bbox 938 284 940 287; x_wconf 94' lang='lat'>.</span> <span class='ocrx_word' id='word_1_3' title='bbox 1030 243 1202 291; x_wconf 86' lang='lat' dir='ltr'>PETRI</span> <span class='ocrx_word' id='word_1_4' title='bbox 1238 243 1555 291; x_wconf 84' lang='lat' dir='ltr'><strong>ABAELARDI</strong></span> 
     </span>
    </p>
   </div>
   <div class='ocr_carea' id='block_1_2' title="bbox 222 344 2418 2431">
    <p class='ocr_par' dir='ltr' id='par_1_2' title="bbox 222 344 2418 2431">
     <span class='ocr_line' id='line_1_2' title="bbox 222 344 2358 415; baseline -0.002 -17"><span class='ocrx_word' id='word_1_5' title='bbox 222 362 430 415; x_wconf 89' lang='lat' dir='ltr'>tempus,</span> <span class='ocrx_word' id='word_1_6' title='bbox 471 358 645 404; x_wconf 81' lang='lat' dir='ltr'>aelateS,</span> <span class='ocrx_word' id='word_1_7' title='bbox 683 363 795 393; x_wconf 91' lang='lat' dir='ltr'>cum</span> <span class='ocrx_word' id='word_1_8' title='bbox 827 346 1037 393; x_wconf 93' lang='lat' dir='ltr'>otiosum</span> <span class='ocrx_word' id='word_1_9' title='bbox 1071 344 1271 392; x_wconf 90' lang='lat' dir='ltr'>verbum</span> <span class='ocrx_word' id='word_1_10' title='bbox 1308 344 1570 410; x_wconf 88' lang='lat' dir='ltr'>loquimur,</span> <span class='ocrx_word' id='word_1_11' title='bbox 1607 360 1697 410; x_wconf 89' lang='lat' dir='ltr'>pro</span> <span class='ocrx_word' id='word_1_12' title='bbox 1732 361 1830 409; x_wconf 88' lang='lat' dir='ltr'>quo</span> <span class='ocrx_word' id='word_1_13' title='bbox 1866 344 2101 391; x_wconf 85' lang='lat' dir='ltr'>rationem</span> <span class='ocrx_word' id='word_1_14' title='bbox 2126 344 2358 393; x_wconf 75' lang='lat' dir='ltr'>reddituri</span> 
     </span>
     <span class='ocr_line' id='line_1_3' title="bbox 224 425 2418 492; baseline -0.002 -14"><span class='ocrx_word' id='word_1_15' title='bbox 224 447 387 478; x_wconf 91' lang='lat' dir='ltr'>sumus</span> <span class='ocrx_word' id='word_1_16' title='bbox 404 431 452 476; x_wconf 92' lang='lat' dir='ltr'>in</span> <span class='ocrx_word' id='word_1_17' title='bbox 477 429 553 475; x_wconf 91' lang='lat' dir='ltr'>die</span> <span class='ocrx_word' id='word_1_18' title='bbox 570 427 773 492; x_wconf 79' lang='lat' dir='ltr'>judicii.⁸</span> <span class='ocrx_word' id='word_1_19' title='bbox 797 426 942 484; x_wconf 89' lang='lat' dir='ltr'>Quod</span> <span class='ocrx_word' id='word_1_20' title='bbox 965 427 1004 473; x_wconf 92' lang='lat' dir='ltr'>si</span> <span class='ocrx_word' id='word_1_21' title='bbox 1027 426 1129 474; x_wconf 87' lang='lat' dir='ltr'>haec</span> <span class='ocrx_word' id='word_1_22' title='bbox 1149 426 1227 473; x_wconf 90' lang='lat' dir='ltr'>ille</span> <span class='ocrx_word' id='word_1_23' title='bbox 1243 426 1345 474; x_wconf 90' lang='lat' dir='ltr'>sine</span> <span class='ocrx_word' id='word_1_24' title='bbox 1358 426 1479 489; x_wconf 88' lang='lat' dir='ltr'>lege,</span> <span class='ocrx_word' id='word_1_25' title='bbox 1496 426 1598 472; x_wconf 87' lang='lat' dir='ltr'>sine</span> <span class='ocrx_word' id='word_1_26' title='bbox 1620 425 1883 489; x_wconf 89' lang='lat' dir='ltr'>evangelio,</span> <span class='ocrx_word' id='word_1_27' title='bbox 1911 425 2012 472; x_wconf 88' lang='lat' dir='ltr'>sine</span> <span class='ocrx_word' id='word_1_28' title='bbox 2029 426 2358 490; x_wconf 87' lang='lat' dir='ltr'>apostolorum</span> <span class='ocrx_word' id='word_1_29' title='bbox 2415 459 2418 462; x_wconf 86' lang='lat'><em>-</em></span> 
     </span>
     <span class='ocr_line' id='line_1_4' title="bbox 226 506 2359 573; baseline -0.002 -16"><span class='ocrx_word' id='word_1_30' title='bbox 226 511 445 558; x_wconf 90' lang='lat' dir='ltr'>doctrina</span> <span class='ocrx_word' id='word_1_31' title='bbox 467 508 747 556; x_wconf 81' lang='lat' dir='ltr'>naturaliter</span> <span class='ocrx_word' id='word_1_32' title='bbox 769 519 815 555; x_wconf 90' lang='lat' dir='ltr'>et</span> <span class='ocrx_word' id='word_1_33' title='bbox 832 508 949 555; x_wconf 85' lang='lat' dir='ltr'>dixit</span> <span class='ocrx_word' id='word_1_34' title='bbox 965 517 1012 554; x_wconf 92' lang='lat' dir='ltr'>et</span> <span class='ocrx_word' id='word_1_35' title='bbox 1032 507 1164 568; x_wconf 87' lang='lat' dir='ltr'>fecit;</span> <span class='ocrx_word' id='word_1_36' title='bbox 1186 507 1304 572; x_wconf 91' lang='lat' dir='ltr'>quid</span> <span class='ocrx_word' id='word_1_37' title='bbox 1323 524 1412 554; x_wconf 92' lang='lat' dir='ltr'>nos</span> <span class='ocrx_word' id='word_1_38' title='bbox 1431 516 1622 573; x_wconf 82' lang='lat' dir='ltr'>oportet</span> <span class='ocrx_word' id='word_1_39' title='bbox 1641 506 1810 567; x_wconf 86' lang='lat' dir='ltr'>facere,</span> <span class='ocrx_word' id='word_1_40' title='bbox 1831 508 1880 553; x_wconf 90' lang='lat' dir='ltr'>in</span> <span class='ocrx_word' id='word_1_41' title='bbox 1896 523 2104 571; x_wconf 84' lang='lat' dir='ltr'>quorum</span> <span class='ocrx_word' id='word_1_42' title='bbox 2127 506 2359 554; x_wconf 89' lang='lat' dir='ltr'>condem-</span> 
     </span>
     <span class='ocr_line' id='line_1_5' title="bbox 227 586 2356 651; baseline -0.003 -14"><span class='ocrx_word' id='word_1_43' title='bbox 227 591 472 637; x_wconf 85' lang='lat' dir='ltr'>nationem</span> <span class='ocrx_word' id='word_1_44' title='bbox 486 588 632 636; x_wconf 90' lang='lat' dir='ltr'>habet</span> <span class='ocrx_word' id='word_1_45' title='bbox 654 599 700 635; x_wconf 90' lang='lat' dir='ltr'>et</span> <span class='ocrx_word' id='word_1_46' title='bbox 720 592 845 635; x_wconf 88' lang='lat' dir='ltr'>Juno</span> <span class='ocrx_word' id='word_1_47' title='bbox 866 589 1093 650; x_wconf 83' lang='lat' dir='ltr'>univiras,</span> <span class='ocrx_word' id='word_1_48' title='bbox 1117 598 1163 636; x_wconf 94' lang='lat' dir='ltr'>et</span> <span class='ocrx_word' id='word_1_49' title='bbox 1179 591 1320 635; x_wconf 89' lang='lat' dir='ltr'>Vesta</span> <span class='ocrx_word' id='word_1_50' title='bbox 1337 587 1645 651; x_wconf 84' lang='lat' dir='ltr'>univirgines,</span> <span class='ocrx_word' id='word_1_51' title='bbox 1668 597 1715 634; x_wconf 88' lang='lat' dir='ltr'>et</span> <span class='ocrx_word' id='word_1_52' title='bbox 1729 587 1820 635; x_wconf 88' lang='lat' dir='ltr'>alia</span> <span class='ocrx_word' id='word_1_53' title='bbox 1837 586 1967 634; x_wconf 90' lang='lat' dir='ltr'>idola</span> <span class='ocrx_word' id='word_1_54' title='bbox 1985 587 2318 634; x_wconf 81' lang='lat' dir='ltr'>continentes?</span> <span class='ocrx_word' id='word_1_55' title='bbox 2333 606 2356 630; x_wconf 90' lang='lat'>»</span> 
     </span>
     <span class='ocr_line' id='line_1_6' title="bbox 226 667 2360 734; baseline -0.001 -18"><span class='ocrx_word' id='word_1_56' title='bbox 226 675 440 733; x_wconf 84' lang='lat' dir='ltr'>Legerat,</span> <span class='ocrx_word' id='word_1_57' title='bbox 470 669 522 716; x_wconf 93' lang='lat' dir='ltr'>ni</span> <span class='ocrx_word' id='word_1_58' title='bbox 544 670 697 728; x_wconf 78' lang='lat' dir='ltr'>fallor,</span> <span class='ocrx_word' id='word_1_59' title='bbox 732 669 985 734; x_wconf 83' lang='lat' dir='ltr'>praedictus</span> <span class='ocrx_word' id='word_1_60' title='bbox 1018 678 1209 716; x_wconf 88' lang='lat' dir='ltr'>sanctus</span> <span class='ocrx_word' id='word_1_61' title='bbox 1241 668 1360 716; x_wconf 92' lang='lat' dir='ltr'>illud</span> <span class='ocrx_word' id='word_1_62' title='bbox 1384 668 1598 715; x_wconf 91' lang='lat' dir='ltr'>Suetonii</span> <span class='ocrx_word' id='word_1_63' title='bbox 1618 667 1631 690; x_wconf 76' lang='lat'><em>²</em></span> <span class='ocrx_word' id='word_1_64' title='bbox 1652 703 1664 727; x_wconf 88' lang='lat'>,</span> <span class='ocrx_word' id='word_1_65' title='bbox 1693 668 1766 716; x_wconf 88' lang='lat' dir='ltr'>vel</span> <span class='ocrx_word' id='word_1_66' title='bbox 1797 667 2070 726; x_wconf 84' lang='lat' dir='ltr'>consimile,</span> <span class='ocrx_word' id='word_1_67' title='bbox 2111 667 2171 714; x_wconf 92' lang='lat' dir='ltr'>de</span> <span class='ocrx_word' id='word_1_68' title='bbox 2200 667 2360 722; x_wconf 52' lang='lat' dir='ltr'>excele</span> 
     </span>
     <span class='ocr_line' id='line_1_7' title="bbox 222 748 2361 815; baseline -0.001 -18"><span class='ocrx_word' id='word_1_69' title='bbox 222 751 367 797; x_wconf 90' lang='lat' dir='ltr'>lentia</span> <span class='ocrx_word' id='word_1_70' title='bbox 390 766 534 815; x_wconf 89' lang='lat' dir='ltr'>supra</span> <span class='ocrx_word' id='word_1_71' title='bbox 550 750 786 797; x_wconf 87' lang='lat' dir='ltr'>nominati</span> <span class='ocrx_word' id='word_1_72' title='bbox 812 750 1042 815; x_wconf 90' lang='lat' dir='ltr'>principis</span> <span class='ocrx_word' id='word_1_73' title='bbox 1063 767 1073 796; x_wconf 75' lang='grc' dir='ltr'>ε</span> <span class='ocrx_word' id='word_1_74' title='bbox 1103 769 1125 794; x_wconf 91' lang='lat'>«</span> <span class='ocrx_word' id='word_1_75' title='bbox 1142 751 1272 797; x_wconf 90' lang='lat' dir='ltr'>Titus</span> <span class='ocrx_word' id='word_1_76' title='bbox 1291 766 1429 797; x_wconf 89' lang='lat' dir='ltr'>amor</span> <span class='ocrx_word' id='word_1_77' title='bbox 1445 759 1492 796; x_wconf 92' lang='lat' dir='ltr'>et</span> <span class='ocrx_word' id='word_1_78' title='bbox 1509 748 1688 796; x_wconf 82' lang='lat' dir='ltr'>deliciae</span> <span class='ocrx_word' id='word_1_79' title='bbox 1701 749 1885 813; x_wconf 85' lang='lat' dir='ltr'>generis</span> <span class='ocrx_word' id='word_1_80' title='bbox 1902 749 2120 807; x_wconf 87' lang='lat' dir='ltr'>humani,</span> <span class='ocrx_word' id='word_1_81' title='bbox 2142 748 2192 794; x_wconf 93' lang='lat' dir='ltr'>id</span> <span class='ocrx_word' id='word_1_82' title='bbox 2209 748 2361 795; x_wconf 91' lang='lat' dir='ltr'>obsti-</span> 
     </span>
     <span class='ocr_line' id='line_1_8' title="bbox 224 829 2361 896; baseline -0.001 -19"><span class='ocrx_word' id='word_1_83' title='bbox 224 832 467 879; x_wconf 89' lang='lat' dir='ltr'>natissime</span> <span class='ocrx_word' id='word_1_84' title='bbox 491 831 663 892; x_wconf 89' lang='lat' dir='ltr'>tenuit,</span> <span class='ocrx_word' id='word_1_85' title='bbox 687 848 749 878; x_wconf 90' lang='lat' dir='ltr'>ne</span> <span class='ocrx_word' id='word_1_86' title='bbox 774 848 1068 896; x_wconf 89' lang='lat' dir='ltr'>quemquam</span> <span class='ocrx_word' id='word_1_87' title='bbox 1090 831 1153 878; x_wconf 90' lang='lat' dir='ltr'>ad</span> <span class='ocrx_word' id='word_1_88' title='bbox 1179 848 1229 878; x_wconf 91' lang='lat' dir='ltr'>se</span> <span class='ocrx_word' id='word_1_89' title='bbox 1251 830 1559 878; x_wconf 87' lang='lat' dir='ltr'>accedentem</span> <span class='ocrx_word' id='word_1_90' title='bbox 1581 830 1856 895; x_wconf 89' lang='lat' dir='ltr'>postulandi</span> <span class='ocrx_word' id='word_1_91' title='bbox 1888 830 2034 893; x_wconf 85' lang='lat' dir='ltr'>gratia</span> <span class='ocrx_word' id='word_1_92' title='bbox 2056 830 2158 876; x_wconf 90' lang='lat' dir='ltr'>sine</span> <span class='ocrx_word' id='word_1_93' title='bbox 2185 846 2268 894; x_wconf 91' lang='lat' dir='ltr'>spe</span> <span class='ocrx_word' id='word_1_94' title='bbox 2288 829 2361 876; x_wconf 87' lang='lat' dir='ltr'>di-</span> 
     </span>
     <span class='ocr_line' id='line_1_9' title="bbox 225 910 2362 976; baseline -0.001 -18"><span class='ocrx_word' id='word_1_95' title='bbox 225 913 447 959; x_wconf 85' lang='lat' dir='ltr'>mitteret.</span> <span class='ocrx_word' id='word_1_96' title='bbox 474 913 602 970; x_wconf 88' lang='lat' dir='ltr'>Quin</span> <span class='ocrx_word' id='word_1_97' title='bbox 636 913 779 960; x_wconf 88' lang='lat' dir='ltr'>etiam</span> <span class='ocrx_word' id='word_1_98' title='bbox 810 912 1185 961; x_wconf 89' lang='lat' dir='ltr'>admonentibus</span> <span class='ocrx_word' id='word_1_99' title='bbox 1221 911 1495 959; x_wconf 90' lang='lat' dir='ltr'>domesticis</span> <span class='ocrx_word' id='word_1_100' title='bbox 1520 912 1654 975; x_wconf 92' lang='lat' dir='ltr'>quod</span> <span class='ocrx_word' id='word_1_101' title='bbox 1686 911 1824 976; x_wconf 92' lang='lat' dir='ltr'>plura</span> <span class='ocrx_word' id='word_1_102' title='bbox 1862 910 2184 976; x_wconf 84' lang='lat' dir='ltr'>polliceretur,</span> <span class='ocrx_word' id='word_1_103' title='bbox 2214 926 2362 974; x_wconf 81' lang='lat' dir='ltr'>quam</span> 
     </span>
     <span class='ocr_line' id='line_1_10' title="bbox 224 988 2363 1058; baseline -0.001 -19"><span class='ocrx_word' id='word_1_104' title='bbox 224 1003 445 1057; x_wconf 85' lang='lat' dir='ltr'>praestare</span> <span class='ocrx_word' id='word_1_105' title='bbox 476 1003 652 1058; x_wconf 91' lang='lat' dir='ltr'>posset,</span> <span class='ocrx_word' id='word_1_106' title='bbox 680 1010 780 1039; x_wconf 91' lang='lat' dir='ltr'>non</span> <span class='ocrx_word' id='word_1_107' title='bbox 811 1003 1034 1058; x_wconf 87' lang='lat' dir='ltr'>oportere</span> <span class='ocrx_word' id='word_1_108' title='bbox 1068 993 1133 1040; x_wconf 85' lang='lat' dir='ltr'>ait</span> <span class='ocrx_word' id='word_1_109' title='bbox 1167 1009 1461 1057; x_wconf 88' lang='lat' dir='ltr'>quemquam</span> <span class='ocrx_word' id='word_1_110' title='bbox 1496 1009 1525 1039; x_wconf 86' lang='lat' dir='ltr'>a</span> <span class='ocrx_word' id='word_1_111' title='bbox 1554 1007 1774 1039; x_wconf 89' lang='lat' dir='ltr'>sermone</span> <span class='ocrx_word' id='word_1_112' title='bbox 1808 992 2037 1057; x_wconf 90' lang='lat' dir='ltr'>principis</span> <span class='ocrx_word' id='word_1_113' title='bbox 2061 991 2243 1037; x_wconf 89' lang='lat' dir='ltr'>tristem</span> <span class='ocrx_word' id='word_1_114' title='bbox 2267 988 2363 1037; x_wconf 86' lang='lat' dir='ltr'>dis-</span> 
     </span>
     <span class='ocr_line' id='line_1_11' title="bbox 224 1072 2360 1140; baseline -0 -21"><span class='ocrx_word' id='word_1_115' title='bbox 224 1073 412 1121; x_wconf 87' lang='lat' dir='ltr'>cedere.</span> <span class='ocrx_word' id='word_1_116' title='bbox 443 1074 575 1121; x_wconf 92' lang='lat' dir='ltr'>Idem</span> <span class='ocrx_word' id='word_1_117' title='bbox 600 1074 879 1122; x_wconf 84' lang='lat' dir='ltr'>recordatus</span> <span class='ocrx_word' id='word_1_118' title='bbox 902 1091 1045 1140; x_wconf 89' lang='lat' dir='ltr'>super</span> <span class='ocrx_word' id='word_1_119' title='bbox 1067 1091 1255 1122; x_wconf 89' lang='lat' dir='ltr'>coenam</span> <span class='ocrx_word' id='word_1_120' title='bbox 1283 1074 1416 1138; x_wconf 91' lang='lat' dir='ltr'>quod</span> <span class='ocrx_word' id='word_1_121' title='bbox 1437 1073 1558 1120; x_wconf 92' lang='lat' dir='ltr'>nihil</span> <span class='ocrx_word' id='word_1_122' title='bbox 1583 1084 1683 1121; x_wconf 88' lang='lat' dir='ltr'>tota</span> <span class='ocrx_word' id='word_1_123' title='bbox 1707 1073 1785 1121; x_wconf 90' lang='lat' dir='ltr'>die</span> <span class='ocrx_word' id='word_1_124' title='bbox 1807 1074 2033 1137; x_wconf 89' lang='lat' dir='ltr'>cuiquam</span> <span class='ocrx_word' id='word_1_125' title='bbox 2057 1072 2360 1138; x_wconf 82' lang='lat' dir='ltr'>praestitisset,</span> 
     </span>
     <span class='ocr_line' id='line_1_12' title="bbox 224 1153 2365 1221; baseline -0 -21"><span class='ocrx_word' id='word_1_126' title='bbox 224 1154 341 1201; x_wconf 86' lang='lat' dir='ltr'>dixit</span> <span class='ocrx_word' id='word_1_127' title='bbox 370 1172 380 1200; x_wconf 90' lang='lat'><strong>:</strong></span> <span class='ocrx_word' id='word_1_128' title='bbox 410 1155 578 1216; x_wconf 90' lang='lat' dir='ltr'>Amici,</span> <span class='ocrx_word' id='word_1_129' title='bbox 603 1155 732 1202; x_wconf 91' lang='lat' dir='ltr'>diem</span> <span class='ocrx_word' id='word_1_130' title='bbox 754 1156 959 1221; x_wconf 90' lang='lat' dir='ltr'>perdidi.</span> <span class='ocrx_word' id='word_1_131' title='bbox 984 1155 1116 1203; x_wconf 90' lang='lat' dir='ltr'>Idem</span> <span class='ocrx_word' id='word_1_132' title='bbox 1137 1155 1309 1203; x_wconf 88' lang='lat' dir='ltr'>febrim</span> <span class='ocrx_word' id='word_1_133' title='bbox 1333 1164 1501 1202; x_wconf 87' lang='lat' dir='ltr'>nactus</span> <span class='ocrx_word' id='word_1_134' title='bbox 1521 1170 1615 1219; x_wconf 90' lang='lat' dir='ltr'>qua</span> <span class='ocrx_word' id='word_1_135' title='bbox 1637 1165 1686 1202; x_wconf 93' lang='lat' dir='ltr'>et</span> <span class='ocrx_word' id='word_1_136' title='bbox 1702 1164 1937 1216; x_wconf 90' lang='lat' dir='ltr'>mortuus,</span> <span class='ocrx_word' id='word_1_137' title='bbox 1964 1171 2077 1201; x_wconf 90' lang='lat' dir='ltr'>cum</span> <span class='ocrx_word' id='word_1_138' title='bbox 2103 1153 2268 1200; x_wconf 88' lang='lat' dir='ltr'>lectica</span> <span class='ocrx_word' id='word_1_139' title='bbox 2285 1169 2365 1199; x_wconf 89' lang='lat' dir='ltr'>ve-</span> 
     </span>
     <span class='ocr_line' id='line_1_13' title="bbox 223 1234 2367 1301; baseline -0.001 -20"><span class='ocrx_word' id='word_1_140' title='bbox 223 1234 434 1296; x_wconf 89' lang='lat' dir='ltr'>heretur,</span> <span class='ocrx_word' id='word_1_141' title='bbox 460 1238 724 1301; x_wconf 87' lang='lat' dir='ltr'>suspexisse</span> <span class='ocrx_word' id='word_1_142' title='bbox 741 1236 915 1284; x_wconf 90' lang='lat' dir='ltr'>dicitur</span> <span class='ocrx_word' id='word_1_143' title='bbox 934 1237 1129 1296; x_wconf 90' lang='lat' dir='ltr'>coelum,</span> <span class='ocrx_word' id='word_1_144' title='bbox 1148 1237 1451 1300; x_wconf 91' lang='lat' dir='ltr'>multumque</span> <span class='ocrx_word' id='word_1_145' title='bbox 1465 1246 1756 1300; x_wconf 86' lang='lat' dir='ltr'>conquestus</span> <span class='ocrx_word' id='word_1_146' title='bbox 1775 1245 1844 1283; x_wconf 91' lang='lat' dir='ltr'>est</span> <span class='ocrx_word' id='word_1_147' title='bbox 1861 1236 1980 1300; x_wconf 89' lang='lat' dir='ltr'>eripi</span> <span class='ocrx_word' id='word_1_148' title='bbox 2003 1234 2092 1282; x_wconf 91' lang='lat' dir='ltr'>sibi</span> <span class='ocrx_word' id='word_1_149' title='bbox 2115 1235 2261 1281; x_wconf 87' lang='lat' dir='ltr'>vitam</span> <span class='ocrx_word' id='word_1_150' title='bbox 2279 1235 2367 1279; x_wconf 92' lang='lat' dir='ltr'>im-</span> 
     </span>
     <span class='ocr_line' id='line_1_14' title="bbox 224 1313 2362 1381; baseline 0 -20"><span class='ocrx_word' id='word_1_151' title='bbox 224 1317 444 1363; x_wconf 86' lang='lat' dir='ltr'>merenti.</span> <span class='ocrx_word' id='word_1_152' title='bbox 477 1320 642 1381; x_wconf 88' lang='lat' dir='ltr'>Neque</span> <span class='ocrx_word' id='word_1_153' title='bbox 663 1318 792 1364; x_wconf 90' lang='lat' dir='ltr'>enim</span> <span class='ocrx_word' id='word_1_154' title='bbox 815 1328 974 1365; x_wconf 86' lang='lat' dir='ltr'>extare</span> <span class='ocrx_word' id='word_1_155' title='bbox 997 1318 1150 1364; x_wconf 90' lang='lat' dir='ltr'>ullum</span> <span class='ocrx_word' id='word_1_156' title='bbox 1176 1333 1318 1364; x_wconf 88' lang='lat' dir='ltr'>suum</span> <span class='ocrx_word' id='word_1_157' title='bbox 1344 1317 1540 1377; x_wconf 86' lang='lat' dir='ltr'>factum,</span> <span class='ocrx_word' id='word_1_158' title='bbox 1575 1316 1705 1381; x_wconf 92' lang='lat' dir='ltr'>quod</span> <span class='ocrx_word' id='word_1_159' title='bbox 1733 1316 1822 1364; x_wconf 90' lang='lat' dir='ltr'>sibi</span> <span class='ocrx_word' id='word_1_160' title='bbox 1856 1325 1978 1363; x_wconf 81' lang='lat' dir='ltr'>esset</span> <span class='ocrx_word' id='word_1_161' title='bbox 2009 1313 2362 1381; x_wconf 85' lang='lat' dir='ltr'>poenitendum,</span> 
     </span>
     <span class='ocr_line' id='line_1_15' title="bbox 224 1395 2368 1463; baseline -0.001 -21"><span class='ocrx_word' id='word_1_162' title='bbox 224 1406 423 1461; x_wconf 88' lang='lat' dir='ltr'>excepto</span> <span class='ocrx_word' id='word_1_163' title='bbox 447 1397 697 1445; x_wconf 82' lang='lat' dir='ltr'>dumtaxat</span> <span class='ocrx_word' id='word_1_164' title='bbox 723 1415 822 1444; x_wconf 92' lang='lat' dir='ltr'>uno</span> <span class='ocrx_word' id='word_1_165' title='bbox 843 1416 854 1457; x_wconf 83' lang='lat'><em>3</em></span> <span class='ocrx_word' id='word_1_166' title='bbox 882 1398 931 1444; x_wconf 92' lang='lat' dir='ltr'>id</span> <span class='ocrx_word' id='word_1_167' title='bbox 954 1399 1094 1462; x_wconf 90' lang='lat' dir='ltr'>quale</span> <span class='ocrx_word' id='word_1_168' title='bbox 1117 1398 1275 1458; x_wconf 87' lang='lat' dir='ltr'>fuerit,</span> <span class='ocrx_word' id='word_1_169' title='bbox 1307 1415 1396 1445; x_wconf 92' lang='lat' dir='ltr'>nec</span> <span class='ocrx_word' id='word_1_170' title='bbox 1424 1399 1524 1463; x_wconf 91' lang='lat' dir='ltr'>ipse</span> <span class='ocrx_word' id='word_1_171' title='bbox 1557 1408 1671 1445; x_wconf 88' lang='lat' dir='ltr'>tunc</span> <span class='ocrx_word' id='word_1_172' title='bbox 1702 1396 1935 1463; x_wconf 89' lang='lat' dir='ltr'>prodidit,</span> <span class='ocrx_word' id='word_1_173' title='bbox 1961 1412 2119 1460; x_wconf 90' lang='lat' dir='ltr'>neque</span> <span class='ocrx_word' id='word_1_174' title='bbox 2141 1395 2368 1459; x_wconf 89' lang='lat' dir='ltr'>cuiquam</span> 
     </span>
     <span class='ocr_line' id='line_1_16' title="bbox 227 1474 2367 1544; baseline -0.001 -22"><span class='ocrx_word' id='word_1_175' title='bbox 227 1487 398 1524; x_wconf 89' lang='lat' dir='ltr'>notum</span> <span class='ocrx_word' id='word_1_176' title='bbox 424 1477 526 1524; x_wconf 89' lang='lat' dir='ltr'>fuit.</span> <span class='ocrx_word' id='word_1_177' title='bbox 559 1498 581 1521; x_wconf 69' lang='lat'>2&gt;</span> <span class='ocrx_word' id='word_1_178' title='bbox 610 1481 680 1525; x_wconf 90' lang='lat' dir='ltr'>De</span> <span class='ocrx_word' id='word_1_179' title='bbox 710 1478 847 1541; x_wconf 83' lang='lat' dir='ltr'>cujus</span> <span class='ocrx_word' id='word_1_180' title='bbox 881 1479 1024 1525; x_wconf 90' lang='lat' dir='ltr'>etiam</span> <span class='ocrx_word' id='word_1_181' title='bbox 1048 1488 1181 1543; x_wconf 88' lang='lat' dir='ltr'>patre</span> <span class='ocrx_word' id='word_1_182' title='bbox 1205 1479 1499 1544; x_wconf 90' lang='lat' dir='ltr'>Vespasiano</span> <span class='ocrx_word' id='word_1_183' title='bbox 1528 1494 1672 1542; x_wconf 89' lang='lat' dir='ltr'>quam</span> <span class='ocrx_word' id='word_1_184' title='bbox 1696 1477 1913 1525; x_wconf 90' lang='lat' dir='ltr'>mirabile</span> <span class='ocrx_word' id='word_1_185' title='bbox 1939 1477 1998 1524; x_wconf 90' lang='lat' dir='ltr'>sit</span> <span class='ocrx_word' id='word_1_186' title='bbox 2020 1475 2138 1523; x_wconf 93' lang='lat' dir='ltr'>illud</span> <span class='ocrx_word' id='word_1_187' title='bbox 2161 1474 2296 1540; x_wconf 92' lang='lat' dir='ltr'>quod</span> <span class='ocrx_word' id='word_1_188' title='bbox 2318 1475 2367 1520; x_wconf 90' lang='lat' dir='ltr'>in</span> 
     </span>
     <span class='ocr_line' id='line_1_17' title="bbox 226 1557 2369 1626; baseline -0 -23"><span class='ocrx_word' id='word_1_189' title='bbox 226 1557 400 1604; x_wconf 91' lang='lat' dir='ltr'>eodem</span> <span class='ocrx_word' id='word_1_190' title='bbox 425 1559 682 1605; x_wconf 87' lang='lat' dir='ltr'>Suetonius</span> <span class='ocrx_word' id='word_1_191' title='bbox 706 1559 962 1624; x_wconf 85' lang='lat' dir='ltr'>praemittit,</span> <span class='ocrx_word' id='word_1_192' title='bbox 987 1569 1034 1606; x_wconf 93' lang='lat' dir='ltr'>et</span> <span class='ocrx_word' id='word_1_193' title='bbox 1064 1576 1210 1623; x_wconf 86' lang='lat' dir='ltr'>quam</span> <span class='ocrx_word' id='word_1_194' title='bbox 1233 1570 1429 1626; x_wconf 88' lang='lat' dir='ltr'>accepta</span> <span class='ocrx_word' id='word_1_195' title='bbox 1457 1563 1560 1607; x_wconf 90' lang='lat' dir='ltr'>Deo</span> <span class='ocrx_word' id='word_1_196' title='bbox 1594 1575 1742 1624; x_wconf 90' lang='lat' dir='ltr'>opera</span> <span class='ocrx_word' id='word_1_197' title='bbox 1771 1559 1870 1623; x_wconf 88' lang='lat' dir='ltr'>ejus</span> <span class='ocrx_word' id='word_1_198' title='bbox 1894 1559 1996 1623; x_wconf 92' lang='lat' dir='ltr'>ipsa</span> <span class='ocrx_word' id='word_1_199' title='bbox 2025 1557 2369 1604; x_wconf 86' lang='lat' dir='ltr'>miraculorum</span> 
     </span>
     <span class='ocr_line' id='line_1_18' title="bbox 226 1636 2368 1706; baseline -0 -23"><span class='ocrx_word' id='word_1_200' title='bbox 226 1637 357 1685; x_wconf 89' lang='lat' dir='ltr'>dona</span> <span class='ocrx_word' id='word_1_201' title='bbox 369 1648 618 1699; x_wconf 89' lang='lat' dir='ltr'>testentur,</span> <span class='ocrx_word' id='word_1_202' title='bbox 636 1640 743 1703; x_wconf 88' lang='lat' dir='ltr'>quis</span> <span class='ocrx_word' id='word_1_203' title='bbox 757 1656 857 1686; x_wconf 89' lang='lat' dir='ltr'>non</span> <span class='ocrx_word' id='word_1_204' title='bbox 872 1639 1131 1704; x_wconf 81' lang='lat' dir='ltr'>intelligat?</span> <span class='ocrx_word' id='word_1_205' title='bbox 1146 1641 1222 1687; x_wconf 90' lang='lat' dir='ltr'>Sic</span> <span class='ocrx_word' id='word_1_206' title='bbox 1236 1657 1411 1706; x_wconf 89' lang='lat' dir='ltr'>nempe</span> <span class='ocrx_word' id='word_1_207' title='bbox 1424 1642 1655 1705; x_wconf 89' lang='lat' dir='ltr'>scriptum</span> <span class='ocrx_word' id='word_1_208' title='bbox 1669 1643 1759 1688; x_wconf 61' lang='lat' dir='ltr'>est*</span> <span class='ocrx_word' id='word_1_209' title='bbox 1776 1658 1785 1686; x_wconf 74' lang='grc' dir='ltr'><em>τ</em></span> <span class='ocrx_word' id='word_1_210' title='bbox 1806 1639 2147 1705; x_wconf 88' lang='lat' dir='ltr'>Vespasianum</span> <span class='ocrx_word' id='word_1_211' title='bbox 2159 1636 2368 1684; x_wconf 90' lang='lat' dir='ltr'>necdum</span> 
     </span>
     <span class='ocr_line' id='line_1_19' title="bbox 227 1717 2371 1784; baseline 0 -20"><span class='ocrx_word' id='word_1_212' title='bbox 227 1718 568 1783; x_wconf 89' lang='lat' dir='ltr'>imperatorem</span> <span class='ocrx_word' id='word_1_213' title='bbox 590 1719 789 1784; x_wconf 92' lang='lat' dir='ltr'>quidam</span> <span class='ocrx_word' id='word_1_214' title='bbox 812 1737 838 1766; x_wconf 93' lang='lat' dir='ltr'>e</span> <span class='ocrx_word' id='word_1_215' title='bbox 861 1720 1001 1784; x_wconf 89' lang='lat' dir='ltr'>plebe</span> <span class='ocrx_word' id='word_1_216' title='bbox 1024 1721 1289 1768; x_wconf 90' lang='lat' dir='ltr'>luminibus</span> <span class='ocrx_word' id='word_1_217' title='bbox 1308 1721 1522 1782; x_wconf 88' lang='lat' dir='ltr'>orbatus,</span> <span class='ocrx_word' id='word_1_218' title='bbox 1551 1722 1667 1768; x_wconf 91' lang='lat' dir='ltr'>item</span> <span class='ocrx_word' id='word_1_219' title='bbox 1689 1722 1809 1769; x_wconf 88' lang='lat' dir='ltr'>alius</span> <span class='ocrx_word' id='word_1_220' title='bbox 1826 1720 1994 1768; x_wconf 90' lang='lat' dir='ltr'>debilis</span> <span class='ocrx_word' id='word_1_221' title='bbox 2020 1735 2174 1774; x_wconf 88' lang='lat' dir='ltr'>crure,</span> <span class='ocrx_word' id='word_1_222' title='bbox 2204 1717 2371 1765; x_wconf 87' lang='lat' dir='ltr'>seden-</span> 
     </span>
     <span class='ocr_line' id='line_1_20' title="bbox 227 1800 2371 1867; baseline 0 -22"><span class='ocrx_word' id='word_1_223' title='bbox 227 1809 324 1846; x_wconf 90' lang='lat' dir='ltr'>tem</span> <span class='ocrx_word' id='word_1_224' title='bbox 349 1816 439 1863; x_wconf 92' lang='lat' dir='ltr'>pro</span> <span class='ocrx_word' id='word_1_225' title='bbox 465 1800 691 1849; x_wconf 87' lang='lat' dir='ltr'>tribunali</span> <span class='ocrx_word' id='word_1_226' title='bbox 710 1801 887 1866; x_wconf 90' lang='lat' dir='ltr'>pariter</span> <span class='ocrx_word' id='word_1_227' title='bbox 921 1801 1160 1862; x_wconf 88' lang='lat' dir='ltr'>adierunt,</span> <span class='ocrx_word' id='word_1_228' title='bbox 1194 1812 1385 1848; x_wconf 86' lang='lat' dir='ltr'>orantes</span> <span class='ocrx_word' id='word_1_229' title='bbox 1424 1819 1568 1867; x_wconf 91' lang='lat' dir='ltr'>opem</span> <span class='ocrx_word' id='word_1_230' title='bbox 1598 1803 1901 1859; x_wconf 81' lang='lat' dir='ltr'>valetudiniS,</span> <span class='ocrx_word' id='word_1_231' title='bbox 1942 1802 2317 1848; x_wconf 86' lang='lat' dir='ltr'>demonstratam</span> <span class='ocrx_word' id='word_1_232' title='bbox 2343 1814 2371 1846; x_wconf 86' lang='lat' dir='ltr'>a</span> 
     </span>
     <span class='ocr_line' id='line_1_21' title="bbox 227 1880 2367 1948; baseline 0 -22"><span class='ocrx_word' id='word_1_233' title='bbox 227 1880 455 1944; x_wconf 91' lang='lat' dir='ltr'>Serapide</span> <span class='ocrx_word' id='word_1_234' title='bbox 478 1898 564 1946; x_wconf 88' lang='lat' dir='ltr'>per</span> <span class='ocrx_word' id='word_1_235' title='bbox 586 1881 826 1945; x_wconf 82' lang='lat' dir='ltr'>quietem3</span> <span class='ocrx_word' id='word_1_236' title='bbox 853 1882 1183 1928; x_wconf 90' lang='lat' dir='ltr'>restituturum</span> <span class='ocrx_word' id='word_1_237' title='bbox 1223 1882 1405 1942; x_wconf 90' lang='lat' dir='ltr'>oculos,</span> <span class='ocrx_word' id='word_1_238' title='bbox 1439 1883 1478 1928; x_wconf 91' lang='lat' dir='ltr'>si</span> <span class='ocrx_word' id='word_1_239' title='bbox 1511 1883 1789 1948; x_wconf 87' lang='lat' dir='ltr'>inspuisset;</span> <span class='ocrx_word' id='word_1_240' title='bbox 1817 1881 2216 1929; x_wconf 86' lang='lat' dir='ltr'>confirmaturum</span> <span class='ocrx_word' id='word_1_241' title='bbox 2240 1896 2367 1938; x_wconf 86' lang='lat' dir='ltr'>crus,</span> 
     </span>
     <span class='ocr_line' id='line_1_22' title="bbox 228 1960 2389 2026; baseline -0.001 -19"><span class='ocrx_word' id='word_1_242' title='bbox 228 1961 266 2007; x_wconf 91' lang='lat' dir='ltr'>si</span> <span class='ocrx_word' id='word_1_243' title='bbox 289 1960 566 2024; x_wconf 85' lang='lat' dir='ltr'>dignaretur</span> <span class='ocrx_word' id='word_1_244' title='bbox 583 1963 713 2009; x_wconf 91' lang='lat' dir='ltr'>calce</span> <span class='ocrx_word' id='word_1_245' title='bbox 738 1963 1035 2026; x_wconf 87' lang='lat' dir='ltr'>contingere.</span> <span class='ocrx_word' id='word_1_246' title='bbox 1055 1961 1315 2009; x_wconf 88' lang='lat' dir='ltr'>Orantibus</span> <span class='ocrx_word' id='word_1_247' title='bbox 1335 1963 1516 2022; x_wconf 88' lang='lat' dir='ltr'>amicis,</span> <span class='ocrx_word' id='word_1_248' title='bbox 1542 1963 1651 2010; x_wconf 89' lang='lat' dir='ltr'>licet</span> <span class='ocrx_word' id='word_1_249' title='bbox 1672 1963 1851 2010; x_wconf 87' lang='lat' dir='ltr'>invitus</span> <span class='ocrx_word' id='word_1_250' title='bbox 1876 1971 2133 2025; x_wconf 86' lang='lat' dir='ltr'>utrumque</span> <span class='ocrx_word' id='word_1_251' title='bbox 2150 1960 2366 2019; x_wconf 88' lang='lat' dir='ltr'>tentavit,</span> <span class='ocrx_word' id='word_1_252' title='bbox 2384 1961 2389 1967; x_wconf 76' lang='grc'><em>“</em></span> 
     </span>
     <span class='ocr_line' id='line_1_23' title="bbox 227 2037 2372 2107; baseline -0.001 -20"><span class='ocrx_word' id='word_1_253' title='bbox 227 2057 317 2088; x_wconf 91' lang='lat' dir='ltr'>nec</span> <span class='ocrx_word' id='word_1_254' title='bbox 348 2041 499 2088; x_wconf 89' lang='lat' dir='ltr'>defuit</span> <span class='ocrx_word' id='word_1_255' title='bbox 535 2052 749 2090; x_wconf 89' lang='lat' dir='ltr'>eventus.</span> <span class='ocrx_word' id='word_1_256' title='bbox 777 2062 801 2088; x_wconf 86' lang='lat'>»</span> <span class='ocrx_word' id='word_1_257' title='bbox 840 2043 987 2100; x_wconf 87' lang='lat' dir='ltr'>Quod</span> <span class='ocrx_word' id='word_1_258' title='bbox 1015 2043 1054 2089; x_wconf 89' lang='lat' dir='ltr'>si</span> <span class='ocrx_word' id='word_1_259' title='bbox 1091 2043 1236 2090; x_wconf 85' lang='lat' dir='ltr'>etiam</span> <span class='ocrx_word' id='word_1_260' title='bbox 1261 2043 1622 2090; x_wconf 89' lang='lat' dir='ltr'>consideremus</span> <span class='ocrx_word' id='word_1_261' title='bbox 1641 2053 1875 2107; x_wconf 91' lang='lat' dir='ltr'>quantum</span> <span class='ocrx_word' id='word_1_262' title='bbox 1899 2041 2073 2090; x_wconf 88' lang='lat' dir='ltr'>talibus</span> <span class='ocrx_word' id='word_1_263' title='bbox 2094 2037 2372 2086; x_wconf 90' lang='lat' dir='ltr'>hominibus</span> 
     </span>
     <span class='ocr_line' id='line_1_24' title="bbox 227 2121 2373 2187; baseline -0.001 -19"><span class='ocrx_word' id='word_1_264' title='bbox 227 2122 371 2169; x_wconf 91' lang='lat' dir='ltr'>etiam</span> <span class='ocrx_word' id='word_1_265' title='bbox 394 2122 444 2169; x_wconf 92' lang='lat' dir='ltr'>in</span> <span class='ocrx_word' id='word_1_266' title='bbox 468 2122 745 2170; x_wconf 85' lang='lat' dir='ltr'>infidelitate</span> <span class='ocrx_word' id='word_1_267' title='bbox 768 2140 854 2170; x_wconf 90' lang='lat' dir='ltr'>sua</span> <span class='ocrx_word' id='word_1_268' title='bbox 889 2123 1092 2170; x_wconf 85' lang='lat' dir='ltr'>mortuis</span> <span class='ocrx_word' id='word_1_269' title='bbox 1126 2123 1202 2170; x_wconf 87' lang='lat' dir='ltr'>vel</span> <span class='ocrx_word' id='word_1_270' title='bbox 1234 2124 1335 2170; x_wconf 92' lang='lat' dir='ltr'>sine</span> <span class='ocrx_word' id='word_1_271' title='bbox 1371 2133 1781 2171; x_wconf 85' lang='lat' dir='ltr'>sacramentorum</span> <span class='ocrx_word' id='word_1_272' title='bbox 1815 2123 1963 2187; x_wconf 85' lang='lat' dir='ltr'>gratia</span> <span class='ocrx_word' id='word_1_273' title='bbox 1991 2121 2226 2168; x_wconf 89' lang='lat' dir='ltr'>defunctis</span> <span class='ocrx_word' id='word_1_274' title='bbox 2262 2128 2373 2166; x_wconf 84' lang='lat' dir='ltr'>ante</span> 
     </span>
     <span class='ocr_line' id='line_1_25' title="bbox 229 2199 2374 2269; baseline -0.002 -19"><span class='ocrx_word' id='word_1_275' title='bbox 229 2212 343 2250; x_wconf 85' lang='lat' dir='ltr'>actae</span> <span class='ocrx_word' id='word_1_276' title='bbox 364 2203 470 2250; x_wconf 84' lang='lat' dir='ltr'>vitae</span> <span class='ocrx_word' id='word_1_277' title='bbox 494 2220 643 2268; x_wconf 92' lang='lat' dir='ltr'>opera</span> <span class='ocrx_word' id='word_1_278' title='bbox 665 2204 952 2269; x_wconf 83' lang='lat' dir='ltr'>profuerint,</span> <span class='ocrx_word' id='word_1_279' title='bbox 978 2220 1070 2252; x_wconf 90' lang='lat' dir='ltr'>nec</span> <span class='ocrx_word' id='word_1_280' title='bbox 1088 2203 1148 2251; x_wconf 94' lang='lat' dir='ltr'>de</span> <span class='ocrx_word' id='word_1_281' title='bbox 1170 2203 1266 2251; x_wconf 91' lang='lat' dir='ltr'>hoc</span> <span class='ocrx_word' id='word_1_282' title='bbox 1289 2203 1432 2251; x_wconf 91' lang='lat' dir='ltr'>nobis</span> <span class='ocrx_word' id='word_1_283' title='bbox 1444 2205 1715 2252; x_wconf 88' lang='lat' dir='ltr'>testimonia</span> <span class='ocrx_word' id='word_1_284' title='bbox 1739 2204 1958 2251; x_wconf 90' lang='lat' dir='ltr'>deerunt.</span> <span class='ocrx_word' id='word_1_285' title='bbox 1987 2206 2130 2266; x_wconf 87' lang='lat' dir='ltr'>Legat</span> <span class='ocrx_word' id='word_1_286' title='bbox 2149 2199 2374 2265; x_wconf 89' lang='lat' dir='ltr'>quislibet</span> 
     </span>
     <span class='ocr_line' id='line_1_26' title="bbox 229 2281 2368 2350; baseline -0.001 -20"><span class='ocrx_word' id='word_1_287' title='bbox 229 2284 492 2348; x_wconf 90' lang='lat' dir='ltr'>capitulum</span> <span class='ocrx_word' id='word_1_288' title='bbox 521 2302 631 2332; x_wconf 77' lang='lat' dir='ltr'>xmn</span> <span class='ocrx_word' id='word_1_289' title='bbox 661 2285 772 2332; x_wconf 88' lang='lat' dir='ltr'>libri</span> <span class='ocrx_word' id='word_1_290' title='bbox 795 2287 834 2332; x_wconf 96' lang='lat' dir='ltr'>II</span> <span class='ocrx_word' id='word_1_291' title='bbox 859 2286 965 2333; x_wconf 85' lang='lat' dir='ltr'>vitae</span> <span class='ocrx_word' id='word_1_292' title='bbox 989 2289 1040 2332; x_wconf 92' lang='lat' dir='ltr'>B.</span> <span class='ocrx_word' id='word_1_293' title='bbox 1077 2286 1336 2349; x_wconf 76' lang='lat' dir='ltr'>Gregorii³,</span> <span class='ocrx_word' id='word_1_294' title='bbox 1368 2295 1416 2333; x_wconf 91' lang='lat' dir='ltr'>et</span> <span class='ocrx_word' id='word_1_295' title='bbox 1445 2286 1658 2333; x_wconf 83' lang='lat' dir='ltr'>inveniet</span> <span class='ocrx_word' id='word_1_296' title='bbox 1681 2295 1917 2350; x_wconf 85' lang='lat' dir='ltr'>quantum</span> <span class='ocrx_word' id='word_1_297' title='bbox 1943 2284 2126 2348; x_wconf 87' lang='lat' dir='ltr'>justitia</span> <span class='ocrx_word' id='word_1_298' title='bbox 2153 2281 2368 2346; x_wconf 87' lang='lat' dir='ltr'>Trajani,</span> 
     </span>
     <span class='ocr_line' id='line_1_27' title="bbox 232 2361 2369 2431; baseline -0.001 -21"><span class='ocrx_word' id='word_1_299' title='bbox 232 2363 419 2426; x_wconf 90' lang='lat' dir='ltr'>gentilis</span> <span class='ocrx_word' id='word_1_300' title='bbox 441 2365 759 2430; x_wconf 88' lang='lat' dir='ltr'>imperatoris,</span> <span class='ocrx_word' id='word_1_301' title='bbox 787 2375 886 2413; x_wconf 90' lang='lat' dir='ltr'>tam</span> <span class='ocrx_word' id='word_1_302' title='bbox 909 2369 1013 2413; x_wconf 90' lang='lat' dir='ltr'>Deo</span> <span class='ocrx_word' id='word_1_303' title='bbox 1047 2367 1153 2430; x_wconf 90' lang='lat' dir='ltr'>ipsi,</span> <span class='ocrx_word' id='word_1_304' title='bbox 1181 2382 1327 2430; x_wconf 88' lang='lat' dir='ltr'>quam</span> <span class='ocrx_word' id='word_1_305' title='bbox 1359 2366 1587 2431; x_wconf 81' lang='lat' dir='ltr'>praedicto</span> <span class='ocrx_word' id='word_1_306' title='bbox 1624 2376 1789 2413; x_wconf 89' lang='lat' dir='ltr'>sancto</span> <span class='ocrx_word' id='word_1_307' title='bbox 1821 2364 2125 2430; x_wconf 91' lang='lat' dir='ltr'>acceptabilis</span> <span class='ocrx_word' id='word_1_308' title='bbox 2148 2361 2369 2419; x_wconf 87' lang='lat' dir='ltr'>extiterit,</span> 
     </span>
    </p>
   </div>
   <div class='ocr_carea' id='block_1_3' title="bbox 231 2547 2378 3071">
    <p class='ocr_par' dir='ltr' id='par_1_3' title="bbox 231 2547 2378 3071">
     <span class='ocr_line' id='line_1_28' title="bbox 289 2547 2373 2608; baseline -0.001 -18"><span class='ocrx_word' id='word_1_309' title='bbox 289 2548 581 2608; x_wconf 79' lang='lat' dir='ltr'>&#39;Augustinus</span> <span class='ocrx_word' id='word_1_310' title='bbox 614 2548 668 2591; x_wconf 90' lang='lat' dir='ltr'>de</span> <span class='ocrx_word' id='word_1_311' title='bbox 700 2549 879 2591; x_wconf 82' lang='lat' dir='ltr'>Civitate</span> <span class='ocrx_word' id='word_1_312' title='bbox 907 2547 1019 2591; x_wconf 91' lang='lat' dir='ltr'>libro</span> <span class='ocrx_word' id='word_1_313' title='bbox 1052 2548 1206 2591; x_wconf 60' lang='lat' dir='ltr'><strong>XXII*</strong></span> <span class='ocrx_word' id='word_1_314' title='bbox 1239 2565 1248 2592; x_wconf 90' lang='lat'><strong>:</strong></span> <span class='ocrx_word' id='word_1_315' title='bbox 1281 2550 1405 2592; x_wconf 79' lang='lat' dir='ltr'>«Jam</span> <span class='ocrx_word' id='word_1_316' title='bbox 1428 2550 1462 2591; x_wconf 88' lang='lat' dir='ltr'>si</span> <span class='ocrx_word' id='word_1_317' title='bbox 1498 2548 1554 2591; x_wconf 89' lang='lat' dir='ltr'>ad</span> <span class='ocrx_word' id='word_1_318' title='bbox 1585 2564 1735 2591; x_wconf 89' lang='lat' dir='ltr'>eorum</span> <span class='ocrx_word' id='word_1_319' title='bbox 1766 2548 1973 2590; x_wconf 88' lang='lat' dir='ltr'>miracula</span> <span class='ocrx_word' id='word_1_320' title='bbox 2002 2547 2246 2600; x_wconf 87' lang='lat' dir='ltr'>veniamus,</span> <span class='ocrx_word' id='word_1_321' title='bbox 2278 2561 2373 2604; x_wconf 86' lang='lat' dir='ltr'>quae</span> 
     </span>
     <span class='ocr_line' id='line_1_29' title="bbox 231 2611 2373 2675; baseline -0.001 -19"><span class='ocrx_word' id='word_1_322' title='bbox 231 2614 342 2657; x_wconf 87' lang='lat' dir='ltr'>faeta</span> <span class='ocrx_word' id='word_1_323' title='bbox 365 2630 390 2656; x_wconf 88' lang='lat' dir='ltr'>a</span> <span class='ocrx_word' id='word_1_324' title='bbox 414 2614 494 2656; x_wconf 91' lang='lat' dir='ltr'>diis</span> <span class='ocrx_word' id='word_1_325' title='bbox 516 2616 600 2657; x_wconf 87' lang='lat' dir='ltr'>suis</span> <span class='ocrx_word' id='word_1_326' title='bbox 622 2625 848 2675; x_wconf 87' lang='lat' dir='ltr'>opponunt</span> <span class='ocrx_word' id='word_1_327' title='bbox 864 2614 1122 2673; x_wconf 84' lang='lat' dir='ltr'>martyribus</span> <span class='ocrx_word' id='word_1_328' title='bbox 1141 2616 1296 2659; x_wconf 87' lang='lat' dir='ltr'>nostris</span> <span class='ocrx_word' id='word_1_329' title='bbox 1313 2633 1325 2671; x_wconf 81' lang='lat'><em>3</em></span> <span class='ocrx_word' id='word_1_330' title='bbox 1350 2631 1496 2658; x_wconf 91' lang='lat' dir='ltr'>nonne</span> <span class='ocrx_word' id='word_1_331' title='bbox 1514 2616 1643 2658; x_wconf 88' lang='lat' dir='ltr'>etiam</span> <span class='ocrx_word' id='word_1_332' title='bbox 1664 2615 1754 2673; x_wconf 88' lang='lat' dir='ltr'>ipsa</span> <span class='ocrx_word' id='word_1_333' title='bbox 1768 2630 1848 2673; x_wconf 88' lang='lat' dir='ltr'>pro</span> <span class='ocrx_word' id='word_1_334' title='bbox 1874 2614 1999 2656; x_wconf 89' lang='lat' dir='ltr'>nobis</span> <span class='ocrx_word' id='word_1_335' title='bbox 2016 2613 2170 2667; x_wconf 85' lang='lat' dir='ltr'>facere,</span> <span class='ocrx_word' id='word_1_336' title='bbox 2191 2623 2234 2655; x_wconf 86' lang='lat' dir='ltr'>et</span> <span class='ocrx_word' id='word_1_337' title='bbox 2248 2611 2373 2654; x_wconf 91' lang='lat' dir='ltr'>nobis</span> 
     </span>
     <span class='ocr_line' id='line_1_30' title="bbox 231 2678 2375 2741; baseline -0 -21"><span class='ocrx_word' id='word_1_338' title='bbox 231 2680 497 2738; x_wconf 87' lang='lat' dir='ltr'>reperientur</span> <span class='ocrx_word' id='word_1_339' title='bbox 518 2682 697 2723; x_wconf 89' lang='lat' dir='ltr'>omnino</span> <span class='ocrx_word' id='word_1_340' title='bbox 719 2679 954 2740; x_wconf 84' lang='lat' dir='ltr'>proficere?</span> <span class='ocrx_word' id='word_1_341' title='bbox 976 2681 1090 2723; x_wconf 89' lang='lat' dir='ltr'>Nam</span> <span class='ocrx_word' id='word_1_342' title='bbox 1110 2681 1223 2724; x_wconf 89' lang='lat' dir='ltr'>inter</span> <span class='ocrx_word' id='word_1_343' title='bbox 1245 2697 1401 2741; x_wconf 86' lang='lat' dir='ltr'>magna</span> <span class='ocrx_word' id='word_1_344' title='bbox 1422 2680 1626 2724; x_wconf 86' lang='lat' dir='ltr'>miracula</span> <span class='ocrx_word' id='word_1_345' title='bbox 1649 2680 1831 2723; x_wconf 88' lang='lat' dir='ltr'>deorum</span> <span class='ocrx_word' id='word_1_346' title='bbox 1853 2694 2045 2733; x_wconf 86' lang='lat' dir='ltr'>suorum,</span> <span class='ocrx_word' id='word_1_347' title='bbox 2068 2678 2261 2738; x_wconf 87' lang='lat' dir='ltr'>profecto</span> <span class='ocrx_word' id='word_1_348' title='bbox 2277 2692 2375 2739; x_wconf 52' lang='lat' dir='ltr'>mass</span> 
     </span>
     <span class='ocr_line' id='line_1_31' title="bbox 232 2743 2378 2806; baseline -0.001 -19"><span class='ocrx_word' id='word_1_349' title='bbox 232 2761 365 2803; x_wconf 85' lang='lat' dir='ltr'>gnum</span> <span class='ocrx_word' id='word_1_350' title='bbox 390 2746 498 2789; x_wconf 89' lang='lat' dir='ltr'>illud</span> <span class='ocrx_word' id='word_1_351' title='bbox 526 2757 589 2789; x_wconf 88' lang='lat' dir='ltr'>est</span> <span class='ocrx_word' id='word_1_352' title='bbox 604 2779 615 2801; x_wconf 89' lang='lat'>‚</span> <span class='ocrx_word' id='word_1_353' title='bbox 653 2746 773 2805; x_wconf 89' lang='lat' dir='ltr'>quod</span> <span class='ocrx_word' id='word_1_354' title='bbox 793 2747 932 2789; x_wconf 77' lang='lat' dir='ltr'>Varro</span> <span class='ocrx_word' id='word_1_355' title='bbox 968 2759 1280 2790; x_wconf 89' lang='lat' dir='ltr'>commemorat</span> <span class='ocrx_word' id='word_1_356' title='bbox 1306 2747 1524 2790; x_wconf 88' lang='lat' dir='ltr'>Vestalem</span> <span class='ocrx_word' id='word_1_357' title='bbox 1553 2747 1779 2806; x_wconf 85' lang='lat' dir='ltr'>virginem,</span> <span class='ocrx_word' id='word_1_358' title='bbox 1808 2760 1908 2788; x_wconf 91' lang='lat' dir='ltr'>cum</span> <span class='ocrx_word' id='word_1_359' title='bbox 1934 2744 2245 2804; x_wconf 84' lang='lat' dir='ltr'>periclitaretur</span> <span class='ocrx_word' id='word_1_360' title='bbox 2272 2743 2378 2786; x_wconf 84' lang='lat' dir='ltr'>falsa</span> 
     </span>
     <span class='ocr_line' id='line_1_32' title="bbox 237 2809 2376 2872; baseline -0 -21"><span class='ocrx_word' id='word_1_361' title='bbox 237 2812 473 2869; x_wconf 87' lang='lat' dir='ltr'>suspicione</span> <span class='ocrx_word' id='word_1_362' title='bbox 495 2811 549 2854; x_wconf 92' lang='lat' dir='ltr'>de</span> <span class='ocrx_word' id='word_1_363' title='bbox 566 2823 730 2872; x_wconf 85' lang='lat' dir='ltr'>stupro,</span> <span class='ocrx_word' id='word_1_364' title='bbox 752 2813 940 2855; x_wconf 88' lang='lat' dir='ltr'>cribrum</span> <span class='ocrx_word' id='word_1_365' title='bbox 962 2812 1157 2872; x_wconf 87' lang='lat' dir='ltr'>implesse</span> <span class='ocrx_word' id='word_1_366' title='bbox 1182 2829 1291 2872; x_wconf 88' lang='lat' dir='ltr'>aqua</span> <span class='ocrx_word' id='word_1_367' title='bbox 1313 2813 1367 2856; x_wconf 91' lang='lat' dir='ltr'>de</span> <span class='ocrx_word' id='word_1_368' title='bbox 1389 2813 1558 2867; x_wconf 89' lang='lat' dir='ltr'>Tiberi,</span> <span class='ocrx_word' id='word_1_369' title='bbox 1579 2823 1623 2855; x_wconf 89' lang='lat' dir='ltr'>et</span> <span class='ocrx_word' id='word_1_370' title='bbox 1644 2812 1700 2855; x_wconf 91' lang='lat' dir='ltr'>ad</span> <span class='ocrx_word' id='word_1_371' title='bbox 1717 2828 1816 2854; x_wconf 88' lang='lat' dir='ltr'>suos</span> <span class='ocrx_word' id='word_1_372' title='bbox 1832 2811 1997 2868; x_wconf 88' lang='lat' dir='ltr'>judices</span> <span class='ocrx_word' id='word_1_373' title='bbox 2013 2809 2131 2852; x_wconf 89' lang='lat' dir='ltr'>nulla</span> <span class='ocrx_word' id='word_1_374' title='bbox 2149 2810 2238 2866; x_wconf 91' lang='lat' dir='ltr'>ejus</span> <span class='ocrx_word' id='word_1_375' title='bbox 2254 2819 2376 2868; x_wconf 86' lang='lat' dir='ltr'>parte</span> 
     </span>
     <span class='ocr_line' id='line_1_33' title="bbox 236 2874 2376 2939; baseline 0 -24"><span class='ocrx_word' id='word_1_376' title='bbox 236 2875 416 2919; x_wconf 88' lang='lat' dir='ltr'>stillante</span> <span class='ocrx_word' id='word_1_377' title='bbox 433 2888 638 2936; x_wconf 87' lang='lat' dir='ltr'>portasse.</span> <span class='ocrx_word' id='word_1_378' title='bbox 660 2879 765 2933; x_wconf 91' lang='lat' dir='ltr'>Quis</span> <span class='ocrx_word' id='word_1_379' title='bbox 789 2893 909 2937; x_wconf 82' lang='lat' dir='ltr'>aquae</span> <span class='ocrx_word' id='word_1_380' title='bbox 932 2878 1101 2936; x_wconf 90' lang='lat' dir='ltr'>pondus</span> <span class='ocrx_word' id='word_1_381' title='bbox 1126 2881 1261 2922; x_wconf 90' lang='lat' dir='ltr'>tenuit</span> <span class='ocrx_word' id='word_1_382' title='bbox 1283 2890 1349 2922; x_wconf 87' lang='lat' dir='ltr'>tot</span> <span class='ocrx_word' id='word_1_383' title='bbox 1370 2879 1561 2922; x_wconf 84' lang='lat' dir='ltr'>cavernis</span> <span class='ocrx_word' id='word_1_384' title='bbox 1581 2876 1877 2939; x_wconf 77' lang='lat' dir='ltr'>patentibus⁵P</span> <span class='ocrx_word' id='word_1_385' title='bbox 1897 2878 2018 2919; x_wconf 84' lang='lat' dir='ltr'>Itane</span> <span class='ocrx_word' id='word_1_386' title='bbox 2036 2877 2150 2918; x_wconf 88' lang='lat' dir='ltr'>Deus</span> <span class='ocrx_word' id='word_1_387' title='bbox 2171 2874 2376 2933; x_wconf 90' lang='lat' dir='ltr'>omnipo-</span> 
     </span>
     <span class='ocr_line' id='line_1_34' title="bbox 236 2939 2377 3004; baseline -0 -23"><span class='ocrx_word' id='word_1_388' title='bbox 236 2951 327 2984; x_wconf 85' lang='lat' dir='ltr'>tens</span> <span class='ocrx_word' id='word_1_389' title='bbox 360 2953 530 2986; x_wconf 87' lang='lat' dir='ltr'>terreno</span> <span class='ocrx_word' id='word_1_390' title='bbox 566 2945 738 3004; x_wconf 86' lang='lat' dir='ltr'>corpori</span> <span class='ocrx_word' id='word_1_391' title='bbox 766 2958 893 3004; x_wconf 81' lang='lat' dir='ltr'>grave</span> <span class='ocrx_word' id='word_1_392' title='bbox 923 2944 1092 3002; x_wconf 89' lang='lat' dir='ltr'>pondus</span> <span class='ocrx_word' id='word_1_393' title='bbox 1123 2945 1287 2989; x_wconf 84' lang='lat' dir='ltr'>auferre</span> <span class='ocrx_word' id='word_1_394' title='bbox 1314 2962 1404 2988; x_wconf 90' lang='lat' dir='ltr'>non</span> <span class='ocrx_word' id='word_1_395' title='bbox 1431 2946 1605 3004; x_wconf 90' lang='lat' dir='ltr'>poterit,</span> <span class='ocrx_word' id='word_1_396' title='bbox 1629 2955 1678 2986; x_wconf 91' lang='lat' dir='ltr'>ut</span> <span class='ocrx_word' id='word_1_397' title='bbox 1707 2945 1753 2986; x_wconf 92' lang='lat' dir='ltr'>in</span> <span class='ocrx_word' id='word_1_398' title='bbox 1782 2942 1938 2986; x_wconf 92' lang='lat' dir='ltr'>eodem</span> <span class='ocrx_word' id='word_1_399' title='bbox 1972 2942 2186 2984; x_wconf 88' lang='lat' dir='ltr'>elemento</span> <span class='ocrx_word' id='word_1_400' title='bbox 2214 2939 2377 2981; x_wconf 84' lang='lat' dir='ltr'>habitet</span> 
     </span>
     <span class='ocr_line' id='line_1_35' title="bbox 235 3005 1541 3071; baseline 0.005 -26"><span class='ocrx_word' id='word_1_401' title='bbox 235 3005 491 3049; x_wconf 84' lang='lat' dir='ltr'>vivificatum</span> <span class='ocrx_word' id='word_1_402' title='bbox 523 3024 692 3068; x_wconf 86' lang='lat' dir='ltr'>corpus,</span> <span class='ocrx_word' id='word_1_403' title='bbox 718 3011 763 3052; x_wconf 92' lang='lat' dir='ltr'>in</span> <span class='ocrx_word' id='word_1_404' title='bbox 786 3026 872 3069; x_wconf 90' lang='lat' dir='ltr'>quo</span> <span class='ocrx_word' id='word_1_405' title='bbox 898 3011 1083 3054; x_wconf 83' lang='lat' dir='ltr'>voluerit</span> <span class='ocrx_word' id='word_1_406' title='bbox 1101 3011 1317 3056; x_wconf 86' lang='lat' dir='ltr'>vivificans</span> <span class='ocrx_word' id='word_1_407' title='bbox 1339 3010 1541 3071; x_wconf 80' lang='lat' dir='ltr'>spiritus?</span> 
     </span>
    </p>
   </div>
   <div class='ocr_carea' id='block_1_4' title="bbox 281 3197 2378 3248">
    <p class='ocr_par' dir='ltr' id='par_1_4' title="bbox 281 3197 2378 3248">
     <span class='ocr_line' id='line_1_36' title="bbox 281 3197 2378 3248; baseline 0 -18"><span class='ocrx_word' id='word_1_408' title='bbox 281 3198 288 3217; x_wconf 87' lang='lat'>¹</span> <span class='ocrx_word' id='word_1_409' title='bbox 311 3197 509 3243; x_wconf 85' lang='lat' dir='ltr'>Suetonius,</span> <span class='ocrx_word' id='word_1_410' title='bbox 545 3204 574 3235; x_wconf 90' lang='lat'>8.</span> <span class='ocrx_word' id='word_1_411' title='bbox 597 3220 634 3226; x_wconf 93' lang='lat'>—</span> <span class='ocrx_word' id='word_1_412' title='bbox 651 3204 663 3222; x_wconf 87' lang='lat'>²</span> <span class='ocrx_word' id='word_1_413' title='bbox 677 3204 768 3236; x_wconf 86' lang='lat' dir='ltr'>Ibid.</span> <span class='ocrx_word' id='word_1_414' title='bbox 804 3222 845 3228; x_wconf 96' lang='lat'><strong>—</strong></span> <span class='ocrx_word' id='word_1_415' title='bbox 860 3206 872 3225; x_wconf 80' lang='lat'><strong>³</strong></span> <span class='ocrx_word' id='word_1_416' title='bbox 899 3205 992 3238; x_wconf 84' lang='lat' dir='ltr'>Joan.</span> <span class='ocrx_word' id='word_1_417' title='bbox 1026 3205 1116 3238; x_wconf 86' lang='lat' dir='ltr'>Diae.</span> <span class='ocrx_word' id='word_1_418' title='bbox 1141 3208 1173 3238; x_wconf 86' lang='lat' dir='ltr'>in</span> <span class='ocrx_word' id='word_1_419' title='bbox 1202 3207 1267 3239; x_wconf 90' lang='lat' dir='ltr'>Vit.</span> <span class='ocrx_word' id='word_1_420' title='bbox 1341 3215 1448 3248; x_wconf 76' lang='lat' dir='ltr'>supra</span> <span class='ocrx_word' id='word_1_421' title='bbox 1465 3206 1616 3239; x_wconf 79' lang='lat' dir='ltr'>cribrum</span> <span class='ocrx_word' id='word_1_422' title='bbox 1629 3205 1757 3238; x_wconf 72' lang='lat' dir='ltr'>tenuit?</span> <span class='ocrx_word' id='word_1_423' title='bbox 1773 3203 1851 3246; x_wconf 79' lang='lat' dir='ltr'>quis</span> <span class='ocrx_word' id='word_1_424' title='bbox 1869 3207 1916 3236; x_wconf 81' lang='lat' dir='ltr'>tot</span> <span class='ocrx_word' id='word_1_425' title='bbox 1934 3202 2087 3236; x_wconf 78' lang='lat' dir='ltr'>cavernis</span> <span class='ocrx_word' id='word_1_426' title='bbox 2100 3199 2305 3244; x_wconf 77' lang='lat' dir='ltr'>patentibus,</span> <span class='ocrx_word' id='word_1_427' title='bbox 2325 3197 2378 3231; x_wconf 79' lang='lat' dir='ltr'>nil</span> 
     </span>
    </p>
   </div>
   <div class='ocr_carea' id='block_1_5' title="bbox 237 3251 1954 3354">
    <p class='ocr_par' dir='ltr' id='par_1_5' title="bbox 237 3251 1954 3354">
     <span class='ocr_line' id='line_1_37' title="bbox 237 3251 1954 3302; baseline 0.003 -19"><span class='ocrx_word' id='word_1_428' title='bbox 237 3251 273 3283; x_wconf 83' lang='lat' dir='ltr'>S.</span> <span class='ocrx_word' id='word_1_429' title='bbox 298 3251 454 3296; x_wconf 84' lang='lat' dir='ltr'>Gregor.‚</span> <span class='ocrx_word' id='word_1_430' title='bbox 476 3256 533 3287; x_wconf 90' lang='lat' dir='ltr'>lib.</span> <span class='ocrx_word' id='word_1_431' title='bbox 551 3255 594 3294; x_wconf 89' lang='lat'>11,</span> <span class='ocrx_word' id='word_1_432' title='bbox 617 3265 688 3297; x_wconf 85' lang='lat' dir='ltr'>cap.</span> <span class='ocrx_word' id='word_1_433' title='bbox 708 3266 783 3290; x_wconf 71' lang='lat' dir='ltr'>xtv.</span> <span class='ocrx_word' id='word_1_434' title='bbox 803 3275 836 3281; x_wconf 92' lang='grc'>-</span> <span class='ocrx_word' id='word_1_435' title='bbox 859 3259 869 3279; x_wconf 81' lang='lat'><em>⁴</em></span> <span class='ocrx_word' id='word_1_436' title='bbox 885 3259 968 3298; x_wconf 83' lang='lat' dir='ltr'>Aug.</span> <span class='ocrx_word' id='word_1_437' title='bbox 994 3260 1034 3291; x_wconf 87' lang='lat' dir='ltr'>de</span> <span class='ocrx_word' id='word_1_438' title='bbox 1065 3260 1165 3293; x_wconf 79' lang='lat' dir='ltr'>Civit.</span> <span class='ocrx_word' id='word_1_439' title='bbox 1187 3261 1266 3302; x_wconf 88' lang='lat' dir='ltr'>Dei,</span> <span class='ocrx_word' id='word_1_440' title='bbox 1343 3261 1422 3293; x_wconf 82' lang='lat' dir='ltr'>inde</span> <span class='ocrx_word' id='word_1_441' title='bbox 1437 3261 1475 3293; x_wconf 83' lang='lat' dir='ltr'>in</span> <span class='ocrx_word' id='word_1_442' title='bbox 1494 3264 1621 3293; x_wconf 79' lang='lat' dir='ltr'>terram</span> <span class='ocrx_word' id='word_1_443' title='bbox 1638 3260 1755 3292; x_wconf 80' lang='lat' dir='ltr'>cadere</span> <span class='ocrx_word' id='word_1_444' title='bbox 1767 3257 1954 3300; x_wconf 72' lang='lat' dir='ltr'>permisit?</span> 
     </span>
     <span class='ocr_line' id='line_1_38' title="bbox 238 3305 1271 3354; baseline 0.009 -17"><span class='ocrx_word' id='word_1_445' title='bbox 238 3305 294 3339; x_wconf 84' lang='lat' dir='ltr'>lib.</span> <span class='ocrx_word' id='word_1_446' title='bbox 327 3306 427 3349; x_wconf 84' lang='lat' dir='ltr'>xxu‚</span> <span class='ocrx_word' id='word_1_447' title='bbox 458 3317 530 3349; x_wconf 87' lang='lat' dir='ltr'>cap.</span> <span class='ocrx_word' id='word_1_448' title='bbox 559 3317 604 3342; x_wconf 76' lang='lat' dir='ltr'>xi.</span> <span class='ocrx_word' id='word_1_449' title='bbox 624 3310 773 3351; x_wconf 74' lang='lat' dir='ltr'>—5Ap.</span> <span class='ocrx_word' id='word_1_450' title='bbox 801 3310 881 3351; x_wconf 79' lang='lat' dir='ltr'>Aug.</span> <span class='ocrx_word' id='word_1_451' title='bbox 910 3312 992 3350; x_wconf 84' lang='lat' dir='ltr'>Quis</span> <span class='ocrx_word' id='word_1_452' title='bbox 1014 3321 1113 3354; x_wconf 75' lang='lat' dir='ltr'>aquae</span> <span class='ocrx_word' id='word_1_453' title='bbox 1140 3314 1271 3354; x_wconf 82' lang='lat' dir='ltr'>pondus</span> 
     </span>
    </p>
   </div>
  </div>
 </body>
</html>
