2638 3866
267 203 364 253 730
1075 200 1246 249 PETRI
1282 199 1596 250 ABAELARDI

1082 491 1171 544 EX
1220 491 1588 547 APOLOGIA.

324 716 559 778 Deperdita
595 726 659 760 est
692 716 915 776 Apologia
945 731 1031 775 qua
1069 715 1208 759 illatas
1246 732 1272 759 a
1299 717 1356 760 D.
1390 717 1610 761 Bernardo
1650 717 1970 762 criminationes
2006 718 2249 779 depellebat
2278 719 2413 762 Abae-

265 783 426 839 lardus,
450 798 631 836 summa,
655 794 704 826 ut
725 782 977 843 perhibent,
1001 782 1274 826 vehementia
1297 793 1426 843 atque
1447 783 1696 827 acerbitate.
1718 784 1880 827 Verum
1901 785 2016 828 Otho
2040 785 2342 845 Frisingensis‚
2366 796 2416 828 ut

266 866 391 910 supra
414 850 675 905 monuimus,
698 851 824 906 hujus
846 849 1017 891 initium
1037 849 1163 892 nobis
1186 850 1471 904 conservavit,
1496 860 1539 893 et
1553 848 1651 892 loca
1673 849 1873 908 quaedam
1894 850 1993 893 satis
2016 850 2157 910 ampla
2178 852 2415 911 reperimus

265 917 311 958 in
332 915 443 959 libro
467 931 597 975 quem
614 914 751 959 edidit
766 915 810 957 in
832 915 974 958 lucem
992 916 1129 958 Berua
1160 913 1337 958 Tissier¹
1368 915 1446 959 sub
1468 916 1552 959 hoc
1574 915 1699 958 titulo
1718 931 1727 958 :
1746 916 1995 974 Disputatio
2018 915 2183 959 abbatis
2212 921 2416 972 anonymi

265 990 415 1024 contra
451 997 619 1024 errores
649 981 892 1024 Abaelardi.
931 981 1084 1040 Operae
1117 979 1319 1024 duximus
1359 981 1549 1041 pretium
1581 996 1671 1024 esse
1701 982 1747 1024 in
1777 996 1913 1024 unum
1939 981 2057 1024 varia
2087 982 2181 1025 haec
2216 981 2417 1042 colligere

263 1046 520 1107 fragmenta,
536 1063 631 1107 quae
653 1046 874 1091 Abaelardi
895 1047 1173 1106 opinionibus
1202 1058 1246 1090 et
1266 1047 1622 1091 condemnationi
1638 1046 1780 1091 lucem
1802 1047 2035 1107 quamdam
2057 1047 2212 1091 afferre
2233 1047 2413 1107 possint.

264 1111 416 1172 Neque
447 1113 573 1156 nobis
605 1113 787 1156 dubium
818 1123 882 1156 est
909 1113 1014 1172 quin
1044 1111 1226 1158 fideliter
1254 1113 1412 1157 fuerint
1439 1128 1493 1155 ex
1516 1112 1739 1173 Apologia
1769 1115 1859 1170 ejus
1886 1123 2085 1173 excerpta
2100 1145 2111 1167 ,
2147 1128 2246 1155 cum
2268 1123 2418 1156 auctor

266 1193 504 1238 anonymus
519 1194 799 1238 quaecumque
819 1178 1048 1223 adduxerit
1070 1195 1094 1223 e
1114 1181 1392 1240 scriptoribus
1407 1179 1518 1232 loca,
1533 1178 1729 1240 religiose
1749 1179 1896 1223 solitus
1919 1180 1973 1222 sit
1994 1179 2293 1222 transcribere.
2319 1178 2416 1221 Hoc

265 1260 400 1287 unum
423 1244 755 1298 desiderandum
778 1244 947 1288 videtur
968 1245 1087 1305 quod
1109 1262 1199 1289 non
1222 1247 1374 1306 saepius
1395 1244 1615 1288 Abaelardi
1635 1245 1769 1289 verba
1789 1246 2116 1305 transcripserit.

330 1431 398 1476 Ex
415 1428 610 1477 Othone
633 1430 934 1495 Frisingensi,
965 1429 1024 1478 de
1056 1429 1169 1478 Reb.
1194 1433 1348 1479 Gestis
1370 1431 1555 1479 Frz'der.
1587 1435 1616 1478 Ι
1641 1433 1835 1496 imper„
1858 1430 1942 1478 lib.
1964 1433 2004 1492 I,
2026 1447 2069 1479 c.
2092 1431 2174 1492 49,
2203 1433 2412 1477 inmun.

266 1514 333 1557 Ne
362 1511 499 1574 juxta
520 1510 804 1558 Boetianum
838 1511 981 1574 illud,
1010 1512 1258 1578 prooemiis
1287 1512 1408 1560 nihil
1431 1512 1741 1561 afferentibus
1765 1522 1956 1577 tempus
1982 1521 2188 1571 teratur-3
2227 1510 2289 1558 ad
2313 1526 2416 1574 rem

268 1591 420 1654 ipsam
442 1591 739 1639 veniendum
775 1602 870 1654 est,
906 1603 959 1640 ut
982 1593 1312 1642 innocentiam
1344 1610 1504 1642 meam
1536 1594 1640 1660 ipsa
1672 1610 1836 1642 rerum
1865 1593 2040 1641 veritas
2072 1593 2232 1658 potius
2268 1607 2416 1656 quam

266 1669 528 1718 verborum
551 1682 744 1720 excuset
767 1673 1031 1739 prolixitas.
1049 1720 1070 1731 a

330 1826 374 1869 E
396 1824 536 1888 Disp.
559 1824 740 1872 abbatis
760 1827 1007 1889 anonymi.
1037 1828 1149 1890 Pag.
1177 1827 1291 1874 239.
1322 1826 1455 1873 Sicut
1477 1842 1592 1890 ergo
1615 1827 1846 1891 sapientia
1862 1841 2010 1889 quam
2026 1825 2200 1872 Filium
2221 1823 2323 1887 ejus
2343 1823 2418 1871 in-

266 1902 546 1967 telligimus,
574 1904 796 1969 quaedam
831 1906 1049 1970 potentia
1079 1915 1173 1967 est,
1210 1906 1285 1954 vel
1317 1905 1517 1955 facultas
1552 1907 1717 1954 omnia
1751 1905 2057 1953 discernendi
2088 1905 2188 1952 sive
2229 1920 2419 1968 cogno-

266 1983 458 2044 scendi,
484 2001 546 2032 ne
566 2001 653 2050 per
673 1986 997 2049 ignorantiam
1021 2003 1179 2034 errare
1202 1975 1376 2052 possit3
1404 1987 1471 2034 sic
1495 2003 1633 2035 amor
1657 1987 1805 2052 ipsius
1829 1987 1928 2034 sive
1950 1985 2239 2050 benignitaS,
2270 2000 2419 2049 quam

267 2064 496 2129 Spiritum
525 2076 747 2114 sanctum
770 2066 992 2129 dicimus,
1021 2069 1206 2132 optima
1226 2076 1296 2115 est
1317 2068 1420 2131 ejus
1441 2067 1664 2115 voluntas
1686 2067 1994 2133 potiusquam
2018 2075 2247 2132 potestas.

333 2216 476 2277 Jbid„
519 2234 628 2283 pag.
673 2219 788 2269 242.
861 2222 1009 2267 Amor
1045 2220 1206 2285 itaque
1244 2220 1332 2267 Dei
1366 2220 1464 2267 sive
1506 2219 1696 2267 bonitas
1735 2228 1806 2266 est
1836 2218 2020 2284 optima
2060 2218 2162 2282 ejus
2196 2217 2420 2264 voluntas

269 2297 476 2345 faciendi
511 2300 718 2364 optime,
743 2299 820 2346 vel
849 2299 1162 2365 disponendi,
1185 2310 1239 2347 ut
1263 2300 1488 2362 diximus,
1515 2301 1705 2361 omnia,
1734 2316 1835 2347 non
1867 2299 2085 2365 potentia
2115 2297 2320 2346 faciendi
2342 2297 2419 2345 vel

268 2377 559 2442 disponendi
580 2379 678 2427 illa.
706 2382 953 2444 Nusquam
974 2381 1123 2443 enim,
1150 2382 1251 2429 sive
1273 2382 1322 2428 in
1350 2381 1513 2443 nobis,
1539 2381 1638 2428 sive
1664 2381 1713 2428 in
1733 2383 1857 2436 Deo,
1882 2396 2021 2427 amor
2045 2379 2120 2427 vel
2141 2378 2416 2442 benignitas

267 2456 412 2506 debet
445 2458 542 2506 dici
570 2461 813 2525 potentia;
849 2477 962 2508 cum
997 2478 1303 2527 nequaquam
1336 2477 1498 2510 amare
1526 2461 1604 2508 vel
1632 2460 1898 2524 benignum
1931 2476 2032 2507 esse
2077 2460 2137 2506 sit
2168 2467 2417 2524 potentem

268 2554 393 2598 esse;
433 2556 545 2586 cum
583 2557 707 2607 saepe
747 2540 799 2587 hi
838 2542 922 2606 qui
959 2543 1109 2606 magis
1148 2542 1356 2607 diligunt
1393 2542 1469 2590 vel
1506 2541 1814 2607 benigniores
1848 2549 1989 2602 sunt,
2035 2539 2196 2586 minus
2234 2538 2421 2603 possint

268 2618 467 2683 implere
502 2620 636 2683 quod
660 2620 854 2683 volunt;
889 2632 937 2669 et
965 2623 1124 2671 minus
1153 2623 1249 2670 sint
1278 2632 1526 2688 potentes,
1563 2622 1647 2687 qui
1677 2621 1785 2687 plus
1815 2630 1927 2669 sunt
1949 2619 2180 2668 ⁴benevoli
2209 2637 2219 2667 :
2247 2618 2420 2666 divites

268 2698 465 2760 affectu,
492 2717 727 2767 pauperes
749 2702 943 2751 effectu.

333 2850 477 2913 Ibid„
505 2869 613 2918 pag.
640 2855 755 2904 246.
781 2857 903 2902 Cum
935 2872 1013 2904 me
1038 2857 1195 2922 arguis
1218 2856 1354 2922 quod
1377 2872 1478 2905 non
1498 2855 1608 2904 dico
1637 2856 1750 2921 quia
1774 2857 1904 2902 Deus
1933 2862 1980 2900 et
2003 2852 2155 2899 homo
2188 2865 2284 2898 una
2306 2857 2419 2896 sunt·

269 2929 319 2975 in
341 2932 566 2981 Trinitate
591 2951 817 2999 persona,
843 2945 1063 3001 patenter
1090 2946 1136 2984 te
1161 2937 1211 2985 id
1234 2938 1410 2985 sentire
1440 2935 1696 3003 profiteris
1727 2935 1875 2994 Quod
1897 2942 2132 2998 quantum
2156 2946 2282 2978 sanae
2305 2927 2419 2977 fidei

270 3014 566 3061 contrarium
590 3016 665 3077 sit,
692 3016 807 3063 volo
830 3027 969 3064 tuum
993 3034 1208 3066 errorem
1231 3034 1596 3082 recognoscere.
1624 3020 1731 3064 Non
1747 3017 1877 3063 enim
1899 3018 2029 3062 Deus
2052 3023 2099 3060 et
2124 3012 2294 3072 homo,
2311 3008 2418 3056 duae

270 3090 367 3136 istae
394 3102 591 3155 naturae,
624 3095 721 3142 sive
747 3096 950 3158 singula,
985 3098 1084 3145 sive
1115 3098 1255 3144 simul
1290 3099 1612 3163 accipiantur,
1638 3113 1739 3144 una
1762 3096 1858 3143 dici
1883 3103 2087 3159 possunt
2118 3093 2168 3139 in
2189 3089 2416 3138 Trinitate

319 3300 323 3318 ¹
341 3297 550 3333 Bibliotheca
564 3299 710 3333 Patrum
727 3300 1002 3343 cistercensium,
1023 3299 1084 3343 Op.
1102 3300 1207 3335 Bertr.
1225 3301 1356 3343 Tissier,
1374 3301 1572 3344 Bonofonte‚
1596 3302 1757 3343 1660439,
1775 3301 1882 3334 in-fol.
1903 3304 1926 3331 t.
1945 3297 1997 3331 1v.
