2638 3866
276 197 371 260 622
1076 194 1245 240 PETRI
1282 194 1600 242 ABAELARDI

277 299 393 361 quia
427 296 572 343 timor
605 310 796 359 poenam
833 292 994 353 habet,
1037 309 1182 357 quam
1207 293 1418 358 perfecta
1440 293 1646 341 charitas
1677 293 1803 342 foras
1824 294 1985 355 mittit,
2020 303 2069 341 et
2100 310 2412 359 quaecumque

277 378 449 423 timore
484 383 704 437 aguntur,
749 374 853 438 plus
900 389 1048 438 opere
1080 372 1326 431 laborant,
1366 389 1512 438 quam
1549 390 1672 438 quos
1712 374 1917 422 charitas
1950 384 2243 440 spontaneos
2283 374 2409 422 facit.

279 456 416 502 Unde
450 454 720 501 laborantes
751 463 799 500 et
828 463 1053 500 oneratos
1075 453 1135 500 ad
1160 470 1306 501 suave
1323 454 1494 517 jugum
1517 464 1564 502 et
1586 471 1709 502 onus
1731 454 1834 503 leve
1867 455 2159 502 sumendum
2179 455 2414 502 Dominus

280 536 571 594 exhortatur,
601 543 652 579 ut
672 533 892 580 videlicet
914 533 976 581 de
997 534 1222 581 servitute
1239 534 1372 598 legis,
1403 551 1501 600 qua
1527 534 1887 600 premebantur,
1912 535 1976 583 ad
1998 534 2266 582 libertatem
2290 545 2415 582 tran-

280 624 413 661 seant
436 612 700 675 Evangelii3
727 624 776 661 et
797 614 883 678 qui
902 630 929 660 a
955 614 1124 661 timore
1145 615 1449 680 inceperant,
1480 615 1709 662 charitate
1736 623 2153 676 consummantur,
2180 629 2286 679 quae
2313 616 2415 662 sine

281 693 556 741 difficultate
578 694 740 741 omnia
763 694 946 754 suffert,
975 695 1141 742 omnia
1162 695 1364 743 sustinet
1391 713 1401 742 ε
1427 695 1546 742 nihil
1569 695 1747 760 quippe
1767 696 1948 743 amanti
1972 695 2182 757 difficile,
2210 695 2415 743 maxime

280 792 391 822 eum
425 791 526 821 non
550 775 751 821 carnalis
773 775 858 822 sed
882 776 1137 840 spiritualis
1172 792 1310 823 amor
1338 776 1426 823 Dei
1448 785 1583 823 tanto
1606 785 1677 823 est
1699 775 1870 823 fortior
1891 786 2073 840 quanto
2098 777 2273 823 verior.
2300 777 2433 833 Quis¹

279 856 421 902 etiam
451 855 630 902 nesciat
657 854 898 903 difficilius
929 856 1069 902 nobis
1095 855 1340 921 provideri
1368 872 1397 904 a
1420 856 1575 921 pulice
1598 872 1746 920 quam
1778 856 1841 904 ab
1872 856 2037 917 hoste3
2064 856 2139 904 vel
2174 856 2235 903 ab
2262 856 2418 903 offen-

281 935 443 982 diculo
476 936 611 1000 parvi
634 935 804 1000 lapidis
829 952 976 999 quam
1006 937 1200 999 magni?
1230 936 1322 983 Sed
1347 936 1585 1000 numquid
1607 936 1719 983 ideo
1751 936 1802 983 id
1832 952 2000 984 cavere
2023 936 2157 1001 quod
2180 935 2419 983 difficilius

281 1026 350 1063 est
387 1016 554 1063 melius
589 1026 672 1062 aut
700 1016 944 1066 salubrius,
962 1016 1264 1080 judicamus?
1289 1019 1394 1063 Non
1431 1016 1615 1080 utique.
1640 1016 1835 1074 Quare?
1859 1016 1985 1074 Quia
2015 1016 2149 1080 quod
2182 1015 2420 1063 difficilius

281 1106 352 1143 est
362 1113 533 1144 cavere
547 1097 705 1143 minus
727 1107 884 1161 potest
898 1114 1090 1144 nocere.
1111 1099 1191 1144 Sic
1202 1113 1334 1161 ergo,
1350 1096 1437 1144 etsi
1455 1112 1696 1161 ponamus
1714 1095 1956 1144 difficilius
1981 1113 2010 1144 a
2036 1095 2300 1144 venialibus
2311 1113 2418 1162 pec-

279 1177 395 1225 catis
418 1192 564 1240 quam
583 1193 612 1223 a
633 1177 959 1225 criminalibus
980 1177 1252 1243 providere,
1279 1177 1386 1242 plus
1416 1186 1578 1224 tamen
1597 1176 1699 1223 haec
1719 1177 1853 1224 vitari
1878 1193 2026 1242 quam
2040 1176 2143 1224 illa¹
2167 1193 2273 1241 quae
2293 1177 2420 1242 peri-

283 1257 521 1304 culosiora
546 1267 675 1312 sunt,
703 1258 950 1319 convenit,
977 1267 1024 1305 et
1047 1274 1152 1322 quae
1176 1258 1409 1322 majorem
1433 1266 1677 1304 merentur
1703 1273 1917 1322 poenam,
1945 1267 1992 1304 et
2017 1256 2193 1321 quibus
2216 1256 2423 1322 amplius

282 1337 463 1385 offendi
485 1336 725 1384 credimus
752 1340 928 1399 Deum,
964 1348 1011 1384 et
1042 1339 1192 1401 magis
1226 1339 1269 1385 ei
1301 1353 1358 1385 ea
1381 1336 1649 1402 displicere.
1682 1340 1792 1396 Quo
1823 1337 1953 1384 enim
1981 1337 2186 1402 amplius
2218 1336 2308 1401 ipsi
2337 1353 2425 1402 per

282 1431 497 1461 amorem
531 1415 834 1476 inhaeremus,
869 1431 927 1463 eo
957 1415 1205 1463 sollicitius
1233 1432 1401 1463 cavere
1430 1414 1665 1462 debemus
1693 1414 1869 1478 quibus
1899 1415 2049 1478 magis
2073 1413 2351 1472 offenditur,
2378 1425 2425 1461 et

283 1511 387 1558 quae
418 1496 517 1560 ipse
550 1495 699 1558 magis
732 1495 990 1560 improbat.
1018 1496 1114 1554 Qui
1149 1496 1280 1542 enim
1311 1512 1423 1543 vere
1460 1495 1668 1560 aliquem
1703 1494 1882 1558 diligit,
1918 1511 2019 1546 non
2057 1504 2156 1542 tam
2192 1494 2425 1542 damnum

284 1593 443 1635 suum,
475 1592 621 1640 quam
654 1575 888 1623 offensam
908 1576 1077 1634 amici,
1105 1575 1177 1623 vel
1208 1586 1542 1641 contemptum
1574 1591 1742 1622 cavere
1771 1575 1965 1639 satagit;
1989 1575 2124 1639 juxta
2151 1574 2271 1622 illud
2300 1577 2426 1640 Apo-

285 1655 391 1703 stoli
407 1659 420 1680 ²
448 1674 457 1702 :
492 1677 514 1702 (ι
542 1656 758 1706 Charitas
781 1673 881 1703 non
906 1658 1072 1720 quaerit
1091 1674 1199 1722 quae
1219 1674 1305 1704 sua
1327 1668 1467 1717 sunt;
1496 1678 1518 1701 ‚2
1545 1667 1592 1704 et
1622 1657 1842 1703 rursum’
1865 1674 1875 1702 z
1907 1675 1930 1701 «
1948 1658 2101 1703 Nemo
2126 1655 2262 1720 quod
2284 1672 2426 1703 suum

285 1747 355 1783 est
378 1746 573 1800 quaerat,
594 1736 679 1783 sed
698 1736 831 1801 quod
857 1736 1067 1784 alterius.
1097 1756 1122 1782 η
1160 1737 1210 1783 Si
1234 1753 1350 1800 ergo
1373 1753 1474 1784 non
1499 1746 1596 1784 tam
1629 1752 1720 1801 pro
1743 1746 1910 1783 nostro
1937 1735 2136 1795 damno,
2162 1753 2310 1800 quam
2336 1730 2426 1802 pro

286 1817 370 1864 Dei
408 1816 590 1864 offensa
613 1816 849 1864 debemus
877 1832 1045 1864 cavere
1074 1827 1293 1882 peccata,
1325 1816 1542 1882 profecto
1568 1816 1677 1881 plus
1701 1831 1758 1863 ea
1778 1816 1994 1863 cavenda
2017 1826 2146 1874 sunt,
2174 1817 2223 1863 in
2243 1815 2428 1880 quibus

287 1899 434 1962 magis
471 1897 749 1944 offenditur.
798 1897 944 1956 Quod
975 1898 1014 1944 si
1042 1897 1173 1945 illam
1207 1914 1402 1962 quoque
1430 1898 1670 1962 poeticam
1698 1895 2005 1944 attendamus
2037 1897 2327 1944 sententiam
2361 1896 2424 1943 de

290 1995 481 2025 morum
516 1977 696 2024 scilicet
719 1977 969 2025 honestate
996 1996 1007 2025 t

703 2114 899 2158 Oderunt
927 2130 1103 2175 peccare
1134 2115 1241 2158 boni
1273 2116 1441 2158 virtutis
1484 2115 1675 2166 amore‘,

287 2263 422 2300 tanto
455 2252 628 2315 majori
660 2252 775 2300 odio
811 2251 1032 2317 quaelibet
1066 2262 1179 2300 sunt
1206 2251 1432 2300 habenda
1455 2262 1638 2317 quanto
1663 2251 1879 2317 turpiora
1913 2251 1962 2299 in
1992 2268 2043 2299 se
2073 2259 2346 2312 censentur,
2385 2237 2432 2299 et

288 2333 349 2380 ab
371 2333 621 2379 honestate
643 2333 831 2379 virtutis
854 2332 1059 2398 amplius
1079 2332 1330 2391 recedunt,
1355 2342 1402 2379 et
1422 2333 1700 2380 naturaliter
1719 2332 1961 2397 quoslibet
1982 2332 2132 2395 magis
2155 2330 2425 2378 offendunt.

353 2414 599 2476 Denique,
641 2422 694 2458 ut
724 2414 907 2476 singula
943 2413 1034 2459 sibi
1067 2413 1363 2460 conferendo
1395 2412 1668 2477 diligentius
1700 2422 1896 2478 peccata
1924 2412 2270 2476 dijudicemus,
2296 2427 2431 2458 com—

290 2510 511 2558 paremus
548 2491 750 2539 venialia
786 2492 1135 2551 criminalibus,
1176 2503 1229 2539 ut
1268 2502 1383 2558 pote
1421 2493 1714 2557 superfluam
1749 2492 2097 2539 comestionem
2137 2490 2348 2556 perjurio
2386 2500 2434 2537 et

290 2573 553 2631 adulterio;
593 2582 639 2619 et
674 2589 942 2635 quaeramus
979 2573 1028 2618 in
1064 2573 1438 2635 transgressione
1479 2572 1616 2635 cujus
1654 2572 1803 2636 magis
1837 2581 2081 2636 peccetur,
2118 2570 2196 2617 vel
2228 2569 2434 2635 amplius

290 2656 418 2700 Deus
456 2662 794 2700 contemnatur
827 2662 971 2717 atque
1004 2652 1296 2699 offendatur.
1329 2653 1517 2710 Nescio,
1558 2651 1770 2699 fortassis
1806 2649 2145 2716 respondebis3
2184 2666 2297 2696 cum
2331 2665 2432 2696 non

292 2733 410 2779 nulli
433 2733 836 2798 philosophorum
859 2734 1024 2780 omnia
1049 2742 1246 2797 peccata
1269 2733 1404 2797 paria
1431 2742 1738 2780 censuerunt.
1761 2733 1814 2778 At
1836 2732 1875 2778 si
1896 2731 2023 2778 hanc
2046 2730 2403 2796 philosophiam
2418 2767 2430 2789 ‚

292 2814 390 2859 imo
418 2813 715 2860 manifestam
739 2813 985 2860 stultitiam
1009 2815 1143 2878 sequi
1166 2813 1301 2873 velis,
1329 2829 1464 2877 aeque
1485 2812 1674 2860 bonum
1700 2829 1727 2860 a
1750 2811 2078 2860 criminalibus
2097 2821 2145 2858 et
2166 2809 2435 2858 venialibus

294 2892 530 2939 abstinere
570 2895 804 2958 peccatis3
844 2895 956 2958 quia
992 2911 1125 2958 aeque
1165 2895 1347 2941 malum
1383 2904 1454 2941 est
1486 2894 1587 2941 haec
1620 2904 1669 2941 et
1703 2894 1780 2941 illa
1811 2893 2113 2940 committere
2154 2910 2164 2939 ε
2203 2907 2290 2938 cur
2321 2906 2434 2952 ergo

295 2971 528 3019 abstinere
561 2990 590 3020 a
621 2975 885 3022 venialibus
917 2974 1136 3039 praeferre
1168 2975 1274 3038 quis
1309 2974 1483 3022 audeat
1515 2974 1814 3022 abstinentiae
1847 2971 2195 3021 criminalium?
2217 2970 2362 3029 Quod
2396 2970 2434 3015 si

296 3052 402 3112 quis
434 3052 556 3099 forte
591 3055 817 3117 requirat,
857 3054 986 3101 unde
1023 3053 1260 3101 conficere
1293 3055 1552 3118 possimus,
1580 3059 1683 3103 Deo
1718 3055 1867 3118 magis
1899 3052 2150 3117 displicere
2178 3062 2436 3113 transgres-

343 3234 347 3251 ¹
367 3231 479 3263 Pezius
496 3232 556 3264 hoc
572 3233 680 3265 vitari
693 3243 798 3274 quam
813 3243 888 3274 quae
905 3234 1169 3276 periculosiora,
1196 3236 1289 3275 male,
1305 3242 1341 3268 ut
1360 3237 1558 3277 conjicimus.
1574 3253 1612 3258 —
1630 3237 1641 3255 ²
1658 3235 1810 3267 Corinth.
1830 3233 1861 3274 1,
1882 3242 1953 3273 cap.
1971 3234 2044 3271 xlm
2061 3241 2091 3265 v.
2107 3233 2138 3265 5.
2155 3248 2195 3255 —
2212 3231 2223 3251 ³
2238 3229 2389 3263 Corinth.
2403 3231 2415 3262 l
2427 3256 2435 3271 ,

296 3289 366 3320 cap.
387 3288 422 3319 x,
442 3289 470 3312 v.
489 3282 541 3313 24.
561 3299 601 3304 —
616 3281 625 3300 ⁴
643 3280 755 3313 Horat.
770 3305 777 3319 ‚
798 3282 922 3323 Epist„
942 3282 1050 3323 ¹,xv1,
1066 3293 1095 3313 v.
1114 3284 1165 3316 52.
