2638 3866
365 184 425 229 86
1166 182 1336 229 PETRI
1371 180 1685 229 ABAELARDI

363 297 433 333 est
455 287 502 332 in
519 288 655 331 Patre
678 292 723 329 et
738 282 789 328 in
807 280 923 328 Filio
939 281 1098 340 simul,
1120 290 1167 328 et
1190 289 1319 327 tanta
1343 280 1392 326 in
1413 279 1592 344 Spiritu
1614 289 1800 340 sancto,
1818 280 1996 345 quanta
2015 282 2064 328 in
2085 284 2223 330 Patre
2245 292 2290 330 el
2307 283 2444 332 Filio.
2465 303 2488 330 κ

362 370 482 412 Cum
495 366 652 427 itaque
669 378 766 408 non
785 361 846 407 sit
857 360 1010 423 major
1027 361 1229 408 essentia
1247 360 1394 407 totius
1405 359 1660 422 Trinitatis,
1684 376 1832 426 quam
1846 360 2141 425 singularum
2153 379 2487 428 personarum,

363 454 546 492 constat
562 457 755 507 quoque
770 441 924 505 ipsam
942 441 1236 500 Trinitatem,
1269 440 1390 486 sicut
1412 438 1637 503 singulaS‚
1660 440 1962 489 individuam
1988 458 2106 497 esse,
2132 442 2230 492 hoc
2250 453 2322 491 est
2340 444 2493 492 nullas

362 525 547 589 penitus
570 523 619 570 in
641 520 902 585 quantitate
928 536 1022 567 suae
1057 519 1268 566 essentiae
1292 528 1452 584 partes
1475 517 1671 567 habere.
1700 522 1858 568 Omne
1891 522 2071 588 quippe
2104 523 2239 587 quod
2278 523 2494 588 partibus

362 611 559 662 constat,
591 601 702 665 ipsis
732 599 946 665 partibus
983 599 1236 663 exquibus
1269 615 1411 646 suum
1436 614 1539 646 esse
1560 599 1819 663 contrahit,
1846 602 2125 651 naturaliter
2145 604 2384 669 posterius
2419 604 2495 652 di-

360 686 495 731 citur.
523 684 719 729 Summa
740 697 855 727 vero
890 680 969 727 illa
1003 680 1222 741 TrinitaS,
1258 696 1363 744 quae
1395 680 1731 729 universorum
1763 699 2042 748 supremum
2083 684 2373 750 principium
2402 693 2490 746 est,

359 781 453 828 qua
469 763 650 810 ratione
672 761 905 826 posterius
930 759 1092 824 aliquo
1115 759 1210 806 dici
1233 760 1417 825 potest?
1433 778 1457 804 »
1477 760 1716 826 Amplius:
1741 781 1763 807 α
1784 765 1942 812 Omne
1956 801 1968 825 ,
1987 765 2144 829 inquit
2166 765 2342 826 Plato⁴,
2359 765 2493 829 quod

354 846 572 906 junctum
594 852 664 889 est
691 850 876 902 natura,
905 839 1183 888 dissolubile
1204 849 1291 888 est.
1327 859 1350 885 »
1381 842 1438 887 Et
1462 844 1513 888 B.
1540 841 1746 890 Hilarius
1775 843 1827 890 in
1852 843 1986 890 Psal.
2006 855 2189 892 nxxu:
2218 863 2240 888 α
2266 845 2494 909 Quisquis

360 926 422 971 ita
450 923 574 970 valet
606 921 816 982 credere,
853 929 906 967 ut
938 923 1067 967 Deus
1103 920 1369 986 corporalis
1398 921 1472 980 sit,
1499 922 1612 986 quia
1637 922 1698 970 ad
1725 922 1981 987 imaginem
2017 923 2119 987 ejus
2141 922 2293 971 homo
2324 923 2491 984 factus,

360 1004 678 1068 compositum
705 1005 859 1049 Deum
892 1010 1065 1049 statuet
1098 1017 1215 1048 esse.
1248 1001 1499 1067 Quidquid
1528 1011 1689 1050 autem
1728 1005 2060 1068 compositum
2093 1013 2184 1066 est,
2211 1020 2406 1053 necesse
2425 1015 2497 1053 est

361 1102 456 1132 non
477 1084 615 1132 fuerit
639 1093 886 1141 aeternum,
911 1082 1026 1146 quia
1047 1082 1336 1147 compositio
1355 1082 1500 1131 habet
1520 1083 1730 1145 initium,
1758 1100 1857 1149 quo
1880 1085 2206 1150 compositum
2228 1095 2438 1133 maneat.
2468 1105 2492 1130 n

358 1169 427 1212 De
449 1164 716 1212 sinceritate
754 1171 914 1210 autem
950 1177 1007 1210 ac
1039 1162 1247 1228 puritate
1286 1162 1459 1211 divinae
1497 1163 1790 1226 substantiae,
1829 1175 1882 1212 ut
1905 1164 2036 1213 nulla
2058 1164 2280 1213 videlicet
2307 1166 2496 1231 penitus

358 1245 641 1305 accidentia,
673 1242 824 1290 nullas
842 1241 1018 1290 habeat
1043 1243 1240 1305 formas,
1265 1244 1388 1291 sicut
1406 1260 1497 1292 nec
1522 1254 1699 1310 parteS,
1730 1244 1955 1303 Boethius
1977 1245 2035 1292 de
2063 1247 2314 1307 Trz'm'tate,
2341 1245 2426 1294 lib.
2456 1249 2492 1308 l,

356 1342 465 1373 cum
487 1339 721 1372 summam
739 1324 841 1387 ejus
866 1323 1096 1370 unitatem
1119 1334 1426 1385 asseveraret,
1451 1324 1516 1372 ait
1539 1343 1549 1371 z
1584 1343 1606 1371 «
1637 1326 1876 1383 Quocirca
1894 1324 1991 1373 hoc
2011 1342 2122 1373 vere
2145 1341 2297 1372 unum
2322 1326 2371 1373 in
2395 1342 2495 1390 quo

357 1405 511 1453 nullus
532 1420 777 1465 numerus,
800 1402 988 1450 nullum
1026 1403 1076 1450 in
1120 1420 1180 1451 eo
1211 1402 1341 1451 aliud
1365 1414 1536 1469 praeter
1572 1404 1623 1452 id
1657 1405 1791 1469 quod
1818 1408 1913 1465 est,
1955 1422 2113 1470 neque
2145 1404 2496 1453 substantivum

356 1485 456 1533 fieri
477 1494 632 1551 potest
654 1503 663 1532 :
691 1485 846 1532 forma
866 1483 996 1532 enim
1021 1493 1111 1542 est,
1137 1483 1303 1531 formae
1326 1501 1443 1532 vero
1463 1484 1659 1533 subesse
1682 1502 1781 1532 non
1803 1496 2021 1551 possunt.
2048 1505 2071 1530 »
2089 1488 2315 1533 Formam
2333 1486 2496 1551 itaque

359 1566 579 1614 Boethius
600 1566 709 1613 loco
731 1564 827 1612 hoc
846 1563 1102 1630 appellavit
1119 1563 1334 1611 divinam
1355 1564 1689 1627 substantiam,
1707 1565 1977 1613 secundum
1992 1565 2090 1613 hoc
2105 1565 2238 1630 quod
2252 1565 2496 1613 nullarum

357 1648 617 1695 formarum
640 1646 1005 1694 fundamentum
1025 1654 1111 1692 est.
1138 1647 1340 1692 Sanctus
1357 1662 1553 1710 quoque
1575 1647 1863 1710 Augustinus
1885 1646 2060 1697 divinae
2089 1656 2270 1693 naturae
2302 1647 2497 1694 sinceri-

355 1737 498 1775 tatem
526 1737 755 1786 astruens,
785 1726 867 1774 lib.
895 1729 960 1773 xl
986 1725 1046 1772 de
1078 1727 1276 1773 Ciuitate
1311 1727 1403 1772 Dei
1427 1726 1514 1774 ait²
1537 1744 1547 1772 :
1586 1746 1609 1771 «
1632 1730 1739 1774 Non
1763 1736 1962 1792 propter
1992 1726 2089 1773 hoc
2123 1735 2345 1773 naturam
2367 1726 2496 1773 illam

357 1809 471 1856 boni
493 1808 755 1873 simplicem
779 1807 1001 1868 dicimus,
1027 1807 1142 1871 quia
1165 1815 1235 1854 est
1259 1808 1398 1854 Pater
1419 1806 1471 1854 in
1494 1823 1550 1856 ea
1573 1807 1721 1868 solus,
1742 1816 1825 1854 aut
1846 1806 1992 1854 Filius
2013 1806 2163 1868 solus,
2189 1815 2274 1853 aut
2296 1806 2497 1871 Spiritus

355 1899 544 1937 sanctus
571 1907 581 1935 ;
608 1888 655 1936 id
681 1897 774 1950 est,
811 1895 894 1936 aut
931 1888 1034 1935 sola
1067 1896 1138 1935 est
1159 1888 1248 1935 ista
1266 1887 1480 1935 nominis
1509 1888 1712 1936 Trinitas
1739 1888 1841 1935 sine
1869 1887 2134 1934 substantia
2155 1903 2493 1952 personarum,

356 1971 475 2017 sicut
508 1969 760 2017 Sabelliani
797 1978 1104 2034 putaverunt,
1137 1968 1222 2016 sed
1244 1968 1354 2016 ideo
1379 1968 1580 2033 simplex
1612 1968 1793 2016 dicitur.
1824 1969 1942 2033 quia>
1961 1978 2033 2016 est
2053 1969 2149 2016 hoc
2172 1966 2308 2033 quod
2329 1966 2494 2026 habet,

355 2061 553 2115 excepto
595 2050 729 2115 quod
762 2050 953 2098 relative
992 2065 1193 2115 quaeque
1226 2064 1435 2115 persona
1465 2048 1527 2096 ad
1561 2048 1761 2097 alteram
1797 2048 1990 2096 dicitur.
2018 2052 2144 2096 Nam
2163 2049 2329 2113 utique
2358 2050 2498 2095 Pater

354 2131 500 2179 habet
521 2132 707 2191 Filium,
725 2149 814 2179 nec
837 2142 997 2179 tamen
1026 2131 1128 2196 ipse
1151 2139 1222 2177 est
1242 2129 1403 2191 Filius,
1430 2138 1478 2176 et
1493 2122 1638 2176 Filius
1657 2132 1865 2191 Patrem,
1885 2145 1975 2177 nec
1993 2139 2153 2176 tamen
2170 2138 2244 2176 est
2263 2131 2419 2175 Pater.
2442 2130 2496 2174 In

356 2230 451 2276 quo
471 2229 585 2260 vero
615 2213 676 2260 ad
706 2214 1014 2278 semetipsum
1037 2211 1213 2260 dicitur
1240 2227 1342 2259 non
1366 2210 1429 2264 ad
1455 2210 1677 2270 alterum,
1710 2210 1807 2258 hoc
1831 2220 1901 2258 est
1927 2210 2061 2275 quod
2085 2209 2258 2271 habet3
2281 2210 2403 2256 sicut
2435 2207 2497 2256 ad

356 2293 662 2357 semetipsum
675 2293 848 2341 dicitur
864 2294 1045 2354 vivens,
1064 2291 1294 2340 habendo
1311 2292 1477 2350 vitam,
1489 2300 1535 2338 et
1551 2290 1722 2339 eadem
1735 2291 1834 2338 vita
1850 2290 2066 2338 Christus
2081 2300 2167 2338 est.
2188 2293 2387 2354 Propter
2402 2287 2497 2335 hoc

358 2373 521 2437 ulique
535 2383 705 2421 natura
729 2373 828 2420 haec
853 2374 1027 2422 dicitur
1051 2373 1268 2438 simplex,
1295 2372 1428 2437 quod
1455 2388 1555 2419 non
1582 2358 1641 2419 sit
1661 2370 1791 2418 aliud
1814 2370 2016 2431 habens,
2042 2369 2173 2418 aliud
2194 2368 2328 2434 quod
2353 2366 2498 2416 habet

357 2454 476 2500 sicut
498 2454 546 2500 in
570 2455 749 2500 caeteris
772 2453 931 2501 rebus.
960 2457 1124 2518 Neque
1146 2453 1279 2500 enim
1314 2468 1398 2500 vas
1422 2451 1607 2499 habens
1631 2451 1888 2515 liquorem,
1915 2467 2005 2496 nec
2029 2466 2204 2514 corpus
2225 2449 2380 2509 color,
2405 2464 2496 2496 nec

356 2551 435 2582 aer
457 2535 540 2581 lux
559 2534 658 2581 sive
680 2534 853 2594 fervor,
882 2551 970 2582 nec
993 2535 1154 2582 anima
1175 2542 1245 2581 est
1267 2533 1516 2598 sapientia.
1542 2532 1666 2579 Hinc
1689 2541 1760 2579 est
1775 2530 1919 2578 etiam
1941 2530 2074 2594 quod
2096 2519 2274 2595 privari
2294 2538 2498 2595 possunt

358 2614 498 2662 rebus
521 2631 639 2679 quas
662 2614 861 2674 habent,
899 2624 946 2661 et
971 2615 1021 2661 in
1046 2614 1165 2662 alios
1188 2613 1383 2662 habitus
1417 2613 1537 2661 verti
1577 2622 1721 2676 atque
1743 2610 2049 2659 commutari.
2080 2630 2102 2654 n
2133 2610 2266 2658 Idem
2301 2610 2351 2656 in
2384 2611 2493 2667 VII,

362 2695 716 2758 Consessionum
735 2695 796 2742 ad
819 2698 974 2742 Deum
994 2696 1201 2760 loquens
1222 2695 1310 2742 ait³
1331 2713 1340 2741 :
1366 2714 1389 2737 α
1413 2697 1511 2741 Nec
1534 2693 1718 2757 cogeris
1754 2692 1931 2740 invitus
1966 2690 2028 2738 ad
2053 2690 2254 2755 aliquid,
2276 2690 2388 2755 quia
2419 2705 2499 2737 vo·

359 2775 515 2821 luntas
538 2786 617 2822 tua
646 2792 745 2822 non
778 2785 847 2822 est
886 2777 1041 2839 major
1065 2792 1213 2840 quam
1245 2775 1490 2840 potentia,
1532 2783 1655 2821 esset
1687 2782 1848 2820 autem
1883 2770 2039 2834 major
2075 2771 2114 2818 si
2154 2771 2308 2841 teipso
2344 2770 2498 2835 tuipse

363 2855 513 2917 major
535 2871 675 2902 esses.
698 2876 719 2898 »
737 2858 906 2903 Item¹⁰z
929 2876 951 2899 «
973 2856 1207 2903 Voluntas
1225 2864 1273 2902 et
1286 2855 1502 2920 potentia
1518 2854 1606 2901 Dei
1630 2856 1852 2900 Deusest.
1883 2870 1907 2896 »
1933 2854 2005 2898 De
2020 2850 2499 2899 incommutabilitate

360 2945 518 2982 autem
557 2945 696 2998 atque
734 2935 1096 2984 invariabilitate
1127 2935 1299 2982 divinae
1335 2934 1631 2995 substantiae,
1658 2933 1719 2980 de
1753 2948 1850 2997 qua
1871 2932 2072 2997 ipsemet
2097 2948 2182 2997 per
2207 2930 2495 2995 Prophetam
2538 2978 2542 2983 ,

402 3118 408 3135 ¹
427 3115 464 3147 ln
477 3115 608 3158 Timaeo,
620 3131 657 3137 -·
671 3116 681 3133 ²
698 3114 768 3146 Lib.
780 3113 841 3155 XI,
859 3123 930 3154 cap.
948 3123 982 3146 x.
998 3115 1098 3156 opp„
1111 3119 1135 3147 t.
1145 3113 1214 3154 Vll,
1230 3115 1292 3147 col.
1311 3117 1382 3147 280.
1458 3118 1515 3147 aut
1531 3123 1652 3154 corpus
1674 3114 1830 3151 colorem,
1858 3115 1915 3145 aut
1936 3120 1991 3144 aer
2019 3112 2122 3143 lucem
2146 3112 2213 3143 sive
2237 3111 2410 3148 fervorem,
2440 3116 2497 3144 aut

363 3182 376 3198 κ
394 3169 529 3208 Propter
547 3169 609 3199 hoc
629 3169 736 3208 itaque
761 3172 875 3199 natura
891 3169 1009 3200 dicitur
1025 3169 1161 3208 simplex
1182 3169 1234 3200 cui
1260 3177 1326 3200 non
1345 3169 1388 3200 sit
1459 3170 1567 3201 anima
1582 3169 1785 3209 sapientiam.
1800 3165 1887 3199 Nihil
1899 3167 1986 3198 enim
1994 3166 2112 3198 horum
2128 3169 2178 3210 est
2193 3165 2255 3197 hoe
2270 3165 2361 3205 quod
2377 3165 2494 3206 habim

361 3224 483 3264 aliquid
498 3223 631 3262 habere,
647 3222 736 3262 quod
754 3222 803 3253 vel
817 3222 918 3261 possit
935 3223 1093 3261 amittere,
1111 3223 1161 3254 vel
1175 3223 1262 3254 aliud
1276 3224 1317 3254 sit
1334 3223 1389 3254 ha-
1461 3231 1535 3255 nam
1551 3232 1658 3263 neque
1671 3231 1727 3255 vas
1740 3223 1849 3263 liquor
1856 3225 1918 3262 est,
1934 3229 1994 3253 nec
2009 3228 2129 3261 eorpus
2144 3220 2247 3260 color,
2257 3223 2348 3252 etc.»
2358 3218 2494 3252 -³1.ib.

360 3278 495 3317 habens,
515 3277 600 3309 aliud
626 3276 716 3316 quod
741 3275 855 3315 hahet,
878 3276 961 3306 sicut
985 3283 1040 3307 vas
1061 3276 1199 3315 aliquem
1215 3276 1387 3317 liquorem,
1462 3275 1532 3316 VII,
1552 3286 1625 3317 cap.
1648 3284 1692 3309 lv.
1714 3277 1819 3318 opp„
1841 3279 1867 3308 t.
1891 3273 1926 3316 l,
1950 3275 2011 3308 col.
2039 3275 2111 3309 134.
2136 3291 2173 3298 -
2194 3271 2322 3313 qma„
2343 3271 2429 3305 ibid.
