2638 3866
346 176 443 224 256
1157 177 1332 224 PETRI
1367 176 1679 225 ABAELARDI

346 276 639 341 Evangelicae
675 276 904 324 doctrinae
939 278 1186 344 praeceptis
1230 277 1425 340 alligati.
1464 279 1521 323 At
1551 294 1614 324 ne
1649 277 1757 341 quis
1794 288 2064 343 opponeret
2101 279 2260 344 ipsum
2295 297 2490 347 quoque

347 358 587 405 Christum
610 357 710 421 jam
739 356 883 405 fuisse
915 368 1180 417 mortuum,
1212 349 1347 405 etsie
1372 373 1401 404 a
1417 357 1537 421 jugo
1563 357 1665 420 ejus
1692 356 1792 421 jam
1824 374 1936 405 suos
1964 358 2212 410 absolutos
2233 376 2354 421 esse,
2380 378 2492 426 pro·

346 438 456 485 vide
491 437 734 501 adjunxit,
777 439 902 503 «qui
934 455 991 486 ex
1028 439 1231 486 mortuis
1263 438 1536 499 resurrexit,
1558 456 1581 482 >1
1604 436 1654 484 id
1689 446 1759 484 est
1792 437 1853 485 de
1886 438 2012 487 inter
2043 448 2262 488 mortuos
2293 442 2492 507 propria

347 519 517 565 virtute
555 518 604 563 in
641 518 790 565 vitam
826 535 875 565 se
908 520 1053 566 erexit
1086 528 1388 585 perpetuam,
1425 528 1479 565 ut
1514 534 1597 583 spe
1629 527 1676 565 et
1709 517 1946 566 desiderio
1981 520 2083 583 ejus
2112 520 2273 584 gloriae
2303 523 2492 570 accensi

349 597 732 646 «fructificemus
753 618 776 643 »
814 615 914 646 non
953 599 1157 659 mundo,
1194 599 1279 647 sed
1317 602 1480 659 «Deo,
1505 617 1528 642 >›
1565 598 1616 645 id
1652 607 1739 659 est,
1772 599 2096 664 spiritualibus
2132 600 2276 648 bonis
2315 601 2492 666 quibus

346 671 612 725 oblectatur
651 682 780 727 Deus
815 681 975 745 potius
1016 680 1320 727 abundemus
1366 696 1515 745 quam
1551 679 1810 727 mundanis
1845 690 1891 728 et
1928 681 2155 744 terrenis,
2201 699 2308 747 quae
2341 683 2491 732 Judaei

343 773 533 823 semper
568 759 707 807 avide
739 760 1081 825 requirebant:
1115 778 1343 826 quorum,
1380 762 1515 825 juxta
1552 760 1740 808 literam
1778 777 1922 825 quam
1958 761 2197 824 insistunt,
2235 762 2369 810 nulla
2401 763 2492 811 nisi

343 847 533 886 terrena
566 841 821 905 promissio
858 842 1094 907 reperitur
1134 861 1144 888 :
1183 852 1238 889 ut
1274 842 1340 889 ita
1372 840 1559 888 mundo
1595 841 1757 907 potius
1791 857 1936 906 quam
1974 845 2078 890 Deo
2112 842 2398 891 fructificare
2433 860 2491 892 ex

343 920 663 984 promissione
685 920 801 985 legis
823 921 1016 969 dicendi
1038 932 1210 970 essent.
1239 921 1385 980 Quod
1410 922 1541 969 enim
1565 925 1696 969 Deus
1720 921 1856 968 illum
1878 922 2009 970 durae
2034 924 2230 970 cervicis
2254 923 2491 990 populum

343 1002 546 1066 amplius
569 1001 841 1050 desiderare
863 1013 1080 1066 noverat,
1110 1004 1177 1051 eis
1199 1002 1535 1068 promittebat3
1562 1012 1616 1050 ut
1634 1003 1700 1050 sic
1716 1002 1867 1066 magis
1892 1019 1975 1051 eos
1993 1003 2075 1068 qui
2099 1003 2313 1052 carnales
2335 1014 2488 1068 erant,

343 1081 391 1127 id
417 1091 505 1142 est,
533 1082 802 1130 carnalibus
827 1084 988 1148 potius
1017 1101 1163 1150 quam
1191 1083 1518 1150 spiritualibus
1548 1084 1690 1131 bonis
1713 1083 1903 1144 intenti,
1935 1084 1997 1131 ad
2029 1084 2356 1132 obedientiam
2381 1085 2494 1134 alli-

343 1171 485 1208 ceret.
523 1165 581 1208 Et
619 1163 812 1210 attende
848 1163 982 1227 quod
1014 1181 1124 1212 cum
1158 1165 1221 1212 ad
1255 1165 1351 1212 hoc
1387 1164 1522 1230 quod
1556 1164 1796 1230 promisit,
1824 1185 1847 1208 «t
1868 1174 1923 1212 ut
1959 1165 2058 1212 sitis
2089 1165 2283 1213 alterius
2317 1166 2399 1230 qui
2435 1182 2494 1214 ex

341 1243 542 1290 mortuis
558 1243 829 1301 resurrexit,
845 1263 867 1287 >³
886 1244 1106 1310 adjunxit
1125 1264 1148 1290 «
1165 1255 1220 1291 ut
1236 1244 1576 1293 fructificemus
1592 1248 1720 1308 Deo3
1738 1264 1760 1291 υ
1783 1262 1884 1293 non
1907 1245 1974 1294 ait
1995 1256 2047 1293 ut
2069 1245 2381 1307 fructificetis,
2407 1246 2493 1294 sed

341 1331 393 1368 ut
416 1339 502 1370 vos
535 1333 582 1370 et
613 1340 703 1370 nos
732 1324 932 1389 pariter,
966 1325 1018 1373 id
1046 1334 1138 1385 est,
1170 1342 1341 1373 omnes
1373 1326 1740 1389 fructificemus,
1775 1326 1874 1375 sive
1908 1326 2217 1393 praedicando
2250 1327 2348 1374 sive
2373 1325 2494 1374 obe·

340 1401 539 1450 diendo.

410 1486 572 1531 «Cum
608 1484 738 1532 enim
775 1501 1052 1533 essemus.»
1081 1487 1190 1534 Dixi
1221 1497 1274 1535 ut
1309 1487 1409 1535 sitis
1449 1489 1644 1536 alterius
1675 1487 1898 1555 discipuli
1935 1489 2114 1536 scilicet
2152 1498 2200 1536 et
2231 1489 2495 1537 imitatores

340 1581 485 1629 quarn
508 1565 759 1630 hucusque
780 1565 949 1627 fuistis,
978 1576 1031 1614 ut
1055 1567 1346 1616 fructificetis
1369 1572 1493 1631 Deo,
1521 1569 1571 1616 id
1597 1579 1685 1632 est,
1711 1579 1764 1616 ut
1790 1569 1890 1616 sitis
1912 1569 2180 1635 spirituales
2201 1586 2288 1635 per
2313 1569 2495 1618 deside-

342 1645 467 1692 rium
492 1646 654 1711 potius
677 1663 822 1711 quam
849 1647 1081 1709 carnales,
1111 1649 1234 1697 sicut
1269 1650 1384 1697 olim
1416 1650 1589 1712 fuistis,
1624 1650 1944 1715 temporalem
1974 1651 2091 1715 legis
2122 1650 2511 1716 promissionem-

341 1736 614 1790 sequentes.
640 1730 698 1773 Et
732 1726 909 1775 merito
946 1728 1014 1776 sic
1051 1739 1236 1793 monet,
1266 1731 1380 1795 quia
1413 1740 1530 1777 tunc
1561 1746 1648 1795 per
1681 1729 1813 1778 illam
1844 1729 1961 1794 legis
1991 1731 2383 1796 promissionem,
2407 1745 2496 1777 vos

340 1807 606 1854 carnalium
628 1807 978 1856 desideriorum
1001 1820 1257 1871 amatores,
1284 1827 1595 1876 nequaquam
1616 1810 1913 1875 spiritualem
1935 1813 2040 1858 Deo
2064 1811 2272 1859 fructum
2291 1809 2495 1858 reddere

339 1888 584 1953 poteratis,
612 1888 697 1936 sed
727 1890 872 1936 morti
897 1890 1083 1955 potius,
1110 1890 1159 1938 id
1187 1901 1275 1952 est,
1304 1891 1557 1939 mortalem
1587 1900 1635 1938 et
1661 1890 1991 1939 damnabilem
2013 1891 2263 1939 habebatis
2284 1891 2495 1938 fructum

340 1969 489 2033 magis
521 1985 577 2016 ac
604 1970 755 2032 magis
785 1986 975 2036 semper
1008 1988 1095 2037 per
1127 1972 1571 2038 concupiscentiam
1604 1972 1807 2020 terrenis
1839 1971 2134 2021 adhaerentes
2161 1990 2171 2020 :
2195 1971 2331 2036 juxta
2360 1970 2495 2037 quod

340 2049 572 2115 scriptum
598 2052 694 2097 est¹
719 2068 729 2097 :

880 2153 1153 2197 Crescentem
1174 2155 1364 2216 sequitur
1386 2170 1488 2198 cura
1509 2153 1764 2214 pecuniam,

343 2219 398 2264 Et
420 2218 557 2266 alibi’
577 2238 588 2266 ε

731 2304 890 2347 Crescit
914 2320 1036 2348 amor
1058 2306 1224 2349 nummi
1248 2315 1458 2364 quantum
1482 2306 1573 2366 ipsa
1594 2306 1778 2366 pecunia
1799 2306 1966 2350 crescit.

340 2451 417 2498 Sic
439 2451 542 2516 lege
563 2470 574 2498 :
596 2472 619 2496 c<
640 2455 764 2500 Cum
782 2470 994 2503 essemus
1017 2455 1067 2502 in
1087 2472 1249 2517 carne,
1268 2474 1289 2501 »
1310 2455 1362 2503 id
1383 2464 1453 2503 est
1473 2455 1763 2517 carnalibus,
1781 2467 1882 2503 non
1902 2453 2227 2521 spiritualibus
2244 2453 2496 2503 desideriis

339 2531 595 2580 inhiantes.
627 2554 650 2578 «
678 2534 928 2582 Passiones
963 2545 1276 2601 peccatorum
1290 2573 1303 2598 ,
1329 2555 1353 2580 »
1374 2535 1426 2583 id
1449 2546 1520 2583 est
1542 2536 1943 2626 concupiscentiae
1965 2535 2162 2583 diversae
2182 2552 2273 2583 nos
2294 2550 2496 2600 peccare

339 2613 584 2677 facientes,
612 2623 665 2662 ut
690 2615 749 2662 sit
771 2615 909 2680 quasi
933 2616 1232 2664 intransitive
1256 2615 1459 2678 dictum,
1490 2635 1514 2662 «
1535 2616 1795 2682 passiones
1803 2625 2133 2682 peccatorum,
2149 2635 2171 2660 »
2191 2615 2241 2663 id
2269 2624 2362 2677 est,
2389 2629 2497 2680 quae

340 2705 537 2758 peccata
566 2705 725 2756 erant,
758 2696 880 2743 sicut
902 2695 1078 2744 dicitur
1099 2717 1122 2742 «
1143 2707 1364 2745 creatura
1395 2697 1521 2760 salis,
1544 2716 1567 2743 υ
1592 2698 1669 2745 vel
1692 2697 1958 2746 substantia
1982 2707 2067 2745 aut
2093 2713 2270 2763 corpus
2290 2693 2493 2761 lapidis,

341 2773 391 2820 id
419 2785 489 2822 est
510 2787 728 2824 creatura
758 2793 863 2842 quae
893 2787 963 2824 est
990 2777 1088 2838 sal,
1112 2778 1188 2825 vel
1211 2777 1479 2826 substantia
1508 2788 1591 2826 aut
1617 2795 1794 2844 corpus
1817 2777 1953 2844 quod
1979 2787 2051 2826 est
2072 2777 2210 2844 lapis.
2237 2779 2355 2835 Quae
2385 2773 2495 2839 qui-

342 2853 453 2901 dem
474 2857 720 2920 passiones
748 2877 770 2900 «
792 2867 928 2905 erant
948 2875 1036 2922 per
1058 2858 1230 2923 legem,
1256 2880 1279 2904 >2
1301 2859 1582 2908 laudantem
1604 2860 1785 2907 scilicet
1816 2867 1962 2924 atque
1986 2857 2298 2924 pollicentem
2323 2870 2495 2903 eorum

343 2950 450 2996 quae
486 2937 689 2982 multum
724 2936 1061 2984 desiderabant
1096 2955 1322 3003 magnam
1357 2939 1736 3001 abundantiam,
1770 2949 1947 3001 terram
1981 2938 2205 2986 videlicet
2238 2935 2490 3000 optimam,

341 3012 463 3060 lacte
500 3024 546 3060 et
569 3015 709 3062 melle
733 3026 1031 3076 manantem,
1061 3028 1108 3065 et
1129 3034 1299 3083 pacem
1323 3029 1370 3067 et
1396 3020 1764 3086 prosperitatem
1787 3020 1837 3067 in
1862 3036 1918 3067 ea
1941 3019 2228 3076 maximam,
2264 3024 2314 3062 et
2345 3013 2494 3062 vitam

345 3091 635 3156 longaevam,
662 3104 710 3141 et
734 3094 974 3160 quidquid
996 3096 1058 3144 ad
1090 3107 1331 3145 terrenam
1355 3100 1564 3163 pertinet
1592 3100 1888 3160 felicitatem,
1925 3114 2072 3163 quam
2095 3095 2337 3162 praecipue
2369 3093 2493 3142 desi·

387 3279 395 3299 ¹
413 3277 538 3318 Horat,
557 3278 663 3311 Carm.
680 3275 737 3317 111,
753 3278 807 3311 od.
830 3287 898 3320 xvi,
916 3288 946 3311 v.
962 3279 1013 3313 17.
1034 3295 1076 3304 -—
1090 3279 1270 3321 ²Juvenal.,
1289 3280 1358 3314 Sat.
1378 3290 1449 3324 xiv,
1468 3291 1500 3316 v.
1518 3283 1589 3316 139.
