2638 3866
986 203 1330 253 THEOLOGIA
1363 204 1732 254 CHRISTIANA.
2346 209 2431 254 50⁴

282 309 452 356 «Dum
487 304 778 369 intelligatur
806 303 976 352 saltem
1009 304 1058 352 in
1093 304 1343 370 aenigmate
1377 305 1514 370 quod
1544 305 1739 369 dicitur,
1773 306 1954 372 placuit
1976 308 2043 356 ita
2065 307 2187 366 dici,
2227 316 2280 354 ut
2311 307 2443 356 dice-

276 397 410 442 retur
430 385 634 451 aliquid,
658 402 772 433 cum
794 394 1089 450 quaereretur
1104 385 1223 450 quid
1247 386 1335 434 tria
1359 386 1471 448 sint,
1496 404 1602 452 quae
1621 387 1712 436 tria
1732 404 1835 436 esse
1859 387 1979 437 fides
1996 405 2111 437 vera
2135 390 2437 455 pronuntiat,

276 484 392 516 cum
415 476 464 516 et
487 468 679 515 Patrem
706 482 808 514 non
842 465 960 513 dicit
992 481 1096 513 esse
1115 465 1318 528 Filium;
1346 477 1392 515 et
1416 467 1651 533 Spiritum
1674 478 1896 516 sanctum
1918 470 2002 535 qui
2024 479 2096 518 est
2113 469 2302 517 donum
2324 471 2437 531 Dei,

276 565 368 597 nec
388 551 580 596 Patrem
602 547 719 596 dicit
739 561 840 595 esse
862 562 955 594 nec
977 546 1169 594 Filium.
1195 565 1217 592 υ
1245 546 1378 596 Idem
1407 558 1519 613 post
1541 548 1703 614 aliqua
1722 549 1772 596 in
1791 548 1966 597 eodem
1991 549 2205 617 capitulo
2233 568 2244 597 ε
2276 572 2298 595 α
2316 553 2440 599 Cum

276 638 538 678 conaretur
558 628 776 677 humana
799 627 967 693 inopia
985 626 1236 692 loquendo
1261 628 1478 694 proferre
1498 629 1635 694 quod
1660 639 1790 677 tenet
1813 629 1874 678 de
1895 632 2110 679 Domino
2134 635 2258 693 Deo,
2282 632 2440 681 timuit

277 709 439 759 dicere
481 719 577 757 tres
608 708 865 770 essentias,
899 725 963 756 ne
997 708 1343 773 intelligeretur
1376 710 1423 756 in
1466 709 1546 758 illa
1583 727 1775 759 summa
1809 710 2078 775 aequalitate
2111 711 2210 761 ulla
2239 712 2440 762 diversi-

275 800 366 840 tas.
393 793 573 839 Rursus
603 807 706 839 non
738 807 841 839 esse
874 790 971 842 tria,
992 789 1216 856 quaedam
1238 807 1340 838 non
1376 799 1566 856 poterat
1587 791 1766 851 dicere,
1793 791 1929 857 quod
1960 792 2213 855 Sabellius,
2249 796 2363 861 quia
2388 796 2437 843 in

274 871 496 920 haeresim
531 871 693 939 lapsus
722 881 822 934 est,
862 870 999 919 dixit.
1034 891 1056 915 >2
1096 872 1205 920 Tria
1236 871 1396 936 itaque
1432 871 1612 921 debere
1654 872 1750 920 dici
1782 873 1928 920 etiam
1957 875 2248 938 Augustinus
2281 877 2438 924 mani·

276 952 393 1002 feste
417 952 666 1019 perhibet,
702 951 972 1002 secundum
1010 953 1161 1018 ipsam
1203 951 1407 1013 scilicet,
1446 961 1499 1000 ut
1536 952 1721 1000 dictum
1757 962 1847 1015 est,
1882 969 2204 1019 personarum
2242 955 2439 1004 diversi-

276 1043 443 1083 tatem.

342 1104 402 1163 At
427 1133 594 1164 rursus
621 1116 712 1164 tria
741 1114 996 1181 quomodo
1017 1114 1242 1163 dicentur
1260 1115 1351 1163 nisi
1377 1123 1425 1162 et
1448 1113 1671 1178 quaedam
1695 1113 1756 1162 sit
1779 1114 2075 1163 multitudo?
2102 1116 2247 1175 Quod
2270 1118 2310 1166 si
2331 1119 2439 1184 quis

275 1195 640 1245 multitudinem
667 1213 988 1263 personarum
1021 1196 1164 1244 etiam
1195 1212 1283 1261 per
1312 1212 1364 1244 se
1398 1193 1759 1243 multitudinem
1785 1195 1882 1243 dici
1907 1205 2107 1257 annuat,
2136 1214 2250 1246 cum
2280 1201 2438 1248 omnis

274 1276 539 1325 multitudo
559 1296 617 1326 ex
637 1277 799 1326 multis
820 1277 1071 1342 colligatur
1090 1275 1334 1342 partibus3
1356 1275 1598 1340 numquid
1622 1286 1670 1324 et
1690 1276 1952 1324 multitudo
1968 1294 2305 1343 personarum,
2331 1298 2438 1346 quae

275 1356 325 1405 in
345 1360 451 1407 Deo
474 1370 604 1419 sunt,
631 1370 791 1425 partes
813 1358 1047 1426 habebit?
1073 1361 1186 1406 Pars
1203 1367 1385 1418 autem,
1410 1367 1530 1405 teste
1556 1358 1740 1420 Boetio,
1762 1358 1897 1423 prior
1919 1368 1990 1407 est
2009 1358 2070 1407 ab
2090 1376 2149 1407 eo
2172 1360 2309 1425 cujus
2327 1379 2438 1428 pars

275 1447 363 1499 est,
390 1449 439 1487 et
457 1457 516 1488 eo
542 1442 667 1506 ejus¹
687 1440 991 1488 constitutiva
1017 1438 1188 1487 divisio
1209 1438 1259 1486 in
1282 1438 1448 1504 priora
1469 1437 1540 1500 fit,
1568 1438 1691 1485 sicut
1711 1440 1899 1503 generis
1917 1440 1966 1487 in
1984 1441 2265 1506 posteriora.
2285 1445 2438 1508 Opor-

274 1512 396 1562 tebit
428 1515 592 1580 itaque
617 1514 884 1580 quamlibet
905 1514 1054 1569 ¹trium
1078 1529 1398 1579 personarum
1428 1513 1533 1579 ipsa
1558 1513 1786 1562 Trinitate
1807 1531 1954 1580 quam
1977 1516 2275 1564 constituunt
2299 1518 2438 1582 prio-

273 1610 380 1642 rem
413 1612 515 1644 esse
532 1633 546 1659 ,
583 1607 632 1644 et
660 1596 815 1662 ipsam
837 1596 1118 1644 Trinitatem
1151 1594 1469 1660 posteriorem
1499 1610 1601 1642 esse
1629 1595 1826 1659 singulis
1856 1595 1966 1656 illis,
1994 1596 2035 1643 si
2063 1612 2163 1644 non
2197 1607 2434 1663 tempore,

273 1675 445 1733 saltem
479 1688 668 1727 natura.
706 1682 819 1744 Ipso
855 1678 1002 1726 etiam
1032 1685 1284 1725 attestante
1314 1676 1501 1736 Boetio,
1540 1692 1641 1723 non
1681 1676 1813 1724 idem
1845 1686 1916 1724 est
1946 1693 2059 1743 pars
2093 1678 2228 1743 quod
2261 1690 2334 1728 est
2367 1690 2440 1727 to·

274 1764 380 1805 tum
408 1776 419 1805 :
448 1760 563 1823 quia
587 1776 686 1808 una
715 1758 985 1824 eademque
1007 1758 1213 1806 essentia
1244 1774 1348 1805 esse
1368 1757 1516 1804 totius
1538 1766 1588 1805 et
1610 1758 1759 1822 partis
1780 1774 1881 1805 non
1908 1767 2090 1824 potest,
2122 1776 2235 1807 cum
2262 1761 2365 1809 haec
2389 1762 2438 1810 in

276 1828 545 1901 quantitate
574 1841 723 1888 totius
756 1827 904 1906 ipsius
931 1838 1117 1887 inclusa
1138 1839 1199 1886 sit
1230 1855 1345 1886 cum
1369 1837 1495 1900 aliis,
1522 1847 1669 1903 atque
1698 1838 1810 1887 ideo
1833 1840 2014 1887 minor.
2041 1843 2099 1888 At
2123 1858 2237 1889 vero
2260 1852 2309 1890 et
2341 1852 2441 1890 tota

271 1918 502 1983 Trinitas,
540 1930 588 1969 et
615 1922 814 1986 'singulae
835 1937 1071 1988 personae,
1104 1929 1217 1968 sunt
1239 1936 1338 1967 una
1370 1928 1417 1967 et
1439 1918 1611 1967 eadem
1639 1920 1833 1985 penitus
1855 1920 2018 1968 divina
2047 1920 2330 1972 substantia.
2357 1924 2441 1971 Di-

273 2014 441 2056 camus
478 1988 644 2068 itaque
678 2012 982 2064 constanter,
1021 2002 1146 2049 sicut
1180 2000 1496 2066 incoepimuS‚
1534 1999 1720 2048 nullam
1754 2002 1957 2049 omnino
1991 2002 2351 2052 multitudinem
2389 2005 2438 2052 in

273 2078 524 2135 divinitate
547 2084 836 2146 consistere,
857 2084 970 2132 licet
992 2080 1255 2130 multitudo
1281 2096 1600 2146 personarum
1617 2081 1686 2128 ibi
1707 2081 1792 2141 sit;
1815 2091 1961 2146 atque
1986 2083 2139 2148 ipsam
2160 2085 2439 2133 Trinitatem

274 2161 579 2212 individuam
595 2165 788 2231 penitus
810 2164 1134 2212 confiteamur
1155 2181 1166 2210 ε
1189 2162 1303 2227 quia
1322 2162 1432 2209 licet
1446 2161 1496 2208 in
1514 2177 1571 2209 ea
1593 2161 1809 2223 diversae,
1830 2172 1883 2210 ut
1906 2162 2090 2210 dictum
2114 2173 2202 2223 est,
2223 2182 2439 2230 personae

274 2243 387 2304 sint,
404 2245 545 2295 ,nulla
565 2257 728 2294 tamen
754 2246 866 2295 ideo
887 2244 1149 2294 multitudo
1169 2244 1397 2310 partium,
1419 2243 1496 2291 vel
1519 2259 1838 2308 quaecumque
1862 2243 2123 2292 multitudo
2143 2244 2239 2293 dici
2260 2256 2435 2312 potest,

275 2323 362 2372 ubi
393 2326 527 2374 nulla
545 2334 616 2375 est
634 2344 798 2375 rerum
817 2337 962 2392 atque
982 2326 1301 2374 essentiarum
1319 2324 1588 2372 diversitas.
1618 2324 1761 2371 Nullo
1784 2324 1944 2389 itaque
1961 2335 2104 2391 pacto
2127 2327 2441 2374 concedimus

275 2407 637 2456 multitudinem
670 2408 800 2456 illam
834 2424 1156 2474 personarum
1190 2406 1287 2454 dici
1321 2405 1542 2454 absolute
1573 2404 1966 2466 multitudinem,
2003 2423 2095 2454 nec
2130 2407 2243 2472 quia
2280 2407 2440 2455 multae

274 2497 388 2535 sunt
420 2506 638 2554 personae
672 2490 785 2538 ideo
825 2490 922 2538 dici
953 2489 1107 2537 multa
1141 2487 1423 2554 simpliciter
1455 2504 1467 2534 :
1505 2486 1620 2551 quia
1656 2495 2105 2552 quantumcumque
2139 2488 2364 2552 quislibet
2393 2498 2441 2536 et

276 2566 412 2616 abuti
435 2570 596 2619 verbis
627 2571 758 2633 velit,
798 2588 959 2636 neque
980 2570 1078 2618 hoc
1100 2585 1282 2617 nomen
1306 2566 1477 2629 multa,
1503 2583 1662 2632 neque
1686 2566 1784 2614 hoc
1806 2584 1988 2614 nomen
2014 2567 2291 2629 multitudo,
2319 2586 2441 2616 non-

276 2648 365 2696 nisi
384 2650 520 2713 juxta
545 2668 805 2700 numerum
827 2652 981 2717 accipi
1014 2660 1144 2699 recte
1166 2659 1343 2716 potest,
1373 2648 1471 2696 hoc
1501 2657 1573 2695 est
1594 2648 1791 2695 nonnisi
1821 2648 2089 2695 secundum
2118 2648 2440 2713 pluralitatem

277 2728 489 2793 aliquam
511 2748 566 2779 ac
589 2732 917 2781 diversitatem
939 2749 1105 2780 rerum
1127 2732 1177 2778 in
1206 2729 1422 2778 essentiis
1454 2728 1795 2789 discretarum,
1818 2728 1882 2775 ita
1906 2728 2085 2775 scilicet
2107 2728 2407 2778 diversarum
2424 2768 2437 2791 ,

278 2818 332 2855 ut
362 2809 466 2858 haec
496 2813 703 2861 essentia
730 2830 832 2861 non
870 2813 931 2860 sit
954 2812 1062 2873 illa3
1090 2828 1196 2876 quae
1221 2809 1421 2875 quidem
1442 2808 1691 2874 pluralitas
1723 2807 1860 2855 nullo
1882 2807 2033 2855 modo
2057 2808 2106 2855 in
2139 2810 2441 2876 simplicitate

277 2888 454 2939 divinae
478 2892 754 2941 substantiae
786 2902 946 2958 potest
980 2909 1106 2953 esse,
1137 2907 1194 2939 ac
1226 2890 1294 2938 sic
1322 2905 1414 2936 nec
1435 2898 1596 2936 totum
1627 2887 1914 2954 aliquod-ex
1940 2887 2249 2938 multitudine
2280 2891 2442 2956 aliqua

277 2972 488 3035 partium
503 3010 516 3035 ‚
545 2990 659 3020 cum
682 2973 818 3021 nullo
842 2972 994 3020 modo
1023 2972 1091 3020 ibi
1113 2988 1190 3020 res
1212 2971 1374 3019 multae
1404 2969 1516 3031 sint,
1543 2969 1655 3016 licet
1673 2968 1834 3015 multae
1856 2969 1952 3015 sint
1974 2985 2210 3034 personae,
2236 2980 2284 3018 et
2306 2970 2441 3018 nullo

278 3051 429 3102 modo
453 3053 519 3100 ibi
545 3054 604 3102 sit
627 3053 877 3102 diversitas
905 3070 1068 3102 rerum
1082 3089 1096 3114 ,
1123 3053 1236 3101 licet
1257 3051 1318 3099 sit
1340 3066 1677 3117 personarum.
1705 3049 1846 3097 Unde
1868 3053 1966 3097 Leo
1990 3066 2117 3116 papa
2138 3052 2187 3099 in
2211 3054 2442 3099 Sermone

281 3132 615 3181 Pentecostes:
638 3154 661 3180 «
682 3137 737 3181 In
759 3135 1008 3194 Trinitate‚
1035 3133 1211 3199 inquit,
1239 3131 1403 3180 divina
1430 3129 1553 3179 nihil
1575 3130 1807 3179 dissimile
1821 3167 1834 3192 ,
1851 3129 1972 3178 nihil
1994 3131 2152 3197 impar
2172 3142 2257 3181 est.
2282 3151 2306 3178 »
2332 3133 2441 3180 Tale

328 3318 403 3351 ¹Sic
418 3320 452 3352 in
469 3321 578 3354 editis.
595 3319 718 3353 Forsan
734 3320 831 3361 cujus
847 3328 908 3361 pro
923 3328 960 3352 eo
975 3319 1059 3362 qius.
