2638 3866
1134 236 1462 297 ,unrocus
2294 246 2387 291 095

236 354 370 393 ram;
398 344 685 386 tant0.tunc
722 335 946 391 meliores
980 334 1274 398 efficiuntur,
1307 348 1490 402 quanto
1519 338 1729 404 amplius
1761 356 1872 387 eum
1903 340 2138 404 diligunt,
2159 356 2304 404 quem
2340 342 2387 388 in

236 417 493 482 semetipso
529 415 693 463 verius
724 415 992 476 intuentur,
1029 426 1082 464 ut
1112 417 1333 466 videlicet
1363 435 1553 467 summa
1587 419 1668 467 illa
1699 418 1911 481 dilectio,
1950 420 2029 469 illa
2060 422 2234 469 summi
2270 421 2388 469 boni

240 497 431 557 smnio,
471 511 577 561 quae
610 511 723 543 vera
756 504 827 545 est
861 492 1128 565 beatitudo,
1163 514 1410 546 summum
1442 498 1652 548 hominis
1684 498 1871 548 bonum
1907 511 2033 548 recte
2069 502 2127 549 sit
2162 501 2385 550 dicenda.

236 581 385 626 Tanta
419 577 706 642 quippeest·
732 574 812 624 illa
841 574 1018 629 divinae
1043 576 1299 640 majestatis
1328 578 1498 642 gloria,
1525 589 1578 627 ut
1608 596 1753 628 nemo
1787 597 1894 628 eam
1924 583 2203 647 conspicere
2224 593 2386 647 queat,

241 660 325 722 qui
355 673 454 705 non
479 657 528 708 in
555 657 656 722 ipsa
679 655 865 703 visione
890 656 992 720 ejus
1022 656 1182 703 statim
1203 656 1372 713 heatus
1395 658 1493 720 fiat,
1530 659 1658 708 uude
1680 669 1729 708 et
1754 660 1954 714 dicitur*
1984 679 1994 708 ε
2026 682 2047 706 α
2065 662 2277 711 Tollatur
2300 664 2390 710 im-

240 739 372 803 pius,
400 754 460 784 ne
493 735 652 784 videat
686 736 774 783 Dei
807 735 1069 800 gloriam.»
1098 739 1219 783 Cum
1256 738 1398 801 igitur
1432 739 1596 787 fideles
1633 740 1758 804 ejus,
1796 742 1879 805 qui
1913 758 2024 788 eum
2055 759 2198 807 super
2227 745 2389 791 omnia

241 817 539 874 dilexerunt,
578 825 763 864 tantam
791 816 1132 882 conspexerint
1159 815 1530 881 beatitudinem,
1563 830 1794 885 quantam
1826 820 2098 869 nullatenus
2124 822 2218 870 fide
2252 834 2389 888 pote-

244 907 358 944 runt
379 896 631 954 aestimare,
654 895 757 944 haec
778 912 950 953 eorum
974 912 1166 953 summa
1185 897 1433 960 exultatio,
1462 916 1634 965 perpes
1656 901 1746 948 erit
1768 901 1982 966 ipsorum
2006 900 2273 950 beatitudo.

311 981 500 1030 Primos,
544 976 704 1025 Placet
742 978 903 1042 itaque
938 994 1183 1026 summum
1218 977 1431 1026 hominis
1464 978 1655 1026 bonum
1688 979 1787 1027 sive
1825 980 2005 1028 malum
2042 980 2159 1028 illud
2197 980 2391 1045 intelligi

244 1075 346 1123 quo
380 1057 570 1115 melior,
597 1067 647 1104 ut
672 1056 808 1117 dicis,
837 1058 910 1105 vel
933 1058 1144 1106 deterior
1174 1058 1327 1106 homo
1353 1058 1575 1108 efficitur.
1603 1058 1698 1108 Sed
1729 1061 1768 1107 si
1791 1059 1886 1108 hoc
1909 1061 1957 1108 in
1985 1060 2142 1108 futura
2167 1061 2260 1108 vita
2282 1078 2394 1108 con-

241 1139 401 1202 tingit„
428 1147 478 1186 ut
504 1137 722 1194 videlicet
750 1138 971 1186 meliores
997 1138 1065 1186 ibi
1094 1139 1169 1186 vel
1193 1138 1455 1188 deteriores
1491 1157 1639 1205 quam
1678 1140 1757 1188 hic
1790 1140 2072 1201 efficiamur,
2106 1141 2324 1206 profecto
2350 1152 2391 1188 et

242 1218 310 1266 ibi
334 1217 517 1283 aliquid
536 1218 761 1283 amplius,
787 1235 937 1284 quam
960 1219 1039 1267 hic
1062 1220 1329 1285 promereri
1353 1219 1592 1268 videmur.
1623 1223 1733 1278 Quo
1757 1223 1887 1268 enim
1912 1220 2134 1269 meliores
2157 1220 2394 1268 efficimur

243 1297 318 1346 vel
351 1297 612 1356 deteriores
642 1315 789 1363 quam
815 1300 971 1364 prius,
995 1300 1185 1364 ’majori’
1207 1316 1350 1365 poena
1382 1300 1456 1361 vel
1491 1300 1688 1365 praemio
1718 1300 1858 1364 digni,
1872 1301 2160 1365 judicamur.
2190 1302 2333 1360 Quod
2356 1303 2393 1348 si

246 1378 316 1426 ibi
343 1395 540 1443 quoque
571 1378 741 1430 melior
763 1379 823 1427 sit
850 1379 1067 1440 affectus,
1097 1390 1150 1427 ut
1172 1397 1271 1445 quo
1305 1379 1512 1445 amplius
1545 1383 1700 1428 Deum
1731 1381 2068 1445 cognoscimus
2102 1382 2249 1446 magis
2283 1399 2392 1429 eum

243 1457 500 1522 diligamus
534 1469 582 1506 et
611 1476 724 1506 cum
754 1460 857 1525 ipsa
891 1459 1209 1508 retributione
1244 1460 1422 1526 pariter
1458 1470 1619 1508 nostra
1654 1460 1847 1509 dilectio
1883 1471 2065 1509 crescat
2100 1462 2149 1508 in
2182 1465 2304 1520 Deo,
2347 1473 2393 1509 ut

249 1554 441 1604 semper
466 1539 690 1587 meliores
721 1539 1003 1603 efficiamur,
1031 1540 1248 1607 profecto
1270 1542 1319 1588 in
1349 1540 1591 1589 infinitum
1613 1535 1678 1588 ita
1700 1551 1874 1588 nostrae
1897 1540 2203 1589 beatitudinis
2227 1551 2395 1589 exten-

243 1618 374 1666 ditur
398 1631 730 1683 augmentum,
759 1631 810 1668 ut
832 1638 1083 1687 nunquam
1107 1623 1168 1670 sit
1185 1622 1469 1687 perfectum,
1494 1622 1606 1686 quia
1627 1637 1816 1686 semper
1836 1622 2005 1686 recipit
2025 1621 2392 1669 incrementum.

311 1701 584 1761 Cmns‘nAN.
618 1702 776 1765 Nescis
807 1702 1016 1767 quod-‚in
1045 1701 1138 1750 hac
1161 1703 1260 1767 vita
1294 1712 1482 1750 tantum
1505 1712 1694 1767 tempus
1724 1702 1784 1748 sit
1814 1701 2146 1766 promerendi,
2175 1711 2222 1748 et
2245 1702 2294 1748 in
2320 1701 2397 1748 illa

246 1779 566 1842 retribuendi,
599 1781 679 1828 hic
703 1780 921 1830 videlicet
944 1782 1238 1847 seminandi,
1273 1781 1339 1829 ibi
1362 1767 1636 1845 colligendi.
1666 1780 1898 1839 Quamvis
1920 1781 2063 1844 igitur
2088 1780 2154 1828 ibi
2176 1781 2398 1828 meliores

246 1859 486 1908 efficimur
523 1878 578 1908 ex
615 1862 815 1928 praemio
851 1863 1154 1924 meritorum,
1192 1878 1340 1928 quam
1370 1861 1451 1910 hic
1483 1878 1540 1909 ex
1575 1862 1755 1910 meritis
1792 1860 2059 1923 fueramus,
2102 1878 2201 1909 non
2236 1871 2394 1909 tamen

247 1950 441 1989 necesse
466 1951 560 2002 est,
589 1952 642 1989 ut
676 1942 743 1990 ibi
778 1959 942 1991 rursus
974 1942 1154 2008 aliquid
1185 1958 1563 2008 promereamus.
1597 1943 1700 1989 Hoc
1736 1942 1895 2006 ipsum
1931 1958 2144 2006 quoque,
2184 1942 2296 2006 quia
2332 1941 2397 1988 ibi

247 2020 471 2069 meliores
501 2038 647 2086 quam
671 2022 750 2069 hic
776 2022 1031 2083 efficimur,
1058 2023 1342 2070 meritorum
1366 2021 1445 2068 hic
1466 2021 1745 2069 habitorum
1766 2020 2016 2069 retributio
2041 2031 2136 2081 est,
2165 2038 2270 2085 quae
2300 2038 2400 2068 me·

249 2101 350 2148 ritis
380 2101 568 2150 reddita
601 2118 691 2149 nos
726 2102 947 2150 meliores
982 2102 1185 2161 efficiat,
1219 2119 1319 2150 non
1356 2102 1531 2149 iterum
1569 2102 1819 2166 praemium
1854 2111 2172 2166 promeretur,
2208 2117 2313 2166 quae
2350 2102 2398 2147 in

249 2182 501 2246 praemium
520 2182 800 2229 meritorum
826 2192 1013 2230 tantum
1034 2193 1105 2231 est
1126 2183 1402 2244 constituta,
1426 2198 1526 2229 non
1547 2181 1609 2229 ad
1632 2181 1812 2246 aliquid
1835 2180 2213 2246 promerendum
2235 2198 2398 2228 rursus

249 2260 430 2308 habita.
468 2264 587 2309 Nam
619 2271 667 2309 et
693 2262 823 2327 apud
856 2279 944 2310 nos
976 2279 1088 2310 cum
1121 2262 1290 2327 aliquis
1320 2262 1536 2309 amicitiae
1565 2262 2004 2309 remunerationem
2036 2261 2098 2309 ab
2125 2261 2282 2309 amico
2315 2278 2400 2308 su-

248 2341 390 2406 scipit
410 2351 458 2388 et
482 2357 596 2388 eum
628 2342 834 2407 amplius
857 2351 1055 2409 propter
1081 2341 1177 2390 hoc
1200 2341 1369 2407 diligit,
1396 2358 1497 2389 non
1520 2342 1692 2388 iterum
1725 2341 1854 2406 apud
1879 2358 1991 2389 eum
2023 2358 2081 2389 ex
2110 2341 2203 2389 hac
2228 2341 2396 2405 majori

250 2420 526 2482 dilectione,
555 2438 662 2486 quae
688 2422 869 2470 scilicet
889 2424 1022 2470 venit
1044 2439 1101 2470 ex
1125 2422 1320 2487 praemio
1350 2421 1559 2482 reddito,
1590 2421 1838 2487 praemium
1863 2422 2035 2469 mereri
2052 2420 2313 2485 judicatur,
2344 2432 2396 2468 ut

250 2501 329 2548 sic·
353 2501 403 2548 in
426 2500 670 2549 infinitum
695 2502 920 2562 meritum
955 2502 1256 2550 extendatur.
1286 2502 1514 2567 Quamvis
1549 2502 1726 2549 etenim
1758 2501 2120 2549 necessitudinis
2153 2501 2401 2550 coactione

251 2589 300 2627 et
324 2580 641 2629 retributione
665 2583 847 2647 praemii
872 2592 1071 2648 augetur
1094 2581 1304 2641 dilectio,
1331 2591 1384 2628 ut
1409 2598 1509 2628 non
1541 2590 1637 2629 tam
1665 2581 1932 2629 voluntaria
1955 2597 2101 2645 quam
2133 2582 2399 2628 necessaria

253 2659 491 2720 videatur,
531 2661 595 2708 ita
638 2662 819 2727 quippe
856 2662 1081 2710 omnibus
1118 2661 1397 2709 naturaliter
1429 2661 1598 2708 insitus
1632 2670 1703 2708 est
1736 2660 1959 2722 affectus,
1999 2671 2050 2708 ut
2085 2661 2187 2726 ipsa
2220 2662 2401 2726 praemii

254 2738 506 2787 retributio
531 2740 781 2804 quoddam
804 2741 1074 2789 dilectionis
1097 2758 1260 2795 secum
1290 2740 1458 2797 afferrat
1481 2750 1791 2803 augmentum
1815 2750 1861 2787 et
1887 2740 2094 2805 quadam
2119 2757 2210 2787 nos
2234 2756 2401 2788 neces—

255 2818 407 2878 sitate,
446 2819 519 2867 vel
553 2835 719 2867 amore
753 2808 905 2868 nostri
945 2822 1105 2887 potius
1128 2837 1274 2886 quam
1309 2820 1485 2867 virtute
1525 2818 1598 2866 vel
1629 2836 1793 2867 amore
1829 2821 2180 2868 remunerantis
2218 2820 2266 2867 in
2304 2821 2404 2884 ejus

241 2895 566 2963 ,dilectionem
585 2915 691 2964 {nos
724 2900 971 2947 accendat.
1010 2901 1058 2966 Si
1089 2901 1232 2965 igitur
1259 2900 1382 2947 inter
1413 2898 1637 2947 homines
1671 2900 1854 2948 amicus
1883 2899 1945 2947 ab
1972 2900 2128 2948 amico
2153 2900 2402 2966 praemium

257 2978 399 3039 ferat,
427 2988 474 3027 et
496 2995 552 3026 ex
578 2979 684 3044 ipso
709 2967 905 3045 praemio
931 2981 1136 3047 amplius
1170 2965 1365 3044 diligere
1389 2990 1603 3045 cogatur,
1639 2997 1729 3027 nec
1754 2990 1912 3028 tamen
1938 2998 1995 3028 ex
2020 2969 2115 3028 hoc
2138 2980 2403 3029 dilectionis

257 3068 516 3122 augmento
548 3075 710 3107 rursus
732 3061 999 3126 promereri
1030 3060 1221 3119 dicitur,
1255 3058 1373 3125 quid
1406 3060 1606 3122 mirum,
1646 3061 1683 3107 si
1708 3070 1754 3107 et
1781 3061 1828 3107 in
1858 3059 1950 3108 alia
1970 3061 2068 3108 vita
2103 3077 2160 3109 ex
2182 3071 2401 3125 suscepto

229 3140 454 3202 *praemio
478 3139 683 3204 amplius
706 3142 862 3188 Deum
900 3139 1166 3205 diligentes,
1197 3155 1502 3205 nequaquam
1526 3156 1717 3188 rursum
1740 3141 1897 3205 ipsum
1922 3141 2173 3205 praemium
2201 3157 2399 3189 conver·

304 3318 312 3336 ¹
329 3317 459 3351 Psalm.
472 3327 563 3359 Lvin,
579 3328 610 3351 v.
630 3322 667 3362 2,
685 3323 716 3354 3.
