2638 3866
654 173 870 221 ETfflCA
903 175 1012 223 SEU
1048 175 1219 223 LIBER
1254 176 1458 224 DlCTUS
1494 195 1504 222 :
1543 176 1708 224 SClTO
1743 177 2010 225 TElPSUM.
2364 175 2459 223 619

316 273 419 319 sine
440 272 583 338 culpa
607 284 809 339 possunt
827 276 1063 324 accidere.
1087 278 1136 324 Si
1159 277 1266 342 quis
1287 278 1417 325 enim
1437 278 1696 342 Evangelio
1719 278 1794 326 vel
1817 278 2005 326 Christo
2028 293 2127 326 non
2154 275 2324 334 credit,
2351 277 2463 341 quia

318 351 594 418 praedicatio
609 354 671 401 ad
694 354 852 420 ipsum
874 371 974 403 non
995 359 1284 421 pervenerit,
1298 357 1561 422 juxtaillud
1583 360 1816 425 Apostoli¹
1845 378 1856 406 :
1875 357 2179 418 «Quomodo
2199 357 2396 405 credent
2420 359 2464 404 ei

319 448 467 498 quem
492 450 591 481 non
616 434 903 483 audierunt?
929 437 1192 494 Quomodo
1216 448 1375 486 autem
1398 439 1595 487 audient
1615 440 1718 487 sine
1741 439 2046 506 predicante?
2071 460 2092 483 n
2120 442 2238 498 Quae
2272 438 2387 485 hinc
2420 440 2463 484 ei

319 513 461 580 culpa
492 524 650 580 potest
678 516 905 580 assignari
927 516 1062 581 quod
1093 534 1191 566 non
1223 518 1410 575 credit?
1440 522 1545 568 Non
1581 519 1809 569 credebat
1830 520 2082 568 Cornelius
2113 521 2161 567 in
2187 519 2432 567 Christum
2451 555 2462 577 ,

319 593 478 642 donec
500 599 666 644 Petrus
697 596 760 644 ad
784 613 898 645 eum
926 598 1096 645 missus
1127 598 1189 647 de
1219 599 1315 647 hoc
1342 600 1502 666 ipsum
1534 601 1783 662 instruxit,
1822 602 1906 667 qui
1938 601 2157 666 quamvis
2188 609 2328 648 antea
2363 598 2466 662 lege

320 677 523 724 naturali
556 679 710 725 Deum
745 689 1109 743 recognosceret
1144 689 1289 743 atque
1322 680 1563 745 diligeret,
1602 699 1660 729 ex
1692 699 1791 748 quo
1826 682 1999 730 meruit
2033 681 2094 729 de
2129 680 2350 729 oratione
2380 696 2467 727 sua

319 756 550 816 exaudiri,
577 767 626 805 et
647 760 750 806 Deo
775 769 994 825 acceptas
1018 760 1345 824 eleemosynas
1369 761 1567 823 habere,
1596 773 1755 810 tamen
1783 763 1821 810 si
1854 779 1966 810 eum
1989 772 2099 810 ante
2122 760 2267 809 fidem
2292 759 2467 807 Christi

319 839 381 887 de
406 839 499 888 hac
522 839 629 889 luce
658 842 886 905 migrasse
909 844 1227 907 contingeret,
1254 861 1563 909 nequaquam
1596 847 1639 894 ei
1667 846 1814 895 vitam
1836 846 2115 912 promittere
2147 844 2433 892 auderemus
2449 879 2463 902 ,

319 930 751 988 quantumcunque
774 922 908 971 bona
930 940 1079 989 opera
1102 925 1203 988 ejus
1227 925 1529 986 viderentur,
1558 943 1647 974 nec
1669 943 1781 974 cum
1807 925 2047 987 fidelibus,
2074 925 2158 973 sed
2186 925 2333 989 magis
2359 924 2467 971 infi-

320 1001 509 1050 delibus
527 1019 1009 1066 connumeraremuS,
1043 1015 1422 1096 quantocunque
1444 1006 1605 1054 studio
1629 1006 1791 1054 salutis
1810 1017 1932 1054 esset
1953 1015 2232 1072 occupatus.
2262 1004 2467 1069 Abyssus

320 1084 502 1149 quippe
538 1084 687 1132 multa
725 1085 813 1132 Dei
834 1085 1014 1149 judicia
1052 1096 1194 1145 sunt,
1235 1087 1319 1151 qui
1355 1103 1456 1134 non
1492 1104 1744 1152 nunquam
1782 1086 2070 1135 reluctantes
2108 1086 2182 1133 vel
2219 1086 2376 1132 minus
2406 1085 2466 1133 de

319 1163 470 1210 salute
499 1181 587 1213 sua
608 1149 837 1213 sollicitos
870 1165 1038 1225 trahit,
1075 1176 1123 1214 et
1146 1184 1195 1214 se
1219 1166 1492 1226 offerentes,
1518 1168 1596 1215 vel
1627 1167 1688 1215 ad
1716 1167 2015 1215 credendum
2041 1167 2320 1232 paratioreS‚
2355 1183 2466 1231 pro·

320 1243 606 1293 fundissimo
629 1246 999 1311 dispensationis
1029 1264 1124 1294 suae
1154 1247 1358 1296 consilio
1386 1250 1584 1314 respuit.
1611 1250 1688 1296 Sic
1714 1250 1843 1297 enim
1869 1249 2004 1296 illum
2032 1265 2083 1295 se
2116 1247 2424 1295 offerentem’
2452 1267 2461 1292 :

323 1321 599 1384 «Magister,
615 1338 789 1386 sequar
807 1331 854 1369 te
867 1338 1178 1388 quocumque
1200 1323 1327 1384 ieris,
1354 1342 1377 1368 »
1391 1323 1682 1389 reprobavit.
1702 1327 1759 1370 Et
1772 1324 1976 1372 alterum
1994 1332 2302 1370 excusantem
2322 1339 2371 1369 se
2383 1339 2468 1387 per

320 1400 691 1450 sollicitudinem
725 1419 871 1467 quam
902 1403 1075 1451 habuit
1096 1403 1157 1452 de
1178 1414 1338 1470 patre,
1365 1421 1455 1452 nec
1476 1405 1539 1452 ad
1559 1404 1733 1453 horam
1760 1405 1810 1452 in
1835 1405 1927 1452 hac
1951 1404 2138 1471 pietatis
2160 1404 2467 1451 excusatione

304 1482 557 1532 toleravit.
606 1485 825 1549 Denique
855 1494 903 1532 et
944 1485 1267 1550 quarumdam
1304 1486 1550 1534 civitatum
1586 1486 1960 1534 obstinationem
2001 1486 2283 1551 increpans,
2323 1486 2413 1532 ait³
2454 1504 2463 1531 :

325 1585 347 1607 ιι
392 1567 469 1614 Voe
487 1563 594 1624 tibi,
624 1566 878 1628 Corozain,
900 1582 968 1615 vae
987 1565 1090 1626 tibi,
1119 1566 1390 1622 Bethsaida,
1419 1567 1532 1631 quia
1554 1567 1664 1614 siin
1688 1570 1812 1631 Tyro
1842 1577 1889 1614 et
1917 1566 2097 1614 Sidone
2118 1566 2317 1612 virtutes
2338 1564 2469 1612 factae

322 1644 538 1706 fuissent,
571 1662 678 1710 quae
701 1645 832 1694 factae
857 1656 969 1694 sunt
988 1647 1039 1694 in
1065 1646 1220 1706 vobis,
1238 1647 1340 1711 jam
1364 1646 1484 1694 olim
1503 1647 1553 1695 in
1570 1646 1728 1695 cilicio
1751 1657 1799 1695 et
1813 1648 1974 1694 cinere
1992 1645 2327 1712 poenitentiam
2350 1646 2469 1710 egis-

321 1735 443 1773 sent.
468 1745 492 1770 υ
519 1728 642 1774 Ecce
669 1726 760 1774 illis
781 1726 958 1776 obtulit
978 1744 1080 1775 non
1103 1727 1261 1775 solum
1284 1726 1678 1792 praedicationem
1714 1744 1878 1789 suam,
1905 1743 2075 1774 verum
2099 1726 2243 1773 etiam
2266 1726 2469 1773 miracu-

321 1805 480 1854 lorum
504 1805 876 1866 exhibitionem,
908 1823 1028 1871 quas
1060 1817 1221 1855 tamen
1257 1808 1391 1873 prius
1420 1817 1623 1856 noverat
1647 1824 1748 1855 esse
1778 1824 1880 1854 non
1915 1805 2197 1854 credituras.
2228 1809 2323 1853 Has
2354 1823 2469 1853 vero

320 1887 586 1935 Gentilium
608 1887 722 1935 alias
740 1887 971 1946 civitateS,
993 1904 1114 1952 quas
1133 1887 1193 1936 ad
1220 1887 1368 1936 fidem
1391 1887 1747 1954 suscipiendam
1767 1887 1927 1936 faciles
1949 1904 2050 1935 esse
2075 1903 2175 1934 non
2199 1886 2466 1950 ignorabat,

320 1982 409 2015 sua
421 1975 537 2016 tunc
549 1968 821 2015 visitatione
845 1984 946 2016 non
960 1969 1146 2016 censuit
1165 1968 1353 2032 dignas,
1377 1969 1427 2016 in
1449 1968 1626 2033 quibus
1645 1968 1863 2033 quidem,
1888 1985 1999 2015 cum
2026 1967 2194 2030 aliqui,
2222 1966 2470 2014 subtracto

321 2047 412 2096 sibi
435 2033 791 2114 praedicationis⁴
814 2048 986 2108 verbo,
1009 2059 1172 2097 tamen
1201 2049 1263 2096 ad
1294 2049 1655 2114 suscipiendum
1688 2049 1848 2113 ipsum
1869 2048 2038 2113 parati,
2066 2047 2336 2112 perierunt,
2364 2049 2472 2111 quis

321 2129 418 2176 hoc
444 2145 615 2176 eorum
642 2129 848 2194 imputet
872 2129 1039 2194 culpae,
1066 2129 1201 2194 quod
1225 2129 1357 2177 nulla
1386 2129 1673 2193 negligentia
1703 2128 1923 2176 videmus
1953 2127 2169 2175 accidere
2188 2126 2207 2173 ?
2225 2129 2283 2174 Et
2308 2137 2469 2177 tamen

322 2210 449 2257 hanc
485 2226 656 2256 eorum
691 2208 1025 2257 infidelitatem
1072 2210 1121 2256 in
1167 2227 1264 2274 qua
1311 2209 1525 2258 defuncti
1564 2219 1703 2269 sunt,
1747 2209 1810 2256 ad
1841 2208 2202 2256 damnationem
2251 2206 2470 2256 sufficere

321 2290 545 2352 dicimus,
581 2291 801 2355 quamvis
826 2290 969 2354 hujus
997 2291 1234 2352 caecitatis,
1273 2291 1324 2338 in
1356 2307 1452 2356 qua
1481 2291 1719 2339 Dominus
1752 2307 1836 2338 eos
1867 2289 2118 2349 dimiserit,
2147 2304 2291 2337 causa
2311 2289 2470 2336 minus

323 2371 464 2420 nobis
500 2382 746 2436 appareat.
782 2373 942 2430 Quam
978 2371 1196 2436 profecto
1228 2371 1268 2419 si
1302 2372 1409 2437 quis
1442 2382 1642 2437 peccato
1674 2387 1847 2419 eorum
1881 2371 1983 2419 sine
2025 2369 2168 2435 culpa
2201 2368 2466 2427 adscribat,

323 2452 532 2500 fortassis
555 2442 744 2513 licebit,
780 2468 894 2499 cum
924 2451 1193 2501 absurdum
1223 2453 1267 2500 ei
1299 2453 1518 2501 videatur
1548 2452 1664 2500 tales
1696 2452 1798 2500 sine
1825 2462 2023 2518 peccato
2053 2450 2305 2498 damnari?

389 2536 485 2581 Nos
520 2543 679 2581 tamen
720 2533 917 2598 proprie
953 2543 1235 2599 peccatum,
1274 2543 1328 2580 ut
1366 2550 1490 2599 saepe
1519 2533 1621 2597 jam
1655 2533 1989 2593 meminimus,
2028 2531 2147 2579 illud
2182 2530 2339 2578 solum
2374 2530 2468 2578 dici

322 2614 630 2673 arbitramur,
662 2614 798 2679 quod
827 2615 877 2662 iu
905 2615 1048 2680 culpa
1082 2614 1380 2679 negligentiae
1412 2614 1652 2676 consistit,
1688 2631 1777 2661 nec
1804 2614 1853 2661 in
1886 2612 2126 2678 aliquibus
2161 2628 2263 2659 esse
2290 2620 2464 2676 potest,

322 2696 667 2759 cujuscumque
703 2696 797 2743 sint
827 2696 993 2758 aetatis,
1025 2696 1142 2760 quin
1177 2713 1236 2743 ex
1270 2695 1364 2743 hoc
1400 2695 1620 2743 damnari
1651 2704 1942 2743 mereantur.
1985 2697 2091 2741 Non
2127 2692 2322 2740 credere
2353 2709 2467 2740 vero

321 2774 589 2836 Christum,
627 2775 762 2839 quod
795 2775 1090 2824 infidelitatis
1131 2785 1225 2836 est,
1265 2775 1521 2840 quomodo
1557 2761 1796 2841 parvulis,
1839 2773 1912 2821 vel
1947 2773 2023 2821 his
2061 2773 2236 2838 quibus
2275 2789 2373 2820 non
2396 2784 2468 2820 est

322 2855 682 2913 annuntiatum,
713 2855 867 2921 culpae
889 2856 1062 2905 debeat
1092 2856 1316 2918 adscribi,
1347 2873 1447 2904 non
1479 2855 1640 2916 video,
1671 2855 1747 2902 vel
1775 2853 2012 2919 quidquid
2039 2870 2126 2919 per
2147 2854 2467 2918 ignorantiam

321 2935 649 2984 invincibilem
684 2935 758 2993 fit,
794 2937 871 2984 cui
904 2937 975 2984 vel
996 2936 1256 3002 praevidere
1288 2954 1389 2984 non
1418 2936 1682 2998 valuimus;
1707 2936 1854 2983 veluti
1877 2935 1916 2982 si
1939 2935 2046 3000 quis
2074 2934 2195 2982 forte
2217 2935 2466 2982 hominem

322 3033 470 3079 quem
508 3033 606 3063 non
643 3015 771 3064 videt
805 3017 856 3064 in
897 3016 1027 3082 sylva
1058 3018 1228 3082 sagitta
1256 3016 1533 3079 interficiat,
1574 3017 1693 3064 dum
1731 3016 1841 3064 feris
1877 3016 1953 3064 vel
1990 3014 2159 3063 avibus
2193 3015 2467 3080 sagittandis

321 3097 543 3145 intendit.
568 3100 725 3156 Quem
748 3108 907 3145 tamen
935 3096 1052 3145 dum
1074 3115 1274 3164 peccare
1294 3098 1721 3165 per'ignorantiam
1743 3097 1966 3158 dicimus,
1993 3097 2113 3144 sicut
2134 3113 2224 3143 nos
2245 3096 2466 3161 quando-

366 3284 372 3300 “
399 3283 498 3314 Rom.
515 3307 523 3323 ,
541 3291 612 3323 cap.
635 3291 669 3321 x,
691 3292 719 3313 ν.
744 3284 789 3316 14.
809 3301 846 3305 —
865 3284 876 3302 ²
894 3281 1024 3321 Manli„
1041 3291 1113 3323 cap.
1132 3291 1179 3323 iv,
1196 3291 1227 3314 v.
1253 3283 1301 3315 19.
1321 3300 1358 3305 —
1374 3284 1385 3302 ³
1400 3281 1511 3323 nna„
1528 3291 1599 3322 cap.
1620 3291 1671 3323 xi,
1694 3290 1723 3314 v.
1743 3284 1793 3315 21.
