2638 3866
982 198 1323 248 THEOLOGIA
1358 199 1727 249 CHRISTIANA.
2335 197 2429 245 563

285 303 465 368 genuit,
497 302 729 368 quoniam
753 301 1005 349 meliorem
1029 317 1079 348 se
1107 317 1334 366 generare
1356 318 1456 350 non
1481 302 1654 367 potuit,
1691 300 1811 349 nihil
1833 300 1965 349 enim
1991 302 2097 348 Deo
2131 297 2315 359 melius,
2345 297 2429 344 de-

281 382 390 431 buit
423 383 672 444 aequalem.
703 383 754 432 Si
785 383 914 432 enim
948 380 1102 429 voluit
1129 390 1177 428 et
1204 399 1304 430 non
1334 384 1515 449 potuit,
1549 382 1769 430 infirmus
1801 391 1887 430 est.
1917 381 1966 428 Si
1988 380 2147 446 potuit
2176 389 2225 428 et
2249 377 2428 436 noluit,

259 478 262 485 ·
283 463 476 514 invidus
500 475 587 514 est.
612 484 635 511 »
652 464 724 514 Ad
739 464 844 513 hoc
870 473 917 512 et
938 462 1057 511 illud
1082 464 1287 528 pertinet
1311 464 1486 512 Nicaeni
1509 463 1719 523 concilii,
1741 462 1877 529 quod
1902 462 2024 510 sicut
2051 462 2100 509 iu
2124 461 2284 528 primo
2307 459 2432 507 libro

283 545 465 609 praefati
493 563 686 608 sumus,
721 545 890 595 beatus
920 553 1143 592 retractat
1170 544 1494 609 Hieronymus
1518 544 1706 593 dicens¹
1735 562 1745 590 :
1777 541 1949 591 «Absit
1980 559 2094 607 ergo
2124 542 2174 589 in
2198 540 2318 588 Filio
2345 540 2430 587 Dei

283 625 465 691 aliquid
488 627 595 693 plus
614 627 833 675 minusve
855 625 1007 674 autin
1030 624 1159 685 loc0,
1175 634 1259 672 aut
1280 625 1583 691 intempore,
1605 635 1689 673 aut
1708 625 1759 672 in
1780 624 2014 690 potentia,
2040 632 2123 671 aut
2142 623 2190 670 in
2214 621 2427 682 scientia,

284 717 367 754 aut
393 708 443 756 in
464 709 750 772 aequalitate,
776 716 860 755 aut
882 706 932 754 in
957 705 1279 769 subjectione,
1308 723 1421 754 cum
1443 706 1620 754 dicitur
1648 705 1743 754 hoc
1773 714 1826 753 ut
1847 705 2021 753 Deitati
2043 705 2144 768 ejus
2178 719 2277 751 non
2301 702 2435 750 carni

284 787 567 838 ascribatur.
606 788 656 837 Si
684 788 815 836 enim
846 787 957 854 plus
985 787 1206 835 minusve
1229 787 1412 852 aliquid
1443 788 1702 847 invenitur,
1742 796 1942 852 excepto
1974 785 2071 833 hoc
2104 784 2239 850 quod
2273 784 2437 848 genuit

285 871 420 916 Pater
454 869 645 931 Filium,
679 878 727 917 et
759 877 960 933 excepto
995 866 1106 914 hoc
1126 867 1261 932 quod
1292 868 1436 915 Filius
1463 885 1565 915 non
1601 885 1659 915 ex
1694 867 1950 933 semetipso
1977 876 2118 914 natus
2147 875 2235 924 est,
2269 864 2354 912 sed
2375 864 2436 912 de

286 950 442 1010 Patre,
466 959 548 998 aut
576 949 822 1012 invidens,
846 958 930 997 aut
951 948 1193 1014 impotens
1213 951 1370 1011 Pater,
1396 949 1594 1014 insuper
1621 949 1765 997 etiam
1794 946 2071 1013 temporalis
2096 946 2389 1010 agnoscitur.
2411 964 2434 989 »

286 1034 387 1079 Hac
413 1031 574 1095 itaque
592 1032 795 1093 ratione,
822 1047 919 1095 qua
945 1030 1249 1078 convincitur
1272 1029 1388 1095 quia
1409 1032 1539 1078 Deus
1563 1033 1698 1078 Pater
1714 1040 1813 1079 tam
1826 1029 2015 1077 bonum
2033 1028 2252 1092 genuerit
2267 1026 2437 1074 Filium

284 1121 522 1176 quantum
546 1112 721 1178 potuit,
747 1128 860 1160 cum
880 1110 1102 1158 videlicet
1121 1110 1257 1158 aliter
1275 1127 1386 1159 reus
1405 1120 1530 1160 esset
1552 1110 1760 1172 invidiae,
1782 1109 1967 1158 clarum
1989 1118 2059 1157 est
2081 1118 2129 1156 et
2151 1108 2315 1155 omnia
2333 1124 2439 1172 quae

286 1192 397 1240 facit
439 1203 675 1258 quantum
709 1203 869 1259 potest
905 1193 1095 1257 egregia
1128 1192 1283 1240 facere
1298 1229 1311 1254 ,
1361 1209 1453 1240 nec
1495 1191 1647 1243 ullum
1689 1191 2008 1240 commodum
2043 1189 2179 1255 quod
2222 1188 2439 1236 conferre

285 1274 435 1338 possit
458 1273 744 1322 subtrahere
762 1273 901 1322 velle.
931 1272 1056 1321 Nihil
1077 1273 1258 1339 quippe
1278 1283 1348 1320 est
1371 1272 1516 1337 quod·
1530 1282 1614 1320 aut
1632 1273 1772 1320 faciat
1794 1282 1877 1321 aut
1895 1272 2119 1331 dimittat,
2147 1270 2237 1318 nisi
2258 1270 2440 1335 optima

287 1364 332 1403 et
358 1354 632 1403 rationabili
654 1371 799 1403 causa
815 1393 828 1416 ,
853 1356 965 1403 licet
1000 1353 1080 1402 illa
1104 1354 1272 1402 nobis’
1297 1353 1488 1402 occulta
1509 1354 1586 1401 sit.
1613 1353 1750 1401 Unde
1770 1362 1818 1401 et
1852 1352 1972 1399 illud
1992 1362 2064 1399 est
2099 1351 2401 1399 Platonicum
2426 1369 2435 1396 ε

289 1455 313 1478 «
333 1437 488 1483 Omne
510 1435 645 1500 quod
669 1436 892 1500 gignitur,
920 1452 976 1483 ex
1001 1434 1164 1499 aliqua
1185 1451 1329 1483 causa
1355 1435 1620 1482 necessaria
1646 1435 1871 1498 gignitur.
1899 1433 2025 1481 Nihil
2044 1433 2175 1480 enim
2199 1431 2278 1493 fit,
2304 1431 2442 1495 cujus

287 1526 451 1564 ortum
476 1535 577 1565 non
600 1518 814 1582 legitima
837 1534 982 1565 causa
1006 1526 1055 1564 et
1078 1517 1200 1564 ratio
1222 1516 1478 1582 praecedat.
1505 1537 1528 1559 n
1546 1517 1669 1564 Hinc
1700 1525 1748 1564 et
1778 1515 1897 1564 illud
1919 1525 1991 1564 est
2022 1514 2296 1578 Augustini,
2328 1529 2442 1560 cum

286 1599 452 1646 omnia
474 1599 527 1647 in
548 1598 736 1646 mundo
764 1598 869 1647 fieri
892 1597 1186 1662 vel-disponi
1213 1597 1379 1645 divina
1405 1597 1710 1662 providentia
1732 1597 2059 1656 convinceret,
2085 1606 2134 1642 et
2154 1594 2276 1642 nihil
2297 1611 2409 1642 casu
2428 1629 2440 1654 ‚

287 1678 409 1726 nihil
445 1678 645 1727 fortuitu
678 1680 898 1740 evenire,
924 1679 1011 1727 sed
1041 1679 1206 1726 omnia
1233 1695 1291 1726 ex
1322 1678 1490 1726 divino
1514 1677 1779 1742 ,provenire
1807 1676 2030 1724 consili0.
2057 1669 2132 1723 Ait
2163 1675 2346 1740 quippe
2379 1675 2445 1722 sic

291 1763 613 1820 Quaestionum
637 1763 922 1821 LXXXIII,
959 1760 1118 1825 capite
1148 1776 1293 1806 xxvi:
1322 1779 1346 1803 «
1377 1758 1621 1823 Quicquid
1650 1775 1767 1806 casu
1789 1757 1867 1820 fit,
1896 1767 2077 1805 temere
2102 1756 2183 1817 fit3
2212 1755 2442 1821 quicquid

286 1850 468 1889 temere
496 1841 569 1902 fit,
604 1858 707 1888 non
731 1840 787 1887 fit
807 1839 1133 1907 providentia.
1162 1840 1212 1887 Si
1231 1857 1349 1904 ergo
1381 1856 1496 1888 casu
1516 1839 1679 1903 aliqua
1706 1837 1831 1885 fiunt
1852 1839 1900 1885 in
1922 1836 2127 1898 mundo,
2158 1852 2259 1884 non
2283 1837 2445 1902 provi-

286 1921 450 1971 dentia
481 1923 734 1975 universus
763 1921 977 1969 mundus
1008 1919 1388 1968 administratur.
1414 1941 1438 1965 2>
1464 1924 1585 1968 ltem
1606 1957 1619 1982 ,
1655 1919 1821 1967 «Illud
1842 1919 2055 1979 bonum,
2082 1918 2219 1982 cujus
2249 1918 2446 1984 partici-

287 2003 483 2067 patione
506 2012 620 2051 sunt
642 2002 777 2051 bona
800 2011 974 2063 cetera,
1000 2018 1101 2049 non
1127 2017 1215 2067 per
1239 2001 1389 2062 aliud,
1415 2001 1500 2048 sed
1530 2017 1616 2066 per
1644 2001 1956 2065 semetipsum
1973 1999 2163 2047 bonum
2185 2008 2275 2046 est.
2298 1998 2443 2056 Quod

288 2083 503 2132 divinam
517 2083 663 2132 etiam
679 2082 1039 2148 providentiam
1054 2095 1301 2130 vocamus.
1319 2103 1342 2126 ›>
1363 2081 1490 2129 Nihil
1509 2074 1652 2145 igitur
1675 2097 1788 2129 casu
1808 2079 1862 2128 fit
1880 2081 1929 2127 in
1951 2079 2156 2127 mundo.
2180 2082 2232 2125 ln
2255 2088 2443 2126 tantum

288 2174 450 2213 autem
474 2165 524 2211 in
548 2162 776 2211 omnibus
799 2180 905 2227 quae
926 2165 1059 2210 Deus
1082 2162 1211 2224 facit,
1238 2162 1371 2226 quod
1390 2161 1579 2209 bonum
1602 2171 1673 2209 est
1689 2160 1913 2220 attendit,
1941 2170 1996 2207 ut
2018 2160 2124 2225 ipso
2147 2159 2268 2207 boni
2286 2158 2443 2223 pretio

288 2245 451 2310 potius
473 2260 622 2309 quam
642 2243 906 2291 voluntatis
927 2259 1024 2290 suae
1047 2242 1185 2290 libito
1209 2243 1272 2290 ad
1294 2242 1481 2307 singula
1503 2241 1721 2290 facienda
1743 2240 1964 2289 inclinari
1987 2240 2192 2288 dicatur.
2229 2238 2351 2286 Hinc
2373 2248 2443 2286 est

288 2324 409 2374 illud
442 2324 726 2389 Hieronymi
762 2324 812 2371 in
848 2323 1149 2390 expositione
1180 2323 1416 2371 versionis
1450 2340 1596 2388 super
1614 2321 1871 2373 Danielem
1907 2338 1988 2379 111,
2025 2320 2112 2368 ubi
2145 2319 2206 2367 de
2235 2322 2340 2368 Deo
2376 2320 2443 2367 sic

291 2404 747 2454 Nabuchodonosor
765 2404 1005 2469 loquitur³
1033 2422 1044 2451 z
1076 2406 1259 2452 «Juxta
1283 2404 1586 2452 voluntatem
1621 2403 1751 2455 enim
1784 2418 1923 2450 suam
1956 2401 2068 2449 facit
2101 2409 2201 2449 tam
2235 2401 2284 2448 in
2319 2400 2443 2448 coelo

290 2475 438 2552 quam
460 2487 510 2534 in
532 2495 677 2547 terra,
701 2496 747 2534 et
769 2502 871 2533 non
889 2494 961 2533 est
981 2485 1067 2550 qui
1085 2484 1273 2533 resistat
1285 2485 1453 2537 manui
1468 2484 1588 2548 ejus,
1609 2494 1657 2532 et
1673 2483 1829 2532 dicat:
1850 2485 1948 2531 Cur
1961 2482 2146 2531 fecisti?
2165 2502 2188 2526 »
2214 2503 2236 2526 «
2253 2484 2311 2530 Et
2328 2481 2441 2542 hoc,

289 2567 449 2632 inquit
470 2567 811 2632 Hieronymus,
831 2566 1048 2631 loquitur
1069 2565 1208 2630 quasi
1231 2565 1385 2613 homo
1405 2565 1581 2613 saeculi.
1607 2568 1714 2612 Non
1734 2565 1867 2612 enim
1887 2563 2022 2628 quod
2042 2562 2168 2623 vult,
2188 2561 2284 2611 hoc
2307 2561 2438 2621 sacit3

291 2647 375 2696 sed
398 2647 532 2712 quod
552 2647 742 2695 bonum
767 2656 856 2707 est,
882 2647 980 2695 hoc
999 2647 1104 2694 vult
1121 2649 1271 2693 Deus.
1299 2645 1755 2693 Nabuchodonosor
1781 2654 1942 2692 autem
1974 2644 2041 2690 sic
2064 2643 2255 2690 locutus
2278 2651 2365 2702 est,
2392 2652 2444 2689 ut

292 2727 412 2777 dum
436 2728 705 2796 potentiam
738 2728 830 2775 Dei
861 2726 1107 2793 praedicat,
1138 2726 1372 2792 =justitiam
1404 2726 1508 2790 ejus
1536 2725 1758 2773 videatur
1788 2740 2005 2789 arguere,
2035 2722 2171 2788 quod
2200 2714 2442 2771 immerito

292 2824 461 2874 poenas
482 2808 779 2859 sustinuerit.
803 2826 827 2852 »
852 2807 965 2856 Tale
993 2823 1107 2872 ergo
1126 2816 1207 2854 est·
1226 2806 1362 2872 quod
1384 2807 1451 2854 ait
1469 2806 1823 2870 Hieronymus:
1854 2823 1878 2848 «
1895 2806 2002 2851 Non
2026 2804 2160 2851 enim
2182 2802 2317 2868 quod
2341 2803 2445 2851 vult

292 2882 388 2937 1100
402 2881 531 2950 facit,
547 2880 633 2936 sed
654 2880 787 2953 quod
800 2886 1002 2939 'bonum
1025 2893 1097 2936 est
1117 2887 1215 2935 hoc
1234 2885 1338 2935 vult
1355 2889 1511 2950 Deus,
1525 2894 1546 2930 ›2'
1564 2894 1621 2951 a'c
1643 2881 1683 2932 ²si
1702 2882 1927 2934 diceret‘:
1954 2871 2009 2931 In
2035 2883 2262 2946 omnibus
2283 2883 2443 2949 itaque

313 3100 315 3102 ·
337 3096 345 3116 ¹
362 3092 571 3137 EmposAEid.
592 3092 639 3126 ad
654 3090 792 3136 Cym-ill„
805 3090 890 3135 opp.
908 3096 932 3126 1.
951 3090 979 3125 V
990 3117 998 3133 ,
1013 3089 1077 3125 col.
1097 3093 1169 3125 125.
1185 3108 1225 3116 -
1237 3090 1337 3124 ’Male
1409 3092 1481 3125 11100
1497 3092 1631 3125 mutuus
1647 3095 1709 3126 esu
1726 3090 1897 3124 Nam‘cnm
1914 3089 2032 3124 Petrus
2058 3090 2421 3124 noster'inflwsertbat
2437 3098 2449 3118 τ

294 3151 327 3182 111
346 3150 444 3182 editis
471 3157 540 3182 non
564 3146 706 3181 occulta.
725 3163 764 3171 —·
781 3147 794 3169 θ
810 3148 942 3191 Daniel,
969 3156 999 3180 r.
1018 3146 1074 3185 IV,
1092 3155 1123 3179 v.
1142 3149 1194 3181 32.
1208 3164 1247 3171 -
1266 3149 1277 3169 ⁴
1290 3145 1337 3180 Ea
1409 3145 1501 3187 quod
1521 3149 1595 3179 tam
1612 3154 1637 3178 a
1656 3141 1800 3178 veritate
1816 3154 1922 3187 quam
1938 3154 1963 3178 a
1985 3148 2292 3179 nostrafremotum
2305 3148 2355 3177 est
2374 3144 2447 3185 opi-

294 3211 369 3244 quae
383 3207 566 3244 sequuntur
581 3202 744 3243 usquead
764 3202 856 3243 quod
875 3205 949 3236 tam
964 3210 988 3235 a
1008 3202 1156 3235 veritate
1169 3202 1288 3234 desunt
1303 3202 1345 3234 111»
1408 3201 1539 3240 niune,
1559 3200 1593 3233 ld
1618 3200 1751 3232 11111ιί1110
1776 3196 1922 3239 quadrat
1941 3193 2016 3233 ’011111
2046 3200 2155 3233 νει-11111
2170 3194 2450 3241 praecedentibus.

295 3257 410 3290 codiee
421 3249 627 3295 Turonensi,'
639 3265 702 3289 uec
715 3257 805 3288 unde
836 3258 878 3289 ab
903 3257 1029 3290 editore
1052 3257 1260 3290 benedictino
1289 3264 1342 3287 1·οα
1409 3255 1506 3289 Extat
1520 3257 1555 3288 111
1576 3256 1690 3288 codiee
1712 3255 1977 3289 annotatiuncula
1992 3263 2067 3297 qua·
2077 3247 2250 3289 referenda
2263 3254 2393 3285 videtur
2409 3253 2449 3283 ad

298 3312 401 3353 petita
415 3312 494 3353 sint,
510 3311 606 3344 nobis
621 3310 737 3352 liquet.
757 3309 970 3345 Locus‘eerte
979 3316 1014 3345 01
1028 3313 1061 3345 111
1077 3311 1174 3345 editis
1189 3310 1272 3344 01111
1286 3318 1339 3343 co-
1409 3314 1534 3352 pti-tem
1565 3310 1693 3351 pagina
1721 3309 1925 3349 superiorem
1951 3311 1984 3342 in
2011 3318 2091 3353 qua,
2121 3311 2197 3343 licet
2221 3308 2345 3340 abcissa
2375 3310 2424 3337 est
2438 3330 2447 3343 .
