2638 3866
887 184 947 232 ΙΝ
980 185 1314 235 EPISTOLAM
1349 185 1430 234 AD
1465 185 1769 234 ROMANOS.
2318 188 2404 237 261

256 289 480 358 proximo
523 284 970 354 comprehendatur
1003 286 1159 347 Deus,
1198 296 1246 333 et
1269 285 1579 336 dilectionem
1601 286 1813 352 squoque
1853 287 1943 335 Dei
1975 286 2169 335 dilectio
2202 287 2418 338 includat

253 369 479 438 proximi.
509 369 703 435 Quippe
727 383 840 416 cum
863 365 1057 427 dicitur,
1088 386 1110 410 «
1133 365 1300 431 diliges
1324 368 1601 434 proximum
1625 377 1794 428 tuum,
1818 387 1842 413 »
1868 377 2013 433 atque
2035 367 2228 416 additur
2255 388 2279 414 «
2296 370 2416 417 sicut

253 453 482 518 teipsum,
508 469 531 495 »
558 447 812 515 quomodo
835 446 1036 513 implere
1069 446 1120 494 id
1143 463 1414 512 possemus,
1440 449 1533 497 nisi
1568 458 1616 496 et
1644 465 1734 496 nos
1765 448 1893 514 ipsos
1916 448 2258 514 diligeremus?
2283 452 2417 508 Quo-

252 533 405 581 modo
446 541 611 580 autem
639 530 837 594 diligere
870 528 948 576 vel
983 544 1075 576 nos
1106 528 1235 594 ipsos
1272 546 1550 595 possumus,
1590 529 1631 577 si
1663 529 1892 578 mandata
1926 531 2014 577 Dei
2050 541 2417 580 contemnentes

253 615 420 680 inique
444 611 674 679 agamus?
700 610 796 669 Qui
816 609 944 657 enim
969 608 1123 673 diligit
1145 609 1467 674 iniquitatem,
1499 611 1603 659 odit
1626 611 1838 659 animam
1861 627 2013 659 suam.

325 715 348 738 κ
367 694 499 753 Quid
515 709 630 758 ergo
650 690 898 739 dicemus?
923 690 1000 738 lex
1022 699 1281 756 'peccatum
1298 693 1399 740 est?
1417 711 1439 738 »
1464 691 1794 740 Continuatio.
1826 692 1935 739 Dixi
1971 692 2216 757 passiones
2247 710 2419 759 pecca-

256 787 420 825 torum
442 792 530 841 per
548 774 702 839 legem
722 772 838 820 olim
866 771 1075 838 operari,
1102 781 1154 820 ut
1179 772 1294 821 utile
1317 774 1463 822 etiam
1489 773 1632 822 nobis
1664 783 1787 821 esset
1814 789 1843 821 a
1873 773 1977 838 lege
2009 772 2194 821 absolvi
2226 775 2362 839 quasi
2392 792 2419 823 a

254 866 473 924 peccato.
498 854 628 914 Quid
653 871 767 919 ergo
796 852 1032 914 dicemus,
1056 851 1108 900 id
1129 863 1202 901 est
1223 853 1342 918 quid
1372 854 1433 902 de
1464 854 1568 920 lege
1592 853 1900 902 sentiendum
1932 863 2020 914 est,
2059 869 2206 919 quam
2237 853 2420 903 bonam

253 936 579 1005 putabamus?
604 934 826 1000 nunquid
840 934 942 999 jam
960 934 1063 1000 ipsa
1084 951 1186 982 non
1214 934 1405 983 videtur
1427 936 1586 1002 potius
1600 935 1727 983 mala
1745 934 1954 982 dicenda
1971 951 2072 982 esse
2092 951 2240 999 quam
2258 934 2420 984 bona?

254 1020 314 1068 Et
338 1019 434 1067 hoc
459 1028 530 1067 est
553 1017 687 1083 quod
711 1016 846 1082 quasi
862 1015 1056 1063 sibimet
1079 1015 1354 1080 objiciendo
1379 1017 1445 1064 ait
1467 1035 1478 1063 ε
1509 1036 1532 1063 «
1552 1015 1786 1081 Nunquid
1809 1015 1886 1063 lex
1919 1026 2172 1082 peccatum
2198 1026 2285 1078 est,
2313 1036 2336 1061 »
2374 1017 2423 1065 id

254 1109 327 1148 est
362 1099 426 1148 ad
456 1099 822 1148 damnationem
856 1097 1018 1163 potius
1040 1113 1190 1162 quam
1210 1096 1273 1144 ad
1292 1097 1498 1146 salutem
1532 1096 1834 1163 pertrahens,
1875 1106 1929 1145 ut
1961 1096 2184 1145 videlicet
2219 1097 2423 1146 damna-

256 1181 441 1229 tionem
461 1181 624 1247 potius
649 1196 797 1245 quam
821 1178 1026 1227 salutem
1043 1178 1189 1227 nobis
1212 1189 1565 1245 promereatur,
1588 1188 1635 1227 et
1658 1177 1970 1226 solummodo
1997 1195 2193 1240 nocere,
2224 1196 2322 1226 non
2342 1180 2421 1244 ju-

256 1278 371 1310 vare
394 1271 559 1328 queat,
578 1262 694 1310 etin
718 1277 769 1309 se
792 1259 913 1308 nihil
930 1259 1053 1308 boni
1070 1259 1251 1308 habeat
1273 1262 1424 1326 magis
1442 1278 1590 1327 quam
1616 1270 1871 1327 peccatum
1892 1260 1911 1306 ?
1951 1279 1975 1305 «
2005 1259 2156 1322 Absit,
2184 1279 2207 1305 »
2241 1271 2292 1309 ut
2326 1260 2420 1309 hoc

256 1342 482 1391 videlicet
504 1343 776 1391 credamus.
800 1362 822 1387 «
841 1341 936 1390 Sed
958 1351 1231 1408 peccatum.
1251 1362 1274 1387 »
1298 1342 1353 1390 Id
1374 1353 1462 1405 est,
1491 1343 1644 1390 immo
1668 1342 1830 1408 potius
1847 1352 2045 1408 peccato
2069 1342 2310 1390 contraria
2332 1352 2418 1402 est,

255 1424 416 1489 ipsum
437 1425 630 1490 penitus
652 1423 880 1472 docendo
906 1433 954 1472 et
974 1421 1286 1489 prohibendo
1313 1433 1366 1472 ut
1387 1434 1631 1489 caveatur,
1654 1423 1720 1471 ita
1744 1433 1797 1470 ut
1820 1439 1922 1471 non
1945 1423 2257 1471 solummodo
2281 1423 2418 1482 facta,

257 1521 427 1553 verum
463 1506 608 1553 etiam
638 1505 1055 1570 concupiscentias
1087 1503 1320 1566 inhibeat,
1351 1505 1475 1552 sicut
1494 1514 1542 1552 et
1565 1504 1879 1568 Evangelium
1909 1522 1920 1551 z
1951 1504 2037 1552 sed
2068 1504 2212 1568 longe
2243 1504 2420 1563 minus,

257 1603 370 1634 cum
386 1588 491 1654 ipsa
513 1587 736 1635 videlicet
754 1586 817 1635 ad
840 1603 896 1634 ea
918 1595 1109 1636 tantum
1126 1603 1232 1652 quae
1254 1586 1464 1653 proximi
1488 1594 1616 1647 sunt,
1637 1602 1715 1633 eas
1740 1585 2012 1650 restringat,
2037 1585 2202 1632 dicens
2230 1602 2240 1631 :
2274 1603 2296 1629 «
2317 1587 2423 1632 Non

257 1668 572 1735 concupisces
593 1685 698 1716 rem
724 1668 932 1735 proximi
954 1669 1043 1729 tui,
1068 1685 1161 1716 nec
1185 1667 1481 1733 desiderabis
1500 1684 1606 1732 quae
1626 1666 1752 1715 illius
1769 1676 1898 1714 sunt.
1924 1686 1948 1712 »
1975 1669 2136 1725 Quare
2160 1675 2323 1714 autem
2345 1682 2426 1713 ne·

256 1765 389 1797 cesse
412 1759 535 1798 esset
567 1759 823 1816 peccatum
854 1748 1022 1797 doceri
1044 1749 1198 1813 alege
1221 1748 1555 1815 praetermittit,
1588 1748 1754 1796 dicens
1793 1747 1907 1813 quia
1934 1757 2046 1795 ante
2076 1747 2426 1795 documentum

255 1829 390 1895 legis,
417 1831 465 1877 in
487 1847 587 1896 quo
608 1831 850 1896 praecipue
869 1829 1179 1895 peccabatur,
1205 1829 1521 1895 ignorabatur
1548 1848 1559 1876 ε
1599 1829 1651 1876 in
1685 1828 1834 1878 corde
1857 1828 2082 1877 videlicet
2104 1829 2254 1894 magis
2281 1843 2426 1893 quam

256 1910 307 1958 in
333 1928 499 1977 opere.
544 1914 602 1959 Et
623 1911 721 1960 hoc
743 1900 816 1960 est
843 1911 980 1977 quod
1018 1911 1080 1960 de
1108 1929 1159 1960 se
1196 1911 1313 1959 dicit
1339 1913 1389 1959 in
1424 1927 1636 1978 persona
1664 1911 1872 1976 generali
1907 1909 2184 1973 hominum,
2218 1926 2427 1975 quorum

252 1991 355 2056 J'am
389 2010 488 2059 pen
506 1993 939 2059 transgressionem
972 1994 1192 2060 priorum
1219 2002 1480 2059 parentum
1509 1991 1829 2040 obtenebrata
1857 2008 1996 2040 mens
2018 2002 2121 2040 erat
2138 1995 2166 2053 ¹,
2192 2001 2245 2039 ut
2268 1991 2428 2057 potius

257 2088 409 2138 opera
432 2090 580 2139 quam
603 2073 844 2123 desideria
863 2074 1134 2140 culparent,
1159 2094 1182 2118 <t
1202 2083 1458 2140 peccatum
1483 2090 1586 2121 non
1612 2073 1838 2138 cognovi,
1860 2092 1884 2119 »
1908 2073 1959 2121 id
1976 2083 2064 2135 est,
2087 2073 2428 2121 discretionem

258 2153 320 2201 ad
339 2171 505 2203 veram
526 2155 752 2204 notitiam
771 2156 958 2222 peccati
982 2173 1084 2204 non
1100 2155 1271 2216 habui,
1290 2156 1383 2203 nisi
1404 2172 1491 2222 per
1507 2155 1863 2203 documentum
1886 2154 2032 2220 legis;
2054 2155 2169 2220 quia
2185 2153 2236 2202 id
2256 2154 2305 2201 in
2329 2169 2427 2218 quo

257 2236 599 2285 tantummodo
623 2237 849 2285 videlicet
868 2237 943 2286 vel
962 2238 1171 2285 maxime
1194 2247 1438 2303 peccatur,
1481 2237 1532 2285 id
1571 2247 1658 2300 est,
1696 2237 2143 2304 concupiscentiam
2175 2220 2429 2302 peccatum

257 2332 360 2365 esse
383 2317 687 2382 ignorabam.
731 2321 791 2365 Et
812 2317 910 2366 hoc
936 2328 1007 2366 est
1028 2319 1163 2384 quod
1186 2319 1438 2385 supponit,
1474 2339 1498 2362 «
1529 2321 1650 2367 Nam
1684 2319 2159 2384 concupiscentiam,
2188 2336 2211 2363 »
2249 2316 2299 2364 id
2336 2324 2423 2373 est,

258 2414 466 2463 pravum
491 2400 643 2447 animi
662 2399 978 2463 desiderium,
1005 2400 1056 2447 in
1081 2399 1349 2448 ambitione
1384 2399 1566 2448 scilicet
1596 2409 1900 2452 terrenarum
1930 2399 2007 2448 vel
2040 2398 2305 2447 carnalium
2342 2411 2428 2442 vo·

256 2477 498 2545 luptatum
525 2480 804 2529 nesciebam
828 2498 949 2544 esse,
980 2480 1205 2530 videlicet
1239 2481 1376 2548 quod
1411 2482 1514 2548 ipsa
1548 2491 1672 2529 esset
1706 2491 1979 2547 peccatum,
2014 2479 2106 2526 nisi
2137 2477 2212 2525 lex
2245 2476 2296 2523 id
2328 2475 2428 2522 do—

259 2560 419 2608 cendo
443 2560 627 2608 diceret
649 2579 661 2608 :
696 2581 720 2608 «
740 2565 850 2610 Non
870 2563 1205 2629 concupisces,
1229 2582 1251 2608 »
1278 2563 1330 2610 id
1360 2572 1448 2623 est,
1487 2579 1589 2610 non
1621 2562 1930 2611 interdiceret
1962 2558 2421 2624 concupiscentiam,

258 2638 370 2688 licet
391 2658 494 2689 non
518 2643 823 2706 generaliter,
847 2643 933 2691 sed
953 2644 1013 2692 de
1032 2644 1196 2706 rebus,
1223 2654 1276 2692 ut
1297 2644 1485 2691 dictum
1504 2653 1593 2704 est,
1619 2643 1848 2709 proximi.
1875 2646 1999 2690 Nota
2024 2639 2159 2706 quod
2178 2656 2291 2687 cum
2312 2638 2429 2686 dici-

259 2729 338 2767 tur
359 2739 369 2767 :
402 2724 552 2769 «Non
572 2725 904 2790 concupisces,
927 2745 950 2771 »
981 2725 1125 2773 simul
1149 2736 1196 2773 et
1221 2725 1429 2772 docetur
1452 2733 1725 2790 peccatum,
1761 2734 1809 2771 et
1836 2722 2203 2789 prohibeturut
2234 2721 2424 2767 vitetur.

261 2800 401 2848 Unde
425 2800 584 2865 legem
606 2804 798 2868 penitus
814 2805 1000 2853 bonam
1020 2822 1122 2854 esse
1137 2805 1402 2867 convincit,
1424 2805 1538 2869 quia
1563 2803 1805 2870 quidquid
1829 2803 1972 2851 suum
1996 2812 2067 2851 est
2089 2802 2296 2860 bonum,
2329 2801 2429 2848 sive

259 2881 309 2927 in
328 2881 557 2930 docendo
582 2884 761 2932 scilicet
782 2885 881 2934 sive
909 2887 959 2933 in
984 2886 1312 2952 prohibendo,
1339 2902 1430 2933 nec
1459 2886 1576 2933 vitio
1606 2886 1740 2950 legis,
1769 2885 1855 2934 sed
1880 2885 2138 2933 hominum
2171 2893 2239 2931 est
2266 2885 2428 2947 impu-

259 2962 482 3025 tandum,
508 2964 547 3010 si
569 2975 823 3030 peccatum
844 2977 956 3032 post
972 2967 1128 3032 legem
1148 2966 1433 3027 abundavit,
1461 2976 1508 3014 et
1533 2966 1797 3015 deteriores
1824 2976 1871 3015 et
1902 2964 2329 3014 inexcusabiliores
2364 2963 2430 3010 es·

261 3039 371 3089 fecti
394 3058 561 3088 sumus
582 3056 693 3108 post
717 3046 991 3096 doctrinam
1028 3058 1383 3115 praeceptorum
1414 3047 1833 3113 etnegligentiam
1866 3064 2057 3107 eorum,
2093 3063 2239 3112 quam
2276 3055 2385 3093 ante
2414 3062 2424 3090 :

261 3122 531 3171 secundum
554 3126 689 3189 quod
713 3129 946 3194 scriptum
970 3139 1039 3177 est
1060 3131 1074 3153 ²
1100 3148 1110 3177 ι
1145 3151 1168 3175 «
1188 3132 1364 3178 Servus
1391 3131 1564 3192 sciens,
1601 3139 1648 3178 et
1672 3147 1771 3178 non
1804 3130 1984 3179 faciens
2009 3130 2307 3177 voluntatem
2332 3130 2429 3173 Do-

307 3307 316 3326 ¹
336 3306 440 3340 Locus
458 3310 505 3342 sic
520 3311 743 3345 restituendus
759 3314 901 3347 videtur.
916 3313 998 3348 Male
1013 3316 1091 3357 legit
1108 3316 1303 3350 Amboesius
1320 3316 1536 3351 obtenebrata
1556 3321 1632 3350 tunc
1650 3321 1784 3350 erat.—
1801 3317 1812 3335 ²
1829 3316 1923 3358 Luc„
1941 3325 2014 3357 cap.
2042 3324 2101 3356 xu,
2118 3323 2148 3348 v.
2166 3314 2218 3347 47.
