2638 3866
270 282 367 331 420
1076 278 1246 325 PETRI
1282 276 1600 325 ABAELARDI

268 400 329 431 ne
360 399 446 449 per
474 383 638 429 luxum
670 389 716 427 et
739 378 1087 427 abundantiam
1116 380 1369 445 copiarum
1403 379 1573 426 animae
1610 379 1840 427 fortitudo
1878 379 2196 441 mollesceret,
2238 391 2286 429 et
2310 382 2411 447 ejus

268 463 494 529 pudicitia
516 470 830 526 stupraretur.
855 459 1025 507 Inutile
1047 460 1230 525 quippe
1252 469 1323 507 est
1344 459 1517 508 crebro
1536 459 1699 507 videre
1719 476 1804 524 per
1829 476 1934 524 quae
1956 460 2222 525 aliquando
2243 472 2410 527 captus

266 546 350 605 sis,
393 554 441 591 et
473 559 643 590 eorum
677 552 725 590 te
765 543 1096 608 experimento
1133 542 1453 598 committere,
1488 541 1664 606 quibus
1697 541 1949 589 difficulter
1986 558 2166 590 careas.
2212 546 2333 592 Nam
2362 555 2408 591 et

267 624 513 688 Pytagorei
542 622 878 687 hujuscemodi
908 622 1225 687 frequentiam
1259 621 1592 686 dedignantes,
1631 622 1679 669 in
1705 621 1962 670 solitudine
1993 632 2040 670 et
2069 622 2267 671 desertis
2289 623 2407 671 locis

263 704 480 752 habitare
511 714 878 751 consueverant.
917 703 1151 750 Platonici
1177 719 1374 768 quoque
1405 712 1450 750 et
1473 703 1621 750 Stoici
1645 704 1694 750 in
1718 703 2008 769 templorum
2042 703 2160 751 locis
2191 713 2239 751 et
2263 705 2408 769 porti-

263 784 396 832 cibus
434 784 763 844 versabantur,
807 793 859 830 ut
895 783 1133 831 admoniti
1175 771 1460 848 augustioris
1498 783 1758 832 habitaculi
1806 784 2081 843 sanctitate,
2120 784 2239 831 nihil
2275 785 2404 832 aliud

263 882 407 930 quam
432 866 492 913 de
520 865 774 913 virtutibus
796 865 1077 929 cogitarent.
1096 864 1189 912 Sed
1214 865 1380 930 etipse
1404 864 1538 912 Plato
1558 881 1669 911 cum
1688 863 1823 911 dives
1848 874 1987 926 esset,
2012 874 2059 912 et
2084 864 2278 912 thorum
2304 865 2405 928 ejus

261 947 501 1010 Diogenes
534 947 694 994 lutatis
721 945 926 1012 pedibus
949 946 1272 1009 conculcaret,
1310 956 1364 994 ut
1387 955 1548 1011 posset
1571 961 1739 993 vacare
1762 944 2097 1011 philosophiae,
2134 946 2274 1010 elegit
2304 962 2404 994 aca-
2450 935 2453 937 ‚

261 1027 497 1075 demicam
519 1028 680 1075 villam
705 1027 766 1075 ab
791 1027 910 1075 urbe
933 1027 1120 1093 procul,
1148 1045 1249 1075 non
1276 1027 1435 1075 solum
1458 1027 1721 1085 desertam,
1749 1026 1831 1073 sed
1858 1027 2175 1091 pestilentem,
2208 1037 2259 1074 ut
2289 1044 2404 1074 cura

259 1188 353 1235 lam
391 1189 532 1236 aliam
571 1190 803 1236 sentirent
834 1188 1150 1254 voluptatem,
1177 1189 1268 1236 nisi
1292 1205 1459 1236 earum
1490 1204 1648 1235 rerum
1689 1204 1808 1252 quas
1845 1188 2104 1236 discerent.
2133 1207 2154 1233 »
2197 1190 2266 1235 De
2292 1188 2401 1254 qui·

259 1269 347 1316 bus
378 1280 423 1316 et
449 1271 770 1333 Hieronymus
789 1269 851 1316 ad
881 1269 1197 1316 Eustochium
1220 1269 1449 1328 scribens,
1477 1285 1588 1315 cum
1611 1277 1847 1316 austeram
1870 1270 2203 1334 AEgyptiorum
2230 1285 2402 1316 mona·

256 1350 459 1396 chorum
480 1367 567 1415 per
587 1350 781 1398 cellulas
799 1349 1067 1397 divisorum
1079 1349 1404 1415 descripsisset
1418 1349 1560 1397 vitam
1578 1351 1607 1407 ¹,
1628 1349 1805 1409 «Tales,
1821 1349 1994 1414 inquit,
2013 1348 2370 1415 philosophiam
2388 1352 2402 1374 ²

256 1431 485 1478 Platonici
503 1431 739 1478 sermonis
759 1431 1024 1489 imitantur,
1046 1430 1163 1478 tales
1183 1430 1419 1496 Josephus
1443 1431 1489 1476 in
1510 1429 1716 1477 Judaicae
1738 1430 2024 1495 captivitatis
2044 1430 2245 1477 historia
2264 1433 2401 1477 Esse·

256 1527 345 1558 nos
358 1511 536 1559 debere
553 1512 711 1560 refert.
733 1531 754 1556 n
779 1511 1140 1577 Philosophiam
1164 1511 1277 1558 dicit
1305 1510 1532 1558 Platonici
1555 1510 1808 1572 sermonis,
1828 1527 1975 1575 quam
1998 1511 2047 1558 in
2066 1527 2289 1558 sermone
2311 1526 2398 1557 suo

256 1591 389 1639 Plato
414 1593 534 1657 ipse,
554 1593 654 1639 sive
679 1592 909 1639 Platonici
930 1591 1269 1656 praedicabant.
1298 1592 1355 1639 Hi
1381 1591 1593 1656 quidem,
1615 1590 1749 1655 juxta
1774 1590 2112 1651 Macrobium³,
2137 1590 2194 1637 ad
2217 1599 2398 1638 tantam

253 1671 359 1718 vitae
382 1671 714 1719 celsitudinem
738 1672 1020 1737 pertingisse
1046 1672 1287 1728 videntur,
1323 1681 1375 1719 ut
1399 1672 1485 1736 ipsi
1518 1688 1545 1719 a
1567 1670 1856 1735 quibusdam
1893 1671 1980 1718 soli
2002 1671 2198 1718 virtutes
2220 1669 2399 1718 habere

253 1751 580 1813 crederentur,
611 1768 666 1799 ac
698 1768 785 1817 per
808 1769 887 1799 eas
910 1752 1000 1798 soli
1031 1751 1133 1798 fieri
1157 1751 1297 1799 beati.
1332 1752 1542 1798 Plotinus
1566 1768 1681 1799 vero
1713 1752 1836 1799 inter
1868 1751 2187 1816 philosophiae
2214 1750 2398 1816 profes—

253 1848 383 1879 sores
417 1849 529 1879 cum
554 1832 751 1880 Platone
783 1833 1034 1897 princeps,
1075 1842 1129 1879 ut
1171 1833 1235 1879 ait
1267 1831 1557 1893 Macrobius,
1590 1848 1702 1879 cum
1734 1842 1944 1896 quatuor
1972 1833 2168 1879 virtutes
2202 1831 2396 1896 quadri·

252 1912 418 1960 fariam
459 1913 710 1974 divisisset,
748 1914 797 1960 in
835 1913 1086 1978 politicas*
1124 1913 1304 1960 scilicet
1337 1914 1556 1971 virtutes,
1600 1922 1648 1961 et
1684 1913 2006 1978 purgatorias,
2050 1922 2095 1959 et
2140 1929 2246 1976 quae
2285 1921 2396 1958 sunt

249 1995 435 2056 purgati
477 1994 626 2041 animi
669 2010 725 2040 ac
765 1993 1007 2051 defaecati,
1052 2004 1196 2058 atque
1239 1993 1551 2059 exemplares.
1593 1995 1893 2057 Purgatorias
1939 1991 2396 2058 philosophantibus

248 2073 384 2136 quasi
425 2074 643 2138 proprias
680 2074 911 2138 assignat3
952 2083 1000 2121 et
1039 2073 1113 2121 hae
1162 2083 1301 2133 sunt,
1343 2074 1515 2138 inquit,
1557 2074 1768 2122 hominis
1804 2073 1888 2138 qui
1920 2073 2069 2120 divini
2107 2089 2258 2137 capax
2296 2082 2390 2128 est,

247 2155 501 2219 solumque
529 2155 746 2202 animum
778 2155 879 2218 ejus
911 2154 1188 2220 expediunt,
1227 2155 1308 2219 qui
1335 2155 1546 2202 decrevit
1574 2171 1625 2202 se
1655 2170 1684 2202 a
1710 2154 1928 2220 corporis
1960 2154 2247 2217 contagione
2277 2170 2394 2218 pur-

246 2251 373 2298 gare,
406 2245 452 2283 et
480 2235 687 2300 quadam
714 2235 1044 2284 humanorum
1070 2235 1182 2300 fuga
1206 2235 1318 2283 solis
1342 2252 1393 2284 se
1416 2236 1625 2283 inserere
1648 2235 1839 2283 divinis.
1868 2237 2104 2295 Quarum,
2126 2234 2359 2298 inquiunt
2375 2271 2389 2291 ‚

246 2315 509 2378 prudentiae
547 2333 648 2363 esse
695 2315 936 2363 mundum
972 2315 1117 2362 istum
1161 2325 1205 2363 et
1252 2316 1417 2364 omnia
1451 2333 1556 2380 quae
1596 2316 1646 2363 in
1687 2315 1870 2363 mundo
1907 2316 2071 2363 insunt
2115 2314 2390 2362 divinorum

244 2397 649 2461 contemplatione
680 2396 946 2462 despicere,
982 2412 1276 2460 omnemque
1306 2397 1454 2444 animi
1487 2396 1831 2460 cogitationem
1865 2396 1914 2442 in
1949 2396 2050 2443 sola
2080 2395 2243 2442 divina
2275 2394 2390 2442 diri-

244 2491 378 2537 gere;
412 2478 738 2542 temperantiae
767 2486 956 2536 autem,
991 2477 1155 2524 omnia
1182 2476 1452 2540 relinquere
1485 2476 1532 2523 in
1569 2486 1803 2540 quantum
1848 2486 2018 2524 natura
2052 2476 2247 2541 patitur,
2284 2491 2390 2539 quae

242 2559 461 2622 corporis
497 2575 609 2606 usus
639 2558 853 2623 requirit.
887 2559 954 2605 Ac
984 2558 1024 2605 si
1055 2567 1100 2604 et
1130 2557 1218 2623 ipsi
1246 2559 1423 2622 pariter
1454 2574 1564 2604 cum
1598 2558 1702 2622 ipsa
1724 2558 1931 2605 Veritate
1951 2567 2049 2604 tam
2079 2557 2208 2603 factis
2245 2572 2390 2620 quam

241 2638 397 2684 verbis
433 2640 648 2687 animent
681 2641 876 2686 omnes⁵
903 2656 913 2685 :
950 2642 1168 2686 «Intrate
1198 2655 1285 2704 per
1305 2648 1554 2702 angustam
1592 2638 1811 2704 portam⁶
1838 2658 1861 2683 »
1899 2639 1970 2684 et⁷
2004 2658 2024 2680 «
2054 2637 2181 2685 Beati
2219 2637 2303 2701 qui
2341 2654 2389 2683 se

239 2727 563 2768 castraverunt
599 2731 798 2785 propter
826 2736 1029 2785 regnum
1060 2719 1354 2767 coelorum.»
1390 2723 1509 2767 Nam
1544 2729 1591 2766 et
1620 2719 1755 2766 hunc
1787 2718 1933 2766 finem
1969 2735 2071 2767 esse
2108 2718 2176 2765 eis
2205 2734 2386 2783 propo-

239 2798 380 2845 situm
422 2811 641 2863 constat,
679 2801 740 2849 de
784 2801 1097 2866 perceptione
1138 2801 1315 2849 scilicet
1351 2810 1538 2848 aeternae
1571 2801 1694 2860 vitae,
1742 2817 1889 2865 quern
1930 2810 1977 2847 et
2010 2801 2112 2865 ipse
2151 2799 2388 2846 Dominus

239 2877 379 2934 nobis
414 2882 693 2944 assignavit,
730 2892 777 2929 et
804 2898 950 2946 quem
986 2882 1127 2930 Israel
1160 2882 1321 2929 minus
1352 2881 1649 2941 attendebat,
1684 2882 1785 2947 ipse
1817 2891 1864 2929 et
1895 2880 2163 2928 ambitione
2187 2889 2383 2927 terrenae

240 2955 468 3006 felicitatis
497 2964 600 3009 Deo
629 2962 780 3026 magis
806 2962 1074 3026 subJ'ectus,
1107 2979 1254 3026 quam
1283 2962 1523 3011 desiderio
1553 2973 1843 3010 {eternorum
1861 3000 1873 3024 ,
1901 2961 2032 3010 unde
2058 2971 2106 3008 et
2129 2961 2197 3008 eis
2220 2959 2385 3007 litterae

277 3202 282 3220 ¹
307 3201 405 3242 Epist
434 3211 528 3243 xviii,
543 3204 606 3235 col.
620 3206 674 3238 46.
687 3206 894 3239 —2Tex1um
912 3206 1096 3248 Hieronymi
1115 3218 1179 3240 nou
1191 3211 1269 3241 satis
1341 3207 1484 3241 Historia
1498 3209 1638 3242 Essenos
1656 3207 1765 3240 refert.
1779 3224 1817 3231 —
1829 3208 1840 3227 ³
1854 3206 1997 3238 Macron.
2024 3205 2066 3236 In
2089 3211 2207 3236 somm.
2231 3203 2320 3245 Scip.
2350 3202 2381 3243 1,

232 3255 368 3286 fideliter
384 3256 435 3287 hic
458 3257 535 3288 citat
552 3257 751 3292 Abaelardus.
774 3260 851 3292 Nam
870 3262 956 3300 apud
973 3261 1204 3302 Hieronymum
1221 3266 1267 3296 sic
1340 3271 1413 3302 cap.
1437 3271 1508 3295 vm.
1530 3279 1569 3285 —
1595 3263 1605 3283 ⁴
1621 3262 1675 3294 Sic
1698 3271 1750 3301 ap.
1777 3258 1987 3292 Macrobium.
2019 3258 2054 3290 ln
2074 3259 2171 3289 editis
2193 3257 2378 3290 Platonicoe

229 3309 347 3349 legitur
365 3322 372 3340 z
398 3309 490 3342 Tales
513 3309 605 3343 Philo
634 3311 788 3345 Platonici
817 3317 975 3346 sermonis
1000 3316 1157 3355 unitum-3
1187 3319 1267 3350 tates
1341 3325 1401 3356 pro
1416 3317 1579 3358 politicae.
1597 3335 1638 3340 —
1657 3318 1668 3337 ⁵
1682 3315 1719 3347 ln
1736 3317 1814 3347 edit.
1831 3315 1997 3347 omnibus.
2014 3333 2050 3337 —
2065 3314 2213 3352 ‘Mamm
2231 3322 2302 3354 cap.
2322 3321 2381 3351 vu,

226 3363 387 3404 Joseiilius
401 3390 409 3405 ,
426 3365 554 3398 Graecus
580 3366 687 3399 Livius
704 3368 735 3399 in
751 3370 891 3401 secunda
915 3368 1054 3402 Judaicae
1071 3372 1266 3411 captivitatis
1339 3381 1369 3403 ν.
1387 3373 1434 3404 13.
1454 3389 1491 3394 -
1507 3373 1516 3391 ⁷
1532 3371 1659 3409 nauh„
1675 3379 1747 3410 cap.
1765 3378 1833 3409 xix,
1853 3378 1883 3400 v.
1905 3371 1954 3402 12.
