2638 3866
224 244 319 291 574
1031 241 1205 289 PETRI
1241 242 1558 291 ABAELARDI

218 356 295 398 est,
321 343 600 403 dispositioni.
621 342 770 395 Aliter,
791 353 840 384 ut
866 358 875 385 ε
896 342 1001 385 Vult
1020 358 1170 386 omnes
1189 343 1386 387 homines
1401 343 1538 386 salvos
1552 342 1660 398 fieri,
1678 343 1724 387 id
1739 355 1817 396 est,
1839 343 2022 387 consulit
2037 344 2105 388 vel
2126 347 2354 406 approbat.

219 411 331 452 Huic
353 410 563 452 voluntati
584 423 696 467 saepe
727 408 980 464 resistimus,
1007 423 1106 451 cum
1141 409 1300 452 scilicet
1334 408 1453 467 quod
1483 409 1573 468 ipse
1606 409 1732 453 nobis
1764 409 1947 452 consulit
1975 409 2218 454 faciendum
2234 444 2246 466 ,
2271 428 2360 455 non

220 475 411 517 facimus.
438 473 714 532 Dispositioni
734 489 922 533 quoque,
943 485 1152 533 quantum
1171 475 1218 516 in
1237 474 1361 517 nobis
1377 485 1456 528 est,
1473 475 1719 528 resistimus,
1747 491 1846 519 cum
1863 485 2014 518 contra
2036 491 2133 519 eam
2155 477 2331 520 nitimur
2345 510 2356 531 ,

220 555 319 582 cum
347 551 492 581 tamen
519 554 613 581 eam
635 539 845 598 impedire
869 555 1147 598 nequeamus.
1175 541 1271 583 Hoc
1293 551 1436 583 autem
1459 541 1718 601 quandoque
1740 540 1788 584 fit
1809 556 1907 584 cum
1935 540 2076 600 culpa,
2101 542 2360 602 quandoque

219 606 308 647 sine
331 605 472 663 culpa.
498 606 607 647 Cum
630 605 756 664 culpa
783 621 793 648 z
818 606 925 649 sicut
944 605 1121 665 quando
1142 622 1232 649 non
1254 605 1374 649 bono
1397 607 1514 662 zelo,
1538 623 1627 650 non
1646 623 1727 667 pro
1751 606 1892 666 aliquo
1917 606 2156 650 dilectionis
2178 608 2333 652 affectu
2347 642 2358 662 ,

219 671 293 713 sed
315 671 455 730 potius
484 686 538 713 ex
568 670 730 714 invidia
751 671 819 714 vel
845 671 987 731 aliqua
1009 671 1198 730 nequitia
1218 673 1265 714 in
1288 673 1550 716 contrarium
1573 688 1860 733 repugnamus
1877 706 1887 722 ,
1911 682 1961 715 ut
1981 688 2080 715 cum
2101 673 2216 716 Deus
2237 674 2362 717 alicui

220 736 394 794 aliquod
415 736 581 779 bonum
596 735 880 791 administrat,
907 736 1026 796 quod
1048 753 1100 780 ex
1126 736 1287 780 invidia
1307 738 1376 782 vel
1391 738 1695 782 malevolentia
1714 738 1872 797 aliqua,
1897 749 2106 798 quantum
2120 754 2360 798 possumus,

218 800 499 860 impedimus,
537 817 591 845 ne
622 801 694 846 ille
723 803 899 846 habeat.
933 803 1031 846 Sine
1066 803 1191 863 culpa
1224 803 1395 847 duobus
1422 804 1563 848 modis
1588 804 1780 847 nitimur.
1814 805 1924 847 Cum
1952 804 2068 847 enim
2102 805 2362 864 quandoque

217 867 437 910 videamus
471 868 612 927 aliqua
640 869 826 924 evenire,
865 885 961 928 quae
990 869 1117 912 nobis
1138 870 1492 914 inconvenienter
1521 870 1612 914 fieri
1647 869 1862 924 videntur,
1892 885 1982 912 non
2010 881 2209 930 putamus
2235 869 2307 913 illa
2338 887 2362 913 a

218 933 310 975 Deo
342 933 534 993 disponi,
560 945 603 977 et
624 934 725 977 ideo
748 946 899 978 contra
918 935 1131 989 vadimus,
1156 946 1200 978 et
1218 951 1274 979 ne
1296 937 1496 979 eveniant
1524 935 1830 979 desideramus.
1856 936 1952 979 Hoc
1985 936 2101 979 enim
2120 936 2363 995 ignorantia

219 1010 409 1042 excusat.
434 1000 501 1042 Ex
524 999 680 1043 affectu
700 1016 871 1059 quoque
894 1002 1080 1044 caritatis
1101 1001 1169 1044 vel
1190 1001 1333 1060 aliquo
1356 1001 1540 1044 naturali
1558 1001 1715 1044 affectu
1732 1002 1817 1044 hoc
1839 1000 1954 1044 idem
1978 1001 2172 1055 facimus,
2197 1012 2246 1044 ut
2265 1017 2363 1045 cum

219 1064 335 1107 videt
365 1065 458 1123 quis
486 1076 655 1124 patrem
683 1082 807 1109 suum
836 1068 964 1118 mori,
1000 1068 1077 1110 scit
1107 1067 1166 1111 sic
1188 1083 1278 1111 esse
1312 1069 1358 1111 in
1390 1067 1669 1126 dispositione
1700 1067 1802 1120 Dei,
1829 1077 1873 1109 et
1893 1078 2041 1109 tamen
2070 1066 2163 1109 vult
2196 1078 2245 1109 ut
2272 1083 2361 1110 non

218 1130 441 1184 moriatur,
479 1141 522 1173 et
556 1130 676 1174 dolet
709 1133 808 1191 quia
841 1134 1037 1176 moritur.
1075 1134 1126 1175 In
1154 1149 1240 1192 quo
1276 1133 1543 1184 notandum,
1575 1132 1693 1191 quod
1728 1131 1988 1191 quandoque
2016 1131 2135 1174 bona
2164 1132 2363 1175 voluntas

218 1196 403 1238 hominis
426 1211 451 1237 a
471 1197 692 1240 voluntate
714 1199 794 1241 Dei
819 1198 1037 1242 discordat
1050 1232 1061 1254 ,
1087 1198 1349 1258 quandoque
1371 1198 1486 1241 mala
1508 1213 1607 1241 cum
1630 1214 1683 1241 eo
1706 1197 1957 1242 concordat.
1984 1198 2081 1241 Hoc
2102 1198 2363 1257 Augustinus

218 1262 262 1302 in
284 1261 533 1305 Euchiridio
563 1262 690 1322 plane
713 1263 917 1308 ostendit.
943 1266 1039 1308 Hoc
1067 1266 1198 1308 etiam
1218 1265 1409 1308 Ecclesia
1430 1263 1532 1308 facit
1546 1300 1556 1317 ,
1586 1275 1634 1306 ut
1658 1279 1756 1307 cum
1782 1263 1901 1307 videt
1925 1263 2110 1323 aliquem
2131 1274 2363 1322 martyrem

218 1325 423 1369 trucidari
439 1327 509 1370 vel
529 1326 729 1387 lapidari,
746 1330 824 1372 scit
837 1330 967 1384 bene,
985 1329 1105 1389 quod
1123 1331 1270 1373 hocin
1288 1330 1562 1390 beneplacito
1579 1330 1660 1373 Dei
1676 1340 1756 1384 est,
1774 1341 1819 1372 et
1833 1328 1952 1389 quod
1966 1329 2133 1372 bonum
2155 1340 2219 1372 est
2233 1331 2363 1372 etiam

218 1392 293 1446 illi,
319 1403 367 1434 ut
387 1408 465 1452 per
489 1395 743 1453 martyrium
764 1394 871 1438 illud
894 1395 949 1438 de
969 1397 1051 1439 hac
1073 1396 1243 1439 miseria
1266 1396 1323 1439 ad
1343 1396 1657 1439 beatitudinem
1679 1395 1990 1440 transferatur:
2013 1406 2057 1437 et
2077 1405 2222 1438 tamen
2247 1395 2365 1438 dolet

219 1469 261 1500 et
287 1458 443 1517 plorat,
469 1459 588 1518 quod
617 1461 676 1503 sic
699 1460 914 1521 affligitur.
950 1462 1210 1519 Hujusmodi
1232 1461 1357 1506 fletus
1381 1473 1423 1506 et
1446 1462 1634 1517 dolores,
1659 1472 1708 1504 ut
1730 1476 1859 1521 supra
1888 1460 2051 1504 dictum
2074 1471 2161 1515 est,
2195 1461 2364 1503 irratio-

219 1524 383 1567 nabiles
405 1537 524 1579 sunt,
557 1526 658 1584 quia
685 1527 731 1568 in
755 1543 899 1570 errore
922 1529 1177 1572 consistunt.
1202 1529 1461 1587 Quicunque
1490 1528 1607 1572 enim
1637 1527 1756 1587 quod
1782 1526 1988 1587 perficere
2018 1537 2238 1585 nequeunt
2259 1525 2366 1569 illud

220 1589 540 1648 aggrediuntur,
567 1603 725 1635 errant.
751 1593 859 1636 Sunt
888 1604 1034 1637 tamen
1055 1595 1215 1654 absque
1240 1593 1365 1655 culpa
1379 1627 1390 1648 ,
1415 1594 1514 1653 quia
1538 1610 1592 1637 ex
1613 1593 1799 1636 caritatis
1827 1592 1896 1635 vel
1922 1592 2097 1649 alicujus
2129 1591 2368 1638 dilectionis

220 1655 377 1698 affectu
401 1657 612 1715 procedit.
637 1658 700 1700 Ex
726 1673 780 1701 eo
799 1659 929 1719 igitur
952 1659 1069 1718 quod
1092 1660 1291 1702 voluntas
1309 1660 1515 1720 accipitur
1528 1676 1608 1720 pro
1621 1659 1916 1719 dispositione,
1941 1669 2086 1718 aperte
2108 1658 2263 1715 conjici
2283 1674 2366 1718 po-

218 1731 316 1774 test,
342 1721 461 1779 quod
476 1723 611 1764 multa
631 1724 827 1783 praecipit
843 1725 958 1767 Deus
983 1742 1078 1784 quae
1100 1741 1191 1768 non
1211 1725 1305 1768 vult
1324 1725 1433 1777 fieri,
1460 1737 1504 1769 et
1524 1725 1661 1768 multa
1680 1724 1901 1785 prohibet,
1925 1740 2021 1783 quae
2043 1723 2135 1766 fieri
2160 1723 2365 1783 disponit.

221 1786 430 1846 Praecepit
459 1787 575 1830 enim
595 1789 798 1842 Abrahae,
824 1800 873 1831 ut
894 1789 1031 1832 filium
1053 1806 1179 1833 suum
1200 1791 1460 1845 immolaret,
1486 1807 1616 1850 quem
1636 1802 1784 1833 tamen
1805 1789 1945 1832 noluit
1973 1788 2190 1832 immolari
2213 1804 2223 1831 :
2249 1790 2367 1848 quod

218 1851 320 1894 inde
352 1863 485 1911 patet,
525 1853 625 1912 quia
652 1869 732 1897 nec
761 1854 887 1897 fuerit
917 1855 1184 1910 immolatus,
1217 1855 1330 1899 bene
1364 1867 1509 1899 tamen
1533 1857 1737 1915 praecepit
1768 1866 1811 1898 et
1839 1855 1951 1897 bene
1974 1853 2129 1897 noluit.
2161 1854 2368 1914 Praecepit

221 1917 456 1975 siquidem,
487 1929 535 1960 ut
557 1930 706 1962 notam
730 1919 890 1963 faceret
911 1921 1204 1964 obedientiam
1225 1921 1413 1963 Abrahae
1438 1936 1448 1963 ι
1473 1921 1612 1964 noluit
1633 1932 1801 1975 autem,
1826 1919 1926 1978 quia
1947 1935 2036 1962 non
2059 1929 2150 1961 erat
2172 1920 2366 1962 rationa-

220 1982 316 2024 bilis
339 1999 464 2026 causa
487 1995 535 2025 ut
562 1984 697 2027 filium
718 2000 843 2028 suum
874 1987 1097 2030 Abraham
1117 1986 1378 2030 immolaret.
1403 1987 1630 2030 Prohibuit
1652 1997 1694 2029 et
1717 1985 1936 2028 mundatis
1955 1984 2133 2044 leprosis
2155 1999 2209 2027 ne
2237 1999 2281 2027 se
2303 1984 2370 2027 di-

220 2048 444 2107 vulgarent
467 2065 476 2092 :
500 2050 636 2093 voluit
656 2062 803 2094 tamen
823 2063 872 2094 ut
891 2053 978 2095 hoc
1003 2052 1209 2106 facerent,
1235 2063 1279 2095 et
1297 2053 1411 2096 bene
1434 2053 1596 2095 sciebat
1617 2051 1736 2111 quod
1756 2067 1845 2093 non
1868 2049 2093 2093 celaretur.
2118 2050 2174 2092 Et
2193 2050 2368 2109 quidem

221 2114 333 2156 bene
355 2115 593 2173 prohibuit,
627 2127 676 2158 ut
707 2117 866 2160 scilicet
887 2117 1135 2177 exemplum
1155 2118 1407 2161 humilitatis
1435 2118 1635 2161 omnibus
1657 2117 1895 2160 exhiberet.
1932 2117 2047 2158 Bene
2070 2131 2242 2174 quoque
2263 2116 2368 2159 illud

219 2178 355 2221 voluit
378 2180 603 2240 divulgari,
626 2192 674 2224 ut
695 2183 810 2225 Deus
833 2183 995 2226 scilicet
1009 2183 1113 2227 inde
1137 2183 1458 2244 glorificaretur.
1485 2184 1570 2243 Ipsi
1586 2183 1715 2226 etiam
1737 2182 1851 2225 bene
1874 2181 2066 2224 fecerunt
2082 2180 2201 2239 quod
2218 2181 2264 2223 in
2284 2182 2368 2224 hoc

220 2246 258 2286 ei
280 2261 371 2288 non
389 2246 646 2290 obedierunt
661 2281 672 2303 ,
699 2263 778 2292 nec
799 2249 902 2292 inde
923 2250 1240 2304 inobedientes,
1266 2250 1343 2293 sed
1364 2250 1508 2310 potius
1527 2249 1712 2292 humiles
1734 2248 1999 2291 exstiterunt.
2026 2246 2143 2289 Sicut
2164 2247 2199 2289 si
2221 2247 2369 2307 aliquis

221 2322 319 2353 ante
343 2312 593 2372 episcopum
613 2329 727 2373 genu
744 2313 856 2357 flexo
878 2325 1008 2358 staret
1025 2326 1067 2358 et
1085 2316 1173 2375 ipse
1189 2315 1455 2375 prohiberet,
1477 2315 1768 2374 unusquisque
1787 2312 1905 2372 quod
1922 2327 2048 2355 suum
2068 2322 2176 2354 esset
2193 2311 2365 2366 faceret,

221 2386 262 2417 et
286 2376 357 2419 ille
382 2376 635 2434 deferendo,
661 2381 896 2437 majoribus
919 2382 1035 2423 enim
1057 2381 1359 2434 deferendum,
1385 2392 1429 2424 et
1445 2381 1668 2441 episcopus
1688 2378 1979 2439 prohibendo,
2002 2378 2102 2436 quia
2120 2377 2371 2421 humilitatis

222 2442 467 2501 exemplum
490 2444 545 2485 ab
575 2446 777 2488 omnibus
803 2446 1097 2489 exhibendum
1119 2458 1198 2490 est.
1224 2446 1353 2489 Unde
1375 2446 1581 2490 Salomon
1608 2462 1618 2489 z
1641 2446 1816 2501 Quanto
1839 2459 2021 2504 magnus
2043 2459 2102 2498 ee,
2125 2443 2368 2490 humiliate

220 2508 264 2548 in
287 2508 505 2552 omnibus.
532 2510 743 2554 Omnibus
765 2513 1052 2555 communiter
1069 2512 1264 2572 praecipit
1279 2513 1394 2555 Deus
1415 2512 1599 2571 :Diliges
1615 2511 1842 2554 dominum
1857 2511 1998 2552 Deum
2019 2519 2143 2550 tuum
2164 2524 2173 2550 :
2200 2518 2243 2550 et
2257 2507 2369 2551 bene

220 2574 295 2614 scit
325 2574 535 2631 quosdam
564 2591 654 2618 non
680 2577 947 2620 obedituros.
983 2578 1067 2621 Sed
1093 2593 1148 2621 ne
1171 2578 1264 2636 quis
1292 2577 1454 2621 diceret
1479 2593 1489 2621 z
1514 2577 1602 2620 Illis
1626 2576 1845 2636 praecepit,
1875 2586 1918 2617 et
1939 2574 2046 2617 mihi
2069 2589 2173 2626 non,
2197 2582 2240 2615 et
2267 2573 2368 2616 ideo

222 2639 379 2694 nescio,
405 2640 449 2681 in
481 2656 567 2698 quo
591 2640 776 2684 debeam
798 2643 839 2686 ei
867 2643 1068 2697 obedire,
1093 2643 1162 2686 vel
1183 2659 1273 2685 non
1302 2659 1398 2685 sum
1418 2658 1516 2685 reus
1531 2675 1542 2697 ,
1574 2643 1608 2684 si
1629 2658 1719 2684 non
1740 2642 1825 2684 hoc
1847 2640 1976 2694 facio,
2003 2640 2102 2698 quia
2123 2639 2208 2681 hoc
2230 2638 2368 2681 facere

223 2718 311 2745 non
349 2716 412 2747 est
439 2706 546 2748 mihi
577 2707 832 2764 injunctum,
858 2719 902 2751 et
924 2710 984 2751 sic
1011 2709 1265 2752 excusabilis
1300 2724 1396 2751 sum
1420 2724 1430 2751 :
1463 2724 1535 2762 ne,
1563 2709 1758 2766 inquam,
1788 2707 1872 2749 hoc
1905 2705 2083 2758 diceret,
2120 2715 2169 2746 ut
2193 2719 2369 2746 omnem

223 2781 440 2812 removeat
462 2773 783 2816 excusationem
804 2774 1007 2817 omnibus
1028 2775 1240 2834 praecipit.
1265 2774 1366 2817 Non
1382 2774 1475 2818 vult
1496 2785 1641 2816 tamen
1667 2784 1712 2814 ut
1738 2787 1886 2814 omnes
1902 2769 2126 2825 obediant,
2149 2769 2248 2828 quia
2263 2769 2371 2811 sicut

224 2834 476 2878 rationabile
499 2848 562 2879 est
584 2839 794 2896 quosdam
818 2839 1013 2894 obedire,
1035 2841 1094 2883 sic
1116 2851 1159 2883 et
1176 2840 1280 2883 alios
1302 2856 1393 2882 nou
1415 2839 1611 2883 obedire.
1637 2837 1837 2880 Similiter
1855 2836 1910 2879 de
1932 2835 2223 2895 prohibitione
2243 2835 2371 2877 ratio-

226 2897 359 2939 cinari
391 2900 505 2943 licet.
538 2903 670 2956 Quod
704 2915 751 2946 ut
785 2905 1026 2948 evidentius
1060 2922 1309 2965 cognoscas,
1346 2906 1401 2949 de
1437 2906 1565 2948 Petro
1601 2916 1644 2947 et
1677 2903 1788 2946 Juda
1819 2901 2065 2961 exemplum
2098 2901 2179 2943 tibi
2211 2915 2366 2942 sumas.

224 2962 404 3020 Utrique
438 2981 700 3026 praeceptum
724 2970 964 3013 dilectionis
997 2971 1134 3014 dedit.
1169 2972 1319 3014 Petrus
1348 2970 1566 3024 obedivit,
1595 2969 1728 3012 Judas
1751 2984 1863 3022 non,
1896 2967 1995 3026 quia
2017 2982 2108 3009 non
2136 2965 2287 3014 voluit,
2323 2974 2370 3004 ut

226 3026 421 3071 obediret
447 3046 457 3072 z
484 3043 526 3073 et
545 3034 653 3076 sicut
673 3036 940 3078 rationabilis
962 3053 1092 3080 causa
1113 3037 1209 3090 fuit,
1235 3052 1368 3095 quare
1391 3036 1529 3083 voluit
1550 3046 1605 3082 ut,
1618 3035 1818 3078 obediret
1835 3034 2005 3087 Petrus,
2029 3032 2088 3075 sic
2107 3027 2370 3073 rationabilis

225 3106 351 3133 causa
375 3093 470 3148 fuit,
495 3112 624 3153 quare
648 3100 785 3141 noluit
806 3111 854 3142 ut
875 3101 898 3142 J
902 3101 1008 3144 udas
1030 3102 1231 3145 obediret
1246 3113 1289 3144 et
1312 3102 1606 3144 damnaretur.
1628 3101 1745 3143 Nota
1771 3115 1781 3142 t
1807 3115 1898 3142 non
1921 3097 2110 3156 disponit
2131 3094 2245 3137 mala
2261 3109 2367 3146 esse,

228 3155 304 3198 sed
323 3158 531 3215 permittit
550 3177 637 3205 esse
665 3179 674 3205 :
700 3175 846 3207 tamen
869 3166 999 3220 mala,
1025 3167 1072 3209 id
1095 3178 1173 3221 est,
1199 3167 1253 3211 de
1272 3167 1354 3210 illis
1375 3167 1488 3209 bene
1511 3165 1700 3209 ordinat.
1723 3166 1815 3208 Nec
1836 3163 2041 3222 sequitur,
2065 3161 2100 3202 si
2120 3159 2308 3218 disponit
2328 3168 2371 3200 et

228 3221 335 3276 vult,
357 3224 457 3282 quia
480 3240 580 3269 eum
600 3228 709 3271 velle
735 3229 897 3288 aliquid
921 3247 1011 3274 non
1033 3243 1097 3274 est
1119 3232 1236 3275 aliud
1260 3248 1390 3292 quam
1412 3232 1453 3275 ei
1473 3232 1642 3290 placere
1666 3227 1709 3275 et
1729 3232 1870 3289 ipsum
1884 3240 2180 3283 remunerare.
