2638 3866
682 181 900 231 ETHlCA
933 182 1043 230 SEU
1076 182 1250 231 LIBER
1282 183 1489 232 DICTUS
1520 200 1531 229 :
1560 183 1726 232 SClTO
1761 184 2032 233 TEIPSUM.
2340 186 2434 234 597

286 295 467 343 catum,
493 299 643 350 quam
670 283 924 332 infirmitas
946 285 1167 350 quaedam
1193 286 1294 351 jam
1318 286 1586 335 necessaria
1608 285 1703 334 dici
1723 285 1883 334 debet.
1912 289 2032 335 Ecce
2057 285 2186 334 enim
2215 302 2225 332 :
2257 285 2437 351 Aliquis

286 376 359 415 est
387 366 639 423 innocens,
668 365 719 413 in
742 381 892 431 quem
913 365 1120 414 crudelis
1149 366 1378 415 dominus
1399 384 1515 416 suus
1535 383 1622 433 per
1649 366 1865 415 furorem
1888 366 2011 415 adeo
2034 376 2311 415 commotus
2333 376 2405 414 est
2421 405 2434 427 ,

286 455 341 495 ut
373 463 486 495 eum
519 447 772 512 evaginato
802 462 918 494 ense
940 445 1003 494 ad
1034 447 1413 496 interimendum
1444 456 1778 514 persequatur.
1804 450 1962 507 Quem
1995 447 2073 496 ille
2108 446 2193 495 diu
2229 447 2434 512 fugiens,

285 538 334 577 et
362 538 816 598 quantumcumque
839 537 1015 594 potest,
1047 529 1122 576 sui
1152 530 1446 577 occisionem
1471 529 1709 590 devitans,
1743 540 1940 578 coactus
1969 528 2166 577 tandem
2197 539 2244 577 et
2268 528 2439 577 nolens

287 610 637 672 occidit‘eum,
677 626 740 658 ne
775 609 1028 658 occidatur
1060 609 1122 657 ab
1156 626 1233 657 eo.
1268 611 1426 658 Dicito
1457 610 1600 670 mihi,
1640 611 1936 676 quicumque
1969 626 2043 671 eS,
2079 627 2225 675 quam
2261 610 2437 659 malam

287 692 591 740 voluntatem
620 690 851 740 'habuerit
879 690 930 738 in
960 689 1058 738 hoc
1090 690 1249 739 facto?
1275 691 1456 740 Volens
1479 691 1717 757 siquidem
1749 701 1957 739 mortem
1986 690 2212 756 effugere,
2243 691 2437 741 volebat

287 772 535 838 propriam
560 772 708 820 vitam
725 787 1030 820 conservare.
1057 770 1152 819 Sed
1171 772 1396 837 nunquid
1414 772 1517 820 haec
1541 773 1763 820 voluntas
1780 772 1907 820 mala
1928 771 2059 820 erat?
2084 775 2209 833 Non,
2231 772 2436 837 inquies,

286 840 408 914 hoec,
435 852 643 902 arbitror
671 870 683 900 ε
716 851 802 901 sed
832 852 913 900 illa
945 867 1092 918 quam
1114 851 1338 900 habuerit
1370 852 1432 900 de
1463 853 1705 901 occisione
1739 852 1927 900 domini
1952 853 2298 918 persequentis.
2327 856 2440 903 Res-

287 933 477 1001 pondes
498 934 626 983 bene
648 943 698 982 et
718 943 884 998 argute
918 933 1038 981 dicis
1055 970 1068 994 ,
1101 934 1140 981 si
1160 934 1460 982 voluntatem
1483 950 1649 1000 posses
1682 934 1921 999 assignare
1943 933 1992 980 in
2014 949 2074 981 eo
2094 933 2228 999 quod
2248 937 2435 984 asseris.

288 1014 401 1073 Sed,
436 1015 537 1080 jam
573 1025 627 1063 ut
657 1014 843 1064 dictum
876 1024 965 1075 est,
1001 1014 1174 1063 nolens
1207 1024 1257 1063 et
1286 1025 1483 1063 coactus
1504 1015 1600 1063 hoc
1637 1014 1767 1076 fecit,
1795 1013 1948 1079 quod,
1986 1024 2225 1079 quantum
2261 1017 2436 1079 potuit,

288 1096 439 1145 vitam
455 1095 753 1144 incolumem
773 1095 973 1157 distulit,
1000 1095 1155 1143 sciens
1174 1112 1371 1161 quoque
1394 1112 1452 1143 ex
1468 1095 1561 1144 hac
1583 1093 1919 1143 interfectione
1936 1095 2044 1142 vitae
2063 1094 2154 1142 sibi
2172 1096 2439 1161 periculum

289 1176 560 1226 imminere.
588 1176 852 1236 Quomodo
878 1193 993 1243 ergo
1013 1176 1134 1225 illud
1154 1176 1427 1226 voluntarie
1449 1176 1576 1238 fecit,
1604 1175 1740 1242 quod
1767 1193 1880 1224 eum
1912 1177 2019 1243 ipso
2043 1176 2190 1225 etiam
2212 1177 2319 1225 vitae
2345 1195 2440 1226 suae

288 1258 505 1324 periculo
528 1257 802 1306 commisit?

356 1339 502 1399 Quod
530 1339 569 1387 si
599 1338 895 1406 respondeas
934 1357 993 1388 ex
1027 1340 1276 1389 voluntate
1309 1341 1358 1389 id
1382 1358 1579 1407 quoque
1607 1358 1710 1390 esse
1743 1333 1941 1403 factum,
1966 1356 2079 1388 cum
2112 1356 2171 1389 ex
2195 1339 2442 1389 voluntate

287 1420 469 1469 scilicet
500 1430 708 1469 mortem
733 1421 989 1484 evadendi,
1022 1439 1123 1470 non
1155 1422 1412 1471 dominum
1445 1440 1588 1470 suum
1613 1422 1893 1485 occidendi,
1919 1430 2107 1469 constet
2134 1422 2183 1469 in
2208 1421 2304 1470 hoc
2330 1439 2441 1470 eum

290 1517 392 1549 esse
409 1502 537 1566 juste
558 1501 837 1564 inductum,
863 1519 1171 1568 nequaquam
1195 1503 1246 1551 id
1270 1502 1560 1563 refellimus3
1588 1503 1700 1565 sed,
1740 1512 1792 1551 ut
1809 1503 1909 1568 jam
1935 1502 2121 1550 dictum
2142 1512 2230 1564 est,
2257 1519 2442 1568 nequa-

289 1599 436 1647 quam
469 1583 694 1631 voluntas
728 1583 818 1632 ista
846 1594 1079 1649 tanquam
1107 1584 1238 1633 mala
1270 1595 1341 1632 est
1370 1584 1724 1651 improbanda,
1763 1600 1851 1650 per
1884 1599 2033 1649 quarn
2069 1583 2167 1643 ille,
2203 1593 2258 1631 ut
2291 1584 2440 1646 dicis,

289 1673 497 1712 mortem
529 1663 758 1725 evadere,
797 1680 899 1712 non
937 1664 1193 1713 dominum
1227 1664 1383 1713 voluit
1417 1664 1640 1713 occidere
1678 1683 1689 1711 ε
1719 1674 1767 1712 et
1798 1674 1961 1712 tamen
2002 1663 2203 1729 deliquit
2238 1681 2443 1713 consen-

288 1743 476 1806 tiendo,
511 1744 731 1809 quamvis
753 1754 951 1792 coactus
986 1746 1160 1794 timore
1191 1746 1386 1808 mortis,
1425 1746 1613 1810 injustae
1636 1744 1958 1792 interfectioni
1980 1760 2127 1809 quam
2149 1761 2259 1792 eum
2284 1747 2446 1811 potius

288 1824 412 1872 ferre
437 1841 586 1890 quam
614 1825 788 1874 inferre
811 1828 1051 1892 oportuit3
1081 1826 1295 1892 gladium
1327 1827 1510 1893 quippe
1542 1825 1730 1892 accepit
1751 1841 1840 1891 per
1863 1840 1932 1886 se,
1968 1842 2069 1873 non
2094 1826 2323 1874 traditum
2355 1826 2445 1874 sibi

286 1904 458 1954 habuit
479 1923 507 1954 a
532 1915 768 1972 potestate
791 1925 802 1954 :
827 1907 960 1955 unde
992 1909 1176 1956 Veritas
1205 1926 1215 1955 :
1247 1929 1270 1952 c<
1295 1908 1489 1968 Omnis,
1515 1927 1538 1953 »
1566 1907 1764 1973 inquit¹,
1795 1927 1819 1950 «
1837 1907 1923 1971 qui
1946 1908 2184 1973 acceperit
2206 1908 2440 1972 gladium,

289 1985 449 2050 gladio
477 1987 677 2054 peribit;
705 2007 731 2034 »
774 1988 872 2036 hoc
901 1999 989 2051 est,
1022 1988 1387 2037 damnationem
1417 1998 1562 2054 atque
1593 1989 1765 2036 animae
1792 2003 1891 2035 suae
1935 1987 2232 2036 occisionem
2262 2006 2320 2036 ex
2354 1989 2446 2038 hac

288 2068 555 2116 temeritate
571 2069 790 2118 incurrit.
809 2069 971 2118 Voluit
982 2070 1161 2135 itaque,
1189 2081 1244 2118 ut
1266 2070 1452 2118 dictum
1477 2080 1565 2130 est,
1595 2069 1673 2117 ille
1693 2078 1898 2116 mortem
1924 2068 2145 2130 evadere,
2167 2086 2267 2117 non
2285 2070 2446 2118 domi—

287 2165 409 2197 num
433 2149 655 2197 occidere
670 2187 683 2210 ,
711 2150 797 2198 sed
821 2151 933 2215 quia
960 2151 1010 2198 in
1035 2152 1331 2199 occisionem
1352 2151 1619 2213 consentit,
1651 2151 1702 2198 in
1726 2166 1874 2214 quam
1899 2167 1999 2198 non
2029 2149 2216 2212 debuit,
2243 2150 2322 2199 hic
2344 2152 2446 2216 ejus

289 2229 495 2294 injustus
519 2247 803 2293 consensus,
827 2232 911 2296 qui
936 2233 1233 2280 occisionem
1252 2232 1508 2298 praecessit,
1537 2241 1792 2298 peccatum
1817 2231 1922 2278 fuit.

355 2310 503 2369 Quod
526 2311 566 2358 si
591 2312 699 2376 quis
724 2311 847 2360 forte
870 2312 999 2360 dicat
1024 2330 1034 2359 ε
1066 2313 1190 2371 Quia
1211 2313 1363 2360 voluit
1386 2312 1645 2360 dominum
1668 2328 1811 2360 suum
1835 2309 2104 2359 interficere
2128 2320 2327 2377 propter
2350 2312 2445 2360 hoc

290 2400 344 2438 ut
395 2401 606 2440 mortem
646 2392 895 2455 evaderet3
945 2410 1047 2441 non
1084 2393 1196 2442 ideo
1242 2393 1524 2460 simpliciter
1557 2392 1733 2441 inferre
1773 2401 1962 2459 potest,
1995 2392 2111 2457 quia
2143 2392 2298 2440 voluit
2334 2410 2445 2441 eum

289 2471 541 2534 occidere3
578 2471 728 2520 veluti
760 2473 799 2520 si
830 2473 991 2521 dicam
1021 2473 1165 2522 alicui
1193 2493 1204 2522 z
1231 2475 1357 2534 Quia
1387 2474 1502 2522 volo
1531 2483 1585 2521 ut
1612 2473 1794 2521 habeas
1823 2488 2029 2539 cappam
2056 2489 2212 2520 meam
2247 2483 2447 2539 propter

288 2551 402 2610 hoc,
436 2562 491 2599 ut
517 2552 602 2600 des
631 2552 752 2600 mihi
781 2554 997 2619 quinque
1023 2554 1232 2616 solidos;
1260 2556 1334 2604 vel
1369 2555 1575 2604 libenter
1607 2571 1715 2602 eam
1739 2570 1830 2619 pro
1860 2553 2016 2619 pretio
2052 2553 2142 2600 isto
2176 2553 2280 2600 fieri
2315 2564 2446 2601 tuam

289 2632 430 2695 volo;
464 2649 566 2681 non
600 2634 712 2682 ideo
737 2635 977 2697 concedo,
1009 2636 1146 2702 quod
1177 2653 1285 2685 eam
1317 2646 1452 2685 tuam
1484 2653 1586 2684 esse
1617 2635 1779 2683 velim.
1808 2634 1900 2682 Sed
1924 2644 1971 2682 et
1990 2635 2028 2681 si
2055 2635 2163 2698 quis
2181 2635 2231 2681 in
2256 2651 2447 2683 carcere

291 2713 580 2761 constrictus
607 2715 721 2763 velit
755 2715 912 2764 filium
945 2734 1088 2764 suum
1118 2716 1187 2764 ibi
1216 2733 1307 2782 pro
1337 2733 1387 2764 se
1411 2733 1620 2782 ponere,
1657 2725 1713 2763 'ut
1746 2707 2133 2780 redemptionem
2170 2731 2307 2763 suam
2337 2732 2447 2781 per-

292 2794 475 2858 quirat,
514 2795 755 2860 numquid
784 2796 895 2844 ideo
930 2796 1209 2863 simpliciter
1245 2795 1560 2844 concedimus
1593 2795 1728 2861 quod
1752 2794 1906 2843 filium
1943 2812 2084 2843 suum
2118 2796 2166 2843 in
2206 2812 2446 2845 carcerem

291 2874 482 2922 mittere
517 2875 655 2935 velit,
698 2876 834 2940 quod
869 2894 982 2924 cum
1017 2877 1202 2941 magnis
1238 2876 1462 2941 lacrymis
1493 2886 1540 2923 et
1574 2893 1686 2924 cum
1724 2875 1889 2923 multis
1924 2875 2180 2940 gemitibus
2213 2877 2448 2925 sustinere

292 2955 518 3021 cogitur?
545 2957 653 3003 Non
679 2957 847 3022 utique
881 2957 986 3006 talis
1011 2967 1065 3006 ut
1098 2958 1167 3007 ita
1195 2958 1356 3007 dicam
1385 2957 1631 3019 voluntas,
1660 2974 1767 3023 quae
1800 2958 1851 3004 in
1878 2973 2056 3021 magno
2094 2957 2264 3006 dolore
2299 2959 2448 3006 animi

293 3036 529 3099 consistit,
572 3034 781 3086 dicenda
815 3047 885 3086 est
914 3037 1150 3099 voluntas,
1187 3037 1274 3087 sed
1308 3038 1473 3104 potius
1488 3039 1672 3103 passio.
1721 3041 1782 3086 Et
1816 3038 1908 3087 tale
1946 3048 2046 3099 est,
2086 3039 2201 3104 quia
2229 3038 2326 3087 hoc
2349 3039 2448 3087 vult

293 3127 495 3183 propter
529 3115 648 3165 illud
663 3155 676 3180 ,
718 3127 951 3185 tanquam
973 3119 1012 3168 si
1037 3118 1279 3168 diceretur
1300 3119 1413 3185 quia
1438 3118 1574 3185 quod
1597 3135 1699 3167 non
1724 3118 1846 3180 vult,
1873 3117 2047 3167 tolerat
2068 3115 2273 3186 'propter
2295 3119 2414 3168 illud
2431 3157 2444 3180 ,

336 3305 342 3324 ¹
358 3303 489 3348 Matth„
506 3314 579 3347 cap.
596 3314 695 3349 xxvi,
714 3315 747 3340 v.
765 3308 816 3341 52.
