2638 3866
849 206 1189 256 TRACTATUS
1223 207 1302 254 DE
1335 206 1797 256 lNTELLECTlBUS.
2300 210 2397 257 747

256 303 462 352 formam
498 303 815 372 habitumque
849 307 1059 373 aliquem
1096 309 1316 375 corporis
1351 308 1593 372 attendat,
1632 325 1778 375 quem
1814 319 1974 357 tamen
2011 309 2209 358 minime
2247 311 2397 376 ipsam

255 383 433 433 habere
461 386 830 446 constati'Quis
866 405 967 436 non
1006 390 1134 455 ipsos
1174 391 1365 456 spiritus
1400 400 1630 456 tanquam
1668 389 1883 438 localiter
1918 390 2307 457 circumscriptos
2342 409 2399 440 ac

258 466 487 514 membris
520 468 816 534 compositos
841 479 987 534 atque
1011 470 1249 519 coloratos
1279 471 1518 533 attendat,
1544 472 1744 536 aliisque
1767 471 2201 520 innumerabilibus
2242 473 2399 521 modis

257 546 434 611 quibus
467 549 568 597 sola
593 566 801 615 corpora
823 567 925 598 sese
947 551 1128 599 habent
1158 554 1287 618 ipsos
1317 554 1581 618 excogitet?
1605 553 1796 619 Quippe
1821 562 1872 600 ut
1894 552 2036 617 longe
2061 570 2205 619 supra
2229 555 2400 602 memi-

258 632 436 694 nimus,
464 642 566 681 tota
588 633 804 682 humana
833 635 1003 690 notitia
1028 651 1057 683 a
1081 635 1298 684 sensibus
1322 637 1488 702 surgit.
1526 640 1589 684 Ac
1621 653 1706 702 per
1737 636 1832 684 hoc
1862 636 2210 685 insensibilium
2237 654 2399 686 rerum

257 722 406 761 status
442 714 504 762 ad
531 714 732 763 modum
765 715 1063 764 sensibilium
1099 718 1369 782 excogitare
1399 719 1503 784 ipsa
1538 734 1628 764 nos
1652 733 1881 765 sensuum
1911 719 2236 783 experimenta
2261 736 2402 767 com—

256 793 442 859 pellunt
465 796 505 843 si
526 796 706 862 itaque,
734 798 960 863 quotiens
983 798 1172 846 animus
1195 816 1295 847 rem
1319 798 1582 864 quamlibet
1606 797 1741 846 aliter
1764 798 1984 863 intelligit
2002 815 2149 863 quam
2171 799 2396 862 subsistit,

257 890 410 923 vanus
433 875 668 925 dicendus
691 879 749 927 sit
777 879 1064 942 intellectus,
1093 881 1201 946 quis
1224 880 1491 928 intellectus
1512 878 1756 926 humanus
1776 878 1909 943 juxta
1934 881 2143 928 rationes
2166 882 2402 947 expositas

257 971 408 1004 vanus
430 956 665 1007 dicendus
689 977 788 1008 non
813 961 914 1010 est?

327 1039 463 1086 Nunc
498 1049 660 1087 autem
696 1040 839 1089 aliam
877 1043 1116 1108 propositi
1162 1042 1314 1090 nostri
1351 1057 1699 1108 persequamur
1733 1050 1946 1107 partem,
1986 1051 2147 1089 utrum
2181 1042 2403 1090 videlicet

259 1120 418 1166 omnis
453 1120 722 1169 intellectus
755 1139 899 1171 sanus
927 1124 985 1171 sit
1018 1122 1280 1185 dicendus,
1314 1123 1397 1188 qui
1427 1123 1492 1170 ita
1529 1131 1583 1170 ut
1614 1138 1715 1170 sese
1745 1138 1819 1169 res
1853 1122 1999 1170 habet
2028 1139 2133 1170 eam
2166 1123 2398 1187 intelligit.

259 1199 406 1258 Quod
436 1218 549 1249 cum
574 1202 710 1251 facile
744 1203 806 1253 ab
829 1204 1057 1253 omnibus
1087 1205 1360 1270 recipiatur,
1390 1203 1538 1253 habet
1564 1213 1724 1251 tamen
1751 1213 1798 1251 et
1819 1203 1915 1251 hoc
1937 1204 2223 1251 nonnullam
2252 1205 2406 1270 impu-

258 1281 556 1345 gnationem.
594 1285 787 1351 Quippe
826 1286 909 1350 qui
943 1285 1077 1334 hunc
1115 1286 1366 1333 hominem
1401 1286 1588 1333 asinum
1627 1301 1729 1332 esse
1761 1285 1996 1349 intelligit,
2032 1285 2166 1349 quod
2201 1286 2404 1333 omnino

259 1361 432 1410 falsum
459 1374 548 1423 est,
577 1382 677 1413 uon
709 1366 905 1431 quidem
929 1367 976 1414 in
1010 1383 1070 1415 eo
1094 1368 1201 1433 ipso
1230 1366 1364 1432 quod
1393 1366 1489 1413 hoc
1520 1365 1757 1429 intelligit,
1787 1365 2004 1429 intelligit
2031 1375 2079 1413 et
2108 1366 2267 1431 ipsum
2303 1383 2406 1414 esse

257 1444 436 1492 animal
459 1454 506 1493 et
534 1447 785 1511 quoddam
808 1448 989 1496 animal
1017 1465 1119 1496 esse
1143 1449 1356 1509 asinum,
1392 1465 1498 1512 quae
1522 1457 1725 1512 utraque
1746 1463 1861 1494 vera
1889 1456 2016 1494 sunt.
2052 1447 2101 1493 Si
2124 1447 2252 1494 enim
2272 1447 2405 1511 juxta

257 1524 594 1575 aristotelicam
625 1529 911 1578 sententiam
945 1529 1143 1577 secundi
1178 1528 1290 1576 libri
1321 1528 1733 1587 Perlbet-menius,
1772 1544 1886 1575 eum
1919 1528 2003 1592 qui
2032 1528 2274 1593 opinatur,
2312 1527 2408 1574 hoc

260 1614 331 1652 est
361 1607 601 1673 intelligit,
637 1609 826 1658 bonum
862 1627 965 1658 esse
993 1610 1198 1671 bonum,
1232 1625 1423 1657 necesse
1447 1608 1498 1656 id
1527 1609 1687 1674 ipsum
1718 1608 1904 1674 opinari
1936 1625 2037 1655 non
2069 1624 2172 1655 esse
2204 1607 2403 1667 malum,

259 1686 414 1735 multo
437 1688 598 1754 itaque
621 1690 923 1756 probabilius
944 1692 1029 1756 qui
1051 1690 1271 1754 intelligit
1292 1690 1427 1737 hunc
1457 1689 1708 1737 hominem
1730 1705 1832 1736 esse
1860 1689 2069 1749 asinum,
2093 1687 2189 1735 hoc
2213 1698 2284 1736 est
2306 1705 2408 1736 esse

258 1768 455 1832 animal,
493 1770 585 1819 tale
618 1772 963 1820 concedendus
997 1781 1070 1819 est
1097 1771 1359 1834 intelligere
1391 1786 1492 1817 esse
1522 1768 1727 1826 animal,
1762 1785 1873 1816 cum
1897 1768 1946 1815 in
1971 1769 2107 1817 asino
2131 1785 2323 1817 necesse
2348 1771 2406 1816 sit

259 1850 436 1897 animal
460 1851 779 1901 substantiam
812 1853 1045 1916 intelligi,
1079 1852 1201 1900 sicut
1240 1851 1385 1898 etiam
1420 1850 1494 1897 vis
1528 1850 1631 1915 ipsa
1666 1849 1880 1896 nominis
1914 1849 2131 1915 specialis
2169 1850 2304 1915 quod
2340 1860 2409 1898 est

261 1932 501 1980 «asinus»
540 1932 812 1999 profitetur,
849 1934 898 1981 in
934 1950 1032 1998 quo
1063 1932 1283 1998 generale
1317 1932 1476 1997 ipsum
1512 1929 1645 1995 quod
1682 1940 1750 1978 est
1785 1930 1964 1977 animal
1996 1943 2187 1977 necesse
2221 1940 2291 1978 est
2323 1948 2409 1996 per

257 2011 624 2078 intelligentiam
655 2015 910 2062 contineri.
939 2017 996 2061 At
1024 2030 1124 2061 non
1152 2014 1216 2060 ita
1245 2013 1294 2059 in
1320 2029 1420 2059 uno
1455 2011 1701 2058 contrario
1738 2026 1933 2058 necesse
1965 2020 2035 2057 est
2062 2009 2257 2057 alterius
2290 2027 2407 2058 con-

258 2094 390 2139 trarii
419 2094 782 2158 intelligentiam
815 2095 1024 2160 concipi.
1053 2097 1118 2141 Ac
1139 2110 1227 2159 per
1254 2092 1351 2139 hoc
1372 2091 1609 2158 profecto,
1644 2091 1727 2155 qui
1755 2090 1971 2153 intelligit
1999 2090 2134 2137 hunc
2156 2089 2407 2138 hominem

260 2189 362 2221 esse
394 2175 606 2235 asinum,
641 2192 811 2223 verum
834 2174 1096 2240 intelligere
1127 2174 1450 2222 convincitur.
1479 2171 1619 2219 Unde
1649 2180 1696 2219 et
1717 2171 1850 2218 hunc
1877 2171 2045 2219 falsum
2077 2170 2402 2231 intellectum,

259 2254 344 2318 qui
378 2265 426 2302 ut
467 2273 569 2303 sese
597 2273 672 2304 res
706 2255 852 2303 habet
877 2256 1112 2321 concipit,
1149 2271 1320 2303 verum
1354 2253 1557 2302 concedi
1588 2251 1832 2299 convenit.
1875 2254 1931 2299 At
1964 2269 2128 2299 rursus
2161 2252 2268 2317 quis
2305 2269 2404 2299 non

259 2334 520 2384 abhorreat
549 2337 802 2385 veritatem
823 2346 872 2385 et
894 2337 1167 2396 falsitatem,
1193 2336 1458 2384 contrarias
1483 2334 1663 2381 formas
1693 2332 2040 2394 intellectuum,
2074 2332 2232 2380 eidem
2267 2333 2406 2380 simul

259 2416 415 2465 inesse
450 2418 732 2478 intellectui,
759 2418 836 2466 vel
865 2417 927 2465 ab
959 2417 1129 2466 eadem
1155 2417 1340 2479 anima,
1367 2432 1473 2481 quae
1498 2413 1801 2462 indivisibilis
1831 2423 1926 2474 est,
1953 2412 2094 2461 simul
2123 2413 2406 2461 sustentari?

328 2501 466 2547 Nunc
503 2501 664 2565 itaque
696 2500 1023 2567 suprapositas
1052 2499 1295 2547 solvamus
1329 2497 1641 2563 quaestiones,
1682 2505 1828 2560 atque
1861 2494 2248 2560 impugnationes
2282 2494 2405 2559 ipsas

261 2595 368 2643 quae
396 2581 647 2630 veritatem
676 2580 955 2647 perturbare
982 2579 1208 2628 videntur
1237 2579 1596 2644 impugnemus
1627 2575 1772 2634 Quod
1803 2575 1946 2639 igitur
1966 2574 2124 2640 primo
2155 2574 2406 2639 quaesitum

261 2669 359 2722 est,
394 2671 559 2708 utrum
604 2663 764 2710 omnis
790 2661 1059 2709 intellectus
1095 2661 1230 2708 aliter
1264 2674 1411 2724 quam
1444 2674 1518 2704 res
1556 2673 1658 2704 sese
1690 2654 1838 2703 habet
1870 2653 2122 2702 attendens
2159 2669 2293 2715 eam,
2324 2670 2411 2701 va-

263 2757 354 2788 nus
388 2742 469 2800 sit,
510 2742 706 2790 duobus
737 2742 897 2791 modis
938 2741 1137 2804 intelligi
1168 2749 1343 2806 potest.
1388 2741 1508 2786 Nam
1543 2746 1591 2784 et
1621 2752 1732 2783 cum
1765 2735 1874 2783 dico
1913 2754 1924 2781 :
1970 2754 1993 2778 α
2023 2733 2235 2797 Intelligo
2268 2734 2407 2782 istam

262 2837 366 2868 rem
407 2821 545 2870 aliter
581 2839 729 2889 quam
772 2823 862 2883 sit,
899 2841 923 2867 »
967 2821 1067 2869 duo
1106 2830 1221 2869 sunt
1259 2835 1426 2868 sensus
1466 2835 1478 2865 z
1524 2834 1651 2864 unus
1689 2815 1886 2881 quidem
1924 2814 2228 2879 hujusmodi,
2266 2814 2305 2862 si
2345 2815 2409 2862 ita

264 2902 423 2950 dicam
458 2903 593 2969 quod
629 2905 748 2952 alius
780 2903 958 2951 modus
989 2903 1048 2950 sit
1070 2902 1118 2949 in
1151 2899 1465 2964 intelligendo
1494 2914 1616 2958 rem,
1646 2897 1764 2944 alius
1792 2897 1842 2944 in
1875 2894 2193 2957 subsistendo,
2222 2895 2318 2943 hoc
2341 2905 2411 2943 est

264 2982 384 3031 alius
406 2984 583 3032 modus
604 2985 733 3032 sitin
754 2983 1069 3048 intelligentia
1092 2982 1218 3046 ejus,
1242 2981 1361 3029 alius
1383 2980 1433 3027 in
1460 2977 1765 3026 subsistentia
1781 2977 1949 3043 ipsius;
1978 2976 2125 3024 veluti
2155 2976 2194 3024 si
2220 2975 2409 3022 divisim

267 3065 513 3113 attendam
542 3082 662 3126 esse,
692 3082 805 3113 cum
834 3065 939 3130 ipsa
963 3074 1127 3112 tamen
1157 3061 1346 3110 divisim
1370 3077 1472 3108 non
1496 3058 1735 3119 subsistat,
1765 3057 1863 3105 hoc
1884 3066 1955 3104 est
1984 3056 2088 3104 sine
2118 3056 2281 3121 aliquo
2310 3057 2411 3103 sine

266 3162 367 3211 quo
405 3146 510 3212 ipsa
542 3163 642 3194 non
675 3155 951 3212 permanet,
984 3144 1060 3193 vel
1090 3144 1129 3192 si
1164 3159 1301 3213 pure,
1329 3140 1403 3190 vel
1434 3141 1474 3188 si
1505 3139 1613 3205 quis
1646 3139 1765 3186 alius
1801 3137 1975 3185 modus
2004 3137 2066 3185 sit
2095 3136 2411 3201 intelligentiae

267 3243 384 3275 meae
408 3244 556 3293 quam
580 3227 839 3275 existentiae
866 3227 956 3287 rei;
987 3226 1136 3273 ethic
1167 3233 1237 3272 est
1266 3240 1393 3271 unus
1425 3238 1591 3270 sensus
1618 3237 1732 3268 cum
1761 3218 1936 3267 dicitur
1959 3235 1970 3265 ε
1998 3216 2248 3281 «Intelligo
2273 3217 2412 3263 istam

267 3325 370 3356 rem
402 3309 537 3357 aliter
567 3326 713 3375 quam
738 3308 815 3371 sit,
841 3308 915 3356 vel
940 3323 1087 3373 quam
1113 3323 1215 3354 sese
1241 3303 1434 3352 habeat.
1454 3324 1476 3348 »
1504 3301 1631 3350 Alius
1662 3316 1779 3349 vero
1810 3315 2000 3362 sensuS,
2038 3298 2077 3346 si
2112 3298 2177 3345 ita
2210 3297 2369 3345 dicam
2395 3314 2405 3343 ε
