2638 3866
308 258 400 306 560
1110 253 1282 301 PETRI
1315 253 1630 302 ABAELARDI

306 357 580 422 Apostolus,
606 354 653 400 in
678 353 753 400 his
774 369 880 418 quae
903 352 1008 400 fieri
1031 353 1154 414 vult,
1180 353 1301 400 nihil
1322 354 1425 418 ejus
1446 354 1683 404 voluntati
1702 357 1921 405 resistere
1937 373 2078 423 posse
2101 358 2321 422 dicimus,
2353 378 2439 409 nec

306 452 412 483 eam
447 435 607 499 aliquo
642 433 864 499 impediri
900 448 1041 494 casu,
1080 434 1158 481 cui
1197 435 1361 482 omnia
1393 451 1586 483 necesse
1621 436 1681 484 sit
1716 436 1931 486 obedire.
1972 439 2248 487 Secundum
2281 450 2440 489 autem

305 516 620 580 posteriorem
643 513 863 574 modum,
903 513 1054 562 multa
1077 514 1251 561 dicitur
1280 514 1401 562 velle
1435 514 1564 578 fieri,
1601 534 1706 581 quae
1736 535 1837 566 non
1871 518 1995 565 fiunt
2023 537 2034 565 τ
2062 500 2163 567 ΙιοοΔ
2189 529 2271 568 est
2294 520 2442 568 multa

304 595 568 655 adhortari,
605 611 710 659 quae
742 604 927 642 certum
960 604 1031 642 est
1061 611 1118 642 ex
1153 595 1302 658 gratia
1334 595 1436 659 ejus
1470 599 1784 659 remunerari,
1820 600 1858 646 si
1894 598 2079 660 fierent,
2107 617 2212 665 quae
2243 601 2442 649 minime

305 675 443 722 fiunt.
483 675 560 722 Sic
594 675 772 741 quippe
808 675 1069 739 unicuique
1103 674 1293 722 homini
1331 675 1539 724 consulit
1574 677 1636 724 de
1669 678 1822 726 salute
1856 696 1958 739 sua,
1997 689 2043 727 et
2078 679 2140 727 ad
2170 679 2296 727 hanc
2331 697 2443 728 eum

304 754 604 815 adhortatur,
637 771 750 802 cum
781 755 1009 803 obediant
1043 755 1200 820 pauci.
1231 755 1533 821 Vult’itaque
1563 759 1690 805 Deus
1722 768 2024 823 peccatorem
2058 760 2298 819 converti,
2332 761 2444 825 quia

304 835 354 882 id
378 835 421 882 ei
447 835 652 882 consulit
688 833 822 899 quod
846 844 968 882 esset
1000 834 1208 899 benigne
1242 847 1647 885 remuneraturus.
1675 838 2057 896 Quodammodo
2093 840 2223 887 enim
2257 850 2445 903 gratum

306 915 350 961 ei
370 915 544 962 dicitur
572 915 623 962 in
651 932 750 980 quo
774 915 876 979 ejus
900 916 1101 979 gratiam
1124 916 1365 981 experturi
1391 933 1617 964 essemus,
1660 920 1696 964 E
1732 918 1973 966 contrario
2008 919 2137 966 nolle
2167 918 2248 967 illa
2270 919 2446 967 dicitur

305 1013 411 1060 quae
443 996 711 1055 dissuadet,
751 1006 832 1042 aut
863 1012 1176 1060 quaecumque
1208 996 1380 1061 punire
1411 997 1561 1060 magis
1590 996 1807 1059 deberet,
1845 1015 1992 1063 quam
2014 999 2147 1046 dono
2179 998 2340 1064 aliquo
2369 1017 2444 1047 re-

306 1087 583 1131 munerare,
616 1081 664 1118 et
694 1071 742 1117 in
777 1070 952 1135 quibus
985 1071 1105 1117 iram
1135 1071 1282 1135 ipsius
1306 1071 1467 1136 potius
1494 1087 1638 1135 quam
1669 1073 1867 1136 gratiam
1910 1074 2217 1133 sentiremus,
2252 1073 2349 1121 hoc
2377 1085 2445 1122 est

304 1151 565 1199 vindictam
590 1151 750 1216 potius
775 1167 920 1216 quam
944 1151 1210 1216 praemium.

374 1231 698 1290 Quaerendum
723 1231 928 1279 arbitror
947 1241 1112 1278 utrum
1134 1231 1274 1297 plura
1298 1232 1452 1279 facere
1474 1232 1624 1297 possit
1650 1236 1779 1280 Deus
1797 1233 1874 1281 vel
1897 1234 2095 1282 meliora
2118 1251 2264 1300 quam
2287 1234 2444 1295 faciat,

307 1323 389 1359 aut
424 1312 485 1359 ab
508 1312 582 1359 his
608 1312 751 1359 etiam
781 1328 887 1376 quae
916 1311 1030 1360 facit
1053 1310 1153 1358 ullo
1190 1311 1339 1358 modo
1373 1328 1556 1359 cessare
1592 1322 1769 1377 posset,
1810 1330 1870 1361 ne
1895 1331 1948 1361 ea
1975 1332 2206 1380 umquam
2228 1314 2449 1362 videlicet

308 1394 498 1441 faceret.
527 1392 672 1451 Quod
697 1394 794 1439 sive
820 1391 1161 1450 concedamus,
1193 1392 1292 1438 sive
1318 1408 1566 1456 negemus,
1594 1393 1768 1440 multas
1785 1393 1994 1442 fortassis
2006 1395 2448 1443 inconvenientium

305 1474 564 1521 anxietates
598 1474 916 1520 incurremus.
953 1473 1001 1518 Si
1032 1473 1163 1519 enim
1196 1488 1438 1536 ponamus
1469 1482 1523 1519 ut
1560 1473 1700 1538 plura
1726 1472 1802 1520 vel
1832 1475 2063 1539 pauciora
2093 1475 2245 1522 facere
2278 1476 2445 1540 possit,

306 1555 381 1602 vel
418 1554 479 1602 ab
514 1554 588 1601 his
625 1571 729 1617 quae
755 1553 866 1601 facit
899 1569 1100 1611 cessare,
1144 1552 1359 1617 profecto
1395 1552 1601 1600 multum
1637 1570 1837 1600 summae
1866 1554 1968 1618 ejus
1997 1553 2203 1602 bonitati
2239 1556 2450 1619 deroga-

306 1635 482 1682 bimus.
506 1637 704 1682 Constat
735 1634 914 1698 quippe
949 1650 1060 1679 eum
1095 1632 1291 1679 nonnisi
1325 1631 1456 1680 bona
1495 1632 1650 1681 facere
1683 1637 1869 1699 posse⁸.
1902 1634 1951 1680 Si
1980 1645 2142 1682 autem
2175 1634 2308 1682 bona
2338 1652 2449 1682 cum

306 1716 455 1780 possit
486 1731 586 1761 non
622 1714 775 1771 faciat,
815 1723 861 1760 et
885 1712 945 1759 ab
986 1712 1223 1777 aliquibus
1258 1729 1363 1777 quae
1396 1713 1614 1760 facienda
1647 1724 1804 1761 essent
1841 1731 1891 1761 se
1925 1714 2161 1776 retrahat,
2200 1715 2306 1779 quis
2337 1731 2450 1762 eum

306 1807 553 1860 tamquam
587 1794 813 1841 aemulum
837 1793 913 1839 vel
945 1792 1167 1856 iniquum
1190 1809 1290 1839 non
1317 1803 1485 1856 arguat
1515 1795 1810 1857 ,praesertim
1842 1812 1953 1841 cum
1986 1794 2147 1842 nullus
2169 1812 2282 1843 eum
2313 1794 2451 1844 labor

307 1879 357 1924 in
382 1875 603 1924 faciendo
617 1873 796 1939 aliquid
824 1882 1003 1938 gravet,
1034 1873 1170 1937 cujus
1192 1890 1326 1938 aeque
1345 1874 1510 1921 omnia
1533 1874 1770 1921 voluntati
1787 1885 1898 1921 sunt
1922 1875 2156 1938 subjecta,
2183 1875 2449 1923 secundum

309 1957 441 2021 quod
464 1956 647 2003 dictum
672 1956 766 2002 est¹
793 1972 804 2000 ε
835 1973 858 1998 «
873 1953 1002 2000 Dixit
1026 1963 1074 2000 et
1095 1953 1219 2000 facta
1241 1962 1377 2015 sunt,
1405 1953 1652 2000 mandavit
1675 1964 1722 2001 et
1743 1965 1904 2002 creata
1929 1964 2056 2002 sunt.
2079 1974 2102 1999 »
2130 1955 2253 2002 Hinc
2276 1965 2347 2002 est
2370 1955 2450 2003 illa

366 2093 381 2107 ‘⁴¹
410 2085 508 2128 Non
533 2085 593 2126 ita
614 2095 662 2126 ut
687 2084 866 2126 aestimat
886 2080 1293 2124 Nabuchodonosor
1314 2091 1516 2140 operatur
1538 2081 1669 2134 Deus,
1694 2096 1814 2123 more
1834 2080 2032 2124 videlicet
2053 2097 2219 2135 eorum,
2233 2082 2306 2140 qui
2321 2082 2366 2124 in
2387 2082 2451 2124 his

308 2167 402 2210 quae
431 2151 615 2203 faciunt,
640 2165 731 2192 non
757 2159 848 2190 tam
877 2146 995 2206 quod
1023 2147 1190 2189 bonum
1225 2157 1288 2189 est
1318 2145 1559 2196 attendunt,
1594 2161 1724 2204 quam
1745 2156 1793 2187 ut
1815 2161 1901 2188 suae
1932 2147 2189 2189 satisfaciant
2213 2147 2448 2201 voluntati,

306 2217 625 2275 qualiscumque
652 2216 745 2275 ipsa
766 2215 843 2268 sit,
868 2213 922 2256 de
945 2212 1141 2271 qualibus
1163 2212 1367 2271 scriptum
1390 2222 1480 2254 est:
1506 2211 1574 2254 Sic
1594 2211 1712 2266 volo,
1738 2212 1797 2254 sic
1814 2211 1966 2268 jubeo,
1992 2212 2152 2272 sit-‘f'pro
2181 2213 2348 2256 ratione
2369 2229 2451 2255 vo-

306 2283 463 2325 luntas.
498 2283 583 2325 Sed
606 2282 741 2341 magis
761 2280 870 2323 velle
901 2278 1109 2321 dicendus
1145 2288 1207 2320 est
1229 2277 1395 2337 singula
1418 2287 1467 2319 ut
1494 2276 1620 2332 fiant,
1655 2277 1755 2335 quia
1785 2276 1953 2319 bonum
1975 2293 2064 2320 esse
2089 2288 2138 2320 ut
2159 2278 2302 2321 forent
2327 2277 2449 2322 vidit.

303 2349 427 2390 Patet
449 2349 592 2406 itaque
611 2346 815 2405 quicquid
835 2346 950 2388 Deus
971 2344 1100 2386 faciat
1116 2354 1190 2385 aut
1211 2342 1414 2397 dimittat,
1430 2343 1589 2399 justam
1613 2358 1662 2384 ac
1684 2342 1986 2386 rationabilem
2008 2344 2178 2386 subesse
2200 2359 2388 2397 causam,
2406 2354 2454 2386 ut

303 2414 391 2457 sola
414 2413 486 2456 illa
515 2413 642 2455 faciat
665 2422 739 2454 aut
761 2411 971 2463 dimittat,
999 2424 1094 2467 quae
1124 2407 1217 2451 fieri
1241 2408 1311 2450 vel
1335 2408 1491 2450 dimitti
1514 2418 1736 2467 oporteat,
1762 2418 1888 2466 atque
1911 2409 2052 2467 ipsum
2077 2408 2243 2452 deceat.
2269 2408 2399 2463 Quod
2419 2410 2453 2451 si

303 2479 421 2539 quod
434 2479 549 2533 facit,
566 2494 665 2521 eum
679 2478 818 2520 facere
836 2485 1009 2535 oportet
1024 2490 1034 2517 :
1052 2476 1214 2531 justum
1230 2484 1293 2516 est
1307 2474 1452 2531 utique
1467 2484 1515 2515 ut
1530 2473 1657 2515 faciat
1670 2472 1873 2531 quicquid
1887 2473 2003 2527 facit,
2022 2489 2070 2516 ac
2083 2475 2173 2516 sine
2187 2473 2321 2517 dubio
2337 2474 2454 2531 quic-

302 2545 408 2604 quid
430 2545 570 2587 facere
593 2543 738 2587 debet.
766 2541 896 2597 Quod
918 2541 954 2583 si
984 2539 1135 2593 debet,
1161 2555 1251 2581 non
1272 2549 1414 2598 potest
1435 2538 1628 2597 profecto
1650 2540 1762 2594 juste
1789 2538 2005 2580 dimittere
2037 2553 2092 2580 ne
2131 2538 2272 2581 faciat.
2312 2539 2452 2581 Omne

305 2611 462 2671 quippe
481 2610 601 2670 quod
617 2612 778 2667 justum
793 2618 856 2651 est
871 2606 979 2658 fieri,
1001 2606 1207 2662 injustum
1221 2614 1285 2646 est
1301 2603 1478 2656 dimitti3
1494 2613 1536 2646 et
1549 2603 1735 2662 quisquis
1748 2602 1794 2645 id
1810 2618 1899 2645 non
1913 2602 2028 2658 facit,
2046 2603 2164 2662 quod
2180 2605 2289 2646 ratio
2306 2604 2450 2662 exigit,

308 2693 426 2736 aeque
450 2677 682 2735 delinquit,
700 2690 749 2717 ac
760 2677 794 2717 si
817 2673 944 2715 faciat
958 2669 1077 2730 quod
1090 2670 1246 2712 rationi
1262 2669 1439 2712 minime
1452 2668 1702 2711 concordat.
1718 2667 1804 2711 Sed
1821 2668 2006 2711 fortassis
2021 2669 2201 2727 inquies,
2217 2668 2335 2728 quod
2348 2669 2455 2712 sicut

308 2746 459 2797 justum
474 2754 537 2786 est
551 2753 624 2784 aut
640 2741 807 2783 bonum
822 2755 895 2781 seu
907 2734 1163 2780 rationabile
1178 2734 1225 2778 id
1238 2734 1357 2794 quod
1369 2733 1502 2777 modo
1515 2733 1631 2787 facit,
1646 2734 1703 2776 ita
1717 2733 1884 2776 bonum
1894 2744 2003 2777 esset
2015 2745 2141 2792 atque
2162 2750 2281 2793 aeque
2290 2734 2454 2777 bonum

301 2791 338 2850 si
362 2807 478 2851 aliud
506 2808 665 2850 faceret
691 2817 733 2849 et
760 2807 844 2848 hoc
873 2802 1119 2846 dimitteret.
1147 2801 1278 2859 Atqui
1306 2801 1342 2842 si
1370 2815 1488 2858 aeque
1515 2798 1621 2842 illud
1651 2799 1816 2842 bonum
1839 2811 1947 2843 esset
1977 2799 2095 2859 quod
2117 2799 2274 2842 dimisit
2295 2800 2450 2852 facere,

308 2873 480 2930 quando
497 2873 610 2916 istud
630 2872 773 2932 elegit,
798 2869 917 2913 nulla
933 2867 1129 2928 profecto
1151 2867 1262 2909 ratio
1285 2866 1364 2908 fuit
1387 2882 1462 2908 cur
1481 2864 1588 2908 illud
1612 2864 1845 2908 dimitteret
1868 2876 1994 2923 atque
2009 2865 2123 2908 istud
2146 2864 2333 2925 eligeret.
2357 2865 2455 2908 Fuit

310 2949 452 2980 autem
472 2939 655 2996 inquies,
680 2937 777 2996 quia
801 2951 900 2979 cum
922 2950 1012 2976 non
1033 2943 1261 2991 utrumque
1283 2930 1376 2974 fieri
1406 2941 1626 2990 oporteret
1647 2940 1690 2973 et
1713 2945 1832 2988 aeque
1860 2931 1944 2973 hoc
1964 2930 2033 2973 vel
2051 2929 2158 2973 illud
2178 2930 2270 2972 fieri
2289 2930 2454 2972 bonum

310 3014 432 3056 esset,
452 3003 754 3061 quodcumque
774 3015 925 3044 eorum
943 2998 1066 3042 fieret
1091 2996 1404 3040 rationabiliter
1423 2997 1584 3039 factum
1598 3006 1722 3038 esset.
1742 2995 1828 3038 Sed
1845 2997 1968 3052 juxta
1980 2996 2093 3038 hanc
2106 2995 2299 3055 profecto
2318 2995 2452 3037 ratio-

311 3083 426 3118 nem,
446 3084 564 3126 aeque
585 3067 677 3110 fieri
693 3065 921 3126 oportebat
936 3063 1054 3123 quod
1071 3064 1232 3105 factum
1251 3078 1341 3104 non
1364 3072 1443 3115 est,
1465 3062 1572 3104 sicut
1587 3061 1705 3120 quod
1721 3060 1880 3104 factum
1897 3071 1980 3115 est;
1997 3071 2040 3104 et
2057 3076 2175 3119 aeque
2188 3061 2353 3102 bonum
2365 3071 2456 3102 erat

310 3133 417 3176 illud
447 3133 537 3175 fieri
565 3133 671 3174 sicut
699 3133 799 3173 hoe.
828 3132 938 3172 Cum
955 3144 1058 3171 vero
1080 3128 1185 3186 quid
1213 3126 1304 3169 fieri
1326 3128 1493 3169 bonum
1516 3137 1595 3180 est,
1621 3137 1663 3169 et
1684 3126 1985 3169 rationabilem
2013 3126 2145 3168 habet
2171 3140 2342 3167 causam
2370 3141 2454 3183 qua

312 3198 557 3242 faciendum
578 3198 646 3251 sit,
680 3194 1028 3248 irrationabiliter
1049 3193 1245 3253 profecto
1269 3193 1369 3252 agit,
1392 3192 1461 3250 qui
1487 3192 1606 3251 quod
1622 3208 1646 3234 a
1662 3207 1705 3234 se
1723 3192 1814 3235 fieri
1837 3191 1994 3234 debere
2014 3206 2101 3233 non
2122 3191 2306 3249 ignorat,
2345 3206 2454 3250 prae-

357 3350 364 3370 ¹
383 3347 512 3381 Psalm.
531 3354 665 3386 cxtvni,
682 3354 715 3378 v.
733 3347 766 3378 5.
