2638 3866
1073 229 1153 276 EX
1193 229 1495 279 APOLOGlA
1506 263 1518 278 .
2279 230 2366 279 731

224 344 448 397 persona.
483 331 549 376 Et
577 330 727 395 infra.
767 332 874 376 Non
905 329 1049 394 igitur
1082 329 1233 379 homo
1269 331 1348 380 ille
1382 349 1410 381 a
1433 330 1593 381 Verbo
1630 342 1903 398 assumptus
1934 331 2095 397 aliqua
2128 331 2190 379 de
2225 332 2376 380 tribus

223 411 319 460 illis
341 411 390 458 in
416 409 498 459 illa
519 410 782 458 aeternitate
806 412 1025 475 personis
1051 411 1286 461 dicendus
1310 422 1406 475 est;
1440 413 1523 462 sed
1546 412 1763 462 Verbum
1792 413 1948 480 ipsum
1976 414 2055 461 cui
2085 423 2156 462 est
2187 414 2364 461 unitus.

230 493 280 541 Si
310 502 473 541 autem
506 491 568 540 de
599 494 704 539 Deo
738 500 786 538 et
815 490 1015 539 homine
1044 493 1242 557 singulis
1275 510 1375 542 non
1408 505 1479 543 est
1509 493 1789 554 dicendum,
1826 493 1961 559 quod
1998 495 2093 542 sint
2127 494 2194 542 ibi
2219 494 2377 559 aliqua

225 589 453 640 persona,
480 572 636 620 multo
654 572 819 619 minus
843 571 905 620 de
931 571 1024 620 illis
1045 573 1234 621 duabus
1255 574 1398 623 simul
1417 575 1601 623 naturis
1617 575 1712 623 dici
1731 575 1975 622 convenit.
2003 578 2109 622 Non
2132 575 2262 623 enim
2286 574 2377 622 illae
2434 568 2439 573 ⁴

227 654 336 704 duae
358 663 541 702 naturae
576 652 760 718 aliquid
790 661 1023 701 aeternum
1053 664 1257 720 possunt
1286 672 1411 716 esse,
1447 673 1561 704 cum
1594 671 1690 704 una
1721 671 1885 703 earum
1914 664 2073 703 careat
2098 655 2375 703 aeternitate.

227 739 294 783 Et
314 737 466 801 infra.
491 733 545 782 Id
568 734 728 782 solum
752 733 889 799 quod
914 734 1063 782 semel
1087 734 1175 782 fuit
1198 736 1248 782 in
1275 736 1355 784 illa
1375 737 1626 797 Trinitate,
1657 752 1847 802 semper
1869 736 1918 783 in
1939 735 2108 783 eadem
2129 746 2382 801 permanet

226 831 442 883 persona
460 824 508 863 et
530 814 655 862 nihil
675 831 860 862 novum
878 815 928 863 in
957 815 1179 864 eamdem
1197 817 1475 865 Trinitatem
1495 817 1662 866 incidit
1686 836 1696 865 :
1723 817 1836 883 quia
1853 833 1944 864 nec
1961 825 2202 864 recentem
2226 820 2382 864 Deum

229 896 299 944 fas
328 905 400 944 est
424 895 766 944 existimarim.
804 896 960 944 Modis
992 896 1221 945 omnibus
1254 898 1524 946 cavendum
1557 907 1626 946 est
1658 914 1720 945 ne
1751 895 1845 944 tale
1874 896 1991 961 quid
2023 896 2091 944 ibi
2115 907 2384 944 astruamus

229 994 350 1036 esse,
384 976 521 1040 quod
558 993 749 1042 semper
780 976 848 1024 ibi
884 995 985 1026 non
1019 978 1186 1039 fuerit,
1222 995 1314 1027 nec
1346 979 1526 1043 aliquid
1555 978 1819 1044 temporale
1851 978 1900 1026 in
1931 978 2011 1025 illa
2038 979 2384 1026 constituamus

230 1055 520 1117 aeternitate,
554 1071 647 1102 nec
680 1055 863 1121 aliquid
890 1057 1213 1123 compositum
1242 1058 1293 1105 in
1315 1057 1394 1105 illa
1422 1057 1748 1123 simplicitate,
1777 1072 1867 1104 nec
1892 1056 2073 1120 aliquid
2093 1072 2383 1121 corporeum

231 1137 282 1183 in
303 1136 383 1184 illa
403 1135 819 1201 incorporalitate,
846 1152 936 1184 nec
961 1137 1139 1203 aliquid
1165 1155 1349 1186 novum
1375 1141 1423 1185 in
1446 1138 1526 1186 illa
1549 1137 1849 1202 antiquitate.

298 1215 442 1276 lbid„
484 1233 594 1282 pag.
633 1218 749 1265 253.
802 1218 1102 1266 Generaliter
1136 1229 1182 1267 et
1214 1219 1547 1268 indubitanter
1584 1218 1848 1266 tenendum
1885 1227 1956 1264 est
1990 1217 2124 1282 quod
2147 1215 2386 1282 quidquid

231 1297 352 1345 boni
384 1300 515 1346 Deus
547 1299 597 1345 in
628 1315 677 1345 se
699 1297 897 1360 habeat,
935 1299 1211 1348 nullatenus
1235 1301 1282 1348 in
1311 1302 1416 1367 ipso
1444 1302 1519 1348 vel
1547 1316 1785 1361 crescere,
1810 1299 1886 1346 vel
1916 1299 2068 1346 minui
2097 1308 2270 1364 potest.
2298 1298 2386 1344 Cui

231 1377 453 1444 profecto
477 1379 598 1426 sicut
624 1380 840 1444 potentia
862 1380 981 1444 ejus,
1007 1380 1082 1428 vel
1107 1381 1339 1446 sapientia
1363 1391 1601 1429 coaeterna
1623 1391 1717 1438 est,
1742 1380 1808 1428 ita
1831 1379 2052 1428 voluntas
2075 1395 2222 1444 quam
2239 1377 2388 1425 habet

233 1459 282 1506 in
308 1458 695 1525 quibuscumque
724 1460 954 1508 faciendis
984 1461 1062 1509 vel
1100 1461 1434 1526 disponendis,
1461 1462 1552 1527 ipsi
1570 1471 1819 1523 *coaeterna
1837 1470 1989 1509 est....
2020 1463 2127 1507 Non
2155 1469 2225 1507 est
2259 1458 2388 1507 enim

234 1540 285 1586 in
321 1543 426 1587 Deo
457 1540 589 1588 aliud
618 1550 868 1606 potentem
898 1558 1029 1602 esse,
1062 1541 1194 1590 aliud
1222 1541 1350 1590 bene
1381 1543 1625 1591 volentem
1657 1558 1785 1603 esse,
1819 1541 1897 1588 cui
1923 1550 1992 1588 est
2022 1539 2073 1587 id
2102 1540 2259 1606 ipsum
2288 1555 2389 1586 esse

235 1630 283 1669 et
300 1623 462 1669 Deum
497 1638 616 1684 esse,
644 1622 777 1686 quod
804 1623 1052 1689 superiora
1087 1622 1361 1685 declarant,
1390 1632 1435 1670 et
1459 1622 1683 1670 voluntas
1706 1622 1808 1687 ejus
1830 1631 1878 1669 et
1901 1622 2117 1686 potentia
2146 1620 2246 1683 ejus
2271 1619 2389 1666 nihil

234 1701 367 1748 aliud
403 1712 480 1749 est
507 1718 654 1767 quam
689 1719 875 1751 esse....
914 1705 962 1750 Si
986 1720 1100 1767 ergo
1133 1703 1184 1751 id
1220 1704 1380 1751 solum
1412 1703 1567 1752 facere
1602 1711 1777 1769 potest,
1807 1701 1941 1767 quod
1973 1718 2085 1749 eum
2122 1701 2275 1747 facere
2310 1716 2392 1746 seu

235 1783 358 1830 velle
380 1784 630 1843 convenit,
664 1783 882 1848 profecto
905 1783 956 1830 id
990 1784 1151 1831 solum
1179 1776 1335 1833 facere
1360 1794 1503 1848 atque
1529 1783 1651 1832 velle
1676 1783 1830 1830 facere
1864 1791 2050 1848 potest,
2082 1780 2215 1845 quod
2245 1796 2396 1843 quan-

239 1862 403 1927 doque
429 1863 563 1924 facit;
590 1873 638 1910 et
656 1880 715 1911 eo
738 1863 891 1911 modo
910 1873 1099 1911 tantum
1119 1874 1166 1912 et
1189 1881 1249 1913 eo
1273 1874 1495 1930 tempore
1518 1863 1733 1912 similiter
1755 1879 1853 1929 quo
1874 1863 2006 1922 facit;
2037 1862 2152 1927 quia
2173 1860 2396 1908 videlicet

238 1960 329 1991 nec
360 1944 453 1991 alio
485 1943 656 2004 modO,
684 1961 775 1992 nec
801 1944 895 1991 alio
920 1953 1142 2010 tempore
1165 1946 1419 2007 convenit,
1446 1945 1523 1993 vel
1546 1945 1642 1992 hoc
1667 1961 1778 1992 eum
1804 1944 1982 2004 facere,
2011 1942 2087 1990 vel
2111 1941 2231 1989 velle
2253 1941 2396 1989 etiam

239 2023 414 2072 facere.

306 2104 429 2166 Ibid,
458 2122 579 2170 page
603 2106 719 2154 256.
757 2109 859 2172 Ego
889 2107 1090 2171 gratiam
1115 2105 1204 2152 Dei
1226 2121 1351 2152 voco
1376 2104 1614 2169 quidquid
1643 2104 1705 2152 ad
1736 2105 1935 2151 salutem
1971 2102 2180 2149 hominis
2202 2100 2263 2147 de
2292 2100 2398 2165 ipso

249 2188 381 2233 Deus
413 2185 647 2251 disponit,
673 2186 749 2234 vel
773 2187 817 2235 ei
845 2187 1059 2248 confert,
1090 2186 1225 2251 quod
1256 2186 1358 2251 ipse
1391 2202 1492 2232 non
1524 2185 1769 2232 meruerit.
1805 2185 1878 2231 Ait
1899 2184 2078 2248 quippe
2106 2181 2393 2247 Apostolus:

243 2267 470 2331 Reliquiae
490 2267 760 2316 secundum
784 2268 1072 2315 electionem
1097 2267 1258 2331 gratiae
1281 2265 1422 2313 salvae
1455 2265 1588 2314 factae
1622 2275 1751 2313 sunt.
1778 2265 1826 2311 Si
1849 2274 2010 2312 autem
2030 2280 2087 2310 ex
2112 2262 2277 2326 gratia,
2299 2262 2399 2325 jam

243 2363 345 2394 non
386 2364 442 2395 ex
479 2347 735 2413 operibus;
772 2348 953 2412 alioqui
988 2348 1140 2412 gratia
1170 2347 1269 2411 jam
1300 2363 1402 2404 non
1441 2355 1512 2393 est
1549 2347 1715 2410 gratia.
1750 2345 1916 2393 Gratia
1950 2344 2092 2408 igitur
2126 2343 2215 2389 Dei
2250 2351 2320 2389 est
2349 2341 2398 2388 in

245 2428 405 2476 electis
430 2429 544 2490 suiS,
571 2428 707 2493 quod
732 2445 815 2476 eos
840 2427 902 2475 ab
925 2437 1104 2476 aeterno
1126 2426 1554 2493 praedestinaverit,
1582 2426 1717 2492 quod
1738 2435 1785 2473 et
1807 2425 1954 2473 fidem
1978 2425 2046 2472 eis
2068 2422 2394 2488 inspiraverit,

247 2525 353 2573 quae
377 2509 546 2573 utique
568 2518 736 2556 nostra
761 2508 1042 2574 praecedunt
1065 2509 1252 2566 merita,
1281 2517 1329 2555 et
1354 2508 1455 2555 sine
1476 2506 1653 2572 quibus
1678 2523 1790 2554 eum
1814 2505 2010 2569 diligere
2035 2520 2136 2550 non
2166 2502 2396 2560 valemus,

245 2599 299 2636 ut
330 2589 503 2636 salvari
543 2606 835 2637 mereamur.
875 2592 983 2656 Ipsa
1018 2590 1149 2638 enim
1187 2588 1383 2635 dilectio
1415 2603 1563 2652 quam
1598 2587 1700 2652 ipse
1734 2603 1821 2651 per
1858 2601 1915 2633 ea
1951 2601 2055 2649 quae
2094 2582 2222 2630 dicta
2258 2590 2397 2640 sunt,

248 2669 405 2734 primo
424 2670 473 2715 in
496 2669 640 2716 nobis
661 2668 823 2730 efficit,
846 2670 1044 2718 effectus
1064 2669 1215 2735 ipsius
1235 2668 1342 2728 Dei,
1370 2668 1469 2715 sive
1491 2668 1677 2714 donum
1702 2667 1802 2731 ejus
1819 2675 1906 2725 est,
1930 2675 1978 2712 et
1997 2664 2097 2728 ejus
2119 2661 2400 2728 imputanda

247 2759 318 2796 est
349 2749 530 2812 gratiae,
558 2759 820 2814 antequam
862 2750 1006 2798 etiam
1039 2749 1162 2796 nihil
1194 2748 1357 2796 salutis
1387 2748 1627 2813 possimus
1651 2745 1932 2812 promereri.
1960 2743 2101 2790 Unde
2131 2753 2178 2790 et
2201 2746 2404 2807 Aposto-

247 2831 348 2877 lus:
377 2828 508 2887 Quid
530 2828 700 2889 habeS‚
731 2829 906 2894 inquit,
933 2828 1068 2894 quod
1093 2845 1194 2876 non
1220 2827 1475 2893 accepisti?
1500 2829 1625 2892 Ergo
1649 2836 1696 2874 et
1718 2827 1876 2891 ipsum
1898 2825 2103 2872 liberum
2127 2822 2397 2879 arbitrium,

250 2910 364 2975 quia
384 2909 575 2958 bonum
598 2920 685 2968 est,
708 2910 882 2958 divinae
902 2911 1061 2974 gratiae
1081 2919 1153 2956 est
1176 2908 1383 2971 donum,
1403 2917 1450 2956 et
1466 2909 1569 2974 ipsa
1590 2908 1712 2955 ratio
1732 2907 1782 2954 in
1805 2922 1902 2970 qua
1920 2906 2076 2971 ipsum
2098 2903 2399 2952 consistit....

249 2993 373 3039 Cum
412 2991 555 3055 igitur
602 2991 842 3038 Dominus
884 3000 985 3038 tam
1030 2990 1190 3037 electis
1230 3005 1377 3054 quam
1417 2986 1638 3054 reprobis
1687 2987 1927 3035 rationem
1972 2985 2155 3033 tribuat
2194 2993 2243 3031 et
2276 2984 2403 3031 viam

251 3070 497 3131 ostendat,
538 3087 634 3135 qua
666 3069 1050 3136 perveniendum
1086 3070 1146 3118 sit
1180 3069 1243 3118 ad
1274 3069 1625 3117 beatitudinem
1658 3086 1668 3115 :
1702 3077 1751 3115 et
1782 3065 1845 3114 ad
1875 3065 2004 3114 hanc
2036 3063 2401 3131 percipiendam

252 3169 400 3218 quam
437 3151 665 3199 omnibus
707 3151 874 3210 offert,
916 3151 1167 3217 praeceptis
1200 3160 1249 3198 et
1285 3148 1700 3198 exhortationibus
1734 3147 1832 3196 suis
1865 3163 1956 3194 nos
1990 3145 2164 3210 jugiter
2202 3145 2397 3202 invitet,

253 3232 333 3280 alii
366 3232 635 3299 superhaec
669 3249 780 3280 eum
811 3231 1016 3280 audiunt
1044 3241 1092 3279 et
1118 3232 1366 3297 praeceptis
1396 3230 1734 3297 obtemperant
1755 3228 1883 3276 bene
1903 3226 2140 3287 vivendo,
2168 3234 2221 3272 ut
2245 3223 2404 3271 oblata

254 3314 521 3379 percipiant
549 3313 771 3380 praemia3
809 3312 889 3361 alii
925 3322 1247 3361 contemnunt
1282 3313 1413 3378 etin
1444 3329 1532 3360 sua
1565 3320 1867 3359 remanentes
1897 3308 2087 3373 ignavia
2121 3304 2405 3353 obedientiae
