2638 3866
270 222 332 267 42
1065 215 1233 261 PETRI
1268 213 1581 262 ABAELARDI

270 316 516 381 quomodo
539 314 836 363 abstrahatur
856 330 884 360 a
905 330 1125 378 corpore,
1151 323 1199 360 et
1217 328 1316 359 non
1340 311 1480 358 vellet
1501 314 1630 358 Deus
1651 310 1928 357 contristare
1947 326 2058 356 eum
2084 309 2131 355 in
2155 308 2390 356 desiderio

272 391 386 453 ejus,
414 390 593 436 invenit
616 388 863 435 hominem
888 388 1189 452 peregrinum
1219 387 1455 449 jacentem
1479 385 1527 431 in
1546 385 1704 449 platea
1728 393 1976 447 aegrotum,
2012 399 2111 429 non
2134 381 2392 429 habentem

272 470 352 532 qui
375 470 417 515 ei
440 485 602 516 curam
627 466 891 514 adhiberet.
935 470 991 513 Et
1016 482 1128 513 cum
1158 465 1361 511 venisset
1388 463 1509 511 hora
1532 463 1835 511 dormitionis
1855 462 1974 527 ejus,
2001 462 2234 527 conspicit
2251 461 2393 508 frater

272 548 348 596 ille
375 547 656 594 Michaelem
677 555 723 593 et
741 546 1012 594 Gabrielem
1032 543 1374 591 descendentes
1398 552 1593 608 propter
1614 542 1824 590 animam
1849 542 1966 606 ejus.
1997 545 2052 588 Et
2074 541 2245 589 sedens
2269 556 2394 588 unus

273 644 295 672 a
323 627 514 687 dextriS,
540 635 587 672 et
609 626 726 673 alius
754 642 780 672 a
807 626 1005 673 sinistris
1031 625 1148 687 ejus,
1174 622 1407 686 rogabant
1433 623 1646 670 animum
1671 623 1772 685 ejus
1795 631 1846 668 ut
1870 621 2194 685 egrederetur,
2224 629 2273 667 et
2291 635 2391 667 non

274 705 430 753 exibat
449 705 584 768 quasi
600 705 770 752 nolens
793 704 1059 767 relinquere
1083 718 1256 767 corpus
1278 718 1435 748 suum.
1460 702 1588 748 Dixit
1609 711 1769 748 autem
1793 700 1983 748 Gabriel
2003 700 2065 748 ad
2086 699 2389 747 Michaelem:

278 805 300 829 «
320 785 623 847 Assumejam
642 785 850 831 animam
867 786 1005 830 istam
1026 793 1075 829 ut
1089 797 1331 829 exeamus.
1353 801 1375 823 >³
1391 781 1479 828 Cui
1492 781 1690 828 Michael
1711 779 1958 845 respondit
1976 798 1986 826 ε
2009 801 2030 824 «
2052 780 2172 827 Jussi
2190 795 2351 826 sumus
2367 793 2396 824 a

275 864 484 910 Domino
506 873 556 910 ut
578 864 681 910 sine
708 863 875 910 dolore
902 862 1133 924 ejiciatur,
1160 859 1367 923 ideoque
1390 877 1491 907 non
1514 877 1766 925 possumus
1790 876 1901 906 cum
1924 859 1970 906 vi
1998 859 2198 907 avellere
2221 875 2345 906 eam.
2368 876 2392 902 n

277 941 562 989 Exclamavit
585 958 697 1004 ergo
717 940 917 988 Michael
937 956 1109 1003 magna
1129 955 1245 986 voce
1269 939 1431 986 dicens
1450 958 1461 985 :
1492 959 1514 984 «
1536 939 1760 998 Domine,
1788 938 1906 1002 quid
1928 939 1998 985 vis
2021 938 2081 986 de
2104 939 2261 986 anima
2285 936 2393 995 hac,

277 1021 389 1085 quia
418 1037 515 1068 non
548 1020 803 1084 acquiescit
824 1018 964 1066 nobis
996 1028 1047 1065 ut
1074 1018 1376 1082 egrediatur?
1398 1039 1421 1062 »
1449 1019 1592 1066 Venit
1624 1028 1781 1066 autem
1821 1018 1864 1065 ei
1899 1034 1990 1065 vox
2017 1036 2027 1064 :
2067 1039 2089 1062 c<
2110 1021 2231 1064 Ecce
2259 1017 2398 1064 mitto

279 1100 430 1147 David
440 1117 551 1147 cum
563 1099 772 1161 cythara,
788 1107 833 1145 et
845 1114 1012 1146 omnes
1027 1098 1277 1163 psallentes
1292 1097 1601 1158 Hierusalem,
1618 1107 1671 1144 ut
1686 1097 1886 1145 audiens
1898 1097 2135 1162 psalmum
2150 1097 2211 1143 ad
2229 1112 2399 1144 vocem

279 1178 782 1244 ipsorumegrediatur.
795 1198 816 1220 >2
828 1180 1044 1241 Cumque
1060 1177 1412 1225 descendissent
1429 1194 1597 1225 omnes
1610 1178 1659 1224 in
1674 1177 1874 1224 circuitu
1889 1178 2058 1224 animae
2071 1177 2195 1224 illius
2210 1185 2402 1223 cantan-

278 1268 345 1304 tes
367 1258 572 1321 hymnis,
601 1257 666 1303 sic
688 1257 903 1303 exsiliens
938 1257 1099 1303 anima
1131 1257 1211 1303 illa
1244 1257 1367 1304 sedit
1390 1258 1441 1303 in
1466 1256 1688 1304 manibus
1716 1256 1974 1314 Michaelis,
2000 1266 2048 1304 et
2069 1264 2312 1320 assumpta
2334 1264 2404 1306 est

277 1353 387 1383 cum
407 1337 597 1399 gaudio.
618 1339 742 1382 Bene
762 1337 918 1399 itaque
941 1335 1236 1400 Philosophi,
1254 1336 1352 1382 imo
1371 1336 1606 1383 Dominus
1625 1352 1711 1401 per
1729 1352 1810 1383 eos
1831 1335 1881 1382 id
1901 1336 2095 1384 forsitan
2110 1336 2401 1400 ignorantes,

278 1426 371 1462 tam
396 1416 483 1480 ipsi
507 1416 676 1462 animae
697 1415 884 1474 mundi,
911 1431 1058 1478 quam
1080 1414 1407 1478 superioribus
1426 1414 1714 1461 firmamenti
1737 1414 1950 1479 partibus
1971 1415 2170 1463 nimiam
2194 1431 2251 1462 ac
2274 1431 2404 1462 sum-

278 1511 403 1542 mam
430 1494 772 1541 modulationis
804 1494 1081 1541 suavitatem
1117 1493 1374 1556 assignant,
1412 1503 1464 1540 ut
1489 1502 1668 1557 quanta
1687 1509 1824 1557 pace,
1849 1504 2030 1558 quanta
2047 1495 2264 1543 fruantur
2286 1511 2405 1542 con-

277 1574 455 1633 cordia,
487 1590 631 1637 quam
663 1573 933 1637 diligentius
968 1582 1166 1637 possent
1196 1573 1532 1638 exprimerent,
1567 1582 1613 1619 et
1644 1588 1790 1636 quam
1822 1573 2127 1620 concorditer
2157 1582 2330 1621 cuncta
2358 1573 2406 1620 in

281 1653 462 1700 mundo
494 1653 667 1700 divina.
692 1653 932 1717 disponit¹
966 1652 1179 1712 bonitaS,
1222 1668 1369 1716 quam
1404 1652 1471 1699 illi
1509 1653 1718 1705 animam
1751 1652 1940 1714 mundi,
1978 1653 2152 1700 veritas
2180 1653 2408 1717 Spiritum

281 1743 512 1791 sanctum,
538 1741 591 1778 ut
621 1732 802 1778 dictum
839 1742 926 1792 est,
955 1732 1187 1778 nominat.
1222 1732 1339 1788 Quis
1365 1732 1524 1794 etiam,
1552 1732 1591 1778 si
1613 1731 1861 1796 diligenter
1883 1732 2156 1791 attenderit,
2184 1749 2282 1779 non
2306 1733 2409 1781 ani-

284 1811 587 1869 madvertet²,
613 1811 730 1875 quid
757 1811 817 1858 de
850 1811 1026 1858 coelesti
1054 1811 1260 1858 dixerint
1290 1810 1545 1858 harmonia
1574 1828 1679 1876 quae
1701 1812 1751 1858 in
1774 1811 2100 1877 superioribus
2124 1811 2412 1860 firmamenti

285 1890 494 1953 partibus
530 1891 819 1937 incessanter
842 1890 1064 1938 resonat?
1098 1906 1208 1936 cum
1243 1891 1453 1938 coelestes
1476 1891 1695 1938 videlicet
1717 1891 1919 1956 Spiritus
1945 1908 2004 1939 ex
2027 1891 2217 1939 assidua
2241 1891 2411 1940 divinae

285 1970 536 2032 majestatis
557 1970 757 2028 visione,
801 1980 846 2016 et
881 1963 1068 2016 summa
1090 1969 1294 2016 invicem
1321 1955 1580 2018 concordia
1604 1970 1828 2035 ligentur,
1855 1980 1902 2018 et
1923 1972 1973 2019 in
1996 1971 2097 2035 ejus
2122 1987 2268 2034 quem
2291 1987 2411 2019 con-

284 2049 488 2113 spiciunt
511 2049 694 2109 laudes,
707 2051 808 2114 Jugi
830 2059 875 2095 et
895 2048 1123 2096 ineffabili
1144 2050 1456 2097 exsultatione
1476 2049 1596 2097 illud
1620 2050 1892 2107 decantent,
1918 2050 2051 2115 quod
2072 2047 2205 2114 juxta
2227 2053 2413 2099 Esaiam

285 2127 533 2193 Seraphim
552 2128 629 2175 die
648 2136 703 2175 ac
719 2138 860 2175 nocte
874 2127 1174 2175 conclamare
1192 2145 1291 2175 non
1315 2130 1552 2176 cessant⁸t
1576 2149 1599 2174 «
1619 2131 1836 2189 Sanctus,
1858 2131 2075 2187 Sanctus,
2098 2131 2298 2178 Sanctus
2318 2132 2416 2177 Do-

286 2207 441 2253 minus
469 2209 592 2254 Deus
615 2206 843 2264 Sabaoth,
872 2217 962 2254 etc.
994 2227 1016 2250 2>
1043 2208 1320 2271 Superiores
1344 2209 1504 2273 itaque
1527 2209 1633 2256 coeli
1659 2209 1734 2256 vel
1757 2209 2046 2257 firmamenti
2070 2218 2227 2275 partes
2249 2209 2416 2256 beatos

287 2284 375 2332 hos
397 2286 597 2350 Spiritus
625 2287 700 2333 vel
725 2303 893 2333 eorum
916 2288 1217 2334 mansionem
1247 2289 1570 2352 intelligimus,
1597 2305 1721 2353 quos
1746 2289 1889 2336 etiam
1913 2299 2095 2354 septem
2117 2289 2418 2354 planetarum

289 2366 500 2424 nomine,
526 2374 721 2430 propter
743 2366 1066 2414 excellentiam
1089 2367 1311 2414 claritatis
1345 2368 1558 2432 ipsorum
1587 2385 1709 2433 quos
1733 2369 2038 2433 spiritualiter
2062 2368 2224 2416 divina
2249 2368 2414 2431 gratia,

289 2459 393 2507 quae
421 2443 707 2509 septiformis
732 2444 921 2502 dicitur,
957 2445 1209 2506 illuminat,
1244 2463 1345 2493 non
1376 2448 1640 2511 incongrue
1673 2448 1943 2512 designasse
1974 2447 2214 2495 videntur.
2248 2447 2344 2505 Qui
2374 2456 2422 2494 et

291 2521 412 2569 bene
433 2523 563 2587 apud
585 2526 770 2570 Esaiam
798 2523 1062 2588 Seraphim,
1093 2524 1142 2571 id
1170 2535 1238 2572 est
1273 2526 1569 2589 incendium,
1601 2544 1658 2574 ex
1683 2527 1775 2574 hac
1807 2527 2037 2593 spirituali
2073 2526 2422 2574 illuminatione

294 2602 449 2674 gratiae
479 2602 528 2648 in
559 2618 773 2649 amorem
798 2603 886 2649 Dei
912 2603 1116 2650 maxime
1145 2621 1373 2652 succensa
1394 2616 1755 2671 nuncupantur.
1798 2607 2024 2671 Superior
2055 2615 2218 2654 autem
2253 2621 2422 2653 eorum

296 2681 476 2727 mansio
499 2691 597 2729 tam
615 2681 842 2744 dignitate
866 2698 1010 2745 quam
1033 2683 1271 2747 positione
1293 2684 1498 2733 dicenda
1519 2686 1724 2745 videtur,
1750 2701 1778 2732 a
1803 2701 1899 2750 qua
1918 2685 1970 2732 hi
1989 2686 2072 2749 qui
2105 2683 2424 2750 superbierint

296 2760 344 2804 in
375 2759 502 2806 hunc
533 2761 843 2823 caliginosum
872 2771 919 2806 et
952 2761 1156 2808 densum
1181 2778 1339 2810 aerem
1365 2764 1546 2812 detrusi
1569 2764 1811 2825 dicuntur,
1848 2766 1931 2828 qui
1958 2764 2054 2812 loci
2078 2779 2271 2827 quoque
2293 2764 2424 2830 posi-

297 2838 425 2885 tione
450 2839 659 2897 inferior‚
694 2841 813 2886 sicut
847 2840 1190 2888 inhabitatione
1220 2842 1446 2904 deterior,
1479 2843 1651 2891 inferni
1679 2846 1875 2891 nomine
1901 2860 2000 2890 non
2026 2844 2420 2891 inconvenienter

299 2918 447 2981 accipi
482 2928 649 2982 potest.
694 2922 816 2965 Bene
839 2929 885 2966 et
913 2920 1036 2967 beati
1059 2922 1260 2985 Spiritus
1281 2922 1347 2968 ini
1368 2923 1465 2970 sive
1488 2939 1694 2988 superna
1720 2940 1888 2970 eorum
1912 2926 2098 2970 mansio
2119 2923 2420 2971 firmamento

302 3012 619 3066 comparatur,
654 3004 736 3067 qui
754 3005 929 3051 caeteris
956 3022 1042 3069 per
1068 3005 1341 3069 superbiam
1375 3007 1709 3055 corruentibus
1723 3009 1754 3066 ⁸,
1789 3008 1884 3055 hoc
1907 3009 1956 3054 in
1982 3025 2077 3055 suae
2111 3003 2348 3053 fidelitatis
2377 3015 2422 3052 et

307 3256 331 3286 A
345 3206 351 3223 ¹
367 3206 582 3289 bDisposuerit
606 3207 684 3240 eod.
707 3208 787 3242 Vtet.
808 3227 844 3232 -
859 3211 868 3228 ²
887 3209 1143 3242 Animadvertat
1167 3208 1247 3242 Cod.
1273 3210 1353 3242 Vict.
1380 3228 1416 3233 -—
1438 3212 1450 3230 ³
1468 3211 1565 3250 Isai.‚
1590 3220 1662 3252 cap.
1687 3221 1732 3251 vi,
1752 3221 1780 3245 v.
1801 3214 1830 3245 3.
1845 3213 1906 3234 —⁴
1920 3209 1973 3243 Sic
1995 3211 2076 3244 Cod.
2094 3209 2176 3243 vict.
2208 3209 2424 3243 sernentibus

333 3266 363 3288 m
389 3279 398 3289 .
