2638 3866
979 191 1325 240 THEOLOGIA
1361 192 1735 241 CHRlSTlANA.
2343 192 2441 240 543

283 296 420 351 ltem,
467 294 578 339 «Ex
603 301 651 339 te
682 308 768 358 per
800 308 913 340 eum
951 293 1157 359 Spiritus
1189 305 1382 342 sanctus
1409 305 1519 343 tuus
1550 305 1687 343 est.»
1734 298 1873 356 Item,
1919 315 1941 339 α
1970 294 2138 342 Filium
2171 303 2310 341 tuum
2347 310 2443 341 una

281 383 442 422 tecum
473 372 700 433 adorem,
740 382 959 420 sanctum
999 375 1229 440 Spiritum
1269 385 1424 438 tuum,
1459 377 1544 442 qui
1574 394 1632 424 ex
1664 386 1709 424 te
1744 394 1831 443 per
1856 376 2157 441 unigenitum
2188 385 2324 422 tuum
2348 384 2436 435 est,

282 470 579 520 promerear.
597 472 621 499 »
650 456 710 501 Et
744 453 838 501 hoc
888 452 1087 502 sortasse
1108 454 1258 503 modo
1288 457 1327 503 si
1362 473 1392 505 a
1419 456 1524 504 solo
1560 460 1697 505 Patre
1732 457 1996 523 procedere
2029 456 2260 522 Spiritum
2286 456 2438 503 Graeci

283 534 575 599 intelligant,
610 550 670 582 eo
697 532 921 582 videlicet
952 534 1086 598 quod
1119 536 1187 583 sic
1210 535 1271 584 ab
1298 537 1405 602 ipso
1429 538 1488 586 sit
1517 538 1655 602 quasi
1693 553 1723 585 a
1756 554 1948 585 summo
1988 547 2036 585 et
2072 553 2172 584 non
2210 536 2443 584 existente

282 614 345 664 ab
391 615 507 678 alio,
554 615 687 663 nulla
733 624 804 663 est
842 617 1086 663 sententiae
1117 619 1474 679 controversia,
1515 618 1601 666 sed
1640 618 1901 666 verborum
1940 618 2203 671 diversitas.
2247 620 2441 666 Certum

281 697 464 762 quippe
499 708 596 756 est,
644 705 691 743 et
725 695 879 743 solam
916 713 1172 761 personam
1199 699 1350 745 Patris
1378 699 1474 747 hoc
1496 699 1646 747 modo
1681 715 1922 746 summam
1948 698 2128 746 debere
2161 698 2440 763 praedicari3

286 787 335 825 et
358 777 590 843 Spiritum
622 775 815 842 abipso
842 793 1041 843 quoque
1077 794 1179 826 esse
1205 779 1328 826 sicut
1350 796 1378 827 a
1400 779 1538 842 Filio,
1576 780 1660 845 qui
1695 780 1846 845 ipsius
1877 796 2074 844 quoque
2106 780 2227 826 sicut
2265 787 2310 826 et
2339 779 2441 826 Filii

280 857 487 922 Spiritus
510 856 703 905 dicitur.
998 854 1002 858 ’

349 937 492 998 Quod
530 955 646 986 vero
682 939 906 987 nonnulli
944 950 1204 989 moventur
1235 958 1293 989 ex
1323 959 1383 990 eo
1418 941 1554 1007 quod
1588 943 1795 992 dicimus
1816 941 1990 989 Filium
2023 957 2051 988 a
2076 944 2215 988 Patre
2249 957 2335 1006 per
2364 958 2444 1005 ge-

279 1019 584 1068 nerationem
609 1037 741 1080 esse;
771 1030 817 1068 et
843 1020 1078 1085 Spiritum
1112 1038 1139 1070 a
1173 1026 1310 1071 Patre
1339 1032 1387 1070 et
1414 1038 1444 1070 a
1475 1022 1593 1070 Filio
1626 1040 1713 1089 per
1742 1023 2130 1088 processionem;
2164 1037 2253 1068 nec
2278 1031 2440 1069 tamen

279 1099 390 1148 ideo
423 1103 612 1148 Patrem
636 1117 724 1166 per
752 1101 1052 1149 existentiam
1082 1103 1295 1168 priorem
1330 1120 1433 1151 esse
1461 1102 1598 1165 Filio,
1634 1103 1710 1151 vel
1741 1106 1930 1151 Patrem
1955 1111 2039 1150 aut
2061 1102 2233 1149 Filium
2261 1102 2440 1167 Spiritu

279 1190 447 1229 sancto
486 1200 498 1228 ε
539 1191 698 1247 potest
745 1198 801 1229 ex
840 1181 1107 1229 multorum
1144 1183 1457 1231 similitudine
1500 1182 1834 1249 exemplorum
1880 1182 2044 1230 refelli.
2090 1182 2212 1230 Solis
2259 1183 2440 1248 quippe

278 1261 548 1311 substantia
582 1272 629 1310 et
668 1263 925 1329 splendida
955 1273 1025 1311 est
1055 1273 1103 1311 et
1133 1264 1486 1326 illuminabilis,
1522 1265 1572 1312 id
1608 1275 1678 1313 est
1711 1275 1884 1330 potens
1922 1263 2196 1311 illuminare
2229 1262 2434 1328 aliquid,

277 1352 325 1390 et
362 1359 478 1390 cum
510 1344 570 1391 sit
606 1344 838 1410 splendor
878 1361 938 1391 ex
986 1344 1120 1404 sole,
1158 1355 1207 1393 et
1244 1344 1626 1393 illuminabilitas
1660 1362 1717 1392 ex
1761 1346 1862 1393 sole
1896 1343 2041 1392 simul
2075 1353 2122 1391 et
2154 1342 2433 1408 splendore,

278 1439 549 1489 numquam
587 1434 752 1473 tamen
779 1423 963 1489 aliquid
990 1441 1047 1472 ex
1088 1424 1164 1473 his
1205 1425 1357 1473 tribus
1398 1442 1485 1491 per
1525 1426 1827 1474 existentiam
1870 1425 2055 1491 aliquid
2098 1423 2278 1472 horum
2319 1443 2439 1490 prae-

279 1515 435 1553 cessit.

344 1585 440 1633 Sed
462 1595 510 1633 et
534 1586 574 1633 si
596 1587 705 1651 quis
733 1586 865 1634 illam
892 1586 1281 1653 philosophicam
1313 1587 1570 1635 Platonicae
1601 1586 1801 1635 rationis
1829 1586 2271 1634 considerationem
2301 1586 2440 1634 altius

278 1664 532 1731 inspiciat,
574 1684 681 1732 quae
714 1667 937 1716 videlicet
982 1667 1044 1715 de
1078 1670 1183 1715 Deo
1223 1667 1397 1733 opifice
1431 1667 1493 1715 ad
1527 1667 1893 1715 similitudinem
1944 1667 2207 1731 quamdam
2254 1668 2439 1714 solertis

277 1745 473 1794 artificis
503 1747 616 1812 agit,
649 1747 1026 1813 praemeditantis
1055 1748 1235 1796 scilicet
1259 1759 1305 1796 et
1334 1748 1648 1796 deliberantis
1671 1763 1728 1795 ea
1751 1764 1856 1812 quae
1880 1747 2089 1795 facturus
2117 1757 2204 1809 est,
2232 1765 2296 1795 ne
2321 1748 2437 1813 quid

276 1825 676 1876 inconvenienter
710 1837 993 1894 componat,
1032 1837 1083 1875 et
1112 1829 1247 1894 prius
1280 1817 1466 1892 singula
1495 1829 1683 1875 ratione
1713 1844 1862 1892 quam
1892 1845 2039 1894 opere
2060 1827 2341 1888 formantis;
2376 1830 2436 1876 ad

276 1903 409 1954 hunc
429 1908 612 1974 quippe
637 1908 843 1956 modum
866 1909 1002 1957 Plato
1025 1909 1206 1957 formas
1234 1909 1530 1974 exemplares
1553 1909 1603 1955 in
1625 1918 1787 1957 mente
1809 1909 1975 1956 divina
2000 1909 2293 1967 considerat,
2319 1926 2438 1974 quas

276 1985 409 2035 ideas
439 1988 680 2055 appellat,
717 2000 764 2037 et
798 1989 860 2037 ad
905 2007 1027 2055 quas
1060 1989 1378 2056 postmodum
1421 1989 1559 2054 quasi
1592 1989 1654 2036 ad
1690 1990 1934 2055 exemplar
1977 1989 2227 2054 quoddam
2261 1992 2436 2037 summi

275 2067 472 2117 artificis
503 2070 810 2134 providentia
848 2081 1048 2137 operata
1081 2080 1181 2131 est;
1214 2069 1399 2118 videbit
1433 2070 1666 2135 Spiritum
1700 2072 1928 2118 Sanctum
1960 2086 2018 2117 ex
2055 2070 2174 2116 Filio
2206 2087 2431 2134 quoque,

276 2148 378 2196 sive
410 2166 497 2214 per
524 2150 696 2198 Filium
719 2161 848 2199 recte
873 2151 1157 2216 procedere,
1185 2168 1296 2198 cum
1325 2167 1383 2198 ex
1416 2151 1604 2198 ratione
1631 2151 1884 2216 Sapientiae
1919 2150 2143 2197 universa
2174 2150 2261 2196 Dei
2287 2166 2432 2216 opera

277 2228 689 2293 administrentur,
722 2241 770 2278 et
798 2231 865 2279 ita
900 2230 1268 2296 quodammodo
1299 2240 1565 2295 conceptus
1596 2230 1769 2278 divinae
1802 2230 1977 2278 mentis
2010 2229 2059 2276 in
2094 2229 2315 2276 effectum
2348 2247 2433 2295 per

278 2309 613 2373 operationem
649 2311 870 2376 prodeat.
903 2311 1120 2359 Effectus
1146 2320 1310 2358 autem
1340 2309 1403 2358 ad
1429 2310 1658 2375 Spiritum
1696 2312 1964 2377 pertinent,
2000 2310 2084 2375 qui
2123 2326 2180 2357 ex
2216 2309 2434 2358 bonitate

277 2389 544 2437 conditoris
584 2392 848 2439 eveniunt:
877 2393 990 2457 quia
1028 2391 1232 2457 Spiritus
1264 2391 1366 2456 ipse
1400 2390 1591 2438 bonitas
1623 2401 1708 2438 est.
1743 2392 1973 2439 Dicamus
2006 2391 2168 2455 itaque
2204 2391 2431 2455 Spiritum

276 2485 335 2517 ex
367 2470 487 2518 Fili'o
510 2488 709 2536 quoque
734 2472 1017 2538 procedere,
1043 2489 1157 2520 cum
1185 2472 1309 2520 ratio
1333 2471 1508 2519 divinae
1531 2471 1844 2537 providentiae
1869 2472 1930 2520 ad
1957 2472 2182 2519 effectum
2207 2471 2432 2536 benigni-

275 2550 386 2598 tatis
410 2551 713 2617 perducitur,
748 2563 797 2601 et
820 2553 955 2617 quod
978 2552 1041 2601 ab
1063 2562 1243 2600 aeterno
1268 2552 1543 2600 faciendum
1568 2553 1851 2618 providerit,
1882 2551 2211 2617 temporaliter
2233 2551 2431 2614 quando

276 2630 378 2680 vult
401 2631 528 2680 facit.
556 2636 697 2681 Hanc
722 2644 884 2682 autem
919 2635 1298 2699 processionem,
1328 2650 1423 2697 qua
1448 2634 1628 2681 scilicet
1649 2643 1914 2699 conceptus
1938 2632 2110 2679 mentis
2131 2632 2179 2678 iu
2206 2631 2429 2678 effectum

277 2712 530 2775 operando
553 2714 734 2778 prodit,
774 2716 1041 2763 Priscianus
1063 2716 1112 2761 in
1139 2714 1299 2778 primo
1337 2714 1751 2761 Constructionum
1780 2713 2032 2777 diligenter
2062 2712 2238 2777 aperit,
2264 2712 2430 2759 dicens

276 2792 522 2855 generales
551 2803 598 2840 et
626 2795 855 2859 speciales
888 2795 1066 2842 formas
1100 2810 1263 2840 rerum
1293 2793 1653 2858 intelligibiliter
1674 2794 1725 2840 in
1757 2803 1919 2841 mente
1946 2792 2110 2840 divina
2139 2793 2426 2852 constitisse,

276 2864 537 2936 antequam
570 2873 620 2920 in
651 2890 859 2939 corpora
891 2874 1160 2940 prodirent,
1187 2872 1282 2920 hoc
1305 2883 1375 2920 est
1403 2874 1453 2920 in
1483 2873 1655 2921 effecta
1685 2890 1771 2938 per
1794 2873 2127 2938 operationem
2155 2890 2166 2919 ε
2195 2873 2329 2937 quod
2360 2883 2430 2921 est

276 2950 454 3012 dicere,
483 2962 623 3001 antea
647 2955 857 3019 providit
882 2957 1013 3002 Deus
1035 2954 1155 3019 quid
1183 2963 1231 3001 et
1258 2953 1463 3018 qualiter
1485 2962 1671 3018 ageret,
1697 2969 1845 3018 quam
1874 2953 1990 3000 illud
2018 2969 2163 3018 opere
2186 2953 2424 3019 impleret.

277 3036 341 3079 Ac
362 3033 401 3079 si
426 3032 625 3095 diceret,
652 3034 774 3081 nihil
796 3035 1192 3100 impraemeditate
1215 3036 1315 3082 sive
1338 3034 1595 3082 indiscrete
1618 3034 1727 3099 egit.
1756 3033 2030 3081 Macrobius
2053 3050 2249 3098 quoque
2273 3034 2427 3099 ipsam

277 3113 449 3160 mundi
479 3115 716 3175 animam,
746 3131 894 3179 quam
927 3125 1153 3180 putamus
1180 3115 1413 3181 Spiritum
1435 3125 1656 3163 sanctum
1680 3114 1896 3178 intelligi,
1924 3131 1979 3161 ex
2007 3117 2129 3179 Noy,
2154 3114 2250 3162 hoc
2281 3124 2350 3162 est
2372 3132 2427 3161 ex

276 3192 394 3240 Filio
430 3195 670 3261 praecipue
702 3211 802 3242 esse
831 3195 1059 3255 declarat,
1082 3212 1191 3243 cum
1225 3206 1388 3261 aperte
1420 3211 1527 3243 eam
1559 3212 1588 3243 a
1619 3198 1723 3259 Noy
1752 3204 1959 3241 creatam
1983 3195 2080 3242 sive
2104 3204 2284 3253 natam,
2307 3195 2427 3241 sicut

275 3283 322 3320 et
357 3274 511 3338 ipsam
543 3279 698 3341 Noym
730 3293 758 3324 a
782 3279 887 3324 Deo
920 3280 1059 3326 Patre
1094 3293 1196 3325 esse
1230 3275 1503 3342 profitetur,
1542 3277 1605 3323 ita
1639 3276 1920 3340 generaliter
1947 3275 2008 3323 de
2045 3276 2228 3340 origine
2257 3276 2426 3322 anima¹
