2638 3866
0 1133 111 1149 l
0 1032 129 1108 2³52}

0 2007 104 2137 ΗΞἿ

916 223 1307 273 lNTRODUGTIO
1342 223 1424 272 AD
1457 223 1862 274 THEOLOGIAM.
2398 227 2459 273 59

318 328 491 377 delicet
510 335 559 376 et
572 325 1000 390 constringendum
1020 335 1068 374 et
1084 326 1391 392 capiendum,
1408 325 1547 391 quasi
1565 325 1683 374 illud
1703 326 1974 374 Salomonis
1993 325 2299 375 attendens¹:
2331 346 2353 370 α
2371 330 2460 375 Fu-

322 407 509 458 niculus
530 406 700 474 triplex
725 405 921 454 difficile
943 406 1198 471 rumpitur.
1223 424 1247 450 »
1266 407 1324 454 Et
1342 415 1477 466 tunc,
1503 406 1679 470 inquit,
1705 405 1912 471 effigiem
1936 407 2006 455 tui
2026 406 2094 455 sic
2118 405 2312 471 ligatam
2330 402 2457 455 duco

323 498 395 537 ter
411 489 595 554 circum
612 486 796 535 altaria.
822 486 1041 551 Denique
1062 501 1150 533 cur
1172 495 1220 534 et
1243 495 1379 534 terna
1397 485 1507 534 licia
1522 484 1695 533 dixerit
1710 522 1722 546 ,
1749 486 1823 534 vel
1846 488 2083 553 triplicem
2106 486 2340 547 colorem,
2358 486 2458 535 sive

316 578 509 617 ternum
525 568 779 616 circuitum
806 566 989 626 altaris,
1015 566 1152 631 quasi
1173 567 1236 613 in·
1252 565 1480 614 omnibus
1502 566 1698 614 ternarii
1721 568 1909 615 numeri
1930 583 2153 632 magnam
2176 568 2274 615 vim
2304 575 2457 615 atten-

316 649 452 699 deret
474 648 537 698 ad
561 647 936 697 celebrationem
956 646 1232 694 divinorum
1258 662 1506 695 sacrorum
1523 682 1537 708 ‚
1563 645 1765 704 adiecit,
1793 648 1906 711 quia
1930 651 2059 697 Deus
2083 647 2258 712 gaudet
2278 648 2460 714 impare

317 744 540 777 numero.
558 731 624 776 Ac
641 727 680 775 si
700 725 905 775 diceret:
922 726 1048 785 Quia
1059 729 1190 774 Deus
1199 726 1297 774 hoc
1310 742 1532 784 numero,
1547 726 1815 774 secundum
1832 743 2151 793 personarum
2159 728 2456 783 Trinitatem,

318 807 525 857 describi
547 806 650 856 vult
671 822 807 855 suam
830 805 1195 872 perfectionem.
1222 808 1337 865 Quae
1354 806 1553 871 quidem
1571 822 1790 872 personae
1808 817 1918 855 sunt
1937 807 2153 872 ejusdem
2168 807 2459 868 substantiae,
2541 838 2543 840 -

318 887 403 936 sed
424 886 800 954 proprietatibus
823 886 1038 945 diversae,
1059 884 1190 934 unde
1213 885 1367 934 tribus
1382 886 1532 935 laneis
1554 885 1645 934 filis
1667 885 1969 936 diversorum
1993 887 2216 936 colorum
2235 903 2464 953 expressae

318 967 561 1016 videntur.

383 1049 523 1097 Nunc
544 1048 706 1113 itaque
738 1047 801 1096 ad
833 1049 1082 1114 proposita
1108 1047 1170 1096 de
1197 1045 1446 1096 divinitate
1472 1047 1618 1096 Verbi
1641 1048 1916 1097 testimonia
1938 1058 2254 1110 revertamur,
2281 1058 2329 1095 et
2354 1064 2467 1095 cum

318 1127 473 1176 David
490 1138 537 1176 et
557 1127 833 1187 Salomone,
859 1127 1053 1192 regibus
1069 1128 1229 1190 Israel,
1249 1129 1447 1176 tertium
1465 1128 1782 1177 adhibeamus
1798 1129 2012 1193 gentium
2033 1145 2194 1193 regem
2212 1127 2275 1176 ad
2294 1130 2468 1176 summi

318 1206 597 1256 vaticinium
619 1208 759 1272 regis.
787 1205 917 1265 Quid
947 1208 1078 1255 enim
1107 1208 1319 1274 apertius
1354 1207 1437 1256 illo
1473 1209 1753 1256 testimonio
1778 1209 2258 1267 Nabuchodonosor,
2285 1207 2346 1255 de
2369 1206 2467 1255 filio

318 1286 463 1335 Dei'?
485 1306 507 1334 α
538 1291 679 1350 Ecce,
699 1306 722 1333 >2
738 1288 913 1352 inquit,
934 1306 957 1333 «
982 1286 1126 1336 video
1149 1288 1297 1336 coelos
1318 1288 1519 1351 solutos,
1537 1299 1748 1354 quatuor
1766 1289 2067 1337 ambulantes
2080 1290 2128 1337 in
2145 1288 2310 1337 medio
2329 1288 2466 1352 igniS,

319 1378 367 1416 et
397 1369 580 1432 species
600 1369 759 1434 quarti
783 1369 950 1417 similis
971 1368 1072 1417 filio
1091 1370 1196 1417 Dei.
1225 1388 1247 1412 »
1270 1372 1412 1417 Juvat
1434 1379 1596 1418 autern
1622 1380 1669 1417 et
1694 1369 1889 1434 Didymi
1909 1370 2033 1434 regis
2058 1370 2471 1417 Brachmanorum

319 1448 496 1497 inferre
520 1449 870 1509 testimonium,
904 1459 958 1496 ut
991 1451 1039 1497 in
1065 1459 1276 1515 quatuor
1298 1466 1467 1515 regum
1485 1451 1789 1511 auctoritate,
1812 1460 1986 1498 nostrae
2003 1451 2200 1498 assertio
2222 1449 2333 1498 fidei
2354 1465 2470 1514 prae-

322 1529 518 1590 mineat,
545 1529 757 1577 duorum
779 1529 978 1595 quidem
1000 1528 1302 1591 Judaeorum,
1326 1539 1374 1578 et
1394 1529 1606 1577 duorum
1628 1530 1901 1594 gentilium,
1922 1529 2078 1577 David
2110 1529 2290 1577 scilicet
2311 1538 2359 1576 et
2380 1530 2470 1576 Sa-

318 1609 551 1669 lomonis,
578 1609 1031 1658 Nabuchodonosor
1057 1619 1103 1658 et
1128 1610 1349 1675 Didymi,
1375 1611 1566 1674 sintque
1596 1609 1648 1657 hi
1672 1620 1878 1675 quatuor
1915 1626 2049 1673 reges
2088 1610 2227 1674 quasi
2263 1619 2470 1674 quatuor

319 1698 434 1737 rotae
456 1689 633 1737 nobilis
655 1689 899 1755 quadrigae
918 1690 1095 1738 summi
1115 1690 1268 1753 Regis,
1293 1705 1380 1755 per
1398 1707 1519 1755 quas
1531 1689 1753 1738 videlicet
1774 1689 1895 1737 fides
1914 1700 2125 1755 quatuor
2150 1688 2467 1754 Evangelista-

321 1786 430 1818 rum
471 1769 535 1817 de
571 1779 737 1818 sancta
770 1770 998 1818 Trinitate
1032 1785 1120 1836 per
1160 1769 1439 1818 universum
1477 1769 1721 1826 deferatur
1763 1769 2004 1817 mundum
2019 1805 2032 1831 ,
2058 1779 2105 1817 et
2132 1767 2267 1817 tanto·
2304 1785 2471 1833 regum

321 1850 580 1898 auctoritas
618 1850 679 1898 sit
716 1849 928 1911 firmior,
966 1860 1151 1915 quanto
1191 1859 1402 1915 potestas
1430 1850 1650 1911 similior,
1678 1860 1726 1899 et
1746 1851 1832 1916 qui
1857 1850 2014 1898 edicta
2037 1850 2229 1915 populis
2252 1849 2472 1914 legesque

321 1929 591 1994 proferunt,
615 1944 758 1978 sacrae
779 1946 977 1995 quoque
993 1929 1108 1978 fidei
1129 1931 1403 1978 testimonia
1426 1931 1636 1980 tradant.

388 2010 462 2057 Ait
474 2010 636 2075 itaque
656 2010 892 2075 Didymus
915 2011 964 2058 in
988 2011 1144 2077 prima
1157 2010 1220 2059 ad
1237 2011 1559 2060 Alexandrum
1580 2011 1798 2077 epistola,
1819 2011 1902 2070 ait,
1929 2011 2150 2075 inquam,
2177 2011 2271 2058 sic:
2303 2029 2325 2054 t(
2345 2012 2474 2057 Inter

321 2100 490 2139 caetera
515 2091 757 2156 religionis
776 2092 852 2139 vel
873 2091 988 2139 fidei
1004 2108 1100 2139 suae
1122 2091 1276 2156 gentis
1296 2092 1518 2158 insignia,
1539 2109 1642 2140 non
1666 2092 1862 2157 suscipit
1882 2094 2012 2139 Deus
2035 2106 2169 2138 sacra
2192 2090 2470 2153 sanguinea,

321 2170 502 2218 cultum
520 2170 674 2237 diligit
691 2173 1015 2233 incruentum,
1029 2173 1213 2238 spernit
1233 2173 1420 2220 funesta
1440 2173 1690 2233 libamina,
1715 2171 1868 2219 verbo
1893 2171 2184 2238 propitiatur
2199 2168 2467 2229 orantibus,

321 2250 456 2314 quod
475 2251 633 2299 solum
652 2253 697 2298 ei
719 2268 831 2300 cum
853 2252 1056 2299 homine
1073 2262 1162 2314 est,
1189 2268 1371 2318 suaque
1394 2253 1536 2301 nimis
1550 2255 1565 2279 ³
1584 2240 1898 2301 similitudine
1920 2251 2201 2300 delectatur.
2219 2252 2340 2298 Nam
2355 2252 2471 2297 Ver-

322 2330 439 2378 bum
458 2334 588 2380 Deus
611 2342 698 2394 est,
721 2333 962 2380 mundum
980 2333 1176 2395 creavit,
1202 2332 1298 2381 hoc
1317 2334 1438 2397 regit
1457 2344 1603 2400 atque
1619 2334 1704 2383 alit
1722 2333 1912 2395 omnia,
1934 2332 2031 2379 hoc
2050 2347 2141 2379 nos
2167 2345 2467 2391 veneramur,

323 2411 416 2458 hoc
439 2411 697 2476 diligimus,
725 2429 782 2460 ex
802 2412 899 2461 hoc
920 2414 1142 2480 spiritum
1161 2413 1416 2475 trahimus,
1434 2415 1473 2462 si
1487 2414 1685 2479 quidem
1706 2417 1835 2462 Deus
1848 2414 1950 2479 ipse
1969 2412 2160 2478 spiritus
2177 2420 2320 2474 atque
2337 2424 2470 2457 mens

323 2501 419 2553 est,
445 2501 590 2557 atque
620 2493 730 2542 ideo
761 2511 863 2542 non
894 2495 1099 2543 terrenis
1142 2494 1320 2543 divitiis
1341 2511 1433 2543 nec
1461 2495 1677 2559 largitate
1706 2493 1961 2555 munifica,
1988 2492 2073 2540 sed
2098 2490 2328 2555 religiosis
2352 2506 2469 2555 ope-

322 2571 473 2633 ribus,
495 2583 542 2621 et
565 2575 823 2638 gratiarum
845 2575 1034 2624 actione
1055 2574 1324 2641 placatur.»
1342 2578 1407 2623 Ex
1430 2575 1507 2623 his
1530 2574 1713 2640 liquide
1730 2574 1891 2623 verbis
1906 2571 2125 2633 traditur,
2143 2581 2241 2618 tam
2256 2569 2466 2619 Verbum

323 2653 481 2717 ipsum
517 2655 631 2716 Dei,
671 2671 819 2719 quam
849 2657 1079 2721 Spiritum
1107 2655 1170 2704 ab
1200 2657 1305 2722 ipso
1337 2655 1561 2703 fidelibus
1596 2656 1807 2703 infusum
1833 2671 1934 2702 esse
1959 2656 2087 2715 De0,
2115 2668 2261 2717 quem
2287 2667 2366 2699 rex
2391 2651 2469 2699 ille

325 2749 422 2781 non
449 2734 607 2781 solum
629 2734 873 2798 credebat,
898 2738 1214 2785 verumetiam
1236 2735 1370 2783 alteri
1390 2747 1567 2799 magno
1591 2736 1705 2799 Regi
1724 2733 1984 2782 scribendo
2000 2732 2244 2799 praedicat.
2267 2735 2468 2791 Quantae

323 2822 484 2861 autem
499 2813 740 2879 religionis
755 2831 836 2863 seu
858 2815 1156 2864 abstinentiae
1175 2815 1389 2881 popul’us
1403 2815 1817 2863 Brachmanorum
1832 2814 1991 2875 fuerit,
2008 2823 2062 2861 ut
2076 2813 2166 2861 illis
2182 2815 2312 2861 Deus
2324 2828 2467 2877 supra

324 2893 569 2941 universas
592 2895 812 2943 nationes
835 2894 949 2952 fidei
971 2912 1114 2944 sacrae
1134 2895 1497 2959 intelligentiam
1521 2895 1755 2961 inspirare
1776 2893 1992 2955 deberet,
2017 2893 2233 2959 epistolae
2254 2893 2368 2958 ipsae
2388 2893 2468 2938 Di·

323 2971 457 3036 dymi
479 2972 541 3021 ad
560 2973 883 3022 Alexandrum
901 2977 1176 3023 continent.
1199 2975 1387 3034 Quibus
1410 2974 1607 3041 quidem
1628 2975 1841 3041 epistolis
1861 2975 1901 3023 si
1924 2973 2044 3021 fides
2077 2971 2349 3022 exhibenda
2379 2972 2462 3031 sit,

323 3053 455 3101 nulla
482 3054 738 3103 hominurn
764 3056 859 3104 vita
885 3066 1318 3122 quantumcunque
1335 3055 1671 3121 religiosorum
1691 3055 1980 3104 innocentiae
1999 3063 2144 3119 atque
2171 3052 2465 3101 abstinentiae

326 3134 734 3183 Brachmanorum
756 3137 1098 3203 aequiparanda
1108 3137 1289 3189 videtui
1338 3135 1479 3185 Unde
1496 3147 1544 3186 et
1565 3137 1666 3185 haec
1684 3137 1734 3185 in
1756 3135 2031 3202 exemplum
2044 3133 2340 3182 abstinentiae
2361 3130 2468 3178 bea·

370 3317 526 3359 wales„
543 3327 614 3360 cap.
633 3328 676 3358 iv,
691 3328 720 3351 v.
739 3322 789 3353 12.
807 3338 846 3346 -
863 3322 874 3340 ²
891 3322 994 3361 Dan„
1008 3330 1081 3364 cap.
1103 3330 1150 3360 m.
1169 3331 1200 3355 v.
1219 3324 1271 3355 92.
1291 3337 1332 3346 —
1348 3323 1360 3343 ³
1374 3321 1426 3354 Sic
1444 3321 1527 3355 Cod.
1545 3320 1614 3354 Vtet
1647 3320 1807 3354 Numinis
1824 3319 1920 3353 Amb.
