2638 3866
221 225 318 273 496
1026 224 1197 271 PETRI
1231 224 1545 276 ABAELARDI

221 326 434 371 versitas,
460 325 591 370 Sicut
609 324 755 382 enim,
774 323 909 386 juxta
932 324 1268 386 Augustinum,
1298 324 1429 371 aliud
1460 335 1530 372 est
1561 328 1664 373 Deo
1695 343 1814 386 esse,
1849 328 1980 375 aliud
2011 332 2194 377 Patrem
2227 348 2357 391 esse3

220 405 286 452 ita
309 415 354 451 et
383 403 513 451 aliud
542 406 644 449 Deo
673 418 774 450 esse
795 412 1046 464 aeternum,
1082 404 1213 451 aliud
1241 421 1344 452 esse
1367 409 1573 452 Patrem.
1611 408 1855 471 Numquid
1884 409 2026 456 etiam
2053 410 2144 458 hac
2175 413 2362 460 ratione

218 485 393 532 multas
421 493 468 530 et
499 484 775 532 innumeras
799 500 1030 548 personas
1057 485 1106 532 in
1131 487 1235 532 Deo
1265 487 1493 533 convenit
1523 487 1773 535 confiteri?
1799 490 1989 554 Quippe
2020 493 2149 538 Deus
2179 492 2282 556 ipse
2316 502 2362 540 et

219 573 392 627 potens
417 572 504 619 est,
532 572 578 609 et
601 563 808 627 sapiens,
835 573 883 611 et
906 564 1079 628 justus,
1107 574 1154 612 et
1173 575 1395 624 aeternus,
1421 576 1469 613 et
1490 567 1775 628 misericors,
1803 578 1848 615 et
1870 569 2021 618 multa
2042 580 2089 618 et
2109 571 2362 620 innumera

218 642 486 690 secundum
522 643 866 692 diffinitionum
903 661 959 693 ac
994 646 1343 711 proprietatum
1375 647 1696 696 diversitatem
1728 649 1790 696 de
1826 666 1884 696 eo
1917 649 2012 697 dici
2043 662 2263 716 possunt,
2291 669 2362 700 se-

217 722 435 769 cundum
455 741 561 788 quae
579 733 742 771 tamen
763 742 863 773 non
886 736 957 773 est
980 725 1047 773 fas
1070 726 1311 790 assignare
1329 744 1559 792 personas
1582 729 1631 776 in
1654 732 1779 790 Deo,
1805 746 1914 777 cum
1940 731 2036 778 sint
2057 741 2153 778 tres
2175 741 2362 780 tantum

217 819 335 866 quas
363 803 666 852 distinximus
695 822 929 871 personae,
963 806 1014 854 id
1044 816 1115 854 est
1152 810 1291 855 Pater
1323 817 1371 855 et
1398 808 1540 855 Filius
1569 819 1616 856 et
1644 810 1844 875 Spiritus
1881 820 2090 858 sanctus.
2125 810 2194 859 Ad
2229 811 2364 877 quod

216 883 614 948 respondendum
655 895 726 933 est
751 900 860 933 non
901 887 997 934 hoc
1018 903 1107 934 nos
1141 888 1405 954 suscepisse
1437 890 1729 953 negotium„
1754 907 1842 937 cur
1881 890 1979 937 hoc
2014 891 2175 956 potius
2211 892 2362 939 modo

217 978 363 1025 quam
395 964 487 1011 alio
520 982 738 1030 personae
767 967 939 1015 divinae
971 967 1205 1015 distinctae
1227 969 1340 1029 sint,
1375 968 1461 1016 sed
1488 985 1568 1016 eas
1599 986 1657 1016 eo
1691 970 1840 1017 modo
1870 987 1968 1035 quo
1999 971 2230 1019 distinctae
2253 981 2366 1019 sunt

216 1046 559 1097 convenienter
593 1048 745 1113 accipi
779 1065 940 1113 posse,
984 1058 1032 1095 et
1067 1047 1213 1095 fidem
1250 1059 1466 1097 nostram
1501 1050 1656 1111 tueri,
1700 1051 1738 1097 si
1774 1051 1880 1115 quis
1918 1068 2018 1098 non
2057 1052 2139 1112 ita,
2168 1062 2223 1099 ut
2258 1069 2361 1100 cre-

216 1123 403 1184 dimus,
443 1142 584 1190 posse
620 1136 745 1174 stare
785 1138 973 1192 arguat3
1011 1128 1108 1175 hoc
1149 1138 1309 1176 autem
1348 1129 1584 1177 discutere
1622 1146 1769 1195 penes
1804 1132 1963 1197 ipsum
2003 1142 2073 1180 est
2110 1135 2296 1194 Deum,
2334 1149 2363 1181 a

214 1220 314 1268 quo
356 1204 457 1253 haec
499 1205 619 1253 fides
652 1207 826 1255 tradita
864 1219 968 1268 est,
996 1209 1045 1256 in
1079 1209 1217 1273 cujus
1250 1210 1497 1257 voluntate
1535 1211 1756 1258 omnium
1792 1228 1956 1259 rerum
1989 1229 2142 1261 causae
2175 1214 2362 1261 incom-

214 1283 507 1332 mutabiliter
550 1287 837 1344 consistunt,
879 1304 1086 1351 quarum
1124 1289 1375 1336 minimam
1412 1289 1545 1337 nulla
1578 1291 1705 1339 valet
1731 1291 1950 1339 humana
1979 1293 2101 1339 ratio
2142 1307 2364 1359 compre-

214 1359 442 1409 hendere.
484 1362 648 1410 Plures
682 1373 843 1412 autem
874 1381 1102 1430 personas
1134 1382 1280 1430 quam
1313 1376 1407 1415 tres
1441 1367 1541 1415 sive
1572 1368 1825 1433 pauciores
1858 1369 2145 1417 nullomodo
2177 1371 2227 1418 in
2258 1373 2375 1424 Deo*

213 1456 314 1486 esse
345 1442 685 1502 concedimus;
721 1461 834 1491 cum
872 1461 1078 1509 persona
1109 1446 1160 1493 in
1199 1449 1302 1493 Deo
1336 1447 1639 1495 tantumdem
1667 1458 1806 1496 sonet
1836 1448 2178 1509 determinate,
2216 1467 2362 1515 quam

214 1519 289 1566 vel
328 1524 496 1581 Pater,
533 1523 610 1570 vel
642 1524 804 1586 Filius,
839 1526 914 1572 vel
950 1526 1153 1590 Spiritus
1192 1537 1407 1586 sanctus,
1452 1538 1504 1575 ut
1532 1528 1633 1591 jam
1669 1545 1816 1594 supra
1848 1529 2179 1578 diffinivimus.
2216 1530 2363 1579 Multa

213 1609 375 1647 autem
406 1602 601 1651 tradunt
622 1604 920 1669 philosophi,
946 1623 1053 1670 quae
1080 1623 1139 1654 eo
1170 1607 1328 1654 solum
1355 1608 1506 1656 modo
1530 1618 1772 1671 tenentur,
1805 1610 1919 1674 quia
1942 1612 2224 1659 auctoritate
2257 1612 2364 1677 phi-

213 1678 533 1744 losophorum
572 1683 940 1745 confirmantur,
987 1703 1089 1733 non
1132 1687 1318 1734 ratione
1347 1687 1506 1752 aliqua
1552 1706 1658 1754 quae
1698 1700 1955 1755 appareat3
1993 1702 2175 1756 quanto
2213 1693 2363 1756 magis

213 1774 270 1805 ea
295 1776 409 1823 -quae
438 1764 567 1809 Deus
597 1763 765 1821 tradit,
805 1766 1070 1829 praesertim
1104 1783 1215 1814 cum
1243 1777 1414 1832 praesto
1451 1769 1509 1815 sit
1543 1770 1683 1831 ratio,
1720 1786 1868 1834 quare
1890 1771 2112 1820 videlicet
2143 1772 2270 1820 dicta
2304 1773 2365 1819 sit

212 1838 314 1886 haec
348 1841 495 1888 trium
519 1859 837 1907 personarum
872 1845 1133 1905 distinctiO,
1173 1846 1234 1893 ad
1267 1848 1743 1896 commendationem
1776 1851 1954 1898 scilicet
1973 1851 2050 1898 vel
2083 1852 2362 1917 descriptio·

211 1935 326 1966 nem
357 1922 533 1968 summi
567 1925 704 1984 Boni,
744 1926 842 1972 sive
871 1925 935 1972 ad
972 1926 1224 1990 majorem,
1259 1936 1312 1973 ut
1350 1945 1494 1993 supra
1522 1931 1846 1989 meminimus,
1885 1931 2034 1979 divini
2066 1931 2223 1980 cultus
2256 1948 2362 1997 per·

212 2001 513 2063 suasionem,
554 2003 667 2050 licet
698 2014 745 2051 et
778 2005 880 2052 haec
910 2005 1055 2053 nobis
1086 2007 1211 2061 ratio
1244 2007 1366 2055 desit
1396 2024 1545 2072 quare
1579 2009 1675 2057 hoc
1707 2010 1856 2057 modo
1891 2012 2052 2075 potius
2085 2028 2232 2076 quam
2267 2011 2361 2059 alio

211 2081 387 2127 summi
426 2083 547 2129 Boni
581 2082 820 2149 descripta
853 2086 912 2131 sit
949 2086 1198 2150 perfectio,
1241 2105 1348 2152 quae
1383 2098 1430 2136 et
1465 2088 1568 2136 aliis
1599 2089 1799 2138 fortasse
1834 2091 1998 2138 multis
2037 2091 2196 2139 modis
2228 2108 2363 2156 aeque

209 2157 415 2206 describi
440 2171 523 2208 aut
544 2162 710 2210 doceri
740 2162 931 2229 posset!
960 2166 1129 2230 Liquet
1164 2167 1307 2215 etiam
1338 2167 1663 2217 diversitatem
1689 2187 2005 2236 personarum
2038 2189 2139 2219 non
2173 2182 2362 2219 tantum

208 2239 258 2285 in
291 2239 563 2289 diversitate
585 2243 934 2291 diffinitionum
966 2262 1022 2293 ac
1051 2248 1405 2312 proprietatum
1435 2249 1714 2312 consistere,
1739 2268 1910 2298 verum
1944 2253 2088 2299 etiam
2119 2252 2171 2299 in
2202 2268 2362 2299 remo·

210 2319 341 2366 tione
372 2321 723 2384 praedicationis
755 2325 970 2390 ipsarum
1003 2325 1065 2373 ab
1092 2327 1324 2388 invicem,
1358 2345 1472 2376 cum
1501 2330 1638 2378 nullo
1660 2331 1811 2378 modo
1842 2349 1940 2380 una
1961 2349 2277 2399 personarum
2303 2332 2364 2379 sit

208 2398 331 2458 alia;
372 2417 519 2464 quam
555 2403 756 2467 quidem
790 2406 1115 2454 remotionem
1153 2407 1215 2454 ab
1249 2408 1458 2455 invicem
1493 2419 1650 2458 cetera
1683 2413 1987 2477 supraposita
2022 2429 2123 2459 non
2159 2411 2358 2471 hahent,

208 2494 318 2524 cum
341 2479 564 2528 videlicet
598 2483 700 2547 ipse
724 2486 854 2531 Deus
885 2488 1024 2532 Pater
1047 2486 1107 2532 sit
1136 2495 1360 2546 aeternus,
1388 2497 1435 2535 et
1460 2488 1634 2551 justuS,
1669 2499 1716 2536 et
1744 2492 2043 2553 misericor-53
2069 2491 2284 2538 similiter
2315 2500 2362 2537 et

207 2558 355 2605 Filius
379 2559 510 2607 idem
533 2563 615 2624 sit,
642 2574 688 2610 et
710 2564 915 2629 Spiritus
947 2562 1156 2613 sanctus.
1183 2567 1267 2613 His
1291 2566 1352 2614 de
1376 2566 1626 2616 identitate
1649 2579 1732 2617 aut
1754 2570 2028 2619 diversitate
2057 2587 2219 2618 rerum
2243 2586 2361 2635 prae-

207 2636 381 2701 libatis,
416 2650 560 2705 atque
590 2643 788 2709 insuper
818 2644 1069 2709 adsignato
1095 2646 1144 2693 in
1166 2664 1265 2711 quo
1292 2648 1461 2695 Unitas
1485 2649 1591 2708 Dei,
1621 2649 1670 2695 in
1694 2666 1794 2714 quo
1815 2651 2017 2699 Trinitas
2041 2667 2360 2717 personarum

205 2718 264 2763 sit
303 2721 584 2785 accipienda
601 2760 613 2784 ,
651 2724 714 2771 ad
754 2726 1081 2790 suprapositas
1110 2727 1398 2792 quaestiones
1430 2737 1574 2792 atque
1606 2729 1902 2794 objectiones
1936 2732 2217 2793 redeamus,
2252 2731 2361 2778 sin-

207 2797 325 2859 gulis
354 2801 542 2864 ordine,
576 2814 722 2869 prout
745 2806 984 2853 Dominus
1009 2808 1248 2865 annuerit,
1281 2808 1640 2873 satisfacientes,
1667 2827 1875 2875 quarum
1903 2812 2112 2878 primam
2145 2812 2358 2878 primum

208 2877 464 2928 solvamus.
