2638 3866
787 199 1188 249 1NTRODUCT10
1222 201 1304 249 AD
1336 200 1741 250 THEOLOGIAM.
2248 205 2261 248 l
2277 207 2328 250 01

192 303 351 367 ipsum
376 317 479 350 esse
507 301 702 364 habeat,
733 311 788 350 ut
814 302 875 350 sit
904 300 1124 368 quaedam
1150 302 1396 367 potentia3
1424 302 1526 368 ipse
1562 318 1678 351 vero
1701 302 1945 352 charitatis
1968 303 2167 351 affectus
2191 305 2340 367 magis

192 381 252 430 ad
277 380 625 447 benignitatem
652 383 801 431 animi
833 398 981 447 quam
1004 381 1067 431 ad
1091 383 1360 448 potentiam
1388 383 1616 445 attineat,
1646 383 1776 431 unde
1798 383 1923 432 bene
1949 383 2095 431 Filius
2120 401 2176 431 ex
2204 386 2340 431 Patre

191 463 322 528 gigni
345 462 541 526 dicitur,
561 464 658 513 hoc
680 474 751 513 est
773 482 831 513 ex
854 464 958 530 ipsa
980 463 1129 512 Patris
1149 463 1418 513 substantia
1440 463 1638 530 proprie
1661 463 1833 512 dicitur
1860 482 1975 514 esse.
1999 465 2123 513 Hinc
2147 465 2337 512 Nicaena

189 544 405 609 synodus
430 546 566 610 quasi
584 561 833 612 exponens
856 544 984 594 hanc
1007 545 1367 611 generationem
1391 545 1496 594 Filii
1521 562 1578 593 ex
1603 548 1743 594 Patre
1765 546 1861 594 ait:
1893 567 1914 590 «
1938 545 2193 595 Credimus
2217 556 2264 593 et
2286 548 2335 593 in

189 642 342 674 unum
366 627 632 675 Dominum
652 629 814 676 Jesum
827 626 1090 687 Christum,
1110 625 1283 675 Filium
1302 627 1411 688 Dei,
1430 635 1600 675 natum
1619 643 1677 675 ex
1697 629 1837 676 Patre
1861 628 2181 693 unigenitum,
2201 646 2223 672 »
2244 627 2339 675 hoc

189 717 259 755 est
276 724 334 755 ex
353 707 618 756 substantia
639 708 807 770 Patris,
829 728 849 754 (ι
870 711 1029 757 Deum
1048 724 1106 756 ex
1119 709 1243 771 Deo,
1262 707 1427 757 lumen
1446 724 1506 757 ex
1523 707 1724 756 lumine.
1743 728 1766 752 »
1789 710 1896 756 Non
1917 709 2194 773 ignoramus
2216 725 2341 757 non-

190 787 347 836 nullos
380 788 825 838 Ecclesiasticorum
864 790 1126 839 doctorum
1164 798 1376 838 astruere
1408 790 1641 856 Spiritum
1673 806 1870 855 quoque
1901 800 2122 838 sanctum
2148 807 2201 838 ex
2230 791 2341 838 sub-

189 869 361 926 stantia
379 870 530 919 Patris
551 887 671 933 esse,
699 871 795 920 hoc
819 881 890 921 est
914 871 976 920 ab
999 888 1060 920 eo
1085 872 1151 919 sic
1167 887 1287 934 esse,
1307 881 1363 919 ut
1382 872 1528 920 etiam
1555 871 1658 937 ipse
1682 871 1827 918 unius
1849 871 1911 919 sit
1927 870 2204 920 substantiae
2229 888 2340 919 cum

194 952 350 1013 Patre,
366 952 564 1019 proprie
579 961 742 1001 tamen
761 969 862 1002 non
884 952 1091 1002 dicimus
1109 970 1163 1001 ex
1184 952 1454 1001 substantia
1471 953 1622 1001 Patris
1637 970 1739 1001 esse
1761 969 1772 1000 :
1794 952 1926 1001 solus
1948 952 2093 1000 Filius
2109 952 2343 1000 dicendus

188 1041 275 1079 est.
303 1032 506 1098 Spiritus
525 1050 661 1094 vero,
684 1034 905 1098 quamvis
927 1034 1144 1099 ejusdem
1159 1033 1434 1082 substantiae
1453 1035 1639 1083 sitcum
1658 1037 1793 1082 Patre
1818 1043 1865 1082 et
1886 1033 2025 1094 Filio,
2051 1032 2182 1082 unde
2197 1034 2341 1082 etiam

187 1112 390 1162 Trinitas
413 1116 692 1173 Omousios,
721 1115 770 1163 id
793 1125 864 1164 est
899 1116 1045 1165 unius
1068 1114 1343 1163 substantiae
1365 1115 1671 1181 praedicatur,
1711 1115 1909 1164 minime
1947 1125 2107 1163 tamen
2142 1132 2198 1163 ex
2232 1115 2343 1164 sub-

188 1194 359 1242 stantia
382 1196 533 1244 Patris
551 1206 635 1244 aut
645 1196 767 1258 Filii,
788 1198 827 1245 si
843 1198 1039 1265 proprie
1061 1197 1326 1262 loquimur,
1344 1213 1445 1244 esse
1459 1188 1696 1244 dicendus
1713 1206 1800 1257 est,
1824 1195 1958 1260 quod
1977 1205 2170 1262 oportet
2184 1196 2342 1262 ipsum

187 1290 245 1321 ex
281 1277 418 1324 Patre
453 1276 528 1325 vel
561 1277 678 1325 Filio
713 1279 875 1343 gigni:
902 1279 988 1327 sed
1021 1279 1171 1343 magis
1203 1296 1258 1326 ex
1286 1278 1400 1344 ipsis
1429 1277 1578 1327 habet
1608 1276 1899 1343 procedere,
1926 1277 2061 1344 quod
2086 1287 2156 1325 est
2187 1280 2343 1326 Deum

188 1372 238 1404 se
269 1373 355 1422 per
391 1357 675 1408 charitatem
713 1360 775 1408 ad
809 1360 1014 1409 alterum
1053 1360 1309 1408 extendere
1337 1359 1752 1425 :quodammodo
1791 1360 1970 1407 etenim
2009 1376 2096 1424 per
2126 1375 2342 1408 amorem

189 1440 523 1505 unusquisque
542 1457 571 1488 a
597 1442 755 1507 seipso
774 1442 835 1489 ad
857 1442 1061 1490 alterum
1083 1441 1323 1508 procedit,
1351 1458 1463 1489 cum
1480 1441 1694 1507 proprie,
1716 1450 1770 1488 ut
1792 1440 1975 1489 dictum
1999 1451 2089 1501 est,
2117 1458 2263 1489 nemo
2281 1442 2341 1489 ad

186 1519 401 1584 seipsum
414 1520 696 1569 charitatem
711 1522 891 1571 habere
908 1522 1114 1584 dicatur,
1131 1533 1215 1571 aut
1233 1521 1431 1588 sibiipsi
1453 1521 1694 1587 benignus
1721 1539 1841 1583 esse,
1858 1521 1943 1570 sed
1969 1522 2119 1570 alteri.
2140 1524 2342 1570 Maxime

187 1607 348 1647 autem
387 1603 517 1648 Deus
544 1618 656 1650 cum
685 1602 862 1651 nullius
891 1603 1125 1668 indigeat,
1157 1619 1269 1668 erga
1303 1604 1464 1669 ipsum
1497 1603 1808 1668 benignitatis
1841 1602 2018 1651 affectu
2042 1606 2343 1651 commoveri

187 1696 287 1727 non
307 1690 483 1747 potest,
511 1692 564 1729 ut
586 1682 675 1730 sibi
701 1682 833 1731 aliud
862 1700 919 1732 ex
948 1683 1244 1749 benignitate
1280 1683 1548 1750 impendat,
1579 1683 1663 1732 sed
1709 1701 1821 1749 erga
1858 1694 2100 1733 creaturas
2134 1694 2341 1742 tantum,

183 1756 290 1824 quae
305 1761 479 1811 divinae
502 1764 661 1829 gratiae
684 1763 933 1813 beneficiis
951 1765 1188 1830 indigent,
1210 1782 1312 1814 non
1338 1765 1495 1813 solum
1519 1775 1571 1813 ut
1598 1765 1711 1826 sint,
1740 1764 1825 1812 sed
1846 1775 1898 1813 ut
1919 1764 2046 1814 bene
2066 1767 2177 1813 sint.
2206 1768 2339 1825 Quo·

187 1840 324 1890 dam¹
367 1843 531 1910 itaque
565 1845 717 1893 modo
752 1849 883 1894 Deus
907 1863 936 1895 a
961 1847 1120 1913 seipso
1156 1847 1219 1895 ad
1253 1857 1498 1896 creaturas
1530 1846 1658 1894 exire
1697 1846 1875 1895 dicitur
1910 1864 1998 1913 per
2036 1846 2344 1911 benignitatis

186 1923 410 1972 affectum
434 1926 534 1973 sive
558 1926 780 1975 effectum
788 1966 800 1989 ,
832 1944 944 1975 cum
966 1927 1063 1976 hoc
1087 1929 1248 1994 ipsum
1275 1929 1407 1994 quod
1429 1928 1670 1992 benignus
1706 1938 1793 1986 est,
1819 1938 1905 1976 aut
1935 1927 2146 1994 benigne
2165 1926 2346 1992 aliquid

186 2022 242 2053 ex
266 2004 496 2055 charitate
515 2008 628 2073 agit,
652 2008 923 2057 secundum
947 2009 1175 2058 affectum
1194 2010 1270 2058 vel
1294 2011 1518 2059 effectum
1546 2027 1694 2076 quem
1724 2011 1775 2057 in
1800 2010 2031 2058 creaturis
2052 2008 2245 2071 habeat,
2271 2008 2344 2057 di-

185 2096 336 2134 catur.
354 2090 488 2136 Tunc
518 2105 634 2136 vero
665 2090 714 2137 in
739 2107 789 2137 se
812 2107 899 2156 per
923 2090 1268 2156 benignitatem
1293 2093 1645 2152 remaneret,fsi
1664 2090 1755 2140 sibi
1774 2091 2015 2156 benignus
2039 2108 2140 2139 esse
2163 2100 2341 2157 posset,

184 2168 393 2232 aliquam
419 2170 468 2217 in
497 2186 547 2218 se
567 2170 938 2219 beneficentiam
957 2172 1251 2235 exercendo,
1278 2183 1322 2220 et
1345 2173 1542 2238 aliquod
1570 2173 1659 2221 sibi
1682 2172 1975 2222 beneficium
1994 2170 2339 2238 impendendo.

189 2250 253 2295 Ex
275 2252 412 2297 Patre
436 2260 598 2298 autem
624 2252 766 2299 simul
792 2262 837 2299 et
858 2252 978 2300 Filio
1002 2254 1207 2319 Spiritus
1225 2253 1490 2319 procedere
1513 2254 1678 2311 habet,
1703 2255 1816 2319 quia
1836 2253 1996 2302 bonus
2024 2254 2126 2320 ipse
2148 2252 2344 2301 affectus

184 2330 283 2376 sive
302 2330 501 2379 effectus
525 2331 655 2379 aliud
682 2333 887 2381 faciendi
908 2333 986 2382 vel
1010 2334 1304 2400 disponendi
1339 2352 1397 2383 ex
1429 2336 1649 2401 potentia
1681 2336 1830 2402 ipsius
1870 2345 1919 2384 et
1957 2335 2191 2401 sapientia
2228 2349 2347 2397 pro-⁴

184 2411 343 2468 venit;
371 2428 484 2459 cum
510 2412 622 2460 ideo
646 2413 828 2462 scilicet
853 2414 965 2463 velit
982 2417 1114 2469 Deus
1131 2415 1263 2463 aliud
1284 2426 1330 2464 et
1360 2417 1516 2476 faciat,
1543 2418 1659 2482 quia
1692 2427 1741 2465 et
1760 2427 1920 2483 potest
1939 2416 2058 2466 illud
2080 2413 2341 2480 adimplere

183 2500 228 2536 et
255 2491 456 2540 solerter
479 2493 687 2555 efficere,
718 2495 808 2542 nisi
831 2497 963 2543 enim
996 2507 1160 2563 posset
1184 2497 1335 2559 aliud,
1363 2498 1537 2546 frustra
1562 2498 1679 2546 illud
1704 2497 1864 2561 vellet,
1892 2498 2004 2563 quia
2028 2495 2241 2545 efficacia
2263 2512 2342 2542 ca·

182 2582 330 2632 reret3
355 2583 403 2621 et
427 2574 519 2622 nisi
542 2575 744 2623 solerter
765 2577 906 2625 sciret
922 2577 1041 2626 illud
1066 2577 1275 2638 efficere,
1310 2596 1410 2627 non
1433 2578 1633 2627 haberet
1657 2579 1900 2644 egregium
1927 2578 2167 2626 effectum.
2209 2579 2341 2623 Non-

183 2652 343 2700 nullos
368 2664 530 2702 autem
557 2656 684 2703 aliud
709 2657 831 2705 velle
854 2659 1107 2723 contingit,
1140 2659 1275 2724 quod
1307 2675 1407 2707 non
1445 2659 1690 2708 sufficiunt
1711 2659 1995 2724 adimplere,
2027 2657 2161 2723 quod
2198 2656 2341 2705 etiam

183 2734 220 2779 si
245 2745 468 2798 possunt,
495 2753 594 2783 non
621 2737 684 2784 ita
711 2748 762 2785 ut
784 2749 977 2803 oportet
994 2739 1226 2805 perficere
1252 2741 1425 2801 sciunt,
1456 2757 1667 2804 quorum
1700 2739 1896 2804 quidem
1917 2738 2217 2787 voluntatem
2243 2746 2343 2784 tam

186 2813 470 2878 impotentia
491 2816 709 2881 ipsorum
729 2835 877 2883 quam
903 2820 1156 2867 inscientia
1179 2819 1556 2867 irrationabilem
1576 2819 1704 2867 facit.
1737 2822 1799 2866 Ut
1816 2819 1960 2884 igitur
1980 2818 2110 2866 bona
2140 2818 2230 2866 Dei
2253 2834 2345 2865 vo·-

182 2893 342 2941 luntas
359 2911 472 2959 erga
504 2895 727 2960 quaelibet
762 2897 981 2947 Facienda
1005 2899 1079 2946 vel
1104 2899 1410 2965 disponenda
1433 2900 1639 2947 omnino
1670 2900 1857 2947 ratione
1883 2899 2108 2966 praedicta
2133 2898 2343 2946 demon-

182 2984 373 3034 stretur,
401 2992 458 3023 ex
481 2979 620 3025 Patre
643 2987 690 3024 et
709 2977 845 3039 Filio,
869 2979 992 3026 sicut
1014 2979 1299 3044 praedictum
1323 2990 1420 3042 est,
1451 2980 1718 3047 procedere
1742 2980 1946 3046 Spiritus
1971 2989 2164 3028 sanctus
2185 2977 2344 3045 perhi-

183 3052 343 3102 betur.
364 3058 498 3105 Sicut
516 3058 661 3123 igitur
687 3074 744 3105 ex
767 3074 860 3106 aere
880 3059 1087 3124 sigillum
1110 3076 1287 3108 aereum
1314 3060 1458 3109 habet
1481 3078 1601 3122 esse,
1626 3071 1674 3109 et
1696 3078 1752 3109 ex
1776 3064 1912 3110 Patre
1931 3071 1979 3109 et
2001 3060 2120 3108 Filio
2139 3059 2341 3126 Spiritus

183 3144 391 3193 sanctus,
425 3148 478 3185 ut
503 3138 844 3204 exposuimus,
880 3149 926 3187 et
955 3141 1075 3188 sicut
1101 3141 1309 3205 sigillum
1335 3142 1383 3189 in
1414 3142 1568 3191 forma
1597 3143 1839 3208 impressae
1870 3141 1960 3190 sibi
1983 3141 2201 3205 imaginis
2225 3155 2339 3186 con-

224 3311 231 3327 ·
249 3307 302 3340 Sic
317 3309 398 3341 (3οά.
412 3310 491 3343 Vict⁴
523 3312 593 3351 Quo
611 3323 670 3354 pro
687 3316 836 3355 quodam
863 3318 955 3350 Amb.
