2638 3866
913 264 970 314 IN
1006 263 1332 312 EPlSTOLAM
1369 265 1449 314 AD
1484 263 1786 313 ROMANOS.
2324 268 2418 316 335

270 368 475 417 maxime
497 367 775 416 studeamus
797 363 1114 415 concordiam
1137 367 1289 415 teneri
1315 382 1426 415 cum
1448 367 1671 415 fratribus
1693 383 1907 433 quoque,
1936 377 1989 416 ut
2014 368 2199 418 dictum
2227 378 2314 431 est,
2346 372 2417 417 in·

269 449 435 510 firmis,
461 458 509 497 et
532 449 601 497 sic
623 446 937 515 postmodum
955 463 1063 512 quae
1088 457 1200 495 sunt
1224 446 1551 496 aedificationis
1576 468 1600 493 «
1622 447 1829 495 invicem
1842 449 2187 510 custodiamus,
2209 470 2232 495 n
2255 450 2304 498 id
2326 460 2414 510 θεῖ,

268 529 388 578 alter
407 530 492 595 qui
515 528 812 593 perfectioris
833 537 905 576 est
930 525 1068 589 fidei,
1091 528 1285 575 alterius
1308 528 1637 594 imperfectam
1660 527 1821 577 adhuc
1846 528 1991 578 fidem
2016 532 2243 593 instruat,
2279 541 2325 580 et
2357 534 2416 579 ad

268 610 613 677 perfectionem
628 623 918 677 promovere
941 607 1174 656 intendat.
1207 628 1230 654 α
1256 609 1363 656 Noli
1391 629 1414 653 »
1455 619 1526 671 tu,
1550 609 1745 669 scilicet,
1772 611 1857 675 qui
1882 611 2214 676 perfectiorem
2233 612 2418 661 habens

267 689 415 739 fidem
453 691 618 740 omnia
650 686 884 750 comedis,
916 687 1288 753 scandalizando
1324 690 1513 738 noviter
1551 705 1857 752 conversum,
1896 701 1941 739 et
1978 692 2139 741 adhuc
2170 692 2415 741 infirmum

267 770 480 834 fratrem,
512 791 535 815 «
559 787 683 837 opus
706 771 812 832 Dei,
834 790 857 814 ›>
875 768 926 818 id
942 778 1028 823 est,
1057 768 1177 816 illud
1197 768 1310 818 fidei
1333 770 1466 835 quod
1483 771 1584 835 jam
1599 768 1747 818 habet
1768 771 1817 818 in
1841 787 1900 819 eo
1920 771 2180 821 destruere.
2202 775 2415 822 «Omnia

266 850 482 916 quidem.
504 871 528 897 n
546 854 609 900 Ac
625 852 664 900 si
681 850 889 900 diceret:
915 853 1096 898 Revera
1111 859 1271 898 tecum
1287 852 1591 913 assentimur,
1609 852 1722 917 quia
1743 851 1874 900 nulla
1898 869 2071 917 genera
2092 853 2311 902 ciborum
2334 871 2415 902 esu

266 948 354 979 suo
379 932 606 998 polluunt
627 933 857 993 animam,
877 930 962 979 sed
981 930 1277 979 damnosum
1297 941 1369 979 est
1390 942 1552 980 tamen
1575 931 1671 979 hoc
1695 932 1901 980 scienter
1923 933 2196 996 comedere,
2228 934 2313 982 ubi
2343 936 2413 981 of·

265 1012 475 1061 fenditur
490 1014 653 1063 frater.
677 1033 700 1059 «
723 1017 911 1061 Bonum
931 1022 1002 1060 est
1021 1012 1228 1061 homini.
1250 1030 1273 1058 »
1293 1016 1358 1060 Ac
1374 1013 1413 1060 si
1434 1013 1642 1061 diceret:
1661 1016 1728 1061 lta
1752 1023 1802 1061 ut
1824 1014 1941 1075 dixi,
1964 1014 2220 1063 comedere
2238 1015 2416 1063 malum

265 1103 353 1155 est,
379 1093 465 1142 sed
482 1111 508 1142 e
531 1094 775 1143 contrario
802 1094 994 1159 penitus
1016 1092 1253 1141 abstinere
1276 1103 1475 1160 propter
1500 1093 1847 1143 offendiculum
1877 1095 2032 1142 fratris
2055 1095 2305 1144 vitandum
2343 1113 2417 1144 sa-

264 1172 403 1223 lubre
425 1184 519 1234 est3
544 1174 768 1241 exemplo
790 1171 961 1222 Daniel
993 1174 1077 1240 qui
1113 1190 1143 1222 a
1175 1175 1291 1222 vino
1322 1190 1519 1240 quoque
1556 1174 1762 1222 infidelis
1794 1175 1914 1240 regis
1953 1175 2238 1236 abstinebat,
2269 1176 2414 1225 Judaei

262 1255 407 1303 etiarn
428 1257 649 1304 conversi
672 1256 734 1305 ab
757 1256 893 1303 omni
915 1256 1030 1303 vino
1054 1255 1322 1304 infidelium
1351 1255 1694 1304 abstinendum
1725 1255 2003 1304 censebant.
2044 1277 2067 1302 «
2099 1257 2372 1306 Offenditur
2389 1278 2411 1303 n

262 1336 454 1399 penitus
473 1353 502 1385 a
523 1335 619 1384 fide
645 1337 939 1398 recedendo,
962 1335 1039 1385 vel
1062 1337 1228 1384 saltem
1264 1336 1627 1397 scandalizatur,
1669 1336 1718 1383 id
1744 1346 1831 1397 est,
1862 1337 1992 1403 apud
2029 1354 2079 1386 se
2108 1338 2417 1404 perturbatur

261 1416 397 1480 quasi
423 1418 567 1465 talem
587 1417 752 1481 fidem,
776 1417 838 1466 ad
861 1433 1011 1482 quam
1029 1433 1289 1465 conversus
1308 1417 1384 1479 sit,
1408 1416 1628 1481 judicans
1641 1416 1732 1481 legi
1754 1417 2044 1466 contrariam
2058 1428 2105 1466 θῖ
2122 1435 2410 1484 perversam.

262 1499 386 1545 «Aut
402 1496 686 1560 infirmatur,
714 1516 736 1544 υ
756 1499 806 1546 in
828 1497 924 1546 fide
946 1498 1124 1546 scilicet
1146 1515 1242 1546 suae
1259 1498 1590 1564 professioniS,
1611 1498 1673 1546 de
1693 1499 1792 1564 ipsa
1816 1498 2084 1547 dubitando
2103 1499 2259 1547 sinon
2280 1501 2415 1566 peni·

262 1586 338 1625 tus
370 1594 478 1627 eam
504 1579 803 1628 damnando.
846 1600 869 1624 α
889 1583 961 1628 Tu
991 1579 1157 1628 fidem.
1177 1600 1200 1623 >2
1239 1582 1305 1626 Ac
1340 1579 1378 1626 si
1402 1579 1610 1627 diceret:
1636 1582 1702 1626 Tu
1734 1578 1931 1644 quidem
1955 1580 2039 1644 qui
2068 1580 2233 1627 omnia
2263 1579 2416 1627 credis

261 1658 619 1719 manducanda,
652 1679 674 1707 u
699 1651 849 1708 habes
871 1659 1014 1708 fidem
1039 1660 1169 1726 apud
1192 1670 1255 1720 te,
1278 1680 1300 1703 ›>
1326 1658 1376 1707 id
1400 1669 1487 1721 est,
1525 1659 1622 1706 hoc
1649 1669 1720 1706 est
1747 1668 1833 1706 tuo
1858 1658 2042 1722 judicio
2074 1658 2411 1725 approbatum,

259 1738 362 1800 sed,
391 1739 558 1789 «habe
580 1740 714 1789 illam
739 1750 788 1789 et
808 1757 975 1789 coram
998 1744 1122 1801 Deo,
1142 1759 1165 1786 »
1192 1739 1242 1787 id
1262 1749 1350 1798 est,
1376 1749 1426 1786 ut
1446 1740 1488 1786 ei
1511 1738 1698 1804 placeat
1724 1747 1772 1785 et
1788 1739 1889 1802 ejus
1902 1738 2086 1803 judicio
2100 1739 2411 1805 approbetur.

261 1820 326 1866 Ea
349 1820 482 1867 enim
502 1837 609 1886 quae
626 1837 793 1869 coram
814 1821 958 1869 nobis
980 1830 1096 1869 sunt
1116 1819 1282 1868 videre
1305 1835 1563 1885 possumus
1589 1828 1734 1883 atque
1769 1834 2079 1883 cognoscere,
2118 1830 2165 1868 et
2197 1836 2253 1868 ea
2289 1823 2416 1869 Deus

258 1899 378 1948 scire
395 1900 573 1949 dicitur
595 1917 703 1967 quae
725 1901 984 1967 approbat,
1011 1911 1059 1949 et
1081 1901 1266 1948 nescire
1288 1916 1394 1965 qnae
1418 1898 1664 1965 reprobat.

328 2001 350 2024 α
372 1982 557 2042 Beatus,
579 2003 602 2026 »
622 1992 694 2030 est
714 1982 923 2030 subaudi
941 1982 1060 2047 «qui
1076 1998 1177 2029 non
1190 1981 1376 2046 judicat
1394 1980 1722 2046 semetipsum,
1744 2001 1766 2024 >2
1784 1980 1879 2028 hoc
1893 1990 1980 2041 est,
1998 1981 2195 2045 quinon
2213 1983 2415 2046 acquirit

257 2060 348 2110 sibi
371 2062 736 2111 damnationem
761 2080 817 2111 ex
843 2063 920 2111 his
942 2080 1050 2128 quae
1074 2063 1175 2129 ipSe
1214 2063 1376 2128 potius
1401 2077 1549 2127 quam
1578 2064 1709 2108 Deus
1738 2060 1932 2126 probat,
1969 2060 2016 2108 id
2048 2069 2119 2108 est
2155 2061 2409 2127 approbat,

257 2143 330 2190 vel
356 2161 454 2192 non
478 2143 723 2210 improbat
738 2160 841 2192 esse
858 2143 1077 2192 facienda
1094 2161 1105 2191 ε
1123 2160 1179 2191 ac
1202 2143 1241 2190 si
1263 2142 1441 2190 diceret
1461 2160 1471 2189 ι
1492 2142 1588 2200 Qui
1610 2151 1753 2189 tantae
1770 2141 2072 2189 discretionis
2086 2152 2173 2203 est,
2201 2151 2254 2188 ut
2270 2142 2413 2189 etiam

258 2223 319 2272 de
343 2224 417 2272 his
436 2241 542 2290 quae
564 2225 718 2272 credit
739 2225 866 2273 licite
893 2223 997 2272 fieri
1022 2224 1088 2272 ita
1109 2222 1381 2289 provideat,
1409 2239 1471 2271 ne
1494 2223 1597 2288 ipsa
1619 2221 1875 2270 indiscrete
1899 2221 2118 2270 faciendo
2140 2221 2412 2270 damnatio-

258 2320 370 2352 nem
391 2304 470 2352 vel
492 2306 613 2353 iram
631 2305 719 2353 Dei
741 2306 973 2353 incurrat.
1015 2307 1077 2352 Ut
1100 2304 1231 2352 enim
1249 2302 1480 2351 Salomon
1501 2303 1567 2351 ait
1582 2305 1612 2365 ¹,
1652 2322 1675 2348 «
1697 2311 1811 2350 sunt
1849 2302 1933 2349 viae
1966 2301 2179 2349 hominis
2212 2319 2317 2367 quae
2342 2303 2411 2350 vi-

256 2384 435 2433 dentur
454 2394 613 2447 rectae,
640 2385 903 2433 novissima
924 2394 1088 2433 autem
1109 2384 1296 2432 illarum
1321 2383 1571 2432 deducunt
1593 2383 1655 2430 ad
1678 2392 1906 2431 mortem.
1927 2401 1950 2427 »ι
1986 2385 2045 2429 Εῖ
2081 2382 2143 2430 ad
2168 2382 2286 2429 Cain
2317 2384 2409 2429 Do·

257 2458 416 2514 minus
441 2466 508 2514 ait
529 2484 539 2513 ε
559 2468 575 2492 ’
599 2483 623 2511 «
644 2469 818 2514 Nonne
836 2467 876 2513 si
897 2475 1026 2514 recte
1050 2465 1241 2527 offeraS,
1268 2474 1398 2513 recte
1420 2473 1582 2512 autem
1606 2480 1707 2511 non
1735 2463 1939 2525 dividas,
1965 2462 2208 2528 peccasti?
2226 2482 2247 2507 υ
2278 2464 2410 2520 «Qui

253 2555 432 2594 autem.
456 2567 479 2590 >³
498 2549 564 2595 Ac
575 2547 616 2594 si
637 2547 817 2595 diceret
836 2564 847 2592 :
869 2546 1004 2594 Sicut
1020 2544 1100 2594 ille
1118 2545 1288 2593 beatus
1308 2555 1395 2607 est,
1415 2545 1500 2610 qui
1523 2561 1552 2592 a
1573 2544 1713 2591 licitis
1734 2543 1958 2604 abstinet,
1981 2560 2043 2590 ne
2060 2543 2134 2590 his
2155 2542 2409 2590 indiscrete

255 2627 437 2674 utendo
460 2626 524 2675 ad
546 2627 848 2688 scandalum,
871 2626 1051 2675 scilicet
1073 2626 1230 2674 fratris
1252 2625 1619 2673 damnationem
1643 2625 1873 2684 incurrat,
1900 2624 1965 2671 ita
1998 2640 2025 2671 e
2057 2623 2299 2670 contrario
2332 2622 2408 2669 ille

253 2707 337 2769 qui
359 2716 530 2756 contra
551 2708 899 2756 conscientiam
913 2723 1052 2755 suam
1075 2707 1248 2754 illicitis
1273 2706 1439 2768 utitur,
1457 2715 1642 2771 peccat.
1664 2708 1721 2752 Et
1739 2704 1835 2751 hoc
1856 2713 1952 2751 est:
1978 2704 2111 2761 «Qui
2129 2712 2291 2751 autern
2314 2702 2408 2750 dis·

254 2788 424 2848 cernit,
453 2806 477 2834 »
504 2787 555 2835 id
577 2797 665 2850 est,
692 2787 944 2852 distinguit
963 2786 1203 2853 quosdam
1233 2785 1371 2834 cibos
1401 2785 1613 2845 edendo,
1651 2801 1735 2832 eos
1772 2784 1951 2832 scilicet
1973 2794 2170 2850 propter
2194 2783 2408 2850 probibi—

256 2869 440 2916 tionem
460 2868 575 2933 legis
593 2885 693 2916 non
714 2885 818 2917 esse
834 2868 1182 2929 comedendos,
1219 2875 1448 2915 ettamen
1475 2875 1645 2914 contra
1677 2865 2022 2913 conscientiam
2050 2881 2186 2912 suam
2217 2881 2301 2912 eos
2332 2881 2409 2912 co-

255 2948 424 3010 medit,
449 2949 569 2998 dum
592 2949 812 2997 videlicet
831 2948 985 2997 credit
1006 2948 1069 2996 ab
1094 2949 1200 3014 ipso
1222 2964 1323 2996 non
1354 2946 1531 2995 debere
1552 2946 1763 3006 comedi,
1794 2963 1905 2994 reus
1928 2962 2016 3012 per
2043 2945 2141 2993 hoc
2164 2946 2403 3004 statuitur,

253 3030 366 3094 quia
388 3047 489 3078 non
514 3047 573 3079 ex
593 3030 690 3079 fide
711 3039 784 3078 est
805 3029 940 3095 quod
964 3029 1094 3091 facit,
1117 3029 1268 3076 immo
1284 3038 1455 3077 contra
1476 3026 1623 3076 fidem
1646 3043 1782 3075 suam
1806 3027 1920 3092 agit,
1953 3026 2003 3074 id
2029 3035 2100 3074 est
2121 3035 2291 3074 contra
2311 3025 2406 3072 hoc

254 3111 388 3174 quod
412 3110 565 3159 credit
587 3112 698 3175 agit.
723 3111 885 3159 Credit
902 3111 1035 3158 enim
1052 3126 1152 3159 non
1175 3125 1278 3159 esse
1301 3108 1680 3170 comedendum,
1706 3117 1753 3156 et
1774 3117 1936 3156 tamen
1960 3106 2191 3168 comedit,
2231 3122 2287 3155 ac
2322 3121 2407 3171 per

297 3319 439 3358 ¹Prov..
456 3329 532 3362 cap.
548 3329 622 3363 xiv,
642 3328 674 3354 v.
693 3322 745 3355 12.
768 3337 805 3346 --
823 3320 962 3354 ’Genea
977 3345 985 3360 ,
1012 3329 1083 3362 cap.
1106 3328 1150 3362 ιν,
1174 3329 1207 3352 v.
1230 3321 1274 3353 7:
1300 3317 1416 3352 Nonne
1436 3319 1461 3351 εἰ
1491 3319 1576 3352 bcne
1606 3318 1713 3358 egeris
1742 3318 1897 3359 recipie&
1927 3317 1976 3349 sin
1999 3321 2109 3349 au’cm
2140 3315 2222 3347 mate
2239 3312 2345 3345 statim
2370 3313 2399 3342 in

254 3370 380 3406 foribus
401 3379 573 3415 pecatum
593 3375 726 3408 aderit?

214 3464 247 3476 ff
