2638 3866
914 207 1260 257 THEOLOGIA
1295 210 1523 259 CHRlSTl
1532 210 1665 260 ANA.
2275 210 2372 259 403

219 311 384 377 doque
418 309 753 377 pretiosiorem
784 308 833 356 in
869 310 1168 375 sterquilinio
1208 311 1603 379 deprehendere,
1645 329 1791 378 quam
1828 312 1877 360 in
1917 321 2205 361 ornamento
2241 312 2372 376 regio

221 402 471 458 tamquam
519 391 710 458 sapiens
755 389 1000 439 aurifaber
1040 391 1199 440 valeat
1239 409 1565 460 componere3
1608 403 1656 441 et
1701 393 1894 442 tenebat
1933 394 2197 442 certissime
2242 393 2373 441 dona

221 474 310 523 Dei
344 490 431 541 per
465 473 813 540 quodcumque
848 472 1028 531 malum
1062 475 1384 523 contaminari
1418 492 1519 523 non
1551 492 1721 543 posse,
1756 492 1847 523 nec
1877 475 2042 524 divina
2073 484 2374 524 sacramenta

221 564 447 604 contactu
473 572 736 622 pravorum
759 554 1021 618 inquinari,
1046 571 1158 602 cum
1187 565 1270 603 aut
1293 556 1340 603 in
1366 557 1565 605 nomine
1589 557 1828 605 'Trinitatis
1854 556 2072 606 infideles
2094 557 2370 624 baptizant,

215 641 304 680 aut
336 634 541 700 pessime
568 634 749 701 quique
771 633 918 681 verba
941 633 1106 681 divina
1133 634 1414 700 praedicant,
1443 646 1524 683 aut
1555 635 1834 702 prophetias
1858 635 2143 700 loquuntur,
2169 646 2215 684 et
2246 651 2372 684 non-

223 730 475 780 nunquam
512 715 743 764 miracula
778 715 974 764 faciunt.
1015 717 1344 782 Quaecumque
1376 717 1507 765 enim
1535 717 1668 765 bona
1699 727 1828 776 sunt,
1861 734 1888 765 a
1917 720 2022 766 Deo
2051 734 2153 765 esse
2179 733 2373 766 necesse

223 805 323 858 est,
364 813 456 845 nec
490 814 546 846 ea
582 796 909 862 quorumlibet
946 796 1128 845 malitia
1163 799 1487 847 contaminari
1523 809 1744 866 possunt.
1789 798 1930 847 Unde
1980 815 2069 846 nec
2119 798 2372 865 prophetia

223 875 414 926 Balaam
449 878 637 944 gentilis
669 888 812 945 atque
838 878 977 927 arioli
1005 894 1140 927 sacra
1164 880 1444 946 reprobavit
1476 881 1751 943 auctoritas,
1785 897 1882 946 qua
1904 880 2219 946 postmodum
2252 879 2375 943 Magi

221 957 442 1022 primitiae
473 961 702 1008 Gentium
739 960 920 1008 incitati
958 959 1239 1024 creduntur,
1275 970 1331 1008 ut
1366 978 1496 1010 nova
1533 971 1796 1028 apparente
1827 961 1960 1009 stella
1994 978 2178 1009 novum
2217 960 2374 1008 statim

222 1054 385 1105 regem
414 1053 696 1106 quaererent,
733 1058 823 1090 nec
853 1040 1039 1107 Sybillae
1062 1043 1137 1090 vel
1159 1042 1339 1107 Virgilii
1357 1043 1583 1092 vaticinia
1612 1042 1870 1109 spiritualis
1892 1042 2065 1090 doctor
2087 1042 2375 1107 Augustinus

221 1131 501 1170 sanctorum
538 1124 789 1190 prophetis
828 1124 1038 1172 inserere
1086 1123 1270 1186 timuit,
1310 1124 1571 1172 attendens·
1601 1124 1720 1172 illud
1764 1124 2008 1191 Apostoli¹
2036 1141 2047 1171 ε
2081 1143 2105 1170 κ
2136 1126 2194 1171 Et
2230 1140 2374 1171 nemo

222 1212 380 1267 potest
411 1204 588 1265 dicere,
623 1206 860 1254 Dominus
881 1208 1018 1254 thsus
1044 1223 1054 1253 :
1081 1205 1174 1253 nisi
1200 1206 1250 1253 in
1275 1206 1453 1272 Spiritu
1480 1217 1666 1269 sancto,
1687 1226 1710 1252 »
1737 1223 1828 1255 nec
1849 1205 2157 1273 prophetiam
2182 1205 2374 1271 Caipha-

222 1285 569 1335 commendare
605 1288 901 1353 Evangelista
932 1288 1109 1336 veritus
1148 1297 1218 1334 est
1259 1286 1426 1335 dicens
1447 1288 1497 1335 ¹:
1541 1291 1690 1336 «Hoc
1725 1298 1887 1336 autem
1922 1303 1950 1336 a
1979 1287 2239 1352 semetipso
2273 1304 2374 1334 non

223 1364 359 1429 dixit,
386 1366 471 1415 sed
491 1384 603 1415 cum
628 1378 751 1417 esset
775 1368 995 1417 Pontifex
1017 1369 1132 1416 anni
1158 1367 1299 1426 illius,
1330 1368 1654 1435 prophetavit.
1678 1389 1700 1413 n
1730 1373 1826 1418 Nec
1852 1370 2071 1435 ipsorum
2096 1367 2375 1416 daemonum

222 1448 497 1499 testimonia
528 1450 843 1515 Evangelium
868 1451 1073 1511 reticuit,
1105 1467 1218 1498 cum
1245 1450 1308 1499 ad
1339 1468 1510 1499 eorum
1538 1450 1874 1518 expulsionem
1894 1450 2108 1499 Domino
2134 1450 2374 1508 veniente,

223 1549 335 1583 eum
357 1536 508 1582 JESUM
527 1537 775 1584 CHRISTUM
799 1551 883 1583 seu
915 1535 1087 1584 Filium
1111 1535 1201 1582 Dei
1221 1535 1538 1584 inclamarent
1562 1553 1618 1584 ac
1641 1535 2003 1584 confiterentur.
2033 1535 2224 1600 Quippe
2241 1533 2378 1598 cujus

223 1614 449 1663 virtutem
485 1616 584 1664 sive
620 1616 876 1679 nascentis,
915 1633 1000 1665 seu
1040 1617 1307 1677 morientis,
1345 1617 1444 1665 sive
1475 1617 1780 1682 resurgentis,
1821 1616 1897 1664 vel
1936 1615 2258 1675 ascendentis,
2297 1624 2380 1662 aut
2439 1648 2443 1652 ν

224 1694 455 1744 miracula
485 1696 701 1745 facientis
732 1698 835 1764 ipsa
866 1698 1012 1746 etiam
1041 1697 1335 1746 insensibilia
1363 1696 1731 1763 quodammodo
1757 1697 1977 1758 sensisse,
2016 1706 2067 1744 ut
2095 1697 2139 1744 ei
2165 1696 2380 1743 testimo-

224 1776 361 1824 nium
384 1794 473 1825 suo
498 1778 649 1826 modo
672 1778 959 1846 praeberent,
980 1778 1204 1846 perhibet
1226 1778 1396 1827 beatus
1417 1778 1704 1844 Gregorius3
1737 1778 1919 1842 angelis
1950 1777 2150 1843 quidem
2173 1788 2221 1825 et
2248 1776 2382 1824 stella

222 1857 382 1904 statim
406 1858 456 1905 in
485 1868 594 1906 ortu
622 1860 771 1925 ipsius
795 1859 1160 1927 apparentibuS,
1191 1860 1240 1907 in
1270 1870 1426 1908 morte
1444 1877 1563 1908 vero
1593 1859 1694 1908 sole
1720 1858 1999 1921 obscurato,
2036 1859 2182 1925 petris
2208 1868 2255 1905 et
2275 1858 2382 1906 velo

222 1938 390 2006 templi
420 1940 594 2004 scissis,
621 1951 668 1990 et
690 1943 1021 1990 monumentis
1053 1942 1231 2008 apertis
1253 1951 1534 1990 sanctorum
1564 1942 1919 2006 resurgentium
1942 1940 2202 2005 multisque
2234 1955 2381 2006 appa-

224 2019 453 2084 rentium,
480 2021 528 2069 in
548 2024 901 2072 resurrectione
926 2033 1061 2071 terrae
1087 2033 1221 2071 motu
1246 2022 1372 2071 facto
1394 2040 1506 2070 cum
1529 2023 1716 2070 visione
1744 2022 2047 2087 angelorum,
2072 2031 2121 2069 et
2143 2022 2191 2068 in
2215 2037 2381 2068 ascen-

224 2097 362 2146 sione
395 2098 526 2148 nube
560 2117 671 2148 eum
707 2102 1030 2167 suscipiente,
1063 2111 1156 2149 etc.
1196 2101 1343 2166 Cujus
1377 2118 1573 2166 quoque
1610 2102 1878 2166 potentiam
1914 2109 2060 2165 atque
2099 2099 2382 2164 sapientiam

223 2179 475 2227 universus
519 2181 693 2229 mundi
739 2191 938 2229 ornatus
971 2182 1260 2230 annuntiare
1295 2198 1394 2229 non
1437 2191 1590 2229 cessat
1628 2197 1684 2229 ac
1718 2181 1977 2248 praedicare
2011 2190 2059 2228 et
2103 2196 2192 2227 suo
2233 2178 2381 2227 modo

224 2259 423 2308 laudare
459 2270 507 2309 et
540 2261 910 2324 commendare,
949 2280 1005 2310 ex
1043 2263 1148 2328 ipsa
1188 2262 1262 2310 sui
1303 2261 1515 2310 mirabili
1551 2263 1906 2328 compositione
1941 2278 1999 2310 ac
2045 2260 2377 2327 dispositione.

228 2339 367 2389 Unde
390 2341 669 2407 Apostolus⁸
691 2361 702 2391 :
733 2343 1054 2406 «Invisibilia,
1080 2342 1258 2408 inquit,
1283 2343 1431 2409 ipsius
1455 2359 1484 2391 a
1506 2353 1725 2391 creatura
1749 2343 1920 2391 mundi
1945 2360 2033 2409 per
2056 2359 2112 2391 ea
2133 2359 2239 2408 quae
2262 2341 2382 2390 sacta

225 2432 340 2470 sunt
365 2422 609 2472 intellecta
630 2425 1024 2491 conspiciuntur,
1051 2424 1345 2491 sempiterna
1367 2441 1565 2490 quoque
1587 2425 1738 2473 virtus
1766 2425 1870 2489 ejus
1894 2434 1942 2472 et
1962 2424 2207 2484 divinitas,
2235 2433 2327 2472 etc.
2359 2443 2379 2465 υ

224 2503 348 2550 Hinc
394 2513 444 2551 et
490 2504 738 2554 Psalmista
770 2505 1124 2554 insensibilium
1170 2522 1368 2571 quoque
1405 2515 1735 2567 creaturarum
1781 2504 2006 2553 laudibus
2048 2504 2377 2571 applaudens,

207 2600 395 2632 omnes
428 2585 608 2650 pariter
641 2586 704 2635 ad
735 2587 902 2636 laudes
935 2587 1025 2635 Dei
1057 2597 1299 2636 creaturas
1329 2587 1517 2649 invitat,
1543 2587 1682 2652 quasi
1710 2604 1767 2634 ex
1794 2586 2021 2634 omnibus
2053 2587 2236 2652 optime
2260 2601 2379 2631 con-

226 2663 337 2712 ditis
367 2665 534 2714 laudes
565 2668 655 2716 Dei
684 2684 714 2716 a
746 2668 890 2717 nobis
921 2669 1094 2734 exigat,
1132 2668 1217 2734 qui
1249 2685 1341 2734 pro
1377 2667 1519 2715 nobis
1557 2668 1607 2715 in
1647 2667 1836 2715 mundo
1876 2666 2096 2715 condidit
2136 2666 2375 2713 universa.

229 2744 364 2794 Unde
386 2756 434 2793 et
459 2763 486 2795 a
511 2749 786 2797 summitate
808 2749 917 2797 coeli
947 2760 995 2797 et
1016 2749 1309 2797 sublimitate
1340 2749 1626 2812 angelorum
1649 2764 1846 2796 exorsus
1870 2763 2022 2812 usque
2044 2747 2107 2794 ad
2142 2746 2377 2794 dracones

226 2835 276 2874 et
302 2837 550 2892 serpentes
580 2839 726 2894 atque
759 2829 960 2895 abyssos
988 2830 1176 2878 divinas
1208 2829 1420 2877 extendit
1453 2845 1596 2876 voces
1625 2845 1737 2876 cum
1767 2828 1949 2877 dixit‘:
1987 2848 2010 2874 α
2036 2827 2253 2876 Laudate
2281 2829 2383 2874 Do-

227 2907 413 2956 minum
439 2908 501 2956 de
528 2918 653 2957 terra
675 2909 912 2958 dracones
928 2919 976 2958 et
998 2926 1167 2957 omnes
1187 2909 1364 2974 abyssi.
1391 2929 1413 2953 »
1438 2912 1495 2957 Et
1518 2909 1718 2957 iterum⁸
1738 2927 1749 2956 z
1771 2929 1796 2955 α
1811 2911 2067 2975 Serpentes
2091 2918 2138 2956 et
2161 2907 2382 2956 volucres

228 2997 466 3053 pennatae,
491 3008 515 3035 »
553 2990 637 3055 qui
670 3007 760 3038 nec
793 2991 953 3056 aliqua
983 2989 1504 3057 reptiliavpraetermisit
1535 2990 1649 3037 alibi
1679 2989 1873 3038 dicens⁸
1899 3008 1911 3037 ε
1949 3009 1972 3034 «
1993 2989 2214 3039 Laudent
2247 2988 2382 3036 illum

227 3068 334 3117 coeli
368 3079 417 3117 et
450 3080 602 3133 terra,
638 3088 799 3133 mare,
839 3081 886 3119 et
921 3073 1088 3120 omnia
1123 3070 1310 3137 reptilia
1347 3071 1396 3119 in
1430 3071 1516 3119 eis.
1542 3092 1565 3115 ›>
1591 3071 1815 3136 Legimus
1846 3071 1994 3120 etiam
2030 3072 2080 3120 in
2117 3071 2213 3120 vita
2248 3070 2383 3119 Pauli

271 3278 279 3296 ¹
297 3276 450 3311 Corinth.
468 3278 495 3319 t,
512 3289 583 3321 cap.
602 3288 662 3320 xn,
680 3289 710 3313 v.
729 3282 762 3315 3.
780 3297 819 3305 —
835 3283 847 3302 ²
863 3280 979 3324 Joan.,
998 3291 1069 3324 cap.
1086 3291 1123 3324 ιι,
1141 3290 1170 3315 v.
1188 3282 1244 3316 51.
1257 3282 1322 3307 —-³
1336 3282 1455 3325 Rom,
1473 3291 1548 3324 cap.
1566 3290 1589 3324 ι,
1607 3291 1638 3315 v.
1655 3283 1708 3317 20.
1722 3300 1759 3306 —
1772 3283 1783 3303 ⁴
1798 3281 1929 3316 Psalm.
1946 3289 2076 3323 cxcviii,
2097 3290 2127 3314 v.
2145 3282 2176 3315 7.
2189 3297 2225 3304 —
2241 3281 2252 3300 ⁵
2265 3278 2371 3314 Ibid..

281 3333 330 3365 to.
348 3349 389 3357 —
402 3334 415 3354 ⁸
429 3333 561 3368 Psalm.
577 3343 695 3377 vaut,
710 3345 740 3369 v.
760 3337 814 3370 35.
