2638 3866
190 287 287 336 2266
1001 281 1174 329 PETRI
1206 281 1522 330 ABAELARm

198 388 364 450 tentia,
391 401 487 435 una
517 384 685 450 gloria,
712 398 808 430 una
827 381 1063 447 majestas,
1090 398 1190 431 una
1210 382 1352 443 ratio,
1379 398 1475 430 una
1496 381 1735 445 voluntas,
1764 382 1934 431 eadem
1957 385 2194 450 operatio,
2222 402 2322 434 nou

195 468 363 516 divisa.
388 469 553 514 Unum
583 473 725 527 atque
756 461 887 510 idem
918 479 1004 529 per
1034 463 1196 510 omnia
1218 462 1331 528 ipsae
1353 472 1482 524 sunt,
1516 471 1715 528 excepto
1750 463 1882 528 quod
1914 463 1976 511 ad
2007 463 2326 515 differentiam

193 548 358 595 attinet
381 544 730 611 proprietatum
751 559 839 608 per
860 559 981 614 quas
1008 543 1121 608 ipsae
1142 542 1209 591 ita
1232 541 1294 589 ab
1318 542 1522 589 invicem
1547 553 1781 609 perpetuo
1802 543 1999 592 diversae
2030 546 2321 608 consistunt,

194 636 245 674 ut
272 641 539 689 numquam
573 624 717 671 unius
742 639 958 689 personae
989 622 1259 689 proprietas
1284 622 1334 669 in
1370 621 1513 670 aliam
1537 623 1899 671 transfundatur
1934 641 2211 690 personam,
2239 642 2326 674 ne·-

192 722 285 771 que
317 721 533 770 unquam
558 703 620 752 ab
644 703 791 751 altera
815 703 1200 751 communicetur
1221 719 1428 768 persona
1453 722 1465 751 ι
1494 703 1705 769 alioquin
1738 720 1839 751 non
1874 715 1996 752 esset
2029 705 2324 771 proprietas,

192 784 276 833 sed
297 785 636 833 communitas.
665 783 919 849 Proprium
942 792 1105 832 autem
1131 783 1284 831 Patris
1310 800 1340 832 a
1373 800 1423 831 se
1446 783 1550 849 ipso
1575 793 1763 831 tantum
1788 801 1888 831 non
1924 784 1985 832 ab
2007 785 2100 832 alio
2126 802 2226 833 esse
2241 824 2255 844 ‚
2281 796 2331 834 et

192 874 482 913 coaeternum
509 863 599 912 sibi
620 864 792 912 Filium
819 862 1102 911 aeternaliter
1126 864 1335 929 gignere,
1362 864 1436 912 vel
1462 865 1695 928 genuisse.
1723 863 1824 911 Filii
1845 881 1961 912 vero
1984 866 2234 931 proprium
2259 876 2330 914 est

191 962 219 994 a
242 946 349 994 solo
374 949 511 994 Patre
540 945 826 993 aeternaliter
847 944 1001 1009 gigni,
1036 961 1121 992 seu
1144 946 1359 1009 genitum
1390 961 1493 993 esse
1506 947 1535 1005 ¹,
1562 944 1779 1010 [Spiritus
1811 946 1963 993 sancti
1983 946 2235 1011 proprium
2259 956 2329 994 est

196 1025 545 1092 procedentem
571 1043 672 1074 esse
696 1042 725 1073 a
749 1029 887 1073 Patre
912 1034 960 1073 et
987 1023 1150 1090 Fili0],
1185 1042 1284 1073 non
1318 1035 1550 1087 creatum,
1590 1041 1690 1072 non
1712 1024 1914 1087 factum,
1946 1042 2048 1072 non
2078 1026 2291 1089 genitum
2312 1063 2326 1087 ,

193 1106 277 1154 sed
309 1106 654 1172 procedentem
684 1115 890 1154 tantum.
926 1108 992 1153 ‘Et
1022 1105 1125 1154 haec
1160 1105 1356 1170 quidem
1390 1116 1463 1154 est
1496 1106 1642 1153 trium
1677 1123 1993 1171 personarum
2030 1105 2092 1154 ab
2122 1107 2330 1155 invicem

195 1187 437 1247 discretio,
457 1188 593 1253 juxta
618 1187 935 1253 proprietates
956 1186 1270 1251 singularum.

259 1267 494 1326 Quaedam
526 1268 688 1333 itaque
710 1267 776 1314 sic
795 1267 858 1314 de
880 1270 983 1314 Deo
1009 1266 1257 1325 dicuntur,
1285 1275 1340 1313 ut
1361 1264 1423 1313 de
1446 1282 1543 1314 una
1570 1275 1756 1314 tantum
1775 1267 1920 1314 trium
1944 1282 2261 1333 personarum
2283 1277 2333 1315 et

194 1363 293 1395 non
321 1346 384 1394 de
405 1346 625 1413 pluribus
648 1362 814 1395 earum
837 1346 933 1394 dici
954 1346 1141 1412 possint
1167 1363 1178 1393 ε
1205 1355 1254 1394 et
1275 1362 1440 1393 rursus
1462 1346 1681 1411 quaedam
1704 1347 1770 1394 ita
1790 1346 1851 1394 de
1870 1347 2091 1413 pluribus
2112 1347 2333 1412 personis

194 1427 287 1475 dici
312 1437 541 1493 possunt,
575 1437 629 1476 ut
662 1427 723 1476 de
755 1428 822 1475 eis
841 1437 940 1475 tam
964 1425 1155 1475 divisim
1182 1442 1329 1492 quam
1356 1427 1654 1491 conjunctim
1677 1426 1919 1488 dicantur,
1952 1427 2050 1475 hoc
2080 1437 2150 1475 est
2178 1427 2238 1475 de
2265 1428 2333 1474 eis

194 1507 391 1572 singulis
416 1518 464 1556 et
496 1508 558 1556 de
583 1508 651 1556 eis
673 1507 839 1569 simu13
871 1507 1092 1573 quaedam
1115 1524 1234 1556 vero
1260 1507 1557 1571 conjunctim
1581 1517 1784 1554 tantum.
1815 1508 1958 1556 Verbi
1981 1508 2130 1573 gratia
2165 1511 2327 1568 Pater,

195 1598 241 1637 et
280 1607 531 1654 generans,
567 1591 667 1639 sive
696 1592 955 1655 ingenitus,
993 1590 1054 1639 de
1076 1590 1181 1639 solo
1213 1592 1352 1639 Patre
1375 1590 1627 1648 dicuntur;
1655 1591 1872 1655 quamvis
1901 1591 2043 1638 etiam
2066 1601 2110 1638 et
2133 1591 2336 1656 Spiritus

194 1672 394 1718 Sanctus
414 1687 527 1718 cum
554 1688 655 1718 non
681 1672 740 1719 sit
764 1672 949 1735 genitus
969 1709 981 1733 ,
1005 1671 1064 1718 sit
1088 1671 1190 1737 ipse
1208 1687 1402 1736 quoque
1425 1687 1527 1718 non
1548 1671 1732 1735 genitus
1749 1707 1762 1732 ,
1788 1687 1889 1719 non
1918 1681 2078 1719 tamen
2105 1681 2152 1718 et
2176 1672 2334 1737 ipsum

194 1752 534 1799 consuevimus
557 1750 716 1798 dicere
748 1751 1043 1814 ingenitum,
1071 1750 1157 1798 sed
1189 1751 1346 1798 solum
1373 1754 1575 1809 Patrem,
1612 1761 1664 1799 ut
1696 1752 1789 1799 tale
1820 1752 1880 1798 sit
1911 1751 2008 1799 hoc
2043 1751 2153 1799 loco
2177 1751 2336 1803 dicere

194 1830 478 1896 ingenitum,
506 1847 563 1879 ac
594 1833 632 1878 si
655 1848 766 1878 eum
785 1847 887 1879 esse
921 1847 1022 1878 non
1048 1829 1110 1878 ab
1136 1830 1250 1892 aiio,
1286 1831 1409 1878 sicut
1436 1832 1598 1896 priore
1627 1830 1789 1878 libello
1820 1831 2001 1896 praefati
2037 1848 2217 1879 sumus.
2253 1834 2336 1879 Est

194 1912 357 1975 itaque
374 1911 474 1959 hoc
491 1911 605 1959 loco
625 1912 786 1976 aliqua
806 1911 1074 1959 differentia
1095 1910 1254 1959 dicere
1275 1911 1559 1976 ingenitum,
1577 1920 1624 1958 et
1643 1911 1802 1958 dicere
1826 1927 1926 1958 non
1948 1912 2180 1975 genitum,
2211 1912 2335 1960 sicut

195 1990 352 2057 aliqua
381 2003 453 2039 est
487 1992 757 2040 differentia
791 1992 950 2040 dicere
993 1992 1223 2057 injustum
1251 2002 1298 2040 et
1329 1992 1488 2039 dicere
1516 2009 1616 2039 non
1644 1992 1827 2056 justum
1851 2010 1860 2038 :
1889 1992 2068 2058 quippe
2101 1992 2236 2056 quod
2260 1993 2336 2040 in·-

190 2071 371 2134 justum
397 2081 466 2120 est
488 2089 680 2121 necesse
704 2081 774 2120 est
795 2089 898 2120 esse
919 2089 1020 2120 non
1038 2072 1241 2136 justum,
1267 2072 1351 2120 sed
1375 2089 1473 2120 non
1501 2089 1528 2120 e
1552 2089 1806 2120 converso.
1834 2073 1975 2138 Lapis
1994 2089 2205 2138 namque
2228 2089 2331 2121 non

189 2152 344 2215 justus
372 2153 494 2200 sicut
529 2163 575 2200 et
610 2169 710 2200 non
749 2153 1020 2213 rationalis,
1055 2169 1144 2200 nec
1173 2161 1332 2200 tamen
1364 2152 1566 2216 injustus
1600 2151 1777 2199 dicitur
1809 2162 1891 2200 aut
1921 2153 2224 2200 irrationalis.
2255 2152 2338 2200 Illa

195 2232 372 2297 quippe
397 2232 584 2280 infinita
615 2243 726 2280 sunt
751 2234 849 2280 sive
879 2233 1164 2297 abnegativa
1186 2233 1405 2292 nomina,
1436 2232 1538 2279 haec
1561 2232 1840 2297 privatoria.
1869 2234 2155 2298 Augustinus
2177 2243 2338 2280 tamen

196 2312 254 2358 cle
285 2314 518 2359 Trinitate
545 2313 668 2360 libro
692 2316 751 2374 V,
786 2316 1048 2379 ingenitam
1075 2313 1171 2361 hoc
1203 2330 1383 2360 nomen
1415 2312 1695 2376 abnegative
1725 2330 1816 2378 pro
1847 2330 1946 2361 non
1983 2313 2145 2378 genito
2176 2313 2333 2378 ponit,

200 2391 281 2439 ubi
304 2391 524 2439 videlicet
558 2393 712 2457 capite
730 2410 799 2440 vn
822 2393 883 2441 de
908 2394 1084 2442 divinis
1108 2394 1324 2441 similiter
1345 2393 1531 2440 disserit
1553 2394 1772 2457 personis
1794 2394 1868 2440 his
1890 2394 2086 2458 quidem
2110 2393 2294 2440 verbis²
2322 2411 2332 2438 ε

202 2489 225 2515 «
243 2471 388 2530 Quod
407 2488 520 2536 ergo
551 2472 727 2519 dicitur
754 2473 1011 2536 ingenitus,
1038 2473 1134 2520 hoc
1159 2473 1444 2533 ostenditur,
1476 2472 1608 2536 quod
1632 2489 1733 2518 non
1764 2474 1822 2520 sit
1844 2474 2016 2533 Filius3
2042 2473 2126 2521 sed
2152 2473 2339 2536 genitus

199 2560 245 2597 et
282 2552 522 2615 ingenitus
565 2552 823 2600 commode
860 2553 1102 2601 dicuntur.
1139 2552 1283 2600 Filius
1326 2562 1487 2600 autem
1530 2552 1676 2599 latine
1713 2551 1904 2613 dicitur,
1944 2553 2030 2600 sed
2069 2552 2256 2618 infilius
2284 2561 2337 2598 ut

200 2631 401 2692 dicatur,
435 2648 536 2679 non
566 2632 774 2680 admittit
802 2632 1034 2696 loquendi
1066 2633 1385 2681 consuetudo.
1420 2631 1546 2679 Nihil
1572 2642 1731 2680 tamen
1764 2633 2025 2680 intellectui
2047 2632 2271 2693 demitur,
2297 2631 2338 2679 si

199 2710 382 2758 dicatur
405 2728 506 2759 non
537 2712 707 2772 Filius;
739 2712 1152 2776 quemadmodum
1176 2714 1319 2761 etiam
1343 2713 1381 2759 si
1404 2711 1608 2772 dicatur,
1643 2729 1743 2759 non
1768 2713 1970 2776 genitus,
1998 2729 2089 2778 pro
2117 2728 2175 2759 eo
2204 2711 2338 2775 quod

201 2790 372 2838 dicitur
403 2793 667 2856 ingenitus,
705 2793 826 2840 nihil
862 2793 990 2840 aliud
1026 2794 1262 2841 dicitur.»
1302 2796 1420 2841 Item
1449 2811 1460 2839 :
1491 2796 1640 2840 «Non
1675 2810 1789 2858 ergo
1818 2794 1919 2857 jam
1954 2793 2170 2840 dicemus
2202 2792 2343 2856 inge-

203 2870 375 2930 nitum,
418 2874 636 2935 quamvis
671 2874 765 2920 dici
800 2874 947 2923 latine
982 2875 1152 2939 possit;
1192 2873 1278 2921 sed
1309 2891 1399 2940 pro
1439 2890 1499 2921 eo
1536 2873 1753 2921 dicamus
1794 2891 1893 2921 non
1931 2874 2167 2937 genitum,
2203 2871 2335 2936 quod

203 2959 388 2996 tantum
414 2952 555 2999 valet.
581 2956 707 3000 Num
729 2970 844 3017 ergo
867 2954 999 3001 aliud
1021 2953 1241 3016 dicimus,
1276 2970 1421 3019 quam
1454 2970 1555 3001 non
1584 2953 1791 3002 Filium?
1812 2975 1834 2998 »
1863 2957 1979 3001 Item
2007 2971 2019 2999 :
2049 2973 2073 2997 c<
2094 2952 2336 3015 Ingenitus

204 3045 351 3093 porro
385 3031 501 3093 quid
536 3042 606 3078 est
639 3033 730 3079 nisi
763 3050 862 3080 non
895 3034 1112 3097 genitus?
1142 3035 1273 3081 Sicut
1303 3034 1432 3081 enim
1465 3034 1649 3098 genitus
1679 3051 1778 3080 non
1807 3033 1869 3081 ad
1899 3033 2110 3098 seipsum
2141 3031 2332 3092 dicitur,

205 3108 289 3156 sed
322 3109 454 3172 quod
482 3127 538 3157 ex
572 3113 708 3158 Patre
743 3114 822 3173 sit3
856 3115 920 3161 ita
956 3130 1066 3162 cum
1093 3114 1269 3161 dicitur
1301 3114 1542 3178 ingenitus
1572 3129 1673 3160 non
1705 3113 1766 3161 ad
1795 3113 2003 3178 seipsum
2035 3112 2227 3170 dicitur,
2253 3109 2338 3157 sed

206 3188 339 3253 quod
361 3205 415 3235 ex
442 3189 655 3251 genitore
675 3207 774 3237 non
806 3193 865 3238 sit
887 3193 1207 3241 ostenditur.»
1236 3196 1301 3240 Ex
1332 3193 1407 3240 his
1426 3194 1586 3257 itaque
1607 3193 1757 3256 liquet
1778 3192 2091 3257 Augustinum
2111 3191 2205 3238 hoc
2227 3189 2338 3237 loco

251 3373 258 3391 ⁸
274 3371 381 3405 Verba
396 3372 582 3414 parenthesi
600 3371 723 3405 inclusa
740 3373 859 3405 desunt
874 3373 907 3405 in
924 3378 1000 3415 ms„
1016 3375 1073 3407 sed
1089 3376 1130 3407 ab
1146 3375 1327 3408 editoribus
1342 3374 1560 3409 Benedicttnts
1574 3375 1723 3408 restituta
1739 3379 1827 3407 sunt.
1843 3390 1883 3398 -
1897 3374 1909 3393 ²
1926 3373 2003 3415 Cap.
2019 3382 2076 3415 vn,
2092 3373 2177 3416 opp.
2189 3397 2198 3415 ,
2217 3370 2339 3405 t.V1u.
