2638 3866
308 162 359 208 31
374 163 402 208 Ο
1114 155 1285 202 PETRI
1321 157 1635 210 ABAELARDI

307 265 438 312 dono
463 264 549 311 Dei
568 261 704 327 quasi
732 259 792 307 de
809 267 966 306 vestro
987 257 1184 323 proprio
1212 257 1499 320 gloriemini,
1528 257 1661 323 quod
1688 267 1809 307 esset
1824 259 2087 324 sapientem
2108 275 2208 306 esse
2236 258 2325 306 sibi
2349 275 2430 324 po-

305 345 397 391 tius
421 360 563 408 quam
586 345 708 402 Deo,
726 339 777 387 id
799 349 870 387 est
892 338 954 386 ad
973 337 1173 403 gloriam
1189 337 1279 397 sui,
1298 354 1398 385 non
1419 337 1575 385 dantis
1593 338 1874 403 sapientiam
1894 354 2031 386 suam
2046 338 2430 386 accommodare.

308 424 478 470 Haimo
504 441 570 469 :·«
587 419 860 486 Mysterium
886 429 930 466 et
955 435 1028 465 res
1052 417 1261 478 occulta,
1289 427 1336 464 et
1361 428 1597 466 secretum
1626 418 1825 483 aliquod
1845 418 1894 465 in
1919 435 1968 466 se
1993 419 2261 480 continens,
2288 435 2435 482 quare

304 504 491 551 Judaeos
527 501 775 566 quondam
822 498 1109 565 peculiarem
1150 497 1384 563 populum
1417 497 1670 562 abjecerit,
1711 509 1757 547 et
1787 498 1998 547 Gentiles
2037 508 2310 565 peccatores
2350 515 2434 564 per

303 583 449 630 fidem
482 582 572 630 sibi
606 581 915 646 copulaverit.
939 601 960 624 »

371 683 393 708 «
425 664 555 710 Sicut
578 662 808 727 scriptum
829 670 914 709 est.
945 679 968 704 »
997 660 1253 723 Origenes¹
1275 677 1285 706 ε
1320 678 1342 703 «
1372 663 1423 706 ln
1447 659 1583 718 Isaia‚
1610 659 1739 707 unde
1762 660 2092 708 testimonium
2118 657 2247 706 istud
2264 659 2435 706 Paulus

301 744 574 810 assumpsit,
597 743 826 808 scriptum
847 751 916 789 est
931 743 945 765 ²
964 759 973 788 ε
1000 762 1022 785 «
1039 740 1210 787 Veniet
1228 750 1428 806 propter
1449 740 1582 799 Sion,
1608 759 1629 783 υ
1649 750 1695 788 et
1719 741 1853 806 quod
1877 742 1942 788 ait
1964 740 2043 788 hic
2066 758 2075 787 :
2100 759 2122 784 «
2140 741 2261 787 Cum
2278 738 2434 808 abstu-

305 824 450 888 «lero
476 833 671 890 peccata
694 839 879 881 eorum,
901 842 924 866 2>
945 821 1011 868 ibi
1030 821 1231 868 omnino
1256 821 1488 886 scriptum
1507 837 1606 868 non
1628 831 1713 868 est.
1738 822 1950 887 Apostoli
1973 831 2131 869 tamen
2157 820 2433 868 auctoritate

301 914 644 970 praesumptum
662 913 747 951 est.
769 923 791 947 ))
815 903 948 964 Sion,
970 902 1018 948 id
1044 911 1114 948 est
1137 902 1398 948 Jerusalem
1418 918 1508 966 pro
1532 901 1694 948 Judaea
1713 902 1866 967 ponit,
1886 910 2071 967 partem
2093 899 2313 947 videlicet
2329 917 2433 964 quae

298 995 441 1050 caput
460 986 593 1049 regni
615 995 701 1046 est,
731 1000 820 1049 pro
850 992 952 1029 toto
980 983 1104 1047 ipso.
1139 984 1197 1030 Et
1221 981 1314 1029 tale
1339 991 1409 1028 est
1431 981 1566 1045 quod
1588 981 1721 1043 dicit,
1752 982 1950 1030 «veniet
1977 981 2039 1029 de
2067 979 2247 1039 Judaea,
2274 1000 2296 1023 >³
2325 996 2434 1027 nas-

297 1065 452 1112 cendo
482 1065 659 1112 scilicet
688 1065 736 1111 in
769 1080 840 1120 ea,
882 1063 963 1127 qui
994 1062 1183 1109 Judaeos
1218 1063 1389 1122 salvet,
1425 1061 1498 1108 vel
1531 1062 1798 1109 secundum
1833 1062 2047 1126 Origenis
2081 1059 2249 1121 verba,
2274 1061 2432 1108 veniet

294 1157 492 1212 propter
514 1146 648 1204 Sion,
674 1144 724 1191 id
757 1153 827 1191 est
852 1143 1153 1204 salvandum,
1185 1143 1305 1189 sicut
1327 1141 1614 1190 determinat
1637 1142 1801 1191 dicens
1828 1162 1838 1190 :
1870 1162 1892 1185 ε(
1923 1142 2019 1200 Qui
2040 1141 2207 1206 eripiat
2237 1159 2260 1185 »
2291 1157 2396 1188 eam
2416 1177 2428 1199 ,

294 1235 340 1272 et
363 1225 532 1273 liberet
555 1242 582 1271 a
604 1224 878 1289 captivitate
901 1222 1080 1270 diaboli
1106 1223 1204 1269 sive
1228 1222 1345 1286 jugo
1368 1223 1552 1287 peccati
1569 1259 1581 1282 ,
1611 1222 1743 1286 quod
1776 1223 1986 1270 animam
2017 1222 2225 1286 captivat
2252 1237 2280 1268 a
2307 1224 2428 1268 Deo.

295 1309 351 1352 Et
373 1305 469 1352 hoc
487 1305 644 1352 statim
668 1303 886 1369 aperiens
910 1303 1026 1350 dicit
1047 1321 1057 1350 ε
1090 1322 1111 1344 «
1142 1305 1199 1349 Et
1220 1311 1400 1349 avertat
1425 1302 1719 1367 impietatem
1742 1319 1770 1350 a
1793 1302 1958 1363 Jacob,
1991 1322 2014 1346 »
2037 1301 2087 1348 id
2110 1311 2180 1348 est
2201 1317 2227 1348 a
2249 1301 2431 1367 populo

290 1386 580 1433 Judaeorum.
611 1388 868 1431 Possumus
894 1383 1038 1430 etiam
1073 1382 1140 1429 sic
1171 1381 1483 1445 distinguere,
1513 1383 1682 1448 eripiat
1715 1383 1942 1431 sciliceta
1966 1391 2164 1448 peccato
2196 1398 2311 1430 cum
2333 1399 2431 1446 quo

290 1467 528 1514 nascimur
564 1464 799 1529 originali,
835 1464 911 1511 vel
944 1480 1002 1510 eo
1033 1462 1166 1526 quod
1198 1463 1299 1527 ipse
1336 1463 1386 1509 in
1411 1463 1478 1510 eis
1507 1462 1718 1524 invenit,
1755 1472 1803 1510 et
1834 1472 2015 1511 avertat
2047 1479 2076 1510 a
2105 1461 2299 1526 reliquis
2327 1479 2432 1526 quae

288 1547 590 1594 commissuri
616 1555 795 1604 essent,
823 1545 910 1591 nisi
943 1544 1042 1609 ipse
1075 1543 1152 1590 illa
1184 1552 1434 1590 averteret.
1474 1542 1676 1590 Attende
1709 1560 1820 1590 cum
1856 1543 1971 1590 dicit
2003 1559 2113 1591 eum
2138 1542 2429 1590 nasciturum

288 1629 335 1673 in
356 1627 534 1687 Judaea,
559 1626 632 1673 vel
655 1633 853 1690 propter
870 1624 982 1671 Sion
1007 1633 1281 1682 venturum,
1305 1623 1568 1687 quamdam
1584 1624 1633 1670 in
1652 1623 1826 1671 Judaeis
1850 1623 2050 1688 gloriam
2070 1622 2432 1688 ascribere,qua

287 1706 543 1772 superbam
569 1705 780 1769 gentium
802 1704 1160 1751 insultationem
1183 1705 1428 1766 reprimat.
1450 1722 1473 1747 «
1496 1705 1553 1749 Et
1571 1702 1668 1750 hoc
1687 1720 1714 1750 a
1732 1720 1808 1751 me
1827 1703 1934 1751 illis.
1956 1722 1979 1749 n
2006 1702 2098 1750 Ubi
2121 1719 2210 1749 nos
2230 1702 2432 1750 dicimus

289 1796 642 1847 testamentum,
678 1786 725 1831 in
758 1784 956 1832 Hebraeo
987 1783 1160 1831 dicitur
1190 1792 1401 1847 pactum,
1429 1782 1479 1829 id
1500 1792 1570 1830 est
1592 1782 1731 1829 firma
1763 1771 2034 1848 promissio.
2064 1782 2229 1829 «Dicit
2258 1784 2432 1830 Domi·-

286 1885 391 1914 nus.
418 1888 440 1911 »
474 1869 595 1914 Nam
617 1875 664 1913 et
686 1882 791 1930 quae
824 1873 1108 1912 testamento
1137 1861 1486 1910 confirmantur
1516 1863 1722 1910 maxime
1759 1862 1944 1910 stabilia
1979 1872 2092 1911 sunt
2117 1881 2127 1909 z
2154 1863 2426 1927 promissio,

287 1950 510 2012 iuquam,
544 1957 659 1993 tunc
688 1945 950 2011 implenda.
984 1965 1006 1988 α
1028 1945 1148 1991 Cum
1179 1942 1440 2002 abstulero,
1466 1963 1488 1986 >³
1516 1943 1565 1990 id
1596 1952 1667 1990 est
1704 1943 1934 1990 remisero
1961 1963 1983 1987 «
2006 1953 2202 2008 peccata
2238 1959 2424 1990 eorum.

290 2049 311 2070 «
331 2027 608 2075 Secundum
627 2025 953 2089 Evangelium.
966 2043 988 2069 »
1006 2024 1085 2071 Isti
1102 2023 1202 2071 duo
1225 2023 1510 2070 nominativi
1529 2022 1734 2088 plurales
1749 2023 1984 2083 «inimici,
2000 2044 2022 2067 ³>
2045 2032 2092 2070 et
2112 2043 2134 2066 «
2150 2023 2381 2070 carissimi
2401 2043 2423 2066 >2

288 2108 416 2155 unde
452 2106 695 2173 pendeant
726 2105 992 2153 secundum
1023 2104 1193 2151 seriem
1220 2103 1590 2150 constructionis
1626 2120 1726 2150 non
1762 2103 1874 2150 satis
1911 2113 2132 2169 apparet,
2165 2103 2256 2150 nisi
2285 2104 2428 2168 longe

287 2188 504 2253 superius
530 2187 592 2235 ad
620 2186 861 2252 praemissa
893 2184 1172 2241 referantur,
1200 2182 1286 2229 ubi
1324 2182 1544 2230 videlicet
1580 2182 1765 2230 dictum
1799 2193 1868 2231 est
1890 2199 1901 2231 ε
1924 2203 1946 2226 «
1969 2186 2163 2242 Quanto
2196 2184 2345 2247 magis
2377 2183 2427 2230 hi

287 2267 554 2315 secundum
576 2277 796 2313 naturam
819 2265 1091 2312 inserentur
1110 2280 1206 2310 suae
1228 2263 1382 2320 olivae,
1405 2283 1427 2306 »
1454 2263 1546 2328 ipsi
1570 2262 1788 2327 quidem,
1815 2264 2032 2328 inquam,
2059 2263 2263 2311 subaudi
2284 2264 2427 2311 etiam

290 2368 312 2392 «
338 2348 532 2405 inimici,
562 2368 583 2390 n
607 2346 757 2394 modo
780 2344 1045 2392 secundum
1070 2343 1380 2407 Evangelium
1400 2353 1598 2408 propter
1619 2360 1723 2406 vos,
1751 2353 1843 2391 etc.
1871 2347 1930 2391 Et
1951 2344 2160 2392 fortassis
2177 2344 2315 2407 juxta
2337 2347 2427 2391 He-

288 2429 458 2477 braicae
482 2428 652 2492 linguae
671 2424 1089 2486 consuetudinem,
1114 2423 1423 2470 nominativis
1452 2423 1555 2469 sine
1582 2423 1734 2470 verbo
1761 2423 1979 2470 absolute
2001 2440 2115 2470 usus
2133 2433 2203 2470 est
2224 2426 2425 2489 Aposto-

287 2509 377 2571 lus,
407 2509 529 2556 sicut
556 2507 625 2555 ibi
646 2507 844 2554 dicitur³
866 2523 875 2551 :
907 2524 929 2548 «
950 2508 1003 2551 ln
1027 2501 1355 2551 convertendo
1382 2502 1637 2561 Dominus,
1662 2522 1684 2546 >2
1710 2512 1758 2550 et
1784 2522 1806 2545 ι(
1824 2503 2056 2550 Dominus
2079 2503 2127 2549 in
2146 2503 2268 2550 coelo
2290 2503 2424 2551 sedes

288 2591 403 2653 ejus.
443 2610 464 2633 ))
505 2592 557 2636 In
594 2585 804 2652 Epistola
837 2583 904 2632 ad
936 2583 1138 2631 Galatas
1164 2583 1266 2647 ipse
1295 2582 1469 2629 Paulus
1505 2580 1566 2628 de
1597 2581 1865 2647 perniciosa
1899 2580 2200 2629 simulatione
2230 2585 2422 2630 Petrum

288 2671 517 2733 arguensb
547 2686 556 2714 ε
590 2688 612 2711 «
644 2667 692 2713 Si
714 2676 784 2727 tu,
812 2664 987 2729 inquit,
1016 2680 1129 2710 cum
1152 2661 1340 2709 Judaeus
1363 2662 1426 2708 sis
1446 2661 1681 2743 gentiliter
1703 2662 1838 2722 vivis,
1865 2671 1912 2709 et
1936 2678 2036 2709 non
2060 2661 2274 2722 Judaice,
2301 2679 2422 2727 quo·

289 2750 436 2797 modo
459 2753 636 2798 Gentes
658 2747 787 2812 cogis
807 2743 1085 2810 judaizare?
1101 2762 1123 2788 »ι
1154 2744 1291 2790 {tem⁵
1318 2761 1328 2789 :
1363 2762 1385 2787 α
1408 2745 1506 2807 Ego
1526 2752 1705 2804 autem,
1732 2743 1915 2802 fratres,
1944 2743 1983 2790 si
2008 2742 2422 2791 circumcisionem

291 2828 446 2876 adhuc
474 2829 700 2894 praedico,
736 2826 854 2891 quid
880 2824 1038 2872 adhuc
1061 2823 1445 2889 persecutionem
1464 2823 1651 2888 patior?
1669 2844 1691 2868 »
1713 2826 1780 2870 Ex
1803 2823 1979 2888 quibus
2003 2834 2202 2890 apparet
2222 2824 2420 2871 Paulum

292 2909 493 2956 maxime
517 2919 563 2956 et
587 2918 782 2956 caeteros
804 2905 1034 2953 libertatis
1055 2903 1346 2968 Evangelicae
1368 2904 1703 2968 praedicatores
1726 2905 1957 2953 maximas
1984 2921 2012 2952 a
2038 2905 2208 2952 Judaeis
2232 2915 2279 2952 et
2306 2921 2421 2951 con·

292 2988 438 3035 versis
464 2988 731 3035 inimicitias
749 2986 980 3033 sustinere
996 2994 1193 3049 propter
1211 2999 1358 3030 onera
1375 2983 1508 3047 legis,
1529 3001 1636 3048 quae
1653 2984 1888 3032 Gentibus
1905 2984 2136 3032 nolebant
2155 2986 2415 3049 imponere,

331 3197 337 3215 ¹
365 3195 509 3233 comm„
525 3193 581 3226 lib.
599 3190 694 3231 V111;
719 3192 819 3233 0pp.‚
842 3196 866 3223 t.
891 3189 954 3231 IV,
975 3199 1007 3231 p.
1027 3190 1100 3222 640.
1115 3188 1288 3229 —21sai.‚
1311 3197 1383 3230 cap.
1402 3198 1469 3231 ux,
1492 3199 1521 3224 v.
1547 3193 1598 3225 20.
1626 3209 1663 3214 -
1688 3190 1841 3224 Ῥεαῑηι.
1858 3199 1954 3235 cxxv,
1972 3200 2003 3224 v.
2031 3190 2211 3231 13Psalm.
2229 3200 2264 3232 x,
2281 3201 2314 3225 v.
2329 3194 2360 3226 5.
2379 3209 2416 3216 -

292 3255 301 3272 ⁴
319 3253 443 3292 Ga⁷at.,
463 3261 533 3293 cap.
556 3260 591 3292 ιι,
608 3259 638 3283 v.
658 3251 707 3283 14.
736 3266 773 3273 -
789 3251 800 3270 ⁵
824 3247 951 3288 Galat„
972 3256 1042 3288 cap.
1063 3256 1092 3285 v,
1112 3255 1142 3279 v.
1164 3249 1212 3279 11.
