2638 3866
912 239 1258 289 THEOLOGIA
1292 241 1660 291 CHRISTlANA.
2270 241 2367 291 383

211 361 267 394 ac
302 359 527 409 reparare
561 342 703 402 valet,
746 351 799 390 ut
834 341 1032 406 maligni
1062 358 1261 409 quoque
1296 337 1491 410 spiritus
1524 354 1767 394 tormenta
1802 362 1908 394 eam
1945 344 2230 412 perturbare
2264 360 2364 393 non

211 435 406 492 queant.
438 428 564 472 Bene
588 424 752 488 itaque
777 423 1084 490 philosophi,
1111 425 1261 472 immo
1289 426 1526 473 Dominus
1551 442 1638 491 per
1661 442 1744 474 eos
1771 426 1820 474 id
1845 427 2041 475 forsitan
2068 427 2363 492 ignorantes,

212 518 308 555 tam
351 505 440 571 ipsi
473 506 644 553 animae
682 504 881 565 mundi,
927 521 1075 568 quam
1116 506 1444 571 superioribus
1487 505 1779 554 firmamenti
1814 506 2031 573 partibus
2069 508 2270 556 nimiam
2311 524 2392 557 ac·

210 604 454 635 summam
473 586 767 634 harmonicae
790 585 1136 633 modulationis
1158 587 1443 635 suavitatem
1463 588 1721 653 assignant,
1749 598 1801 635 ut
1823 598 2003 653 quanta
2022 605 2159 654 pace,
2186 599 2366 654 quanta

213 669 433 726 fruantur
479 667 761 727 concordia,
797 683 945 732 quam
978 665 1252 731 diligentius
1282 677 1481 732 possent
1509 669 1851 734 exprimerent,
1904 679 1951 717 et
1981 686 2125 734 quam
2163 686 2366 717 concor-

211 749 336 797 diter
354 758 528 796 cuncta
546 749 594 795 in
616 747 803 796 mundo
822 748 985 796 divina
1004 747 1234 813 disponat
1250 747 1460 811 bonitas,
1482 765 1628 814 quam
1645 748 1712 796 illi
1731 750 1945 798 animam
1968 751 2157 812 mundi,
2181 752 2366 799 Veritas

211 830 438 894 Spiritum
475 838 719 889 sanctum,
747 838 801 876 ut
823 829 1007 876 dictum
1042 838 1130 887 est,
1158 829 1397 876 nominat.
1424 830 1544 887 Quis
1567 831 1711 878 etiam
1736 831 1771 878 si
1798 830 2051 894 diligenter
2080 831 2362 893 attenderit,

212 926 312 958 non
349 909 701 958 animadvertat
737 909 871 974 quod
907 909 969 957 de
1006 908 1186 957 coelesti
1225 909 1451 957 dixerunt
1484 910 1768 973 harmonia,
1809 928 1914 976 quae
1951 912 1998 958 in
2040 912 2367 978 superioribus

213 992 382 1040 mundi
414 991 632 1058 partibus
663 992 957 1040 incessanter
988 1001 1200 1051 resonat,
1229 1008 1340 1039 cum
1370 991 1585 1040 coelestes
1615 985 1839 1041 videlicet
1868 994 2062 1059 spiritus
2094 1010 2151 1041 ex
2178 994 2366 1041 assidua

212 1073 385 1121 divinae
432 1073 689 1137 majestatis
727 1073 938 1133 visione,
979 1082 1026 1120 et
1056 1089 1244 1119 summa
1279 1073 1487 1121 invicem
1526 1075 1790 1122 concordia
1826 1074 2052 1139 ligentur,
2094 1085 2141 1122 et
2177 1076 2225 1122 in
2266 1076 2367 1138 ejus

212 1172 358 1219 quem
377 1155 680 1220 conspiciunt
704 1153 868 1201 laudes
888 1154 989 1218 jugi
1013 1164 1060 1201 et
1087 1153 1318 1202 ineffabili
1341 1155 1634 1203 exultatione
1659 1156 1776 1203 illud
1798 1156 2057 1204 decantent
2078 1156 2212 1221 quod
2234 1157 2366 1221 juxta

214 1238 383 1284 lsaiam
417 1233 670 1302 Seraphim
702 1235 781 1283 die
816 1252 872 1283 ac
913 1246 1055 1284 nocte
1096 1236 1400 1284 conclamare
1434 1254 1534 1284 non
1573 1241 1810 1285 cessant¹:
1849 1239 2107 1298 «Sanctus,
2146 1240 2364 1298 Sanctus,

213 1320 441 1376 Sanctus,
483 1317 722 1364 Dominus
750 1319 880 1365 Deus
910 1317 1142 1378 Sabaoth,
1182 1327 1272 1364 etc.
1295 1318 1351 1364 Ρ»
1388 1306 1670 1383 Superiores
1698 1318 1859 1382 itaque
1888 1318 2014 1379 coeli,
2040 1318 2090 1365 id
2117 1328 2185 1365 est
2213 1318 2368 1366 firma-

214 1399 380 1458 menti,
410 1407 566 1463 partes
589 1397 758 1445 beatos
782 1397 872 1445 hos
892 1383 1086 1463 spiritus
1109 1399 1183 1445 vel
1208 1414 1378 1445 eorum
1403 1399 1705 1446 mansionem
1731 1399 2054 1464 intelligimus,
2081 1416 2204 1464 quos
2224 1401 2367 1447 etiam

211 1490 394 1545 septem
419 1481 723 1546 planetarum
748 1480 964 1541 nomine,
993 1490 1192 1545 propter
1221 1479 1548 1527 excellentiam
1580 1479 1805 1529 claritatis
1835 1481 2075 1546 ipsorum,
2111 1497 2234 1545 quos
2264 1483 2368 1545 spi-

211 1561 443 1608 ritualiter
465 1560 628 1607 divina
653 1561 819 1625 gratia,
849 1577 955 1624 quae
984 1560 1275 1626 septiformis
1298 1559 1490 1621 dicitur,
1529 1560 1784 1620 illuminat,
1814 1577 1915 1608 non
1951 1561 2221 1625 incongrue
2243 1561 2369 1609 desi-

212 1657 379 1705 gnasse
404 1641 648 1704 videntur,
681 1642 763 1705 qui
796 1650 843 1688 et
873 1640 1000 1688 bene
1023 1640 1154 1709 apud
1187 1642 1355 1689 Isaiam
1388 1641 1658 1706 Seraphim,
1686 1640 1736 1688 id
1760 1651 1828 1688 est
1849 1641 2146 1702 incendium,
2183 1658 2240 1689 ex
2263 1659 2370 1708 spe-

212 1722 321 1769 ciali
355 1722 708 1770 illuminatione
759 1723 919 1786 gratiae
958 1731 1322 1788 nuncupantur.
1370 1722 1600 1787 Superior
1635 1731 1798 1769 autem
1833 1738 2004 1769 eorum
2043 1722 2231 1768 mansio
2273 1733 2369 1770 tam

212 1803 459 1866 dignitate,
498 1820 647 1868 quam
684 1803 928 1869 positione
957 1802 1166 1850 dicenda
1190 1802 1400 1862 videtur,
1433 1812 1577 1867 atque
1605 1802 1658 1848 hi
1680 1803 1764 1867 qui
1797 1800 2137 1867 superbierunt
2166 1804 2214 1849 in
2240 1803 2371 1851 hunc

211 1883 527 1946 caliginosum
573 1893 620 1930 et
660 1883 867 1930 densum
908 1899 1069 1930 aerem
1117 1883 1299 1930 detrusi
1342 1883 1589 1942 dicuntur,
1633 1883 1718 1948 qui
1755 1883 1850 1930 loci
1889 1899 2086 1947 quoque
2130 1883 2370 1948 positione

212 1964 409 2011 inferior
432 1965 554 2013 sicut
577 1974 623 2012 et
648 1964 998 2012 inhabitatione
1021 1963 1250 2024 deterior,
1279 1964 1451 2011 inferni
1475 1965 1675 2011 nomine
1700 1981 1799 2011 non
1823 1964 2196 2011 inconveniente
2218 1965 2371 2029 accipi

211 2057 384 2113 potest.
414 2052 541 2095 Bene
564 2050 709 2096 etiam
734 2048 863 2095 beati
897 2048 1091 2113 spiritus
1124 2047 1209 2109 illi,
1247 2048 1345 2096 sive
1377 2065 1587 2113 superna
1618 2048 1813 2095 illorum
1849 2047 2037 2094 mansio
2063 2047 2369 2095 firmamento

212 2139 539 2195 comparatur,
574 2129 657 2194 qui
689 2130 859 2177 ceteris
890 2146 977 2195 per
1013 2129 1290 2194 superbiam
1325 2128 1679 2187 corruentibus,
1716 2128 1810 2175 hoc
1845 2129 1894 2175 in
1928 2145 2022 2175 suae
2060 2127 2299 2175 fidelitatis
2324 2139 2370 2176 et

211 2211 521 2258 humanitatis
554 2210 996 2257 remunerationem
1030 2219 1340 2275 acceperunt,
1379 2220 1432 2257 ut
1460 2210 1527 2256 sic
1560 2210 1608 2255 in
1634 2209 2043 2275 contemplatione
2073 2209 2244 2256 divinae
2268 2226 2370 2256 ma-

206 2291 387 2356 jestatis
423 2291 750 2351 firmarentur,
789 2299 840 2337 ut
878 2290 1081 2337 omnino
1115 2290 1314 2337 ulterius
1349 2289 1446 2337 labi
1481 2307 1582 2337 non
1619 2301 1818 2355 queant.
1860 2290 1999 2337 Unde
2028 2290 2288 2354 Gregorius
2319 2291 2367 2336 in

211 2370 298 2418 Job
320 2370 445 2418 libro
468 2373 615 2419 XXVI
634 2389 644 2417 :
660 2389 683 2418 ς(
699 2371 852 2432 Prius,
879 2371 1055 2435 inquit,
1086 2368 1264 2418 coelum
1286 2370 1464 2418 factum
1495 2370 1686 2432 dicitur,
1718 2380 1764 2418 et
1788 2370 1882 2418 hoc
1902 2370 2031 2418 idem
2055 2369 2368 2436 postmodum

213 2451 569 2500 firmamentum
599 2461 816 2512 vocatur,
843 2453 957 2516 quia
981 2461 1154 2499 natura
1179 2451 1395 2515 angelica
1420 2461 1466 2499 et
1493 2451 1627 2517 prius
1653 2450 1838 2498 subtilis
1861 2461 1931 2498 est
1961 2451 2008 2498 in
2042 2452 2369 2517 superioribus

211 2533 424 2594 condita,
447 2543 493 2580 et
513 2542 623 2599 post
643 2549 706 2580 ne
732 2549 965 2597 umquam
983 2542 1147 2598 posset
1169 2531 1360 2592 cadere,
1393 2531 1657 2579 mirabilius
1676 2530 1977 2579 confirmata.
2007 2551 2031 2577 »
2066 2532 2199 2579 Idem
2224 2550 2367 2595 saper

212 2614 503 2660 Ezechielem
537 2613 770 2661 homilia:
799 2633 822 2658 «
846 2614 1198 2661 Creavit-Deus
1231 2612 1431 2674 coelum,
1472 2613 1605 2677 quod
1639 2612 1955 2678 postmodum
1990 2613 2180 2659 vocavit
2210 2610 2367 2659 firma·

214 2704 455 2742 mentum.
496 2694 682 2741 Coelum
705 2710 820 2757 ergo
845 2694 1037 2740 suerunt
1059 2693 1112 2740 hi
1135 2693 1219 2756 qui
1242 2694 1376 2758 prius
1406 2692 1533 2740 bene
1564 2703 1676 2740 sunt
1702 2692 1905 2752 conditi,
1948 2692 2032 2739 sed
2056 2691 2368 2757 postmodum

215 2774 571 2821 firmamentum
610 2774 835 2839 appellati
866 2784 996 2833 sunt,
1026 2774 1138 2838 quia
1165 2790 1227 2820 ne
1258 2773 1461 2820 omnino
1486 2773 1586 2837 jam
1620 2772 1864 2834 caderent,
1892 2773 2065 2833 virtute
2095 2773 2367 2819 iucommu-

214 2856 458 2904 tabilitatis
482 2861 822 2920 acceperunt.»'
849 2856 972 2903 lllud
995 2872 1192 2920 quoqne
1216 2853 1352 2919 quod
1375 2855 1436 2901 ait
1467 2854 1617 2911 Plato,
1644 2854 1855 2901 animam
1869 2854 2076 2902 locatam
2091 2871 2191 2902 esse
2214 2871 2240 2901 a
2263 2857 2368 2902 Deo

214 2940 262 2984 in
303 2936 557 2984 medietate
594 2935 792 2996 mundi,
836 2953 1041 3001 eamque
1077 2953 1163 3001 per
1201 2951 1399 2987 omnem
1439 2934 1639 2999 globum
1681 2936 1916 2983 terrestris
1955 2935 2087 2982 orbis
2125 2935 2368 3000 aequaliter

213 3017 411 3082 porrigi,
437 3017 603 3082 pulcre
618 3016 834 3080 designat
848 3016 1052 3080 gratiam
1070 3015 1159 3062 Dei
1172 3015 1401 3063 omnibus
1417 3015 1741 3063 communiter
1759 3015 1991 3079 oblatam,
2008 3010 2200 3077 cuncta,
2223 3027 2367 3083 prout

214 3098 404 3146 salubre
427 3108 497 3146 est
524 3097 599 3145 vel
622 3113 840 3163 aequum,
871 3096 1079 3161 benigne
1105 3097 1154 3143 in
1174 3096 1267 3144 hac
1292 3113 1465 3161 magna
1494 3097 1644 3145 domo
1672 3114 1758 3145 sua
1779 3114 1863 3145 seu
1886 3097 2067 3163 templo
2087 3097 2363 3164 disponere.

216 3180 298 3226 His
331 3189 493 3227 autem
528 3178 646 3226 illud
683 3177 794 3226 libri
833 3178 1088 3243 Sapientiae
1122 3187 1284 3243 aperte
1312 3177 1589 3226 concinit²z
1637 3199 1659 3222 «
1690 3177 1893 3243 Spiritus
1931 3177 2129 3226 Domini
2167 3179 2366 3244 replevit

257 3365 263 3384 ¹
282 3362 373 3403 lsai..
391 3372 462 3405 cap.
483 3372 528 3404 vi,
543 3374 573 3398 v.
597 3366 625 3398 3.
656 3382 695 3389 —
716 3365 728 3384 ²
743 3364 846 3405 Sap.,
870 3372 943 3406 cap.
964 3371 987 3404 ι,
1005 3371 1035 3396 v.
1054 3365 1084 3397 7.
