2638 3866
809 241 1070 289 EPITOME
1104 241 1467 292 THEOLOGIAE
1501 242 1889 292 CHRISTIANAE.
2334 244 2428 290 577

283 344 499 403 accipiunt
524 357 534 384 ε
561 342 633 400 qui
657 352 801 385 autem
821 342 935 396 ficte,
958 354 1126 386 tantum
1144 356 1473 388 sacramentum.
1498 344 1627 388 Unde
1650 346 1684 388 si
1706 346 1968 405 resipiscant,
1997 344 2095 403 quia
2117 355 2430 387 sacramentum

282 409 510 468 recipiunt,
545 423 625 451 nec
662 418 812 467 postea
845 408 1134 468 baptizantur.
1170 411 1234 453 De
1270 410 1425 469 quibus
1460 422 1606 454 tamen
1636 412 1897 471 Augustinus
1931 409 2149 469 quandam
2181 410 2431 470 opinionem

282 475 422 535 ponit,
454 474 554 533 quia
577 489 666 516 non
692 472 863 517 videtur
891 485 1226 518 consentaneum
1249 491 1362 529 esse,
1387 476 1507 536 quod
1529 477 1707 536 Spiritus
1725 488 1894 519 sanctus
1924 475 2158 519 efficaciam
2188 492 2309 519 suam
2342 492 2430 519 non

285 540 443 584 debeat
473 555 641 600 semper
672 539 856 593 habere,
892 551 935 583 et
965 539 1065 583 ideo
1097 541 1215 593 dicit,
1241 539 1359 600 quod
1390 544 1424 585 si
1446 542 1520 586 fiat
1541 543 1602 586 eis
1629 553 1903 602 peccatorum
1939 542 2156 595 remissio,
2196 542 2253 584 ad
2281 543 2433 585 horam

284 607 455 658 transit,
482 616 526 649 et
546 607 629 649 hoc
650 616 729 659 est,
754 605 874 664 quod
905 606 995 665 ipse
1018 604 1122 649 dicit
1142 621 1151 649 :
1178 607 1279 650 Non
1301 608 1534 668 impeditur
1556 608 1685 651 etiam
1707 608 1897 651 fraterno
1920 607 2024 651 odio
2046 607 2181 668 gratia
2204 607 2432 667 baptismi3

284 676 461 719 solvitur
482 675 599 718 enim
613 675 836 718 hesternus
857 673 962 725 dies,
987 685 1030 718 et
1051 685 1209 718 cetera.
1234 676 1338 719 Haec
1359 676 1522 719 ablutio
1546 675 1778 737 significata
1801 687 1864 720 est
1879 677 1924 718 in
1946 675 2168 719 Ezechiele
2188 677 2399 736 propheta
2420 692 2430 719 ε

286 741 470 784 Lavatur
493 755 604 799 aqua
618 772 630 794 ‚
653 740 827 800 ungitur
848 739 971 795 oleo,
995 741 1174 784 vestitur
1203 740 1502 796 discoloribus,
1524 742 1615 785 hoc
1645 753 1708 786 est
1734 758 1744 785 ε
1771 742 1913 784 anima
1941 740 2099 795 fidelis,
2129 757 2224 801 quae
2246 753 2295 784 ut
2314 743 2433 802 regio

286 806 486 866 amplexu
517 807 571 849 sit
593 805 744 866 digna,
775 806 1010 850 mundatur
1043 805 1169 850 sorde
1197 808 1386 866 peccati.
1419 808 1552 869 gratia
1589 808 1761 868 ungitur
1789 807 1890 860 olei,
1924 806 1970 850 id
2000 817 2086 860 est,
2114 806 2162 850 fit
2190 808 2434 851 membrum

283 870 454 916 Christi.
480 873 670 915 Christus
695 872 814 915 enim
835 873 1061 916 chrismate
1089 883 1244 916 unctus
1268 872 1438 927 dicitur,
1468 875 1644 917 vestitur
1675 872 1980 926 discoloribus,
2012 871 2187 916 diversis
2207 873 2434 917 virtutibus

286 948 479 981 ornatur.
503 940 567 983 De
582 939 667 982 hoc
687 949 973 993 sacramento,
992 939 1100 982 sicut
1123 938 1178 982 de
1199 938 1310 993 aliis,
1336 939 1573 982 videndum
1596 950 1676 994 est,
1699 939 1800 998 quia
1822 938 1929 981 nihil
1949 937 2105 992 refert,
2132 953 2158 980 a
2178 954 2434 998 quocunque

287 1003 414 1047 detur
443 1004 656 1056 ministro,
687 1005 786 1064 quia
814 1004 1007 1048 minister
1029 1004 1264 1057 ministrat,
1298 1006 1487 1049 Christus
1513 1005 1703 1066 baptizat
1727 1020 1736 1048 :
1763 1004 1879 1048 unde
1908 1005 1979 1048 hic
2011 1014 2095 1056 est,
2125 1005 2199 1063 qui
2228 1004 2431 1063 baptizat.

287 1068 560 1130 Quapropter
588 1071 674 1113 sive
704 1070 758 1113 ab
781 1071 990 1113 haereticis
1018 1071 1105 1113 sive
1129 1086 1154 1113 a
1173 1069 1292 1113 laicis
1317 1071 1404 1115 sive
1427 1071 1558 1114 etiam
1581 1087 1606 1114 a
1627 1070 1880 1114 mulieribus
1908 1070 2157 1114 necessitate
2184 1070 2435 1114 imminente

289 1133 440 1190 detur,
475 1152 693 1195 nunquam
723 1137 966 1180 reiteretur.
999 1137 1063 1179 De
1086 1135 1227 1180 verbis
1249 1136 1331 1180 illis
1362 1137 1497 1196 quaeri
1529 1137 1658 1191 solet,
1682 1139 1802 1195 cujus
1822 1137 1919 1185 sint,
1955 1152 2010 1179 an
2044 1135 2202 1179 scilicet
2233 1136 2355 1195 pueri
2379 1153 2433 1179 an

286 1202 460 1259 patrini.
495 1203 792 1261 Cujuscunque
821 1201 1035 1262 siquidem
1059 1202 1143 1245 sint
1172 1201 1246 1244 illa
1266 1203 1422 1257 verba,
1451 1203 1623 1246 mentiri
1653 1213 1768 1246 certe
1791 1202 1978 1256 videtur,
2010 1202 2084 1261 qui
2111 1201 2358 1262 respondet.
2392 1202 2436 1245 Si

287 1267 403 1309 enim
426 1266 482 1311 de
503 1283 548 1311 se
569 1268 831 1328 respondeat
855 1283 865 1311 z
890 1267 1003 1311 Volo
1035 1268 1266 1327 baptizari,
1298 1269 1506 1313 mentitur
1529 1269 1703 1328 quidem
1717 1302 1728 1322 ,
1756 1269 1856 1328 quia
1885 1284 1975 1311 non
2004 1268 2049 1310 in
2080 1268 2337 1311 conscientia
2360 1284 2436 1311 sua

287 1332 412 1391 gestit
433 1333 543 1377 velle
563 1334 788 1393 baptizari.
815 1333 859 1376 Si
874 1334 978 1377 item
995 1333 1050 1376 de
1072 1349 1208 1393 puero
1230 1333 1361 1389 dicat,
1384 1350 1465 1378 nec
1480 1351 1508 1379 a
1531 1334 1758 1378 mendacio
1776 1335 1945 1392 penitus
1957 1334 2149 1377 excusari
2169 1344 2325 1392 potest.
2350 1333 2436 1376 Scit

287 1397 404 1440 enim
433 1399 583 1458 procul
611 1399 771 1454 dubio,
804 1400 944 1459 ipsum
970 1415 1153 1459 puerum
1183 1399 1361 1459 quidem
1383 1401 1495 1444 hanc
1519 1400 1786 1443 voluntatem
1817 1415 1907 1442 non
1936 1399 2113 1452 habere,
2146 1399 2304 1458 quippe
2337 1414 2436 1442 cum

287 1462 444 1506 nullius
466 1464 696 1509 voluntatis
720 1466 773 1508 sit
798 1481 992 1525 compos.
1018 1464 1149 1520 Quod
1168 1465 1269 1520 hoc,
1293 1466 1486 1525 inquam,
1511 1465 1621 1509 nolit
1637 1481 1760 1525 puer,
1780 1465 1882 1509 inde
1905 1465 2028 1508 facile
2047 1475 2187 1524 potest
2207 1465 2433 1524 perpendi,

287 1528 407 1587 quod
428 1541 636 1588 quantum
664 1542 805 1590 potest
835 1531 1091 1574 recalcitrat.
1125 1531 1207 1588 Sed
1244 1531 1440 1585 dicimus,
1476 1531 1594 1591 quod
1623 1532 1817 1591 patrinus
1847 1532 1892 1574 in
1921 1546 2107 1590 persona
2138 1530 2202 1572 sui
2229 1530 2433 1589 loquitur.

287 1595 396 1637 Cum
418 1606 563 1639 autem
592 1597 651 1639 ait
676 1613 686 1639 z
710 1595 869 1650 Credo,
906 1596 988 1640 tale
1023 1607 1086 1640 est
1108 1613 1157 1640 ac
1193 1598 1229 1640 si
1260 1596 1397 1651 dicat,
1427 1597 1559 1641 talem
1580 1597 1712 1641 fidem
1732 1597 1891 1652 habeo,
1917 1612 1994 1656 per
2024 1611 2154 1655 quam
2181 1596 2251 1639 hic
2285 1595 2438 1639 salvari

287 1671 445 1719 potest.
470 1663 581 1705 Cum
603 1662 795 1706 similiter
824 1661 1057 1722 respondet
1083 1679 1093 1706 ε
1124 1663 1237 1705 Volo
1260 1663 1491 1723 baptizari,
1522 1679 1669 1706 sensus
1690 1675 1777 1717 est,
1801 1663 1926 1716 volo,
1950 1673 1999 1705 ut
2027 1662 2105 1705 iste
2131 1661 2369 1720 baptizetur
2392 1663 2436 1704 in

287 1725 373 1770 fide
395 1742 509 1771 mea.
535 1728 768 1772 Servantur
786 1739 933 1772 tamen
955 1728 1088 1771 verba
1109 1728 1232 1788 pueri
1257 1729 1415 1788 ipsius,
1440 1739 1488 1770 ut
1508 1744 1562 1772 ex
1586 1728 1811 1772 identitate
1832 1728 2067 1771 verborum
2094 1727 2217 1786 pueri
2237 1726 2439 1771 identitas

287 1793 445 1851 patrini
468 1793 524 1836 ad
544 1809 727 1853 puerum
748 1804 939 1837 notetur,
964 1794 1029 1837 De
1048 1794 1131 1836 hac
1153 1793 1293 1836 forma
1315 1793 1539 1837 sciendum
1560 1805 1639 1848 est,
1664 1794 1783 1853 quod
1805 1793 1965 1853 ubique
1989 1791 2198 1836 servanda
2222 1803 2301 1836 est.
2326 1794 2440 1837 Dicit

286 1870 432 1901 tamen
453 1858 605 1902 beatus
628 1860 905 1916 Ambrosius,
929 1860 976 1902 in
999 1859 1175 1903 nomine
1197 1859 1352 1902 Christi
1366 1859 1574 1918 baptizari
1593 1875 1739 1919 posse,
1764 1860 1866 1919 quia
1881 1859 1944 1902 ibi
1963 1858 2149 1902 Trinitas
2171 1857 2436 1918 intelligitur.

286 1924 339 1965 In
362 1924 539 1968 nomine
561 1924 698 1968 Patris
711 1957 722 1976 ‚
746 1936 790 1968 et
810 1925 923 1980 Filii,
949 1935 993 1968 et
1015 1924 1197 1984 Spiritus
1219 1925 1376 1979 sancti,
1400 1924 1447 1967 id
1466 1935 1545 1979 est,
1572 1925 1845 1968 invocatione
1867 1924 1994 1979 illius,
2026 1924 2096 1967 cui
2117 1924 2223 1966 nihil
2245 1925 2439 1968 resistere

288 1999 444 2049 potest,
470 1991 543 2050 qui
566 1991 714 2034 omnia
736 1991 950 2051 sapienter
971 1991 1074 2053 agit,
1099 1991 1173 2052 qui
1195 1990 1250 2034 de
1274 1990 1476 2034 omnibus
1498 1990 1655 2036 eodem
1679 1990 1813 2036 modo
1839 1990 2066 2050 provenire
2096 1989 2212 2044 facit,
2237 2005 2323 2049 quo
2346 2006 2440 2033 me-

288 2055 369 2098 lius
390 2055 493 2099 inde
513 2066 657 2116 potest
675 2057 861 2102 evenire..

348 2120 452 2165 Post
473 2122 558 2166 hoc
574 2134 888 2167 sacramentum
906 2124 1098 2184 sequitur
1114 2123 1257 2180 aliud3
1282 2124 1402 2183 quod
1418 2124 1595 2183 qui-dem
1608 2124 1744 2180 majus
1766 2135 1829 2166 est
1845 2132 2055 2182 quantum
2071 2121 2128 2164 ad
2146 2121 2439 2163 ministrorum

291 2187 570 2247 dignitatem3
602 2189 687 2232 hoc
714 2190 831 2233 enim
854 2206 880 2232 a
905 2191 1082 2233 summis
1104 2189 1380 2250 pontificibus
1404 2189 1603 2243 traditur,
1635 2190 1744 2232 sicut
1766 2205 1789 2233 a
1818 2188 1917 2232 solis
1931 2187 2148 2248 Apostolis
2170 2186 2435 2230 tradebatur.

290 2252 412 2296 Prius
442 2265 506 2297 est
533 2255 697 2308 unctio,
720 2266 871 2314 postea
901 2256 1091 2315 sequitur
1113 2254 1409 2299 Confirmatio.
1446 2256 1514 2298 Ibi
1535 2265 1759 2315 peccatum
1790 2254 2034 2308 dimittitur,
2057 2253 2128 2295 hic
2151 2252 2299 2313 gratiae
2323 2250 2438 2294 dona

290 2317 464 2362 dantur.
482 2320 596 2363 Nam
614 2320 685 2364 hie
705 2320 778 2366 illa
796 2321 932 2381 gratia
953 2320 1105 2381 procul
1126 2321 1262 2365 dubio
1286 2321 1428 2375 datur,
1454 2337 1539 2380 qua
1555 2331 1706 2363 contra
1726 2319 1895 2380 singula
1908 2320 2028 2372 vitia,
2047 2319 2125 2362 etsi
2141 2334 2230 2361 non
2253 2333 2434 2377 semper,

290 2384 550 2446 quandoque
583 2396 730 2429 tamen
760 2397 991 2447 pugnatur.
1020 2387 1096 2430 Est
1118 2397 1264 2430 autem
1285 2387 1420 2447 gratia
1442 2387 1515 2430 illa
1546 2386 1666 2445 quasi
1687 2396 1904 2429 armatura
1931 2384 2145 2443 quaedam,
2176 2399 2260 2443 qua
2288 2384 2334 2425 in
2355 2383 2438 2425 hoc

291 2450 462 2495 deserto
479 2462 576 2512 post
598 2452 825 2495 transitum
841 2453 1044 2513 baptismi
1067 2464 1219 2496 contra
1240 2453 1341 2496 vitia
1355 2468 1660 2513 repugnamus.
1685 2452 1805 2495 Sicut
1825 2451 1942 2494 euim
1957 2450 2187 2494 submersis
2207 2448 2435 2508 AEgyptiis,

291 2531 316 2558 a
339 2527 461 2577 tergo
495 2518 774 2577 sequentibus
805 2517 914 2561 filios
942 2519 1091 2573 Israel,
1125 2518 1198 2562 alii
1220 2519 1364 2562 hostes
1394 2534 1473 2578 per
1496 2518 1714 2561 desertum
1735 2532 1810 2560 eos
1841 2525 2222 2576 oppugnaverunt,
2253 2515 2312 2557 sic
2338 2514 2438 2555 sub-

288 2596 429 2625 merso
454 2582 630 2627 diabolo
652 2584 699 2626 in
721 2583 994 2644 baptismate,
1028 2585 1102 2645 qui
1123 2585 1312 2644 primum
1339 2600 1418 2627 nos
1439 2583 1762 2642 insequebatur,
1787 2582 1924 2625 multa
1946 2582 2070 2624 nobis
2087 2596 2164 2640 per
2194 2580 2318 2636 hujus
2340 2579 2437 2620 vitae

290 2646 508 2691 desertum
533 2650 637 2692 vitia
664 2650 885 2724 resistunt,
916 2661 1066 2693 contra
1102 2665 1197 2709 quae
1234 2649 1369 2708 gratia
1396 2650 1442 2693 in
1462 2650 1548 2692 hoc
1578 2658 1846 2691 sacramento
1877 2647 1979 2690 data
2002 2646 2120 2705 quasi
2152 2656 2367 2688 armatura
2395 2655 2439 2686 et

290 2713 530 2757 munitione
553 2714 742 2773 quadam
763 2716 998 2760 munimur.
1016 2716 1230 2770 Quocirca
1250 2713 1401 2774 procul
1426 2714 1560 2757 dubio
1582 2713 1805 2756 sciendum
1826 2723 1890 2755 est
1910 2712 2028 2771 quod
2049 2722 2344 2770 quantumque
2365 2710 2436 2752 in-

290 2776 445 2837 dignus
474 2780 527 2821 sit
548 2780 797 2839 episcopus,
820 2782 866 2825 in
888 2781 1209 2824 consecratione
1239 2791 1387 2823 tamen
1412 2780 1453 2823 ei
1471 2780 1566 2823 haec
1593 2778 1773 2822 facultas
1794 2777 2037 2832 exhibetur,
2063 2787 2112 2819 ut
2139 2792 2216 2836 per
2247 2776 2439 2818 ministe-

290 2843 402 2886 rium
421 2844 515 2887 haec
538 2846 674 2904 gratia
691 2845 832 2889 detur.
859 2846 976 2889 Sicut
998 2845 1053 2889 de
1073 2846 1236 2905 Caipha
1250 2845 1451 2897 habetur,
1477 2845 1577 2903 quia
1600 2859 1699 2886 cum
1723 2854 1832 2887 esset
1852 2842 2047 2902 pontifex
2071 2842 2173 2884 anni
2194 2841 2321 2895 illius,
2347 2856 2438 2884 non

290 2924 486 2968 personae
508 2909 584 2953 sed
609 2909 807 2971 dignitati
831 2912 965 2971 gratia
987 2910 1273 2970 prophetandi
1303 2909 1404 2952 data
1433 2920 1511 2953 est.
1541 2911 1650 2953 Cum
1673 2909 1790 2952 enim
1811 2910 1856 2951 in
1878 2924 1922 2951 se
1946 2907 2100 2968 dignus
2122 2923 2212 2950 non
2234 2917 2359 2958 esset,
2384 2921 2436 2949 ex

291 2974 434 3018 officio
456 2986 602 3021 tamen
624 2977 916 3036 prophetavit,
941 2987 984 3020 et
1004 2977 1164 3036 Spiritu
1179 2987 1331 3019 sancto
1347 2975 1456 3019 dixit
1476 2991 1486 3018 ε
1503 2974 1688 3035 Expedit
1708 2973 1848 3027 vobis,
1875 2984 1922 3016 ut
1943 2989 2070 3027 unus,
2096 2984 2140 3022 et
2158 2983 2315 3016 cetera.

453 3406 481 3429 u
2227 3389 2277 3425 73
