2638 3866
667 247 880 294 ETHlCA
916 246 1024 294 SEU
1059 246 1233 293 LIBER
1265 245 1472 294 DlCTUS
1500 263 1511 291 :
1538 244 1703 293 SCITO
1737 243 2003 293 TElPSUM.
2311 245 2407 292 617

268 348 495 413 injustam
515 364 685 396 eorum
714 348 954 396 actionem
979 365 1125 413 quam
1148 347 1392 396 habebant
1413 349 1461 395 in
1494 346 1777 413 lapidandO,
1805 357 2055 413 peccatum
2090 345 2225 394 dixit.
2264 344 2409 404 Quod

268 429 466 494 quidem
499 429 699 493 rogabat
732 429 800 476 eis
834 444 935 476 non
972 429 1141 491 statui,
1167 428 1263 477 hoc
1289 439 1376 491 est,
1404 438 1601 495 propter
1625 428 1721 475 hoc
1755 444 1840 475 eos
1864 444 1956 475 nec
1980 427 2296 493 corporaliter
2326 441 2413 490 pu-

269 510 379 558 niri.
417 512 550 576 Saepe
573 510 751 558 etenim
774 511 902 556 Deus
925 508 1113 573 aliquos
1142 509 1223 557 hic
1245 511 1559 575 corporaliter
1587 510 1747 575 punit,
1780 508 1911 557 nulla
1944 525 2114 557 eorum
2145 507 2287 574 culpa
2316 506 2411 553 hoc

270 591 504 656 exigente,
538 607 629 639 nec
656 601 816 638 tamen
846 589 950 636 sine
978 604 1140 649 causa,
1167 590 1314 637 veluti
1335 607 1447 638 cum
1463 590 1603 654 justis
1625 589 1768 637 etiam
1800 588 2083 637 afflictiones
2113 588 2326 636 immittit
2351 586 2411 633 ad

271 671 480 737 aliquam
511 688 682 719 eorum
705 671 1038 735 purgationem
1065 670 1138 717 vel
1164 668 1517 735 probationem,
1541 669 1615 718 vel
1640 670 1829 735 aliquos
1850 685 1963 717 cum
1985 669 2130 734 affligi
2154 667 2409 735 permittit,

271 763 324 800 ut
348 752 661 819 postmodum
681 751 798 798 hinc
820 750 1100 810 liberentur,
1125 760 1172 798 et
1204 768 1261 799 ex
1283 750 1458 799 collato
1482 749 1720 799 beneficio
1756 749 2064 815 glorificetur,
2093 750 2214 798 sicut
2244 751 2295 796 in
2329 747 2413 796 illo

270 850 397 882 caeco
419 841 583 881 actum
605 841 694 892 est,
720 831 782 880 de
804 848 903 897 quo
927 832 1029 897 ipse
1051 831 1166 879 ait¹2
1191 851 1213 876 «
1243 834 1408 897 Neque
1430 833 1510 879 hic
1532 832 1768 897 peccavit,
1794 847 1953 896 neque
1975 841 2197 896 parentes
2219 831 2339 894 ejus,
2363 838 2414 875 ut

270 931 424 962 caecus
455 923 747 974 nasceretur,
790 913 873 961 sed
911 922 962 960 ut
995 912 1356 960 manifestentur
1378 929 1526 978 opera
1558 914 1647 961 Dei
1678 914 1726 961 in
1752 913 1852 960 illo.
1885 933 1907 956 »
1944 912 2063 970 Quis
2098 913 2242 959 etiam
2275 919 2414 974 neget

271 994 567 1060 quandoque
595 1011 708 1042 cum
729 993 867 1041 malis
890 993 1171 1060 parentibus
1200 1010 1289 1059 pro
1311 994 1451 1059 culpa
1482 1010 1652 1041 eorum
1687 994 1971 1041 innocentes
1994 991 2117 1040 filios
2141 992 2413 1058 periclitari,

271 1075 348 1124 vel
374 1076 544 1140 affligi,
573 1076 694 1123 sicut
716 1075 767 1122 in
792 1074 1018 1122 Sodomis
1048 1074 1227 1123 factum
1251 1085 1339 1134 est,
1366 1075 1442 1122 vel
1463 1076 1511 1122 in
1539 1074 1699 1122 multis
1723 1075 1917 1140 populis
1940 1091 2063 1140 saepe
2085 1074 2337 1137 contingit,
2366 1083 2419 1120 ut

271 1174 370 1222 quo
408 1173 551 1223 poena
584 1156 736 1221 magis
770 1156 1058 1216 extenditur,
1100 1155 1305 1221 amplius
1334 1157 1448 1204 mali
1473 1156 1772 1203 terreantur?
1798 1154 1944 1214 Quod
1976 1154 2228 1219 diligenter
2251 1158 2420 1202 Beatus

272 1237 543 1304 Stephanus
571 1236 857 1295 adtendens,
885 1246 1153 1302 peccatum,
1182 1236 1280 1284 hoc
1312 1246 1383 1284 est
1402 1253 1597 1302 poenam
1627 1252 1772 1301 quam
1799 1235 2034 1284 tolerabat
2060 1252 2089 1283 a
2115 1235 2308 1295 Judaeis‚
2345 1237 2419 1283 vel

274 1317 322 1366 id
355 1317 492 1383 quod
526 1334 627 1365 non
663 1327 792 1365 recte
827 1317 1057 1382 agebant,
1085 1317 1257 1365 orabat
1293 1317 1361 1365 eis
1404 1333 1504 1364 non
1540 1317 1697 1378 statui,
1739 1316 1834 1364 hoc
1863 1327 1935 1364 est
1965 1326 2164 1382 propter
2197 1317 2294 1364 hoc
2332 1334 2420 1365 nec

272 1399 586 1465 corporaliter
611 1399 788 1465 puniri.

340 1483 394 1527 ln
423 1479 515 1527 hac
538 1496 734 1544 quoque
761 1480 996 1528 sententia
1016 1481 1255 1528 Dominus
1276 1480 1446 1538 fuerat,
1473 1497 1586 1527 cum
1606 1478 1818 1527 dicebat¹
1844 1497 1854 1526 ε
1877 1482 2072 1534 «Pater,
2100 1480 2285 1527 dimitte
2311 1479 2419 1536 illis,

273 1559 325 1607 id
354 1570 423 1607 est
451 1578 460 1607 :
490 1562 557 1606 Ne
594 1559 806 1608 vindices
836 1560 887 1607 id
917 1560 1052 1625 quod
1085 1573 1234 1626 agunt
1268 1562 1317 1608 in
1351 1578 1445 1622 me,
1487 1560 1561 1608 vel
1593 1560 1833 1625 corporali
1863 1576 2038 1625 poena:
2062 1560 2198 1624 quod
2226 1559 2423 1624 quidem

275 1640 377 1689 fieri
411 1640 759 1689 rationabiliter
793 1651 981 1707 posset,
1019 1643 1057 1689 si
1088 1642 1220 1689 nulla
1254 1642 1399 1690 etiam
1428 1642 1573 1707 culpa
1606 1658 1778 1689 eorum
1806 1642 2148 1706 praecessisset,
2182 1651 2235 1688 ut
2267 1642 2420 1689 caeteri

274 1720 451 1769 scilicet
475 1721 571 1769 hoc
602 1721 818 1769 videntes
840 1722 916 1769 vel
943 1723 1035 1788 ipsi
1058 1723 1203 1770 etiam
1228 1732 1630 1787 recognoscerent
1650 1738 1707 1769 ex
1731 1737 1875 1787 poena
1897 1738 1947 1769 se
1970 1738 2071 1768 non
2100 1732 2229 1769 recte
2258 1723 2306 1768 in
2331 1721 2426 1769 hoc

276 1803 443 1865 egisse.
481 1804 537 1848 At
572 1818 685 1849 vero
715 1803 982 1850 Dominum
1008 1802 1210 1850 decebat
1235 1802 1333 1851 hoc
1364 1820 1461 1850 suae
1489 1803 1722 1850 orationis
1751 1802 1972 1867 exemplo
2002 1818 2092 1849 nos
2120 1803 2329 1850 maxime
2364 1802 2425 1850 ad

276 1881 515 1946 patientiae
544 1882 771 1930 virtutem
805 1892 852 1930 et
888 1882 951 1931 ad
985 1900 1189 1931 summae-
1217 1883 1487 1932 dilectionis
1521 1883 1869 1931 exhibitionem
1904 1882 2164 1944 exhortari,
2204 1893 2256 1930 ut
2291 1884 2424 1947 quod

276 1961 376 2027 ipse
402 1961 634 2010 docuerat
663 1961 819 2011 verbis
848 1980 955 2024 nos,
981 1963 1204 2012 videlicet
1229 1981 1317 2030 pro
1341 1964 1547 2012 inimicis
1571 1980 1770 2028 quoque
1796 1980 1950 2025 orare,
1980 1964 2181 2030 proprio
2205 1964 2426 2029 exemplo

276 2041 418 2090 nobis
440 2041 688 2091 exhiberet
709 2043 760 2090 in
784 2060 950 2109 opere.
978 2044 1124 2103 Quod
1158 2062 1274 2108 ergo
1299 2045 1417 2092 dixit
1444 2063 1454 2092 t
1486 2065 1509 2090 «
1533 2045 1738 2105 dimitte,
1761 2063 1785 2088 n
1812 2061 1913 2092 non
1940 2044 2001 2091 ad
2027 2043 2218 2108 culpam
2242 2061 2426 2109 praece-

277 2122 492 2181 dentem,
506 2122 584 2170 vel
602 2133 935 2189 contemptum
951 2126 1063 2184 Dei,
1091 2142 1238 2190 quem
1256 2124 1337 2172 hic
1349 2125 1603 2183 haberent,
1620 2125 1844 2191 respexit,
1862 2124 1946 2172 sed
1964 2124 2026 2172 ad
2044 2124 2279 2172 rationem
2304 2126 2427 2172 infe-

278 2203 437 2250 rendae
465 2219 641 2268 poenae,
670 2221 776 2267 quae
799 2221 901 2251 non
925 2207 1025 2252 sine
1048 2222 1208 2263 causa,
1235 2215 1290 2252 ut
1317 2205 1543 2266 diximus,
1567 2197 1802 2268 ‘subsequi
1826 2214 2011 2270 posset,
2044 2206 2263 2269 quamvis
2285 2205 2428 2271 culpa

279 2300 376 2330 non
403 2284 715 2349 praecessisset
744 2302 755 2330 z
783 2285 906 2332 sicut
938 2286 987 2333 in
1014 2285 1256 2352 Propheta
1279 2287 1503 2350 contigit,
1529 2287 1612 2351 qui
1634 2296 1803 2334 contra
1827 2287 2090 2334 Samariam
2119 2287 2291 2334 missus
2307 2324 2318 2345 ‚
2346 2303 2431 2334 co-

279 2363 522 2411 medendo
552 2365 647 2429 egit
679 2365 814 2430 quod
844 2366 1085 2413 Dominus
1120 2365 1466 2432 prohibuerat;
1495 2367 1543 2414 in
1577 2384 1677 2432 quo
1706 2377 1887 2426 tamen,
1926 2383 2039 2414 cum
2073 2366 2191 2414 nihil
2227 2383 2314 2431 per
2343 2369 2433 2414 Dei

279 2454 615 2510 contemptum
638 2455 966 2510 praesumeret,
988 2446 1074 2494 sed
1099 2462 1187 2512 per
1206 2446 1353 2494 alium
1377 2446 1670 2513 Prophetam
1694 2447 1942 2513 deceptus,
1968 2463 2069 2494 non
2095 2457 2193 2494 tam
2215 2464 2269 2494 ex
2297 2457 2427 2495 reatu

279 2525 431 2590 culpae
465 2541 613 2590 quam
641 2542 698 2573 ex
734 2526 894 2592 operis
931 2527 1288 2592 perpetratione
1311 2527 1591 2575 innocentia
1619 2527 1720 2591 ejus
1743 2538 1948 2575 mortem
1974 2528 2217 2574 incurrit⁸.
2251 2548 2273 2570 «
2302 2530 2430 2573 Deus

280 2605 487 2670 quippe,
512 2614 568 2652 ut
590 2608 763 2653 Beatus
795 2606 1015 2654 meminit
1037 2606 1326 2670 GregoriuS,
1356 2623 1711 2671 nonnunquam
1745 2608 2029 2655 sententiam
2064 2617 2241 2666 mutat,
2274 2607 2432 2654 consi-

281 2684 399 2731 lium
419 2701 534 2732 vero
552 2701 805 2750 nunquam
823 2705 848 2731 η
877 2704 889 2733 :
915 2686 1011 2734 hoc
1036 2696 1133 2746 est,
1159 2685 1294 2751 quod
1314 2687 1572 2752 praecipere
1596 2687 1672 2735 vel
1691 2688 1978 2735 comminari
2009 2687 2169 2750 aliqua
2199 2688 2259 2734 de
2291 2703 2434 2734 causa

282 2765 520 2824 decrevit,
558 2781 681 2830 saepe
707 2766 756 2813 id
782 2783 883 2813 non
915 2767 1115 2832 implere
1147 2766 1376 2832 disponit.
1413 2767 1677 2815 Consilium
1707 2784 1823 2815 vero
1846 2767 1948 2831 ejus
1983 2767 2131 2814 fixum
2162 2778 2429 2833 permanet,

282 2845 376 2891 hoc
399 2854 494 2903 est,
523 2844 657 2909 quod
679 2845 727 2891 in
745 2848 1000 2911 praesentia
1027 2863 1113 2894 sua
1135 2847 1349 2912 disponit
1370 2856 1423 2894 ut
1443 2846 1602 2908 faciat,
1624 2863 1876 2911 nunquam
1899 2847 2112 2895 efficacia
2134 2858 2280 2895 caret.
2304 2849 2435 2895 Sicut

283 2941 396 2988 ergo
415 2924 549 2989 quod
567 2925 615 2971 in
635 2923 876 2972 Abraham
891 2936 1184 2992 praeceptum
1201 2937 1271 2974 est
1284 2926 1345 2974 de
1359 2926 1692 2975 immolatione
1709 2926 1812 2989 filii,
1834 2927 1911 2975 vel
1927 2928 2357 2976 comminationem
2383 2930 2430 2975 in

285 3005 503 3052 Ninivitis
523 3004 696 3053 factam
714 3022 815 3053 non
841 3007 1012 3068 tenuit,
1035 3017 1082 3054 et
1101 3008 1186 3069 sic,
1213 3017 1267 3055 ut
1288 3007 1513 3069 diximus,
1537 3008 1824 3056 sententiam
1847 3010 2073 3070 mutavit;
2096 3010 2161 3057 ita
2175 3009 2433 3074 praedictus

286 3085 552 3151 Propheta,
580 3086 659 3133 cui
679 3085 996 3151 prohibuerat
1017 3088 1274 3136 comedere
1305 3089 1355 3136 in
1381 3089 1482 3147 via,
1510 3089 1687 3136 mutari
1712 3088 1813 3152 ejus
1836 3089 2121 3137 sententiam
2144 3089 2365 3147 credidit,
2390 3100 2435 3136 et

285 3183 334 3213 se
356 3166 560 3214 maxime
580 3165 879 3232 delinquere,
901 3168 941 3215 si
964 3168 1112 3217 alium
1135 3168 1425 3235 Prophetam
1450 3186 1551 3216 non
1576 3169 1781 3230 audiret,
1804 3171 1888 3235 qui
1908 3187 1958 3218 se
1978 3170 2040 3218 ad
2062 3170 2158 3218 hoc
2177 3187 2205 3218 a
2223 3171 2433 3218 Domino

328 3353 459 3396 ¹Joan.,
490 3364 561 3396 cap.
586 3364 636 3395 ix,
665 3365 693 3389 v.
718 3359 747 3389 3.
790 3375 830 3380 -
846 3357 857 3375 ²
875 3356 970 3398 Luc„
993 3366 1066 3398 cap.
1087 3366 1185 3399 xxm,
1205 3366 1234 3390 v.
1254 3359 1303 3391 34.
1322 3375 1363 3382 —
1377 3359 1387 3378 ³
1402 3359 1485 3400 Περ.
1506 3357 1561 3400 lll,
1577 3367 1649 3399 cap.
1667 3367 1781 3399 xm‚v.
1795 3360 1845 3392 24.

451 3429 481 3452 ιι
2225 3419 2273 3455 78
