2638 3866
219 222 313 270 556
1024 215 1196 262 PETRI
1230 215 1545 263 ABAELARDl

283 322 376 370 Sed
409 322 619 369 fortassis
652 318 866 383 inquieS,
899 316 1014 381 quia
1044 332 1142 380 quo
1183 315 1354 363 melius
1375 325 1446 363 est
1475 316 1728 381 quodlibet
1754 319 1966 380 bonum,
1994 318 2095 383 ejus
2121 315 2351 383 multipli-

218 403 343 450 catio
367 402 537 449 melior
560 409 707 460 esset,
734 407 879 462 atque
909 396 976 443 ita
1000 396 1120 443 illud
1150 397 1406 443 Summum
1435 399 1625 445 Bonum
1653 398 1786 462 quod
1808 399 1984 447 dicitur
2005 400 2153 458 Deus,
2182 395 2352 442 melius

218 483 320 528 fore
353 480 743 545 multiplicatum,
780 492 926 541 quam
955 476 1154 523 unicum
1178 493 1189 523 :
1217 486 1265 524 et
1286 476 1325 523 si
1346 477 1504 542 ipsum
1528 478 1753 527 extollere
1787 480 2007 545 cupimus
2039 493 2095 525 ac
2127 473 2353 538 magnifi-

217 578 350 619 care,
375 560 537 624 ⁴magis
566 559 725 624 ipsum
759 557 1033 622 multiplex,
1074 572 1219 620 quam
1256 557 1454 622 simplex
1490 558 1849 623 praedicandum
1886 576 2005 608 esse.
2040 556 2135 604 Sed
2161 554 2224 602 ad
2256 554 2352 600 hoc

217 642 374 705 primo
394 638 791 705 respondendum
802 637 1024 697 arbitror,
1045 636 1176 702 quod
1198 636 1332 700 juxta
1352 636 1479 685 hanc
1502 639 1757 702 rationem,
1782 650 1966 706 quanto
1990 637 2153 704 plures
2178 633 2353 700 praedi-

217 720 480 766 caverimus
510 722 656 780 Deos,
680 729 816 766 tanto
840 718 1045 783 amplius
1066 717 1238 764 divinae
1257 717 1457 781 gloriam
1485 719 1771 768 excellentiae
1794 718 2210 786 amplificabimus.
2238 711 2350 761 Infi-

215 800 342 846 nitos
372 800 533 863 itaque
556 798 804 864 praedicari
828 807 1071 863 oporteret
1092 800 1237 858 Deos,
1271 806 1324 844 ut
1353 797 1590 847 infinitam
1609 800 1709 864 ejus
1735 801 1936 864 gloriam
1958 796 2316 863 magnificemus
2337 809 2346 837 :

215 880 476 944 praesertim
514 896 625 926 cum
659 879 792 926 nulla
831 879 890 926 sit
923 879 1073 939 ratio,
1113 895 1209 942 qua
1241 877 1304 926 ad
1336 889 1520 926 certum
1557 896 1815 929 numerum
1855 880 2063 944 aliquem
2095 893 2151 925 ea
2185 873 2352 922 reduci
2402 926 2409 930 ,

214 970 383 1024 queat,
423 977 569 1024 quam
592 959 727 1023 juxta
763 957 1040 1024 praedictam
1077 959 1315 1006 rationem
1349 969 1483 1007 tanto
1521 960 1670 1024 magis
1702 959 2129 1026 amplificabimus,
2168 963 2351 1020 quanto

213 1040 421 1105 amplius
450 1056 708 1087 numerum
733 1039 835 1103 ejus
857 1038 1229 1086 extenderimus.
1262 1042 1417 1103 Atque
1444 1040 1511 1086 ita
1536 1039 1676 1104 plura
1700 1057 1801 1088 esse
1831 1055 2022 1087 summa
2046 1037 2179 1084 bona
2206 1049 2352 1099 quam

214 1120 439 1167 inferiora
473 1120 752 1167 conveniret
779 1137 789 1165 ε
819 1119 971 1166 immo
1006 1120 1208 1166 omnino
1245 1119 1431 1167 infinita
1465 1136 1588 1181 esse,
1627 1130 1680 1168 ut
1712 1137 1802 1168 nec
1830 1136 2000 1168 eorum
2024 1116 2218 1165 scientia
2250 1130 2353 1162 esse

214 1201 391 1265 possit,
429 1216 639 1263 quorum
668 1198 830 1246 nullus
858 1200 907 1246 in
939 1209 1110 1247 natura
1139 1200 1369 1246 terminus
1399 1210 1688 1260 occurreret,
1721 1217 1811 1248 nec
1834 1202 1935 1266 ipse
1966 1199 2108 1246 etiam
2139 1198 2269 1242 Deus
2298 1209 2354 1240 ea

212 1296 297 1344 per
327 1280 574 1327 scientiam
605 1278 1064 1344 comprehenderet,
1099 1296 1204 1343 quae
1238 1279 1372 1326 nullo
1406 1289 1587 1327 naturae
1618 1281 1827 1327 termino
1854 1275 2347 1344 comprehenduntur.

212 1364 444 1407 Praeterea
484 1360 524 1406 si
558 1358 718 1424 plures
751 1369 862 1407 sunt
891 1359 985 1420 dii,
1027 1359 1279 1424 quomodo
1311 1359 1457 1407 deum
1495 1377 1851 1426 quemcumque
1893 1374 2135 1408 summum
2167 1356 2353 1402 bonum

212 1441 451 1500 dicemus,
483 1457 595 1487 cum
631 1439 813 1504 aliquid
844 1441 998 1504 majus
1032 1441 1092 1487 sit
1116 1441 1248 1505 ipso,
1275 1441 1377 1505 ipsa
1401 1440 1622 1488 videlicet
1653 1441 1858 1489 deorum
1895 1437 2169 1497 multitudo,
2207 1451 2353 1499 quam

213 1519 437 1584 quislibet
462 1535 584 1566 unus
606 1536 663 1566 ex
678 1535 734 1566 ea
755 1519 1092 1567 multitudine?
1116 1520 1211 1567 Sed
1234 1537 1324 1568 nec
1346 1521 1535 1568 bonum
1555 1521 1817 1568 dicendum
1838 1530 1978 1581 esset,
2001 1517 2152 1583 quod,
2181 1526 2232 1562 ut
2251 1515 2350 1578 jam

213 1600 526 1659 ostendimus,
561 1599 860 1664 superfluum
891 1610 1028 1648 esset.
1065 1602 1285 1664 Denique
1317 1602 1474 1649 omnis
1507 1602 1766 1650 multitudo
1792 1612 1948 1649 totum
1982 1597 2231 1664 quoddam
2261 1605 2346 1652 est,

211 1692 257 1728 et
295 1697 441 1727 omne
484 1689 641 1726 totum
677 1681 884 1744 propriis
929 1680 1146 1745 partibus
1184 1682 1422 1746 posterius
1468 1699 1568 1730 esse
1607 1681 1888 1730 naturaliter
1930 1688 2119 1727 constat
2157 1695 2166 1722 :
2207 1685 2351 1739 atque

212 1778 358 1808 omne
388 1759 524 1825 quod
548 1759 809 1824 simplicius
841 1770 927 1821 est,
960 1770 1095 1808 tanto
1122 1759 1306 1808 firmius
1333 1779 1433 1809 esse
1466 1779 1658 1810 necesse
1686 1779 1812 1820 esse,
1839 1778 1951 1809 cum
1982 1775 2129 1807 omne
2157 1771 2352 1820 compo-

210 1842 357 1889 situm
389 1850 560 1888 natura
591 1839 869 1888 dissolubile
901 1842 976 1902 sit,
1013 1851 1062 1888 et
1096 1852 1230 1889 tanto
1262 1842 1523 1903 infirmius,
1559 1859 1704 1907 quam
1736 1841 2040 1890 dissolutioni
2078 1838 2226 1902 magis
2260 1835 2354 1883 ob—

211 1922 426 1969 noxium.
457 1921 576 1978 Quis
606 1921 749 1967 etiam
792 1921 1044 1985 quodlibet
1077 1922 1267 1969 bonum
1304 1933 1438 1970 tanto
1474 1923 1730 1988 pretiosius
1771 1939 1874 1971 esse
1911 1921 2142 1984 deneget,
2169 1926 2349 1981 quanto

209 2003 390 2061 rarius,
429 2011 476 2047 et
501 2016 560 2046 eo
585 2000 734 2063 magis
767 2000 1046 2063 gloriosum,
1077 2019 1176 2066 quo
1207 2003 1359 2066 magis
1388 2013 1459 2050 est
1485 2002 1718 2050 unicum?
1744 2001 1883 2050 Unde
1917 2011 1964 2049 et
1986 1999 2271 2065 plerumque
2295 2012 2351 2042 ea

209 2083 354 2129 etiam
379 2097 485 2145 quae
503 2080 664 2126 minus
681 2090 790 2126 sunt
809 2082 1076 2129 necessaria
1094 2082 1214 2142 aliis,
1237 2084 1427 2130 raritate
1441 2093 1601 2130 tamen
1622 2084 1695 2130 sui
1713 2084 1781 2130 eis
1795 2082 1997 2129 omnino
2016 2078 2347 2145 praeferuntur,

210 2172 261 2208 ut
281 2178 452 2209 aurum
475 2161 620 2220 ferro,
647 2160 786 2225 piper
813 2160 1074 2208 frumento.
1107 2162 1428 2210 Commendat
1459 2164 1618 2226 itaque
1638 2162 1811 2210 divinae
1838 2161 2038 2225 gloriam
2065 2155 2350 2206 excellentiae

208 2243 311 2306 ipsa
343 2258 538 2306 quoque
571 2241 674 2304 ejus
709 2240 1033 2305 singularitas,
1073 2259 1180 2306 quae
1214 2259 1418 2308 operum
1460 2259 1656 2307 quoque
1685 2243 1834 2308 ipsius
1868 2240 2075 2288 maxima
2112 2247 2183 2285 est
2217 2252 2353 2283 com-

210 2322 471 2382 mendatio,
501 2331 602 2368 tam
629 2321 679 2367 in
708 2321 781 2368 his
810 2321 1054 2379 faciendis,
1090 2339 1237 2387 quam
1268 2324 1317 2370 in
1348 2325 1413 2370 eis
1436 2322 1752 2388 disponendis
1777 2332 1920 2386 atque
1942 2318 2180 2384 regendis.
2214 2315 2351 2364 Nulla

209 2403 390 2467 quippe
428 2410 560 2448 tanta
591 2400 695 2447 fieri
725 2401 988 2449 concordia
1009 2403 1084 2450 vel
1117 2404 1216 2467 regi
1238 2414 1458 2468 possunt,
1489 2413 1669 2467 quanta
1692 2403 1771 2450 illa
1802 2418 1908 2466 quae
1933 2416 2059 2448 unus
2086 2407 2275 2445 tantum
2304 2406 2350 2443 et

210 2481 377 2528 condit
399 2491 446 2529 et
467 2482 603 2545 regit.

276 2565 385 2609 Haec
401 2562 600 2627 quidem
622 2561 685 2609 ad
707 2562 1053 2612 adstruendam
1072 2565 1245 2614 divinae
1274 2567 1648 2631 singularitatem
1668 2563 1955 2613 excellentiae
1972 2577 2061 2627 pro
2079 2555 2349 2606 rationibus

208 2642 373 2689 induci
407 2643 517 2690 satis
541 2641 748 2690 arbitror
774 2663 784 2689 ;
813 2644 991 2706 quibus
1013 2654 1060 2692 et
1084 2645 1219 2693 facile
1251 2647 1481 2695 assentire
1510 2661 1752 2710 quemque
1782 2643 1972 2690 bonum
2003 2638 2238 2696 existimo,
2265 2636 2350 2700 qui

209 2722 327 2770 nulli
365 2723 586 2785 invidus,
629 2723 847 2770 omnium
896 2741 1059 2772 rerum
1111 2728 1523 2777 commendationi
1560 2727 1825 2792 plurimum
1860 2721 2146 2786 congaudet.
2203 2717 2350 2780 Magis

209 2813 368 2850 autem
402 2803 617 2851 honestis
647 2819 794 2867 quam
829 2806 1105 2853 necessariis
1138 2808 1407 2855 rationibus
1443 2808 1663 2867 nitimur;
1689 2805 1921 2871 quoniam
1949 2800 2081 2867 apud
2110 2799 2268 2846 bonos
2298 2796 2349 2843 id

210 2899 396 2947 semper
428 2884 723 2948 praecipuum
753 2885 990 2944 statuitur,
1026 2886 1162 2950 quod
1190 2904 1249 2935 ex
1278 2888 1527 2935 honestate
1557 2887 1762 2952 amplius
1790 2881 2176 2936 commendatur,
2212 2887 2260 2925 et
2293 2892 2349 2922 ea

210 2978 398 3026 semper
426 2965 588 3027 potior
612 2974 683 3010 est
713 2965 854 3024 rati0‚
880 2981 985 3028 quae
1013 2966 1077 3013 ad
1105 2966 1406 3015 honestatem
1427 2967 1657 3033 amplius,
1683 2982 1830 3031 quam
1855 2964 1917 3012 ad
1946 2957 2348 3010 necessitudinem

210 3044 376 3105 vergit,
415 3044 675 3106 praesertim
702 3061 816 3091 cum
847 3062 953 3109 quae
976 3045 1179 3094 honesta
1205 3058 1317 3095 sunt
1346 3065 1433 3112 per
1457 3065 1506 3096 se
1530 3048 1778 3114 placeant,
1807 3055 1952 3110 atque
1985 3058 2073 3089 nos
2102 3038 2262 3086 statim
2283 3034 2345 3081 ad

208 3141 258 3171 se
291 3141 378 3171 sua
409 3125 455 3170 vi
487 3124 712 3172 alliciant.
739 3129 897 3183 Quam
931 3127 1191 3176 honestum
1221 3147 1336 3178 vero
1362 3133 1422 3178 sit
1452 3147 1508 3179 ac
1536 3130 1727 3178 salubre
1755 3128 1921 3176 omnia
1951 3124 2012 3172 ad
2046 3136 2195 3169 unum
2219 3117 2346 3181 opti-

207 3221 342 3251 mum
373 3214 471 3251 tam
492 3213 729 3252 rectorem
751 3222 896 3269 quam
921 3207 1224 3257 conditorem
1247 3221 1463 3276 spectare
1476 3230 1488 3271 ;
1517 3220 1564 3258 et
1586 3219 1759 3258 cuncta
1784 3207 1945 3272 potius
1968 3203 2171 3261 ratione,
2199 3212 2344 3262 quam

206 3302 321 3333 casu
342 3284 447 3333 fieri
470 3301 552 3332 566
575 3286 698 3349 regi,
726 3286 887 3334 nullus
917 3298 988 3335 est
1008 3291 1086 3337 cui
1117 3293 1323 3356 propriae
1346 3293 1467 3340 ratio
1492 3308 1593 3339 non
1626 3297 1845 3353 suggerat
1878 3280 2196 3333 conscientiae.
2227 3280 2344 3335 Quae
