2638 3866
346 241 396 286 2¹
412 238 442 284 2
1152 232 1323 281 PETRI
1359 233 1671 282 ABAELARDl

411 358 435 383 «
457 342 625 385 Beatus
672 336 757 381 vir.
784 354 807 377 »
846 335 970 382 Eum
1010 335 1220 400 primum
1257 333 1432 400 plurali
1470 351 1674 382 numero
1714 333 1915 382 beatum
1955 335 2197 393 enuntiat,
2240 346 2286 383 et
2323 338 2478 386 virum

341 418 561 466 nominat
589 415 752 462 dicens
773 451 784 473 ,
825 434 847 459 «
870 418 1039 462 Beatus
1067 415 1157 476 vir,
1187 423 1279 462 etc.
1306 435 1328 458 1>
1357 414 1455 461 Nisi
1485 415 1599 479 quia
1625 413 1798 461 divinae.
1821 415 1978 479 gratiae
1998 414 2234 464 beneficia
2256 434 2411 482 usque
2433 428 2480 465 et

339 496 400 544 ad
432 495 720 559 singularem
754 493 890 541 illum
924 493 1175 541 hominem
1210 493 1438 553 ostendit,
1479 495 1563 559 qui
1598 495 1647 541 in
1686 509 1836 542 unam
1874 495 2049 543 Christi
2081 512 2338 561 personam
2373 500 2477 546 Deo

337 577 497 624 unitus
537 585 623 623 est.
666 573 814 637 Cujus
854 575 999 622 etiam
1037 573 1386 634 beatitudinem
1423 574 1597 622 eodem
1637 575 1879 641 Propheta
1911 575 2243 634 describente,
2284 578 2334 624 in
2370 579 2474 644 ipso
2542 565 2549 577 ⁷

333 657 491 703 statim
511 656 664 721 capite
683 654 793 701 libri
818 655 1052 720 scriptum
1074 664 1144 702 est
1165 673 1176 702 :
1203 657 1411 702 «Beatus
1434 655 1506 702 vir
1520 655 1604 720 qui
1627 672 1728 702 non
1747 655 1879 704 abiit.
1895 657 2017 704 »Vir
2042 656 2222 722 quippe
2245 673 2272 704 a
2293 657 2475 706 viribus

333 736 487 783 dictus
517 746 588 783 est
616 734 726 782 ideo
760 735 872 798 quia
896 733 974 781 ille
1005 735 1087 800 qui
1114 734 1232 782 nihil
1256 734 1512 783 debilitatis
1543 752 1604 783 ex
1634 737 1945 803 corruptione
1969 738 2153 803 peccati
2187 739 2356 795 traxit,
2389 740 2473 803 qui

332 816 500 864 fortior
524 815 696 863 fortem
725 814 961 878 alligavit,
985 824 1032 862 et
1054 831 1187 863 arma
1210 815 1428 881 diripuit,
1455 816 1593 881 quasi
1615 816 1688 863 vir
1711 816 2012 882 singulariter
2033 833 2119 883 per
2141 818 2470 867 excellentiam

331 896 519 943 dicitur.
549 896 636 942 Alii
657 911 772 942 vero
796 896 1139 960 cooperatione
1161 895 1309 961 ipsius
1332 897 1470 961 quasi
1491 896 1752 944 effeminati
1775 905 1822 944 et
1845 896 2016 945 molles
2033 914 2202 949 omnes
2218 900 2464 959 exsistunt,

329 977 525 1024 terrenis
546 973 871 1040 voluptatibus
893 974 1211 1039 subjacentes.
1237 975 1362 1023 Huic
1384 985 1547 1024 autem
1570 976 1772 1024 omnino
1796 977 1836 1024 si
1857 978 1916 1025 sit
1944 978 2174 1025 immunis
2194 995 2221 1026 a
2246 988 2464 1044 peccato,

326 1057 511 1104 nullum
535 1056 769 1103 Dominus
794 1055 1050 1121 imputavit
1065 1066 1337 1122 peccatum,
1364 1058 1474 1122 quia
1507 1056 1638 1105 nulla
1657 1074 1771 1105 eum
1787 1074 1934 1124 poena
1945 1075 2035 1124 pro
2049 1069 2248 1124 peccato
2265 1059 2467 1123 dignum

317 1137 546 1200 judicavit
563 1137 724 1201 aliquo
745 1135 816 1183 vel
841 1136 1062 1202 originali
1077 1136 1151 1186 vel
1176 1138 1393 1204 proprio,
1418 1139 1500 1203 qui
1515 1155 1604 1186 nec
1625 1138 1676 1185 in
1699 1148 1899 1204 peccato
1916 1149 2180 1206 conceptus
2193 1139 2358 1200 fuerit,
2376 1157 2465 1188 nec

319 1227 572 1282 peccatum
593 1215 790 1281 aliquod
812 1218 1120 1266 commiserit.
1153 1222 1413 1266 Possumus
1437 1219 1580 1267 etiam
1607 1228 1721 1266 tunc
1740 1219 2089 1268 beatitudinem
2108 1220 2358 1269 nominata
2371 1220 2463 1268 ho·

317 1298 505 1344 minum
535 1296 824 1345 salvatorum
845 1298 921 1345 vel
943 1298 1285 1347 salvandorum
1311 1316 1486 1363 genera
1507 1299 1791 1364 intelligere.
1814 1303 1978 1347 Unum
1997 1299 2194 1364 quidem
2219 1317 2369 1365 genus
2391 1311 2462 1348 est

314 1379 626 1443 parvulorum
645 1377 887 1444 baptismo
910 1378 985 1426 vel
1016 1380 1247 1444 martyrio
1269 1379 1696 1438 sanctificatorum,
1730 1389 1778 1428 et
1805 1379 2133 1445 quorumlibet
2160 1396 2273 1428 vere
2297 1382 2461 1446 poeni-

314 1459 534 1518 tentium,
569 1458 747 1524 quibus
778 1460 828 1506 in
855 1459 947 1507 hac
969 1460 1066 1507 vita
1090 1460 1462 1508 satisfactionem
1490 1461 1782 1526 poenitentiae
1816 1477 1917 1508 non
1949 1459 2060 1508 licet
2088 1460 2294 1526 explere.
2321 1461 2459 1509 Aliud

312 1557 423 1587 vero
447 1557 597 1604 genus
628 1550 716 1599 est,
743 1540 879 1604 quasi
905 1557 990 1605 per
1015 1540 1309 1606 condignam
1331 1541 1706 1590 satisfactionem
1737 1551 1934 1607 peccata
1961 1541 2216 1606 corrigere.
2243 1542 2455 1590 Tertium

307 1636 421 1667 vero
453 1637 604 1684 genus
635 1620 684 1667 in
719 1620 862 1667 unius
889 1620 1136 1668 salvatoris
1163 1621 1508 1685 singularitate,
1539 1631 1592 1668 ut
1615 1622 1886 1687 expositum
1915 1631 2003 1679 est,
2038 1631 2317 1686 permanet„
2333 1624 2455 1670 Cum

306 1701 466 1764 itaque
489 1701 589 1748 ait:
625 1701 801 1748 «Beati
832 1717 1043 1765 quorum
1075 1700 1282 1748 remissae
1315 1710 1427 1748 sunt
1458 1701 1764 1767 iniquitates,
1787 1722 1809 1745 >³
1837 1702 1990 1749 solam
2025 1701 2244 1766 intelligit
2276 1703 2453 1750 remis-

306 1781 508 1841 sionem,
532 1798 679 1846 quam
707 1780 886 1829 scilicet
912 1780 1045 1829 nulla
1080 1781 1161 1829 hic
1193 1781 1448 1829 satisfactio
1477 1782 1711 1846 sequitur.
1743 1781 1930 1829 Parvuli
1961 1791 2140 1842 autem,
2169 1782 2305 1845 juxta
2332 1784 2453 1831 Psal-

304 1862 508 1924 mistam‚
533 1863 583 1909 in
604 1860 933 1925 iniquitatibus
953 1861 1176 1928 concepti
1196 1870 1308 1909 sunt
1328 1878 1338 1908 :
1362 1861 1471 1921 illis,
1493 1861 1543 1908 in
1561 1861 1736 1926 quibus
1754 1861 1976 1926 concepti
1993 1871 2040 1908 et
2055 1861 2155 1908 nati
2175 1862 2449 1926 iniquitates

302 1943 624 2003 remittuntur,
654 1942 772 1990 dum
797 1942 1040 2007 originalis
1067 1943 1252 2008 peccati
1281 1942 1646 1990 damnationem
1672 1959 1762 2008 pro
1793 1943 1878 2003 eis,
1917 1952 1971 1989 ut
2003 1941 2227 2002 diximuS,
2254 1959 2355 1990 non
2379 1944 2449 1991 in-

302 2026 515 2072 currunt.
559 2025 725 2072 Caeteri
761 2024 921 2086 enim,
961 2024 1084 2071 sicut
1120 2039 1265 2089 supra
1299 2024 1625 2085 meminimus,
1670 2040 1756 2089 per
1797 2022 2170 2071 satisfactionem
2202 2022 2445 2072 bonorum

298 2120 499 2169 operum
536 2115 732 2171 peccata
764 2106 1014 2170 corrigunt
1047 2105 1300 2170 praeterita.
1337 2107 1394 2152 Et
1429 2103 1525 2152 hoc
1558 2103 1754 2168 quidem
1789 2104 1891 2169 ipsa
1923 2103 2296 2151 constructionis
2330 2121 2445 2169 pro·

298 2185 470 2249 prietas
507 2187 694 2250 exigere
728 2185 935 2246 videtur,
974 2195 1028 2232 ut
1062 2202 1175 2233 cum
1212 2185 1315 2233 haec
1351 2184 1596 2246 dicuntur,
1638 2201 1893 2249 «quorum
1930 2193 1978 2231 et
2012 2200 2253 2248 quorum,
2281 2203 2302 2228 υ
2342 2201 2440 2232 non

295 2265 491 2313 eosdem
527 2267 875 2331 intelligamus,
913 2265 999 2314 sed
1037 2265 1272 2314 diversos.
1326 2265 1453 2313 Alius
1497 2266 1626 2313 enim
1663 2281 1856 2326 sensus,
1901 2264 1940 2311 si
1981 2264 2129 2312 semel
2171 2264 2441 2328 proferatur

298 2363 573 2410 «quorum,
600 2369 623 2392 2)
648 2348 746 2396 hoc
770 2347 921 2396 modo
948 2367 960 2395 :
994 2347 1158 2395 «Beati
1190 2363 1400 2412 quorum
1437 2347 1643 2394 remissae
1667 2354 1777 2393 sunt
1804 2345 2080 2409 iniquitates
2109 2354 2156 2391 et
2179 2354 2303 2392 tecta
2327 2356 2440 2393 sunt

290 2437 533 2490 peccata.»
550 2429 675 2476 Alius
698 2430 737 2476 si
762 2428 1018 2494 repetitum
1036 2427 1113 2475 bis
1138 2427 1342 2484 dicatur,
1366 2426 1487 2474 sicut
1502 2443 1710 2492 praesens
1728 2424 1876 2472 habet
1896 2425 2068 2472 littera.
2086 2424 2241 2472 Semel
2256 2426 2436 2490 quippe

290 2506 470 2555 dictum
503 2509 699 2556 eosdem
719 2547 730 2566 ,
773 2509 1074 2575 duplicatum
1108 2507 1323 2555 diversos
1355 2507 1584 2554 insinuat.

354 2589 560 2645 Quaestio
587 2589 647 2637 de
671 2590 821 2653 gratia
842 2589 930 2636 Dei
955 2598 1003 2636 et
1023 2589 1204 2636 meritis
1221 2587 1482 2635 hominum
1502 2586 1599 2634 1100
1624 2586 1735 2634 1000
1756 2603 1806 2634 se
1825 2587 2021 2650 ingerit,
2050 2602 2155 2650 quae
2180 2585 2276 2632 sint
2301 2586 2431 2650 apud

288 2669 441 2714 Deum
470 2669 687 2717 videlicet
718 2670 888 2717 merita
917 2678 1099 2731 nostra,
1132 2685 1244 2717 cum
1278 2669 1444 2716 omnia
1473 2666 1604 2715 bona
1637 2667 1738 2730 ejus
1764 2676 1952 2714 tantum
1983 2667 2140 2730 gratiae
2175 2664 2431 2713 tribuenda

286 2746 394 2804 sint,
423 2749 504 2811 qui
526 2750 574 2796 in
601 2751 743 2798 nobis
767 2760 1011 2816 operatur,
1041 2749 1217 2797 eodem
1240 2758 1491 2797 attestante
1519 2747 1769 2814 Apostolo,
1800 2757 1848 2794 et
1874 2746 1992 2794 velle
2015 2756 2063 2794 et
2084 2745 2316 2811 perficere
2339 2762 2428 2810 pro

284 2824 415 2872 bona
451 2828 713 2877 voluntate.
746 2830 882 2878 Unde
915 2840 962 2877 et
995 2829 1108 2877 alibi
1133 2830 1221 2877 ait¹
1249 2848 1258 2877 :
1290 2829 1465 2887 «Quid
1489 2837 1650 2876 autem
1679 2827 1829 2875 habes
1859 2826 1995 2892 quod
2030 2839 2127 2873 non
2166 2825 2425 2890 accepisti?

283 2906 331 2951 Si
354 2915 513 2953 autem
539 2910 779 2973 accepisti,
806 2910 922 2974 quid
940 2910 1158 2975 gloriaris
1184 2910 1319 2974 quasi
1345 2926 1445 2957 non
1470 2908 1784 2974 acceperisP»
1808 2906 2131 2966 Quaerendum
2157 2915 2228 2952 est
2249 2906 2297 2952 in
2325 2921 2423 2969 quo

284 2986 450 3032 merita
477 2997 641 3035 nostra
662 2990 947 3048 consistant,
980 2991 1030 3037 in
1052 2990 1301 3037 voluntate
1326 2989 1504 3036 scilicet
1534 2998 1741 3050 tantum,
1768 3004 1828 3036 an
1859 2988 2003 3034 etiam
2025 2988 2074 3033 in
2109 2985 2390 3050 operatione
2406 3022 2419 3043 ,

280 3064 330 3110 id
353 3075 440 3126 est,
467 3066 582 3129 quid
605 3067 665 3113 ad
689 3068 889 3130 gloriam
909 3071 1011 3118 sine
1040 3088 1202 3136 poena,
1230 3074 1359 3130 Deus
1385 3070 1433 3117 in
1451 3068 1593 3117 nobis
1619 3078 1912 3127 remuneret,
1938 3077 1986 3115 et
2005 3076 2164 3114 utrum
2187 3066 2337 3113 virtus
2361 3066 2422 3112 ad

278 3144 622 3192 beatitudinem
647 3146 865 3210 sufficiat,
901 3159 947 3196 et
973 3151 1013 3198 si
1035 3152 1083 3197 in
1109 3152 1390 3217 operatione
1421 3166 1519 3197 non
1550 3157 1852 3214 prorumpat,
1883 3157 1928 3195 et
1954 3156 2116 3193 utrum
2141 3161 2265 3211 opus
2292 3154 2420 3192 exte-

323 3322 356 3352 ¹1
376 3322 548 3364 coriam..
561 3334 631 3365 cap.
653 3335 695 3365 lv,
711 3336 741 3357 v.
760 3329 788 3358 7.
