2638 3866
230 245 256 289 υ(

264 243 289 288 :51

295 247 324 292 ω

1035 243 1210 291 PETRI
1248 244 1557 292 ABAELARDI

1047 644 1363 734 LIBER
1451 647 1546 732 V.

291 893 534 959 Expeditis
552 893 628 940 his
648 911 754 958 quae
778 893 840 941 ad
864 894 1153 959 singularem
1176 895 1444 943 christianae
1466 895 1579 943 fidei
1603 897 1951 962 professionem
1974 898 2175 945 attinere
2195 899 2368 947 viden-

226 984 329 1035 tur,
369 974 430 1021 de
473 974 762 1022 discretione
799 974 1020 1022 videlicet
1055 976 1201 1023 trium
1234 993 1550 1041 personarum
1584 977 1634 1024 in
1666 994 1763 1025 una
1794 977 2060 1042 eademque
2090 979 2281 1044 penitus
2312 996 2367 1028 ac

221 1055 424 1120 simplici
455 1054 719 1103 divinitatis
745 1055 1039 1117 substantia,
1068 1057 1205 1120 juvat
1233 1056 1282 1103 in
1313 1057 1456 1121 hujus
1485 1058 1663 1104 summi
1691 1058 1814 1106 Boni
1839 1058 2132 1123 perfectione
2159 1069 2369 1107 contem-

220 1134 396 1199 planda
441 1135 615 1182 mentis
661 1136 813 1182 aciem
846 1136 986 1183 altius
1038 1137 1316 1202 imprimere
1336 1175 1349 1194 ,
1389 1154 1445 1185 ac
1484 1137 1756 1202 diligentius
1798 1138 1982 1202 singula
2027 1140 2331 1187 retractando

219 1231 535 1279 quaecumque
571 1215 753 1280 aliquid
787 1217 1063 1280 quaestionis
1088 1216 1267 1264 habere
1300 1215 1542 1277 videntur,
1580 1218 1917 1266 verisimilibus
1946 1228 1993 1266 et
2022 1217 2368 1267 honestissimis

216 1295 482 1342 rationibus
522 1294 748 1357 definire,
786 1306 837 1343 ut
874 1313 973 1361 quo
1008 1296 1215 1361 amplius
1246 1297 1511 1344 innotuerit
1546 1296 1692 1361 hujus
1729 1299 1906 1345 summi
1941 1298 2062 1346 Boni
2103 1299 2362 1364 perfectio,

220 1375 391 1439 majori
422 1392 819 1440 unumquemque
850 1376 911 1424 ad
944 1394 994 1424 se
1023 1376 1179 1424 trahat
1211 1376 1466 1424 desiderio.
1490 1380 1555 1425 Ac
1577 1378 1736 1442 primo
1759 1377 1820 1425 de
1843 1378 2024 1426 unitate
2052 1378 2226 1426 divinae
2251 1378 2366 1426 sub-

219 1456 424 1515 stantiae,
460 1456 775 1521 postmodum
810 1455 871 1504 de
905 1473 1225 1521 personarum
1253 1456 1670 1522 recapitulandum
1700 1467 1772 1504 est
1791 1458 2035 1506 Trinitate.
2069 1461 2122 1507 ln
2150 1460 2366 1524 superio-

218 1537 349 1584 ribus
371 1538 531 1601 itaque
554 1537 725 1584 libellis
747 1537 807 1585 ad
826 1547 1002 1585 nostrae
1022 1537 1334 1603 professionis
1356 1538 1688 1586 defensionem
1707 1537 2005 1586 elaboratum
2025 1549 2120 1598 est3
2146 1539 2227 1587 hic
2252 1556 2365 1588 vero

220 1614 282 1660 ad
306 1615 452 1679 ipsius
475 1614 902 1680 amplificationem
924 1614 1294 1663 elaborandum.

285 1695 441 1742 Prima
463 1695 606 1759 igitur
629 1695 689 1742 sit
724 1695 785 1742 de
807 1695 992 1742 ratione
1025 1695 1254 1744 credendi
1288 1713 1439 1744 unum
1477 1700 1634 1744 Deum
1666 1697 1923 1754 discussio,
1957 1707 2005 1744 et
2042 1696 2176 1761 quod
2213 1714 2364 1748 unum

219 1774 369 1838 magis
392 1790 538 1838 quam
564 1775 725 1840 plures
749 1774 880 1822 credi
903 1775 1131 1835 attineat,
1159 1775 1244 1823 ubi
1275 1787 1323 1824 et
1355 1778 1511 1842 prima
1530 1794 1579 1824 se
1608 1777 1781 1840 ingerit
1801 1777 2020 1841 quaestio,
2056 1794 2118 1825 an
2152 1777 2365 1826 humana

217 1856 362 1902 etiam
396 1856 582 1902 ratione
616 1854 781 1903 divina
817 1854 1050 1903 celsitudo
1088 1855 1304 1920 indagari
1339 1858 1567 1922 potuerit,
1607 1874 1663 1905 ac
1690 1875 1777 1923 per
1808 1857 1936 1905 hanc
1968 1874 1998 1905 a
2027 1868 2245 1906 creatura
2280 1875 2364 1907 sua

218 1939 415 1983 Creator
454 1936 759 2000 recognosci,
794 1952 855 1982 an
901 1937 1064 2001 potius
1088 1936 1189 2001 ipse
1217 1939 1345 1983 Deus
1375 1937 1513 2001 signo
1544 1937 1706 2002 aliquo
1736 1937 1972 1998 sensibili,
2008 1954 2143 1986 suam
2167 1939 2213 1986 ei
2242 1938 2365 1987 noti-

217 2017 332 2062 tiam
362 2016 572 2080 primum
599 2015 885 2075 exhibuerit,
917 2016 1047 2064 velut
1081 2018 1127 2063 in
1157 2016 1330 2080 angelo
1359 2026 1443 2064 aut
1467 2017 1517 2063 in
1550 2033 1857 2082 quacumque
1881 2018 1924 2064 ei
1953 2018 2112 2082 specie
2143 2018 2364 2083 primitus

217 2112 471 2160 apparens,
501 2097 623 2143 sicut
651 2096 712 2143 de
743 2097 910 2161 primis
937 2097 1111 2160 legitur
1139 2097 1440 2162 parentibus,
1470 2096 1646 2162 quibus
1676 2098 1725 2144 in
1751 2096 1975 2163 paradiso
2002 2097 2193 2144 locutus
2221 2097 2364 2145 fuisse

216 2176 510 2240 perhibetur.
540 2179 598 2222 Et
622 2176 831 2224 fortassis
856 2177 921 2224 ita
942 2178 1101 2241 primo
1127 2177 1306 2225 factum
1327 2187 1416 2237 est,
1444 2187 1496 2224 ut
1532 2179 1581 2225 in
1619 2177 1781 2242 aliqua
1810 2177 1987 2225 scilicet
2008 2177 2182 2224 visibili
2206 2179 2364 2243 specie

216 2256 464 2303 invisibilis
488 2259 684 2304 Creator
713 2258 815 2322 ipse
848 2257 1037 2304 homini
1071 2274 1121 2305 se
1150 2258 1401 2305 revelaret.
1428 2258 1483 2304 Si
1511 2268 1672 2305 tamen
1708 2259 1862 2323 ipsam
1890 2257 1990 2304 vim
2028 2258 2227 2305 rationis
2262 2257 2365 2305 dili-

217 2338 404 2398 gentius
441 2337 770 2395 attendamus,
813 2338 949 2402 cujus
982 2338 1237 2403 proprium
1269 2349 1340 2385 est
1371 2355 1570 2386 omnem
1598 2338 1936 2386 transcendere
1975 2354 2195 2397 sensum,
2231 2348 2278 2386 et
2309 2355 2364 2386 ea

218 2417 449 2480 vestigare
486 2434 591 2481 quae
628 2434 794 2464 sensus
828 2434 928 2465 non
958 2418 1086 2465 valet
1118 2419 1378 2482 attingere,
1414 2420 1630 2483 profecto
1657 2428 1839 2483 quanto
1871 2435 2071 2483 quaeque
2101 2435 2176 2465 res
2210 2418 2364 2466 subti-

216 2496 348 2543 lioris
379 2506 450 2544 est
473 2506 671 2558 naturae,
708 2507 755 2544 et
789 2514 816 2544 a
841 2514 984 2545 sensu
1017 2499 1275 2558 remotior,
1302 2507 1437 2545 tanto
1461 2499 1636 2546 rectius
1658 2499 1858 2545 rationis
1879 2515 1929 2546 se
1957 2499 2216 2545 committit
2232 2498 2362 2562 Judi-

217 2578 319 2637 cio,
359 2587 405 2624 et
430 2577 584 2640 majus
619 2578 668 2623 in
703 2594 752 2624 se
785 2578 982 2625 rationis
1012 2577 1224 2625 studium
1258 2594 1526 2643 provocare
1550 2578 1711 2625 debet.
1735 2581 1916 2626 Verum
1949 2578 2092 2625 etiam
2129 2594 2242 2625 cum
2275 2595 2363 2643 per

216 2659 402 2721 insigne
430 2658 629 2704 rationis
657 2658 853 2721 imagini
883 2658 973 2704 Dei
999 2657 1263 2723 specialiter
1293 2658 1443 2706 homo
1474 2668 1799 2724 comparetur,
1829 2659 1879 2705 in
1909 2657 2031 2705 nihil
2058 2658 2189 2705 aliud
2212 2658 2363 2705 homo

217 2739 419 2801 praevius
448 2754 555 2784 earn
586 2736 732 2801 figere
762 2737 1020 2800 debuerat,
1047 2755 1194 2802 quam
1217 2740 1265 2786 in
1291 2739 1450 2805 ipsum
1484 2739 1620 2803 cujus
1649 2739 1926 2802 imaginem,
1956 2738 2054 2786 hoc
2084 2748 2156 2787 est
2176 2755 2362 2804 expres-

219 2819 393 2864 siorem
432 2818 794 2865 similitudinem
825 2835 913 2884 per
952 2819 1082 2866 hanc
1118 2819 1395 2879 obtinebat,
1440 2820 1575 2869 etin
1611 2819 1795 2866 nullam
1832 2819 2031 2867 fortasse
2070 2836 2171 2866 rem
2207 2820 2361 2884 perci-

219 2897 444 2959 piendam
479 2899 679 2962 pronior
713 2915 814 2946 esse
847 2898 1087 2947 credenda
1122 2909 1217 2961 est,
1256 2918 1403 2965 quam
1435 2902 1483 2948 in
1518 2917 1626 2948 eam
1654 2900 1792 2964 cujus
1814 2901 1916 2966 ipsa
1951 2900 2157 2966 amplius
2189 2900 2361 2965 adepta

220 2978 276 3021 sit
300 2977 674 3026 similitudinem.
708 2979 863 3026 Facile
885 2980 1064 3044 quippe
1096 2990 1167 3027 est
1198 2998 1254 3028 ex
1285 2981 1521 3028 similibus
1545 2981 1716 3028 similia
1740 2981 1933 3044 conjici,
1962 2991 2009 3028 et
2034 2997 2133 3045 quo
2159 2981 2361 3045 quisque

220 3055 353 3102 alteri
387 3056 586 3103 similior
623 3067 709 3119 est,
745 3058 928 3106 facilius
961 3076 1017 3106 ex
1050 3060 1206 3124 seipso
1237 3061 1300 3107 ad
1330 3062 1432 3125 ejus
1460 3062 1683 3109 notitiam
1711 3062 1980 3126 pertingere
2009 3060 2156 3119 valet,
2191 3060 2268 3106 cui
2290 3069 2360 3106 est

218 3136 318 3200 ipse
342 3151 427 3200 per
451 3146 670 3183 naturam
695 3138 917 3184 vicinior.
944 3139 1088 3197 Quod
1111 3142 1150 3186 si
1174 3150 1222 3186 et
1248 3141 1297 3187 in
1321 3141 1417 3188 hoc
1446 3142 1548 3206 ipsa
1569 3158 1765 3207 quoque
1788 3157 2015 3188 sensuum
2038 3139 2357 3204 experimenta

219 3215 484 3262 necessaria
521 3215 661 3262 fuisse
695 3215 965 3275 videantur,
1002 3228 1055 3265 ut
1084 3218 1305 3267 videlicet
1333 3237 1360 3267 a
1391 3221 1694 3268 sensibilibus
1725 3221 1787 3268 ad
1813 3219 2123 3284 intelligibilia
2159 3218 2360 3266 ducere-

220 3312 355 3356 mur-3
386 3295 519 3342 facile
547 3294 598 3342 id
628 3295 769 3343 etiam
795 3307 912 3356 erat,
947 3307 1000 3344 ut
1028 3299 1240 3362 optimus
1269 3301 1489 3348 omnium
1522 3301 1746 3348 conditor
1772 3310 1915 3364 atque
1938 3299 2197 3365 dispositor
2231 3301 2359 3346 Deus
