2638 3866
286 243 382 293 366
1102 238 1263 287 PETRI
1295 238 1602 290 ABAELARDI

288 341 473 401 veritas,
504 340 552 385 in
578 338 907 401 omnipotente
935 336 1186 402 plenitudo
1210 338 1397 387 virtutis
1427 339 1711 388 ostenditur.
1734 343 1816 388 Est
1840 357 2046 408 namque
2074 360 2160 410 per
2189 346 2404 412 unigeni-

285 431 384 467 tam
406 419 636 465 Deitatem
651 418 990 482 omnipotens,
1009 426 1055 465 et
1088 434 1174 482 per
1196 418 1595 483 omnipotentiam
1618 422 1769 481 Pater,
1794 440 1817 466 »
1842 438 1897 470 ac
1926 423 1964 469 si
1994 434 2156 488 aperte
2183 425 2332 489 dicat,
2354 429 2402 475 in

286 516 344 546 eo
367 497 499 563 quod
525 505 595 545 est
622 499 752 545 Deus
784 497 1040 560 ingenitus,
1072 497 1169 545 hoc
1204 500 1333 546 Deus
1367 501 1519 561 Pater,
1554 498 1649 547 hoc
1670 501 1804 564 quasi
1838 503 2032 568 proprie
2065 513 2113 552 et
2142 506 2407 571 specialiter

285 578 427 625 habet
449 575 581 640 quod
606 576 666 623 sit
687 577 1014 642 omnipotens,
1044 577 1164 625 sicut
1198 578 1340 626 Filius
1360 579 1409 626 in
1435 595 1494 626 eo
1519 579 1653 644 quod
1670 581 1811 628 Filius
1833 592 1920 644 est,
1946 582 2080 648 quod
2101 585 2290 650 sapiens
2310 586 2410 634 sive

284 656 541 721 sapientia3
577 656 654 703 vel
679 656 880 721 Spiritus
913 656 1046 721 quod
1069 657 1130 704 sit
1153 656 1407 722 benignus,
1434 659 1584 706 immo
1612 659 1876 724 benignitas
1906 661 2024 727 ipsa.
2053 666 2159 711 Non
2193 664 2322 712 enim
2344 665 2407 712 ita

285 746 334 783 ut
369 736 498 784 solus
533 739 662 784 Deus
708 737 766 784 sit
801 737 1139 802 omnipotenS,
1193 745 1241 785 et
1274 753 1374 785 non
1409 738 1486 786 vel
1517 738 1677 799 Filius,
1723 740 1798 788 vel
1837 742 2038 806 Spiritus
2077 752 2293 806 sanctus,
2326 744 2399 793 vel

284 816 411 862 solus
449 816 592 864 Filius
640 816 699 863 sit
737 817 949 882 sapiens,
996 826 1079 865 aut
1114 816 1244 864 solus
1280 818 1483 883 Spiritus
1525 829 1714 868 sanctus
1755 820 1815 866 sit
1857 819 2120 885 benignus;
2156 823 2239 871 sed
2274 823 2407 888 quod

279 896 413 959 juxta
439 896 673 961 cujusque
707 912 924 962 personae
969 896 1327 946 distinctionem
1367 897 1586 962 quaedam
1619 899 1883 965 specialiter
1918 899 1980 948 ad
2018 917 2164 949 unam
2205 903 2408 951 attinent

284 990 567 1039 personam,
609 985 659 1024 et
693 976 737 1023 ei
773 976 982 1025 maxime
1015 977 1294 1025 tribuuntur
1330 995 1341 1023 ε
1381 977 1601 1042 quaedam
1636 977 1698 1027 ad
1736 979 1906 1043 aliam,
1953 990 2005 1028 ut
2042 997 2154 1028 cum
2189 983 2329 1029 Pater
2350 998 2408 1030 ex

285 1056 659 1121 omnipotentia,
701 1056 822 1104 sicut
859 1073 1003 1124 supra
1040 1058 1374 1120 meminimuS,
1412 1058 1568 1106 dictus
1602 1060 1692 1121 sit,
1732 1059 2142 1125 quemadmodum
2175 1061 2318 1110 Filius
2351 1078 2407 1111 ex

283 1135 529 1200 sapientia,
566 1135 640 1183 vel
674 1136 872 1202 Spiritus
905 1147 1096 1185 sanctus
1132 1155 1188 1186 ex
1225 1137 1534 1202 benignitate,
1571 1138 1663 1187 tale
1696 1139 1756 1188 sit
1788 1139 1922 1205 quod
1956 1138 2130 1188 dicitur
2160 1157 2246 1206 per
2277 1142 2407 1206 inge-

284 1215 433 1262 nitam
469 1215 704 1263 Deitatem
741 1217 1078 1282 omnipotens,
1117 1227 1165 1266 et
1200 1234 1288 1283 per
1325 1218 1725 1284 omnipotentiam
1763 1223 1926 1278 Pater,
1967 1236 2022 1268 ac
2059 1221 2098 1268 si
2134 1220 2314 1270 diceret
2347 1222 2408 1269 ad

284 1295 626 1360 proprietatem
661 1311 744 1343 seu
783 1296 1139 1344 distinctionem
1175 1313 1390 1363 personae
1421 1298 1509 1346 Dei
1542 1299 1690 1346 Patris
1720 1300 2121 1364 omnipotentiam
2145 1300 2411 1366 specialiter

282 1374 500 1436 attinere,
530 1391 642 1423 cum
665 1375 768 1441 ipsa
790 1375 969 1423 scilicet
992 1377 1343 1442 omnipotentia
1365 1393 1597 1441 generans
1623 1379 1910 1444 Sapientiam
1935 1396 2154 1445 expressa
2177 1381 2237 1428 sit
2259 1381 2410 1429 Patris

282 1455 566 1520 proprietas,
598 1456 697 1502 sive
731 1455 860 1503 idem
891 1456 1082 1520 penitus
1111 1473 1223 1504 cum
1250 1458 1355 1522 ipso
1389 1461 1545 1518 Patre,
1573 1466 1718 1524 atque
1745 1457 1842 1507 hoc
1869 1475 2049 1507 nomen
2082 1463 2221 1508 Pater
2244 1462 2293 1508 in
2317 1459 2410 1508 hac

283 1549 505 1597 persona,
531 1534 597 1582 ita
619 1535 771 1600 ipsam
795 1535 1007 1583 divinam
1031 1537 1314 1602 potentiam,
1339 1553 1446 1602 quae
1471 1537 1838 1604 omnipotentia,
1863 1537 2138 1604 simpliciter
2157 1540 2406 1604 exprimat,

285 1622 337 1659 ut
372 1629 528 1678 neque
564 1615 846 1679 sapientiam
877 1631 967 1664 nec
1003 1615 1346 1680 benignitatem
1381 1618 1430 1666 in
1462 1634 1519 1666 ea
1552 1617 1839 1683 distinguere
1871 1617 2062 1679 habeat,
2102 1618 2187 1667 sed
2223 1628 2409 1668 tantum

284 1702 566 1741 contentum
602 1694 663 1741 sit
701 1694 854 1760 ipsam
889 1696 1290 1761 omnipotentiam
1332 1715 1388 1746 ex
1423 1714 1519 1763 qua
1552 1699 1782 1763 sapientia
1817 1697 2024 1762 gignitur
2050 1697 2316 1763 designare.
2355 1702 2411 1746 Et

285 1773 552 1820 notandum
577 1774 711 1837 quod
736 1774 870 1838 juxta
902 1785 1178 1824 sanctorum
1210 1779 1404 1825 Patrum
1429 1779 1761 1827 auctoritatem
1793 1777 1945 1826 solam
1974 1794 2230 1843 personam
2261 1780 2410 1828 Patris

285 1851 502 1900 dicamus
533 1852 811 1917 ingenitam,
838 1854 959 1902 sicut
981 1865 1028 1906 et
1060 1859 1247 1904 Patrem
1265 1857 1455 1905 videtur
1487 1856 1568 1905 hic
1586 1856 1715 1904 idem
1743 1872 1845 1904 esse
1867 1857 2150 1919 ingenitum,
2183 1857 2317 1922 quod
2342 1868 2410 1906 est

284 1947 309 1977 a
347 1933 602 1997 semetipso
627 1949 747 1993 esse,
778 1950 879 1981 non
902 1934 964 1982 ab
997 1933 1110 1996 ali0,
1138 1951 1250 1984 cum
1282 1952 1581 2002 unaquaeque
1611 1935 1831 1984 videlicet
1865 1936 2065 1985 aliarum
2097 1952 2409 2003 personarum

284 2011 345 2058 ab
382 2011 486 2077 ipso
526 2015 664 2060 Patre
697 2013 782 2073 sit3
812 2013 914 2062 sola
936 2030 1052 2063 vero
1084 2032 1290 2081 persona
1322 2017 1472 2064 Patris
1509 2032 1610 2063 non
1650 2016 1710 2064 sit
1743 2015 1805 2064 ab
1829 2016 1987 2081 aliqua
2023 2017 2242 2064 aliarum.
2282 2018 2411 2064 Sicut

284 2107 396 2154 ergo
413 2092 545 2154 juxta
570 2091 902 2158 philosophos,
937 2109 1085 2143 omne
1118 2094 1170 2143 id
1207 2095 1421 2160 genitum
1454 2095 1629 2144 dicitur
1665 2095 1800 2160 quod
1839 2104 1909 2143 est
1942 2095 2005 2143 ab
2040 2096 2154 2156 alio,
2194 2095 2326 2143 unde
2364 2106 2410 2144 et

282 2171 549 2234 genituram
582 2171 754 2220 mundi
776 2172 975 2237 legimus
1005 2174 1271 2223 secundum
1301 2176 1436 2241 quod
1463 2176 1641 2224 scilicet
1671 2176 1772 2241 ipse
1795 2175 2004 2223 mundus
2029 2191 2150 2241 opus
2181 2175 2268 2223 Dei
2297 2175 2412 2223 dici·

281 2259 381 2312 tur,
428 2268 528 2299 non
563 2261 722 2300 tamen
755 2251 879 2300 filius
905 2253 1007 2317 ejus
1036 2270 1170 2315 esse;
1209 2264 1256 2303 et
1289 2257 1447 2303 Deum
1473 2256 1739 2320 genitorem
1761 2243 2078 2304 universitatis
2110 2254 2243 2302 Plato
2274 2254 2406 2316 dicit,

283 2345 311 2376 a
332 2347 430 2394 quo
455 2330 634 2379 scilicet
670 2332 889 2380 universa
911 2333 1003 2381 alia
1023 2333 1207 2383 habent
1228 2351 1357 2396 esse;
1387 2335 1452 2383 ita
1477 2352 1503 2383 e
1526 2336 1770 2384 contrario
1791 2335 1887 2383 hoc
1909 2335 2021 2383 loco
2043 2334 2200 2383 solum
2222 2336 2409 2382 Patrem

282 2408 483 2458 dicimus
510 2411 802 2476 ingenitum,
839 2414 1106 2462 secundum
1130 2414 1226 2463 hoc
1262 2415 1441 2464 scilicet
1474 2414 1607 2481 quod
1638 2417 1740 2481 ipse
1773 2416 1902 2464 solus
1924 2432 2024 2463 non
2057 2414 2204 2462 habet
2224 2413 2285 2462 ab
2317 2414 2409 2462 alio

281 2507 396 2539 esse.
436 2493 595 2549 Quare
627 2502 675 2540 et
704 2495 756 2540 B.
792 2495 1081 2558 Augustinus
1112 2495 1343 2560 Spiritum
1379 2511 1575 2560 quoque
1612 2496 1773 2560 ipsum
1811 2503 1953 2558 negat
1983 2508 2084 2542 esse
2121 2494 2403 2556 ingenitum,

280 2570 401 2618 sieut
425 2579 472 2618 et
499 2573 729 2636 genitum.
764 2573 841 2620 Sic
861 2574 1043 2640 quippe
1063 2574 1128 2622 ait
1149 2575 1197 2623 in
1226 2574 1568 2635 Quaestzbnibus
1589 2573 1652 2622 ab
1675 2574 1849 2622 Orosio
1871 2572 2130 2639 propositis
2151 2581 2199 2620 et
2219 2572 2280 2619 ab
2302 2572 2408 2638 ipso

281 2651 503 2715 expositis
515 2652 726 2718 capitulo
750 2670 803 2701 111
819 2655 858 2699 ²:
888 2653 1153 2718 «Spiritum
1175 2663 1395 2702 sanctum
1416 2670 1574 2719 neque
1594 2654 1809 2718 genitum
1828 2668 1986 2718 neque
2004 2653 2268 2717 ingenitum
2291 2650 2409 2699 fides

281 2739 408 2777 certa
430 2730 640 2780 declarat
673 2750 684 2780 ε
710 2732 823 2798 quia
845 2733 883 2781 si
916 2732 1175 2781 dixerimus
1200 2734 1483 2798 ingenitum,
1521 2733 1645 2781 duos
1664 2736 1824 2780 Patres
1855 2732 2092 2780 affirmare
2117 2730 2403 2779 videbimur.

283 2809 363 2854 Sin
388 2819 548 2858 autem
580 2812 822 2875 genitum,
853 2811 976 2860 duos
1004 2812 1146 2861 Filios
1167 2813 1361 2862 credere
1386 2814 1653 2879 culpamur.
1676 2813 1771 2862 Sed
1791 2812 1924 2878 quod
1952 2822 2082 2861 certa
2109 2810 2229 2859 fides
2257 2820 2403 2868 tenet,

278 2901 369 2932 nec
403 2888 641 2952 ingenitus
676 2902 764 2954 est,
803 2908 892 2940 nec
927 2894 1131 2956 genitus,
1169 2893 1254 2942 sed
1284 2893 1345 2942 ab
1378 2894 1591 2959 utrisque
1626 2891 1911 2958 procedens,
1948 2892 1997 2939 id
2029 2901 2099 2940 est
2131 2907 2160 2938 a
2193 2893 2332 2939 Patre
2362 2900 2408 2936 et

279 2964 413 3012 Filio.
432 2987 454 3010 »
470 2970 748 3019 Gennadius
769 2972 825 3018 de
850 2973 1125 3019 Orthodoxa
1137 2973 1244 3033 fide
1266 2973 1694 3021 ecclesiasticorum
1715 2973 2036 3037 dogmatum²,
2061 2991 2082 3015 t<
2104 2973 2242 3018 Pater
2264 2985 2402 3032 ergo,

279 3043 462 3107 inquit,
500 3049 792 3114 principium
829 3052 1052 3111 DeitatiS‚
1088 3068 1114 3099 a
1150 3069 1247 3115 quo
1282 3053 1425 3100 Filius
1453 3063 1619 3114 natus,
1658 3070 1686 3100 a
1717 3069 1815 3117 quo
1849 3052 2051 3117 Spiritus
2082 3058 2272 3097 sanctus
2306 3064 2404 3096 non

281 3131 442 3183 natus3
471 3125 583 3188 quia
603 3143 700 3174 non
724 3138 793 3176 est
812 3129 954 3190 filius,
977 3147 1066 3178 nec
1085 3132 1340 3193 ingenitus,
1367 3133 1478 3197 quia
1503 3150 1600 3179 non
1623 3141 1693 3179 est
1711 3135 1863 3178 Pater.
1890 3151 1913 3173 a
1932 3134 2072 3177 Hunc
2098 3133 2264 3176 Beatus
2282 3143 2405 3193 papa

321 3302 327 3320 ¹
346 3300 510 3344 Dialoyus
527 3306 644 3346 quaest.
662 3305 843 3347 LXV‚cap.
861 3315 904 3349 11,
923 3307 1027 3349 opp„
1059 3313 1085 3341 t.
1103 3307 1156 3341 vl.
1176 3326 1213 3334 -
1229 3311 1241 3330 ²
1256 3308 1457 3352 Gennadius,
1479 3310 1518 3344 de
1535 3311 1652 3352 Doqm.
1680 3310 1820 3351 Eccles„
1838 3317 1910 3350 cap.
1928 3318 1951 3342 ι.
