2638 3866
315 236 411 283 292
1119 241 1289 288 PETRI
1324 241 1638 289 ABAELARDI

315 336 574 383 salvaretur
600 354 848 401 nunquam
868 338 982 386 dare
1007 339 1171 398 voluit,
1197 357 1286 387 nec
1308 341 1409 406 ipse
1430 341 1530 387 sine
1554 339 1633 387 illa
1657 338 1840 403 potuit?
1868 338 1961 386 Sed
1997 339 2192 388 fortasse
2231 341 2344 405 quis
2373 341 2444 388 di·

314 425 404 475 cat,
433 416 563 480 quod
586 418 727 481 culpa
744 418 844 480 ejus
862 419 924 466 sit
948 420 1081 483 quod
1104 423 1233 468 Deus
1252 422 1452 484 gratiam
1474 421 1518 467 ei
1536 420 1666 466 illam
1685 419 1798 466 dare
1812 418 2037 480 noluerit,
2055 435 2200 483 quam
2215 420 2445 485 illiaequa-

313 495 418 543 liter
441 497 613 544 obtulit
630 498 753 545 sicut
775 508 821 545 et
831 499 985 562 justis,
1013 500 1097 547 sed
1117 500 1327 550 oblatam
1349 501 1449 566 ipse
1470 500 1687 564 accipere
1706 499 1879 549 noluit.
1905 499 1972 546 Ad
1996 499 2129 564 quod
2150 499 2439 564 respondeo,

127 580 237 638 --έῇ
314 576 445 638 quod
464 594 553 624 nec
576 578 735 642 ipsum
756 580 970 644 accipere
994 581 1095 628 sine
1120 582 1267 644 gratia
1290 582 1377 628 Dei
1400 590 1557 646 potest
1578 596 1696 628 esse.
1720 580 1844 637 Quia
1860 580 2059 644 quidem
2088 581 2287 643 gratiam
2317 579 2444 626 acci·

315 655 478 718 piendi
510 656 725 707 oblatum
759 659 945 706 donum
975 678 1085 707 cum
1123 664 1251 708 Deus
1287 661 1354 708 illi
1389 661 1503 709 dare
1527 660 1750 721 noluerit,
1789 677 1878 707 nec
1913 661 2013 725 ipse
2046 660 2147 708 sine
2178 659 2269 708 hac
2297 660 2442 723 gratia

313 747 455 797 queat
472 737 589 784 illud
613 739 845 803 accipere,
871 740 985 787 falso
1003 741 1053 787 id
1072 741 1222 806 culpae
1244 742 1346 806 ejus
1362 741 1615 789 ascribitur
1633 740 1766 805 quod
1785 740 1993 789 oblatam
2018 741 2214 804 gratiam
2238 756 2340 787 non
2364 755 2443 786 ac·-
2498 803 2501 808 ι

313 816 439 879 cepit
466 835 475 862 :
503 818 648 865 veluti
666 819 704 866 si
729 819 942 867 medicus
969 821 1031 867 ad
1066 821 1311 869 infirmum
1342 822 1539 871 veniens
1571 822 1819 886 potionem
1855 821 2049 869 offerret
2071 837 2167 884 qua
2188 820 2343 867 curari
2365 818 2442 867 ille

309 907 486 959 posset,
510 898 595 945 sed
616 916 919 963 nequaquam
942 901 1159 949 infirmus
1177 902 1239 950 ad
1264 902 1622 967 suscipiendum
1647 901 2049 949 medicamentum
2083 901 2263 964 erigere
2288 916 2338 947 se
2361 915 2442 947 va-

309 976 441 1035 leret,
467 979 555 1026 nisi
571 980 672 1044 ipse
692 997 887 1045 quoque
912 982 1124 1031 medicus
1147 1000 1260 1031 eum
1282 983 1582 1032 sublevaret:
1611 999 1716 1047 quae
1740 992 1811 1031 est
1840 982 1982 1047 culpa
2014 981 2192 1029 infirmi
2222 981 2262 1028 si
2297 987 2442 1027 cura-

310 1057 489 1105 tionem
511 1059 722 1108 oblatam
748 1078 848 1108 non
879 1063 1092 1128 suscipit,
1118 1074 1199 1113 aut
1228 1081 1332 1128 quae
1354 1074 1426 1112 est
1448 1062 1806 1112 commendatio
1830 1062 2003 1110 medici
2024 1062 2074 1110 in
2098 1059 2365 1119 offerendo,
2403 1060 2439 1107 si

308 1137 570 1197 efficaciam
595 1140 924 1189 medicaminis
947 1143 1252 1191 auferamon
1283 1143 1620 1193 sublevando?
1647 1143 1860 1190 Dicimus
1894 1144 2056 1206 itaque
2092 1159 2192 1189 non
2228 1158 2329 1188 esse
2361 1157 2442 1187 ne·

306 1236 434 1266 cesse
458 1220 503 1266 in
532 1221 727 1283 singulis
760 1221 903 1268 bonis
937 1224 1165 1287 operibus
1194 1241 1369 1273 novam
1391 1224 1537 1278 ,nobis
1560 1224 1757 1287 gratiam
1788 1241 1814 1270 a
1846 1226 1949 1271 Deo
1981 1222 2231 1287 impertiri,
2271 1231 2325 1268 ut
2355 1235 2443 1268 ne-

303 1316 542 1363 quaquam
561 1301 738 1348 scilicet
751 1301 879 1348 bona
897 1304 1086 1367 operari
1102 1304 1177 1351 vel
1190 1304 1307 1352 velle
1322 1305 1558 1369 possimus
1572 1304 1673 1352 sine
1686 1320 1815 1351 novo
1832 1303 2004 1351 divinae
2028 1303 2186 1366 gratiae
2205 1311 2442 1367 praeeunte

305 1379 454 1441 dono,
485 1380 567 1427 sed
590 1398 713 1446 saepe
735 1384 838 1428 Deo
862 1383 1040 1446 aequale
1063 1385 1220 1447 gratiae
1247 1401 1342 1432 suae
1380 1384 1567 1432 donum
1603 1384 1840 1448 aliquibus
1876 1383 2208 1443 distribuente,
2236 1398 2334 1429 non
2358 1398 2442 1428 eos

305 1470 462 1507 tamen
489 1461 732 1526 aequaliter
754 1464 942 1527 operari
965 1465 1214 1529 contingit,
1242 1466 1390 1514 immo
1414 1483 1536 1531 saepe
1558 1482 1671 1513 eum
1694 1465 1853 1512 minus
1885 1465 2076 1529 operari
2100 1464 2183 1528 qui
2212 1463 2318 1528 plus
2342 1479 2442 1526 gra-

305 1541 378 1586 tiae
413 1541 474 1587 ad
504 1543 804 1606 operandum
846 1546 1121 1610 susceperit.
1156 1549 1217 1593 Ut
1245 1547 1374 1593 enim
1411 1546 1471 1592 de
1507 1562 1670 1593 amore
1708 1545 1782 1592 vel
1821 1545 2059 1593 desiderio
2102 1542 2440 1608 temporalium

304 1638 464 1668 rerum
488 1624 661 1681 evenit,
688 1625 751 1671 ita
775 1624 835 1671 de
855 1626 975 1672 veris
1005 1637 1050 1673 et
1079 1627 1266 1675 aeternis
1298 1627 1438 1673 bonis
1477 1627 1664 1675 accidit.
1705 1627 1847 1675 Venit
1883 1635 2152 1691 praepotens
2179 1624 2366 1688 aliquis,
2392 1633 2442 1671 et

304 1717 419 1767 opes
438 1719 546 1749 suas
566 1703 806 1767 aliquibus
831 1706 991 1767 egenis
1015 1708 1192 1770 pariter
1224 1708 1421 1772 exponit
1457 1708 1507 1755 in
1546 1707 1763 1754 mercede
1798 1716 1940 1770 atque
1970 1704 2128 1766 offert,
2154 1706 2193 1752 si
2216 1704 2351 1769 quod
2375 1704 2441 1752 eis

303 1782 516 1847 praecipit
538 1783 857 1848 impleverint.
888 1785 1013 1832 Alius
1036 1786 1196 1849 itaque
1219 1804 1275 1834 ex
1298 1788 1365 1834 eis
1389 1787 1626 1834 desiderio
1649 1797 1850 1835 ostensae
1874 1795 1920 1833 et
1939 1786 2184 1850 promissae
2207 1785 2296 1832 sihi
2317 1801 2440 1832 mer-

306 1862 434 1909 cedis
455 1879 699 1924 accensus,
724 1865 942 1912 laborem
974 1868 1133 1931 operis
1167 1868 1333 1932 arripit
1363 1884 1418 1914 ac
1439 1867 1640 1932 perficit.
1666 1866 1793 1914 Alius
1820 1876 1980 1913 autem
2004 1882 2113 1913 cum
2141 1866 2277 1930 pigerv
2302 1865 2361 1911 sit
2383 1881 2439 1912 ac

304 1943 464 2006 magni
486 1943 662 1990 laboris
685 1946 959 2009 impatiens,
980 1957 1112 1994 tanto
1135 1948 1294 1995 minus
1316 1947 1557 1994 desiderio
1578 1947 1660 1994 illo
1685 1947 1979 2005 accenditur,
2017 1956 2200 2009 quanto
2229 1945 2439 2010 -amph'us

300 2021 476 2069 laboris
514 2025 843 2087 magnitudine
875 2026 1154 2086 deterretur,
1186 2045 1242 2076 ac
1272 2045 1394 2092 saepe
1425 2028 1475 2075 id
1511 2029 1671 2078 evenit
1705 2039 1756 2075 ut
1792 2028 1876 2091 qui
1910 2027 2079 2075 fortior
2115 2036 2186 2073 est
2212 2040 2435 2090 corpore,

301 2103 518 2164 ignavior
536 2105 594 2150 sit
616 2116 793 2166 mente,
821 2117 867 2154 et
889 2109 972 2171 qui
995 2109 1253 2174 pauperior
1273 2117 1342 2157 est
1362 2109 1541 2172 pigrior
1563 2108 1746 2155 existat.
1790 2107 1918 2165 Quid
1943 2117 2012 2154 est
2033 2123 2147 2170 ergo
2171 2105 2304 2170 quod
2327 2122 2438 2153 cum

301 2183 541 2246 aequaliter
575 2195 773 2236 ostensae
808 2187 902 2234 sint
937 2198 983 2236 et
1015 2189 1185 2237 ohlatae
1221 2206 1311 2255 pro
1350 2189 1573 2235 mercede
1609 2188 1800 2252 utrique
1829 2187 2022 2248 divitiae,
2056 2187 2175 2234 alius
2203 2185 2441 2233 desiderio

302 2279 464 2311 earum
486 2282 712 2314 accensus
736 2267 954 2320 laborem
984 2270 1154 2317 tolerat
1175 2279 1226 2317 ut
1246 2269 1440 2329 ditetur,
1474 2269 1593 2316 alius
1631 2268 1851 2318 laborare
1880 2267 2092 2331 negligit,
2130 2275 2177 2315 et
2202 2265 2437 2327 diutinam

302 2345 450 2407 magis
485 2345 612 2408 eligit
644 2358 978 2412 paupertatem
1016 2365 1163 2413 quam
1195 2349 1256 2396 ad
1288 2350 1459 2397 horam
1494 2350 1725 2398 sustinere
1761 2348 2013 2397 laborem?
2048 2346 2176 2404 Quid
2213 2355 2282 2394 est
2321 2345 2433 2405 hoc,

300 2442 478 2488 quaeso,
502 2428 592 2474 nisi
616 2427 757 2491 hujus
782 2429 997 2493 probitas
1023 2439 1070 2476 et
1091 2429 1216 2476 illius
1232 2429 1449 2492 ignavia?
1470 2429 1599 2486 Quid
1622 2429 1827 2492 amplius
1865 2429 1951 2475 uni
1983 2444 2128 2491 quam
2152 2427 2287 2474 alteri
2305 2426 2437 2473 dives

301 2505 378 2552 ille
397 2506 520 2567 fecit,
551 2509 634 2572 qui
657 2509 870 2572 utrisque
890 2509 1067 2574 pariter
1095 2525 1259 2573 parem
1293 2508 1565 2556 mercedem
1605 2507 1822 2554 exhibuit
1860 2517 1907 2554 et
1938 2505 2195 2571 promisit?
2231 2509 2285 2553 ln
2323 2505 2431 2566 isto,

300 2587 504 2651 inquies,
533 2599 691 2640 tamen
715 2589 1007 2636 desiderium
1030 2590 1267 2651 accendit,
1294 2599 1348 2637 ut
1369 2588 1547 2636 laboris
1571 2604 1683 2636 eum
1714 2587 1979 2652 patientem
2004 2585 2211 2633 efficeret
2244 2594 2292 2633 et
2319 2601 2437 2635 con-

301 2678 659 2716 summatorem.
689 2670 783 2716 Sed
806 2670 919 2729 hoc,
945 2671 1160 2734 inquam,
1188 2687 1245 2716 ex
1269 2670 1460 2717 actione
1483 2669 1561 2717 illa
1583 2668 1741 2715 divitis
1769 2677 2084 2715 consecutum
2107 2675 2194 2724 est,
2225 2681 2325 2714 non
2349 2665 2434 2713 ali-

302 2748 418 2809 quid
434 2748 494 2795 de
515 2751 617 2813 ipsa
637 2750 828 2804 actione
850 2761 938 2812 est,
965 2751 1013 2799 id
1035 2761 1105 2798 est
1127 2767 1227 2799 non
1252 2750 1352 2814 ejus
1376 2750 1536 2814 aliqua
1551 2766 1660 2814 pars
1688 2758 1773 2796 est.
1803 2748 1948 2806 Quod
1978 2764 2093 2811 ergo
2119 2745 2435 2811 impedimen-

303 2835 402 2872 tum
437 2830 485 2873 in
518 2829 665 2877 altero
704 2830 898 2890 habuit,
941 2831 1075 2894 quod
1110 2830 1327 2878 similiter
1358 2847 1470 2877 eum
1515 2846 1615 2876 non
1660 2830 1899 2894 permovit
1925 2828 1944 2875 Ρ
1984 2827 2177 2876 Nullum
2218 2825 2434 2891 profecto

301 2907 549 2955 ostendere
573 2910 768 2973 poteris,
796 2911 886 2957 nisi
903 2911 1005 2973 ejus
1028 2911 1286 2974 ignaviam,
1315 2911 1397 2974 qui
1421 2910 1638 2958 laborem
1659 2909 1833 2957 renuit.
1858 2909 1934 2955 Sic
1957 2917 2005 2956 et
2023 2910 2125 2954 Deo
2150 2904 2291 2953 nobis
2313 2922 2434 2970 quo·

302 2985 414 3032 tidie
441 3003 639 3049 regnum
662 2988 895 3036 coelorum
919 2990 1167 3051 offerente,
1191 2991 1308 3037 alius
1339 2991 1474 3053 regni
1498 2990 1646 3054 ipsius
1675 2989 1914 3036 desiderio
1953 3003 2181 3035 accensus
2215 2986 2266 3034 in
2293 2984 2434 3032 bonis

299 3077 570 3130 perseverat
601 3068 843 3131 operibus,
873 3069 992 3116 alius
1021 3070 1070 3116 in
1104 3086 1189 3117 sua
1220 3071 1446 3134 torpescit
1481 3070 1683 3134 ignavia.
1720 3072 1874 3133 AEque
1902 3078 2063 3114 tamen
2088 3069 2214 3112 Deus
2244 3064 2432 3128 utrique

299 3146 440 3194 offert
461 3146 599 3203 illud,
626 3156 671 3193 et
693 3148 827 3210 quod
847 3164 989 3194 suum
1008 3160 1078 3196 est
1101 3149 1263 3210 efficit,
1292 3159 1575 3214 tantumque
1603 3165 1716 3211 erga
1746 3158 2002 3210 utrumque
2030 3153 2276 3210 operatur,
2298 3143 2431 3206 regni

297 3226 444 3290 ipsius
467 3226 814 3273 beatitudinem
833 3228 1121 3292 exponendo
1161 3239 1208 3277 et
1242 3229 1589 3294 promittendo,
1618 3227 1752 3291 quod
1786 3227 1848 3273 ad
1882 3225 2173 3275 desiderium
2203 3224 2431 3273 uniuscu-

78 3308 216 3355 »θ
291 3306 466 3372 jusque
489 3306 854 3355 accendendum
876 3306 1097 3370 sufficiat,
1118 3308 1297 3373 absque
1323 3325 1451 3357 nova
1475 3309 1566 3357 alia
1590 3307 1737 3370 gratia
1762 3306 1997 3371 apposita.
2039 3307 2149 3361 Quo
2170 3305 2297 3353 enim
2323 3318 2430 3355 ma—
