<?xml version="1.0" encoding="UTF-8"?>
<!DOCTYPE html PUBLIC "-//W3C//DTD XHTML 1.0 Transitional//EN"
    "http://www.w3.org/TR/xhtml1/DTD/xhtml1-transitional.dtd">
<html xmlns="http://www.w3.org/1999/xhtml" xml:lang="en" lang="en">
 <head>
  <title>
</title>
<meta http-equiv="Content-Type" content="text/html;charset=utf-8" />
  <meta name='ocr-system' content='tesseract 3.04.00' />
  <meta name='ocr-capabilities' content='ocr_page ocr_carea ocr_par ocr_line ocrx_word'/>
</head>
<body>
  <div class='ocr_page' id='page_1' title='image "./operahactenusseo00abeluoft_0394.png"; bbox 0 0 2638 3866; ppageno 0'>
   <div class='ocr_carea' id='block_1_1' title="bbox 259 247 1588 303">
    <p class='ocr_par' dir='ltr' id='par_1_1' title="bbox 259 247 1588 303">
     <span class='ocr_line' id='line_1_1' title="bbox 259 247 1588 303; baseline -0.007 0"><span class='ocrx_word' id='word_1_1' title='bbox 259 255 356 303; x_wconf 78' lang='lat'>384</span> <span class='ocrx_word' id='word_1_2' title='bbox 1071 249 1241 296; x_wconf 79' lang='lat' dir='ltr'>PETRI</span> <span class='ocrx_word' id='word_1_3' title='bbox 1277 247 1588 296; x_wconf 79' lang='lat' dir='ltr'>ABAELARDI</span> 
     </span>
    </p>
   </div>
   <div class='ocr_carea' id='block_1_2' title="bbox 258 348 2404 1060">
    <p class='ocr_par' dir='ltr' id='par_1_2' title="bbox 260 348 2398 482">
     <span class='ocr_line' id='line_1_2' title="bbox 260 348 2398 415; baseline -0.002 -14"><span class='ocrx_word' id='word_1_4' title='bbox 260 354 428 401; x_wconf 88' lang='lat' dir='ltr'>orbem</span> <span class='ocrx_word' id='word_1_5' title='bbox 453 362 702 411; x_wconf 88' lang='lat' dir='ltr'>terrarum,</span> <span class='ocrx_word' id='word_1_6' title='bbox 727 358 817 397; x_wconf 91' lang='lat' dir='ltr'>etc.</span> <span class='ocrx_word' id='word_1_7' title='bbox 842 369 864 393; x_wconf 75' lang='lat'>&gt;2</span> <span class='ocrx_word' id='word_1_8' title='bbox 894 351 1044 414; x_wconf 82' lang='lat' dir='ltr'>Atque</span> <span class='ocrx_word' id='word_1_9' title='bbox 1066 349 1186 397; x_wconf 94' lang='lat' dir='ltr'>illud</span> <span class='ocrx_word' id='word_1_10' title='bbox 1209 349 1488 397; x_wconf 86' lang='lat' dir='ltr'>Psalmistae¹</span> <span class='ocrx_word' id='word_1_11' title='bbox 1512 367 1522 395; x_wconf 91' lang='lat'>:</span> <span class='ocrx_word' id='word_1_12' title='bbox 1554 348 1770 415; x_wconf 89' lang='lat' dir='ltr'>«Spiritu</span> <span class='ocrx_word' id='word_1_13' title='bbox 1804 349 1901 396; x_wconf 90' lang='lat' dir='ltr'>oris</span> <span class='ocrx_word' id='word_1_14' title='bbox 1933 349 2033 413; x_wconf 91' lang='lat' dir='ltr'>ejus</span> <span class='ocrx_word' id='word_1_15' title='bbox 2065 349 2221 396; x_wconf 90' lang='lat' dir='ltr'>omnis</span> <span class='ocrx_word' id='word_1_16' title='bbox 2249 349 2398 397; x_wconf 83' lang='lat' dir='ltr'>virtus</span> 
     </span>
     <span class='ocr_line' id='line_1_3' title="bbox 261 451 502 482; baseline -0.012 -1"><span class='ocrx_word' id='word_1_17' title='bbox 261 451 447 482; x_wconf 89' lang='lat' dir='ltr'>eorum.</span> <span class='ocrx_word' id='word_1_18' title='bbox 481 453 502 476; x_wconf 75' lang='lat'>&gt;2</span> 
     </span>
    </p>

    <p class='ocr_par' dir='ltr' id='par_1_3' title="bbox 258 510 2404 1060">
     <span class='ocr_line' id='line_1_4' title="bbox 324 510 2400 577; baseline -0.002 -17"><span class='ocrx_word' id='word_1_19' title='bbox 324 515 646 576; x_wconf 84' lang='lat' dir='ltr'>Hieronymus</span> <span class='ocrx_word' id='word_1_20' title='bbox 675 513 723 563; x_wconf 89' lang='lat' dir='ltr'>in</span> <span class='ocrx_word' id='word_1_21' title='bbox 767 511 979 577; x_wconf 82' lang='lat' dir='ltr'>Epistola</span> <span class='ocrx_word' id='word_1_22' title='bbox 1023 511 1152 558; x_wconf 86' lang='lat' dir='ltr'>Pauli</span> <span class='ocrx_word' id='word_1_23' title='bbox 1179 510 1247 557; x_wconf 85' lang='lat' dir='ltr'>ad</span> <span class='ocrx_word' id='word_1_24' title='bbox 1281 511 1505 575; x_wconf 77' lang='lat' dir='ltr'>Ephesios</span> <span class='ocrx_word' id='word_1_25' title='bbox 1535 510 1621 558; x_wconf 82' lang='lat' dir='ltr'>lib.</span> <span class='ocrx_word' id='word_1_26' title='bbox 1655 513 1693 556; x_wconf 84' lang='grc' dir='ltr'>Π</span> <span class='ocrx_word' id='word_1_27' title='bbox 1732 528 1742 557; x_wconf 78' lang='lat' dir='ltr'><em>z</em></span> <span class='ocrx_word' id='word_1_28' title='bbox 1775 510 2070 557; x_wconf 89' lang='lat' dir='ltr'>«Diversitas</span> <span class='ocrx_word' id='word_1_29' title='bbox 2098 520 2256 557; x_wconf 89' lang='lat' dir='ltr'>autem</span> <span class='ocrx_word' id='word_1_30' title='bbox 2299 526 2400 556; x_wconf 87' lang='lat' dir='ltr'>om-</span> 
     </span>
     <span class='ocr_line' id='line_1_5' title="bbox 259 591 2402 656; baseline -0.002 -15"><span class='ocrx_word' id='word_1_31' title='bbox 259 595 394 641; x_wconf 87' lang='lat' dir='ltr'>nium</span> <span class='ocrx_word' id='word_1_32' title='bbox 430 594 477 639; x_wconf 92' lang='lat' dir='ltr'>in</span> <span class='ocrx_word' id='word_1_33' title='bbox 519 591 695 656; x_wconf 92' lang='lat' dir='ltr'>quibus</span> <span class='ocrx_word' id='word_1_34' title='bbox 728 592 903 640; x_wconf 87' lang='lat' dir='ltr'>dicitur</span> <span class='ocrx_word' id='word_1_35' title='bbox 934 609 1059 639; x_wconf 92' lang='lat' dir='ltr'>unus</span> <span class='ocrx_word' id='word_1_36' title='bbox 1086 595 1215 639; x_wconf 89' lang='lat' dir='ltr'>Deus</span> <span class='ocrx_word' id='word_1_37' title='bbox 1245 601 1292 638; x_wconf 91' lang='lat' dir='ltr'>et</span> <span class='ocrx_word' id='word_1_38' title='bbox 1326 595 1465 639; x_wconf 88' lang='lat' dir='ltr'>Pater</span> <span class='ocrx_word' id='word_1_39' title='bbox 1493 592 1730 651; x_wconf 89' lang='lat' dir='ltr'>omnium,</span> <span class='ocrx_word' id='word_1_40' title='bbox 1765 591 1845 656; x_wconf 88' lang='lat' dir='ltr'>qui</span> <span class='ocrx_word' id='word_1_41' title='bbox 1870 607 2013 656; x_wconf 90' lang='lat' dir='ltr'>super</span> <span class='ocrx_word' id='word_1_42' title='bbox 2047 591 2210 638; x_wconf 88' lang='lat' dir='ltr'>omnia</span> <span class='ocrx_word' id='word_1_43' title='bbox 2241 600 2287 638; x_wconf 90' lang='lat' dir='ltr'>et</span> <span class='ocrx_word' id='word_1_44' title='bbox 2315 607 2402 656; x_wconf 90' lang='lat' dir='ltr'>per</span> 
     </span>
     <span class='ocr_line' id='line_1_6' title="bbox 260 670 2402 737; baseline -0.002 -16"><span class='ocrx_word' id='word_1_45' title='bbox 260 690 429 721; x_wconf 89' lang='lat' dir='ltr'>omnes</span> <span class='ocrx_word' id='word_1_46' title='bbox 457 682 502 719; x_wconf 87' lang='lat' dir='ltr'>et</span> <span class='ocrx_word' id='word_1_47' title='bbox 527 674 575 719; x_wconf 94' lang='lat' dir='ltr'>in</span> <span class='ocrx_word' id='word_1_48' title='bbox 600 673 824 720; x_wconf 91' lang='lat' dir='ltr'>omnibus</span> <span class='ocrx_word' id='word_1_49' title='bbox 847 673 1088 726; x_wconf 88' lang='lat' dir='ltr'>diversam</span> <span class='ocrx_word' id='word_1_50' title='bbox 1115 671 1475 737; x_wconf 84' lang='lat' dir='ltr'>intelligentiam</span> <span class='ocrx_word' id='word_1_51' title='bbox 1499 673 1636 737; x_wconf 87' lang='lat' dir='ltr'>sapit.</span> <span class='ocrx_word' id='word_1_52' title='bbox 1664 673 1816 736; x_wconf 90' lang='lat' dir='ltr'>Super</span> <span class='ocrx_word' id='word_1_53' title='bbox 1842 672 2005 718; x_wconf 89' lang='lat' dir='ltr'>omnia</span> <span class='ocrx_word' id='word_1_54' title='bbox 2028 681 2097 718; x_wconf 90' lang='lat' dir='ltr'>est</span> <span class='ocrx_word' id='word_1_55' title='bbox 2120 670 2249 718; x_wconf 89' lang='lat' dir='ltr'>enim</span> <span class='ocrx_word' id='word_1_56' title='bbox 2272 673 2402 718; x_wconf 89' lang='lat' dir='ltr'>Deus</span> 
     </span>
     <span class='ocr_line' id='line_1_7' title="bbox 258 747 2402 818; baseline -0.002 -16"><span class='ocrx_word' id='word_1_57' title='bbox 258 757 414 813; x_wconf 81' lang='lat' dir='ltr'>Pater,</span> <span class='ocrx_word' id='word_1_58' title='bbox 438 753 522 817; x_wconf 91' lang='lat' dir='ltr'>qui</span> <span class='ocrx_word' id='word_1_59' title='bbox 547 747 716 800; x_wconf 78' lang='lat' dir='ltr'>auctor</span> <span class='ocrx_word' id='word_1_60' title='bbox 743 763 813 800; x_wconf 90' lang='lat' dir='ltr'>est</span> <span class='ocrx_word' id='word_1_61' title='bbox 838 754 1059 801; x_wconf 88' lang='lat' dir='ltr'>omnium</span> <span class='ocrx_word' id='word_1_62' title='bbox 1086 771 1095 799; x_wconf 74' lang='grc' dir='ltr'>ε</span> <span class='ocrx_word' id='word_1_63' title='bbox 1129 769 1214 818; x_wconf 92' lang='lat' dir='ltr'>per</span> <span class='ocrx_word' id='word_1_64' title='bbox 1238 769 1408 800; x_wconf 90' lang='lat' dir='ltr'>omnes</span> <span class='ocrx_word' id='word_1_65' title='bbox 1435 753 1579 799; x_wconf 90' lang='lat' dir='ltr'>Filius</span> <span class='ocrx_word' id='word_1_66' title='bbox 1602 752 1685 816; x_wconf 88' lang='lat' dir='ltr'>qui</span> <span class='ocrx_word' id='word_1_67' title='bbox 1716 761 1889 799; x_wconf 89' lang='lat' dir='ltr'>cuncta</span> <span class='ocrx_word' id='word_1_68' title='bbox 1914 752 2210 810; x_wconf 81' lang='lat' dir='ltr'>transcurrit,</span> <span class='ocrx_word' id='word_1_69' title='bbox 2240 749 2402 797; x_wconf 90' lang='lat' dir='ltr'>vadit-</span> 
     </span>
     <span class='ocr_line' id='line_1_8' title="bbox 259 829 2404 899; baseline -0.002 -18"><span class='ocrx_word' id='word_1_70' title='bbox 259 851 353 899; x_wconf 87' lang='lat' dir='ltr'>que</span> <span class='ocrx_word' id='word_1_71' title='bbox 387 851 475 898; x_wconf 87' lang='lat' dir='ltr'>per</span> <span class='ocrx_word' id='word_1_72' title='bbox 509 832 677 881; x_wconf 86' lang='lat' dir='ltr'>onmia</span> <span class='ocrx_word' id='word_1_73' title='bbox 702 834 749 880; x_wconf 91' lang='lat' dir='ltr'>in</span> <span class='ocrx_word' id='word_1_74' title='bbox 775 833 1003 881; x_wconf 88' lang='lat' dir='ltr'>omnibus</span> <span class='ocrx_word' id='word_1_75' title='bbox 1032 834 1233 899; x_wconf 89' lang='lat' dir='ltr'>Spiritus</span> <span class='ocrx_word' id='word_1_76' title='bbox 1265 843 1474 893; x_wconf 89' lang='lat' dir='ltr'>sanctus,</span> <span class='ocrx_word' id='word_1_77' title='bbox 1511 842 1558 879; x_wconf 92' lang='lat' dir='ltr'>et</span> <span class='ocrx_word' id='word_1_78' title='bbox 1592 831 1709 878; x_wconf 90' lang='lat' dir='ltr'>nihil</span> <span class='ocrx_word' id='word_1_79' title='bbox 1739 831 1918 896; x_wconf 85' lang='lat' dir='ltr'>absque</span> <span class='ocrx_word' id='word_1_80' title='bbox 1943 848 2002 879; x_wconf 91' lang='lat' dir='ltr'>eo</span> <span class='ocrx_word' id='word_1_81' title='bbox 2037 842 2122 878; x_wconf 88' lang='lat' dir='ltr'>est.</span> <span class='ocrx_word' id='word_1_82' title='bbox 2155 830 2264 878; x_wconf 85' lang='lat' dir='ltr'>Tale</span> <span class='ocrx_word' id='word_1_83' title='bbox 2286 829 2404 894; x_wconf 90' lang='lat' dir='ltr'>quid</span> 
     </span>
     <span class='ocr_line' id='line_1_9' title="bbox 260 911 2400 978; baseline -0.002 -16"><span class='ocrx_word' id='word_1_84' title='bbox 260 915 320 962; x_wconf 92' lang='lat' dir='ltr'>de</span> <span class='ocrx_word' id='word_1_85' title='bbox 344 914 572 962; x_wconf 87' lang='lat' dir='ltr'>creaturis</span> <span class='ocrx_word' id='word_1_86' title='bbox 601 924 647 960; x_wconf 92' lang='lat' dir='ltr'>et</span> <span class='ocrx_word' id='word_1_87' title='bbox 670 917 772 961; x_wconf 91' lang='lat' dir='ltr'>Deo</span> <span class='ocrx_word' id='word_1_88' title='bbox 797 915 938 962; x_wconf 81' lang='lat' dir='ltr'>etiarn</span> <span class='ocrx_word' id='word_1_89' title='bbox 966 918 1103 961; x_wconf 90' lang='lat' dir='ltr'>Xeno</span> <span class='ocrx_word' id='word_1_90' title='bbox 1129 931 1240 961; x_wconf 93' lang='lat' dir='ltr'>cum</span> <span class='ocrx_word' id='word_1_91' title='bbox 1274 914 1444 961; x_wconf 84' lang='lat' dir='ltr'>Stoicis</span> <span class='ocrx_word' id='word_1_92' title='bbox 1469 914 1752 978; x_wconf 88' lang='lat' dir='ltr'>suspicatur,</span> <span class='ocrx_word' id='word_1_93' title='bbox 1783 929 1926 977; x_wconf 89' lang='lat' dir='ltr'>quem</span> <span class='ocrx_word' id='word_1_94' title='bbox 1951 922 2138 960; x_wconf 88' lang='lat' dir='ltr'>secutus</span> <span class='ocrx_word' id='word_1_95' title='bbox 2159 911 2400 975; x_wconf 84' lang='lat' dir='ltr'>Virgilius,</span> 
     </span>
     <span class='ocr_line' id='line_1_10' title="bbox 263 991 2333 1060; baseline -0.001 -20"><span class='ocrx_word' id='word_1_96' title='bbox 263 1015 285 1040; x_wconf 91' lang='lat'>«</span> <span class='ocrx_word' id='word_1_97' title='bbox 317 998 474 1042; x_wconf 92' lang='lat' dir='ltr'>Deum</span> <span class='ocrx_word' id='word_1_98' title='bbox 496 1011 707 1059; x_wconf 88' lang='lat' dir='ltr'>namque</span> <span class='ocrx_word' id='word_1_99' title='bbox 730 995 798 1042; x_wconf 92' lang='lat' dir='ltr'>ire</span> <span class='ocrx_word' id='word_1_100' title='bbox 821 1011 906 1060; x_wconf 90' lang='lat' dir='ltr'>per</span> <span class='ocrx_word' id='word_1_101' title='bbox 930 1012 1100 1042; x_wconf 88' lang='lat' dir='ltr'>omnes</span> <span class='ocrx_word' id='word_1_102' title='bbox 1124 1004 1367 1059; x_wconf 88' lang='lat' dir='ltr'>terrasque</span> <span class='ocrx_word' id='word_1_103' title='bbox 1391 1003 1665 1058; x_wconf 85' lang='lat' dir='ltr'>tractusque</span> <span class='ocrx_word' id='word_1_104' title='bbox 1688 994 1849 1053; x_wconf 88' lang='lat' dir='ltr'>maris,</span> <span class='ocrx_word' id='word_1_105' title='bbox 1868 1014 1890 1036; x_wconf 84' lang='grc'>»</span> <span class='ocrx_word' id='word_1_106' title='bbox 1919 1003 1965 1040; x_wconf 90' lang='lat' dir='ltr'>et</span> <span class='ocrx_word' id='word_1_107' title='bbox 1987 991 2187 1055; x_wconf 89' lang='lat' dir='ltr'>reliqua.</span> <span class='ocrx_word' id='word_1_108' title='bbox 2215 993 2298 1038; x_wconf 82' lang='lat' dir='ltr'>Et’</span> <span class='ocrx_word' id='word_1_109' title='bbox 2323 1009 2333 1037; x_wconf 82' lang='lat' dir='ltr'><strong><em>z</em></strong></span> 
     </span>
    </p>
   </div>
   <div class='ocr_carea' id='block_1_3' title="bbox 558 1117 1768 1392">
    <p class='ocr_par' dir='ltr' id='par_1_4' title="bbox 558 1117 1768 1392">
     <span class='ocr_line' id='line_1_11' title="bbox 558 1117 1694 1177; baseline -0.001 -18"><span class='ocrx_word' id='word_1_110' title='bbox 558 1117 774 1176; x_wconf 88' lang='lat' dir='ltr'>Principio</span> <span class='ocrx_word' id='word_1_111' title='bbox 799 1118 953 1160; x_wconf 87' lang='lat' dir='ltr'>coelum</span> <span class='ocrx_word' id='word_1_112' title='bbox 976 1129 1018 1160; x_wconf 92' lang='lat' dir='ltr'>et</span> <span class='ocrx_word' id='word_1_113' title='bbox 1037 1128 1169 1160; x_wconf 87' lang='lat' dir='ltr'>terras</span> <span class='ocrx_word' id='word_1_114' title='bbox 1189 1132 1446 1177; x_wconf 88' lang='lat' dir='ltr'>camposque</span> <span class='ocrx_word' id='word_1_115' title='bbox 1470 1117 1694 1174; x_wconf 81' lang='lat' dir='ltr'>liquentes,</span> 
     </span>
     <span class='ocr_line' id='line_1_12' title="bbox 558 1188 1656 1248; baseline 0 -18"><span class='ocrx_word' id='word_1_116' title='bbox 558 1189 873 1247; x_wconf 86' lang='lat' dir='ltr'>Lucentemque</span> <span class='ocrx_word' id='word_1_117' title='bbox 894 1189 1072 1248; x_wconf 83' lang='lat' dir='ltr'>globum</span> <span class='ocrx_word' id='word_1_118' title='bbox 1093 1188 1206 1231; x_wconf 87' lang='lat' dir='ltr'>lunae</span> <span class='ocrx_word' id='word_1_119' title='bbox 1220 1221 1232 1243; x_wconf 89' lang='lat'>,</span> <span class='ocrx_word' id='word_1_120' title='bbox 1254 1189 1506 1246; x_wconf 85' lang='lat' dir='ltr'>Titaniaque</span> <span class='ocrx_word' id='word_1_121' title='bbox 1525 1198 1656 1240; x_wconf 83' lang='lat' dir='ltr'>astra,</span> 
     </span>
     <span class='ocr_line' id='line_1_13' title="bbox 559 1260 1626 1319; baseline 0 -17"><span class='ocrx_word' id='word_1_122' title='bbox 559 1261 735 1319; x_wconf 86' lang='lat' dir='ltr'>Spiritus</span> <span class='ocrx_word' id='word_1_123' title='bbox 756 1262 870 1303; x_wconf 89' lang='lat' dir='ltr'>intus</span> <span class='ocrx_word' id='word_1_124' title='bbox 893 1261 989 1316; x_wconf 90' lang='lat' dir='ltr'>alit,</span> <span class='ocrx_word' id='word_1_125' title='bbox 1014 1271 1235 1319; x_wconf 80' lang='lat' dir='ltr'>totamque</span> <span class='ocrx_word' id='word_1_126' title='bbox 1255 1260 1392 1303; x_wconf 85' lang='lat' dir='ltr'>infusa</span> <span class='ocrx_word' id='word_1_127' title='bbox 1411 1276 1489 1319; x_wconf 89' lang='lat' dir='ltr'>per</span> <span class='ocrx_word' id='word_1_128' title='bbox 1512 1271 1626 1302; x_wconf 87' lang='lat' dir='ltr'>artus</span> 
     </span>
     <span class='ocr_line' id='line_1_14' title="bbox 561 1332 1768 1392; baseline 0.001 -18"><span class='ocrx_word' id='word_1_129' title='bbox 561 1332 685 1374; x_wconf 88' lang='lat' dir='ltr'>Mens</span> <span class='ocrx_word' id='word_1_130' title='bbox 708 1333 839 1392; x_wconf 86' lang='lat' dir='ltr'>agitat</span> <span class='ocrx_word' id='word_1_131' title='bbox 857 1332 1038 1387; x_wconf 89' lang='lat' dir='ltr'>molem,</span> <span class='ocrx_word' id='word_1_132' title='bbox 1066 1344 1109 1375; x_wconf 87' lang='lat' dir='ltr'>et</span> <span class='ocrx_word' id='word_1_133' title='bbox 1129 1348 1287 1392; x_wconf 88' lang='lat' dir='ltr'>magno</span> <span class='ocrx_word' id='word_1_134' title='bbox 1310 1348 1354 1375; x_wconf 90' lang='lat' dir='ltr'>se</span> <span class='ocrx_word' id='word_1_135' title='bbox 1376 1348 1555 1391; x_wconf 86' lang='lat' dir='ltr'>corpore</span> <span class='ocrx_word' id='word_1_136' title='bbox 1580 1333 1768 1382; x_wconf 82' lang='lat' dir='ltr'>miscet.»</span> 
     </span>
    </p>
   </div>
   <div class='ocr_carea' id='block_1_4' title="bbox 260 1446 2437 3199">
    <p class='ocr_par' dir='ltr' id='par_1_5' title="bbox 260 1446 2437 3199">
     <span class='ocr_line' id='line_1_15' title="bbox 327 1446 2407 1510; baseline -0.002 -13"><span class='ocrx_word' id='word_1_137' title='bbox 327 1449 474 1508; x_wconf 88' lang='lat' dir='ltr'>Quod</span> <span class='ocrx_word' id='word_1_138' title='bbox 503 1465 619 1496; x_wconf 88' lang='lat' dir='ltr'>vero</span> <span class='ocrx_word' id='word_1_139' title='bbox 643 1458 802 1496; x_wconf 89' lang='lat' dir='ltr'>totum</span> <span class='ocrx_word' id='word_1_140' title='bbox 827 1449 1067 1496; x_wconf 89' lang='lat' dir='ltr'>mundum</span> <span class='ocrx_word' id='word_1_141' title='bbox 1099 1466 1251 1497; x_wconf 89' lang='lat' dir='ltr'>unum</span> <span class='ocrx_word' id='word_1_142' title='bbox 1284 1449 1462 1496; x_wconf 88' lang='lat' dir='ltr'>animal</span> <span class='ocrx_word' id='word_1_143' title='bbox 1489 1448 1623 1496; x_wconf 90' lang='lat' dir='ltr'>Plato</span> <span class='ocrx_word' id='word_1_144' title='bbox 1647 1448 1778 1510; x_wconf 88' lang='lat' dir='ltr'>dicit,</span> <span class='ocrx_word' id='word_1_145' title='bbox 1812 1448 2069 1496; x_wconf 83' lang='lat' dir='ltr'>maximam</span> <span class='ocrx_word' id='word_1_146' title='bbox 2093 1446 2407 1494; x_wconf 88' lang='lat' dir='ltr'>concordiam</span> 
     </span>
     <span class='ocr_line' id='line_1_16' title="bbox 260 1517 2407 1596; baseline -0.002 -17"><span class='ocrx_word' id='word_1_147' title='bbox 260 1532 594 1579; x_wconf 85' lang='lat' dir='ltr'>universorum</span> <span class='ocrx_word' id='word_1_148' title='bbox 628 1530 716 1576; x_wconf 89' lang='lat' dir='ltr'>Dei</span> <span class='ocrx_word' id='word_1_149' title='bbox 754 1546 958 1596; x_wconf 85' lang='lat' dir='ltr'>operum</span> <span class='ocrx_word' id='word_1_150' title='bbox 994 1529 1310 1589; x_wconf 86' lang='lat' dir='ltr'>demonstrat,</span> <span class='ocrx_word' id='word_1_151' title='bbox 1349 1529 1485 1594; x_wconf 82' lang='lat' dir='ltr'>quasi</span> <span class='ocrx_word' id='word_1_152' title='bbox 1522 1528 1822 1576; x_wconf 89' lang='lat' dir='ltr'>diversorum</span> <span class='ocrx_word' id='word_1_153' title='bbox 1860 1517 2191 1575; x_wconf 88' lang='lat' dir='ltr'>membrorum</span> <span class='ocrx_word' id='word_1_154' title='bbox 2224 1527 2274 1574; x_wconf 91' lang='lat' dir='ltr'>in</span> <span class='ocrx_word' id='word_1_155' title='bbox 2310 1543 2407 1574; x_wconf 90' lang='lat' dir='ltr'>uno</span> 
     </span>
     <span class='ocr_line' id='line_1_17' title="bbox 261 1609 2407 1676; baseline -0.001 -19"><span class='ocrx_word' id='word_1_156' title='bbox 261 1626 467 1676; x_wconf 88' lang='lat' dir='ltr'>corpore</span> <span class='ocrx_word' id='word_1_157' title='bbox 502 1610 747 1671; x_wconf 88' lang='lat' dir='ltr'>animalis,</span> <span class='ocrx_word' id='word_1_158' title='bbox 789 1610 964 1674; x_wconf 88' lang='lat' dir='ltr'>quibus</span> <span class='ocrx_word' id='word_1_159' title='bbox 993 1610 1219 1657; x_wconf 89' lang='lat' dir='ltr'>omnibus</span> <span class='ocrx_word' id='word_1_160' title='bbox 1252 1627 1346 1657; x_wconf 89' lang='lat' dir='ltr'>una</span> <span class='ocrx_word' id='word_1_161' title='bbox 1380 1619 1549 1675; x_wconf 85' lang='lat' dir='ltr'>praeest</span> <span class='ocrx_word' id='word_1_162' title='bbox 1586 1610 1763 1669; x_wconf 88' lang='lat' dir='ltr'>anima,</span> <span class='ocrx_word' id='word_1_163' title='bbox 1802 1609 1998 1673; x_wconf 91' lang='lat' dir='ltr'>singulis</span> <span class='ocrx_word' id='word_1_164' title='bbox 2036 1617 2138 1655; x_wconf 88' lang='lat' dir='ltr'>tota</span> <span class='ocrx_word' id='word_1_165' title='bbox 2172 1623 2407 1672; x_wconf 80' lang='lat' dir='ltr'>praesens,</span> 
     </span>
     <span class='ocr_line' id='line_1_18' title="bbox 262 1688 2410 1756; baseline -0.002 -18"><span class='ocrx_word' id='word_1_166' title='bbox 262 1701 310 1739; x_wconf 87' lang='lat' dir='ltr'>et</span> <span class='ocrx_word' id='word_1_167' title='bbox 327 1692 377 1738; x_wconf 93' lang='lat' dir='ltr'>in</span> <span class='ocrx_word' id='word_1_168' title='bbox 399 1691 596 1738; x_wconf 87' lang='lat' dir='ltr'>diversis</span> <span class='ocrx_word' id='word_1_169' title='bbox 620 1707 713 1737; x_wconf 89' lang='lat' dir='ltr'>una</span> <span class='ocrx_word' id='word_1_170' title='bbox 736 1700 784 1737; x_wconf 89' lang='lat' dir='ltr'>et</span> <span class='ocrx_word' id='word_1_171' title='bbox 806 1691 975 1739; x_wconf 90' lang='lat' dir='ltr'>eadem</span> <span class='ocrx_word' id='word_1_172' title='bbox 997 1707 1203 1756; x_wconf 87' lang='lat' dir='ltr'>operans</span> <span class='ocrx_word' id='word_1_173' title='bbox 1224 1690 1429 1738; x_wconf 87' lang='lat' dir='ltr'>diversa.</span> <span class='ocrx_word' id='word_1_174' title='bbox 1457 1690 1533 1736; x_wconf 88' lang='lat' dir='ltr'>Sic</span> <span class='ocrx_word' id='word_1_175' title='bbox 1553 1699 1603 1737; x_wconf 75' lang='lat' dir='ltr'>et,</span> <span class='ocrx_word' id='word_1_176' title='bbox 1617 1689 1874 1755; x_wconf 85' lang='lat' dir='ltr'>Apostolus</span> <span class='ocrx_word' id='word_1_177' title='bbox 1890 1706 2002 1736; x_wconf 89' lang='lat' dir='ltr'>cum</span> <span class='ocrx_word' id='word_1_178' title='bbox 2024 1689 2169 1736; x_wconf 87' lang='lat' dir='ltr'>totius</span> <span class='ocrx_word' id='word_1_179' title='bbox 2192 1688 2410 1735; x_wconf 77' lang='lat' dir='ltr'>Ecclesiae</span> 
     </span>
     <span class='ocr_line' id='line_1_19' title="bbox 262 1769 2413 1836; baseline -0.001 -18"><span class='ocrx_word' id='word_1_180' title='bbox 262 1771 575 1819; x_wconf 83' lang='lat' dir='ltr'>concordiam</span> <span class='ocrx_word' id='word_1_181' title='bbox 607 1771 937 1834; x_wconf 83' lang='lat' dir='ltr'>unitatemque</span> <span class='ocrx_word' id='word_1_182' title='bbox 968 1771 1284 1830; x_wconf 87' lang='lat' dir='ltr'>demonstrat,</span> <span class='ocrx_word' id='word_1_183' title='bbox 1320 1787 1427 1818; x_wconf 88' lang='lat' dir='ltr'>eam</span> <span class='ocrx_word' id='word_1_184' title='bbox 1460 1787 1614 1817; x_wconf 91' lang='lat' dir='ltr'>unum</span> <span class='ocrx_word' id='word_1_185' title='bbox 1650 1787 1825 1836; x_wconf 89' lang='lat' dir='ltr'>corpus</span> <span class='ocrx_word' id='word_1_186' title='bbox 1856 1769 2032 1816; x_wconf 85' lang='lat' dir='ltr'>Christi</span> <span class='ocrx_word' id='word_1_187' title='bbox 2066 1769 2304 1834; x_wconf 66' lang='lat' dir='ltr'>appellat,</span> <span class='ocrx_word' id='word_1_188' title='bbox 2325 1783 2413 1833; x_wconf 88' lang='lat' dir='ltr'>per</span> 
     </span>
     <span class='ocr_line' id='line_1_20' title="bbox 262 1848 2410 1917; baseline -0.003 -18"><span class='ocrx_word' id='word_1_189' title='bbox 262 1851 500 1917; x_wconf 90' lang='lat' dir='ltr'>quosdam</span> <span class='ocrx_word' id='word_1_190' title='bbox 538 1868 689 1898; x_wconf 86' lang='lat' dir='ltr'>nexus</span> <span class='ocrx_word' id='word_1_191' title='bbox 725 1861 771 1898; x_wconf 88' lang='lat' dir='ltr'>et</span> <span class='ocrx_word' id='word_1_192' title='bbox 803 1852 1113 1917; x_wconf 83' lang='lat' dir='ltr'>compagines</span> <span class='ocrx_word' id='word_1_193' title='bbox 1149 1851 1261 1898; x_wconf 85' lang='lat' dir='ltr'>fidei</span> <span class='ocrx_word' id='word_1_194' title='bbox 1300 1861 1346 1898; x_wconf 87' lang='lat' dir='ltr'>et</span> <span class='ocrx_word' id='word_1_195' title='bbox 1378 1851 1586 1898; x_wconf 88' lang='lat' dir='ltr'>caritatis</span> <span class='ocrx_word' id='word_1_196' title='bbox 1623 1867 1678 1896; x_wconf 88' lang='lat' dir='ltr'>ex</span> <span class='ocrx_word' id='word_1_197' title='bbox 1713 1850 1911 1897; x_wconf 88' lang='lat' dir='ltr'>diversis</span> <span class='ocrx_word' id='word_1_198' title='bbox 1949 1848 2171 1896; x_wconf 86' lang='lat' dir='ltr'>fidelibus</span> <span class='ocrx_word' id='word_1_199' title='bbox 2205 1848 2410 1910; x_wconf 87' lang='lat' dir='ltr'>conjun-</span> 
     </span>
     <span class='ocr_line' id='line_1_21' title="bbox 262 1927 2414 1994; baseline -0.003 -14"><span class='ocrx_word' id='word_1_200' title='bbox 262 1944 412 1992; x_wconf 87' lang='lat' dir='ltr'>ctum,</span> <span class='ocrx_word' id='word_1_201' title='bbox 441 1933 505 1980; x_wconf 92' lang='lat' dir='ltr'>ita</span> <span class='ocrx_word' id='word_1_202' title='bbox 541 1932 632 1979; x_wconf 90' lang='lat' dir='ltr'>sibi</span> <span class='ocrx_word' id='word_1_203' title='bbox 654 1933 863 1979; x_wconf 85' lang='lat' dir='ltr'>invicem</span> <span class='ocrx_word' id='word_1_204' title='bbox 887 1931 1202 1980; x_wconf 88' lang='lat' dir='ltr'>servientibus</span> <span class='ocrx_word' id='word_1_205' title='bbox 1227 1932 1298 1979; x_wconf 92' lang='lat' dir='ltr'>vel</span> <span class='ocrx_word' id='word_1_206' title='bbox 1324 1931 1787 1988; x_wconf 86' lang='lat' dir='ltr'>administrantibus,</span> <span class='ocrx_word' id='word_1_207' title='bbox 1816 1930 1948 1994; x_wconf 86' lang='lat' dir='ltr'>quasi</span> <span class='ocrx_word' id='word_1_208' title='bbox 1973 1929 2162 1976; x_wconf 89' lang='lat' dir='ltr'>diversa</span> <span class='ocrx_word' id='word_1_209' title='bbox 2192 1927 2414 1975; x_wconf 87' lang='lat' dir='ltr'>membra</span> 
     </span>
     <span class='ocr_line' id='line_1_22' title="bbox 263 2007 2414 2078; baseline -0.004 -17"><span class='ocrx_word' id='word_1_210' title='bbox 263 2016 312 2061; x_wconf 92' lang='lat' dir='ltr'>in</span> <span class='ocrx_word' id='word_1_211' title='bbox 340 2030 440 2061; x_wconf 91' lang='lat' dir='ltr'>uno</span> <span class='ocrx_word' id='word_1_212' title='bbox 464 2030 687 2078; x_wconf 90' lang='lat' dir='ltr'>corpore,</span> <span class='ocrx_word' id='word_1_213' title='bbox 714 2030 771 2060; x_wconf 87' lang='lat' dir='ltr'>ex</span> <span class='ocrx_word' id='word_1_214' title='bbox 795 2012 973 2078; x_wconf 88' lang='lat' dir='ltr'>quibus</span> <span class='ocrx_word' id='word_1_215' title='bbox 996 2014 1201 2060; x_wconf 89' lang='lat' dir='ltr'>alterum</span> <span class='ocrx_word' id='word_1_216' title='bbox 1225 2013 1418 2059; x_wconf 89' lang='lat' dir='ltr'>alterius</span> <span class='ocrx_word' id='word_1_217' title='bbox 1448 2022 1555 2075; x_wconf 90' lang='lat' dir='ltr'>eget</span> <span class='ocrx_word' id='word_1_218' title='bbox 1577 2012 1831 2076; x_wconf 88' lang='lat' dir='ltr'>obsequio.</span> <span class='ocrx_word' id='word_1_219' title='bbox 1858 2011 1980 2057; x_wconf 93' lang='lat' dir='ltr'>Huic</span> <span class='ocrx_word' id='word_1_220' title='bbox 2004 2019 2051 2056; x_wconf 88' lang='lat' dir='ltr'>et</span> <span class='ocrx_word' id='word_1_221' title='bbox 2077 2008 2330 2055; x_wconf 90' lang='lat' dir='ltr'>involucro</span> <span class='ocrx_word' id='word_1_222' title='bbox 2353 2007 2414 2054; x_wconf 91' lang='lat' dir='ltr'>de</span> 
     </span>
     <span class='ocr_line' id='line_1_23' title="bbox 264 2089 2414 2160; baseline -0.004 -18"><span class='ocrx_word' id='word_1_223' title='bbox 264 2095 505 2160; x_wconf 88' lang='lat' dir='ltr'>positione</span> <span class='ocrx_word' id='word_1_224' title='bbox 538 2094 715 2141; x_wconf 87' lang='lat' dir='ltr'>scilicet</span> <span class='ocrx_word' id='word_1_225' title='bbox 744 2095 913 2142; x_wconf 83' lang='lat' dir='ltr'>animae</span> <span class='ocrx_word' id='word_1_226' title='bbox 937 2095 986 2141; x_wconf 96' lang='lat' dir='ltr'>in</span> <span class='ocrx_word' id='word_1_227' title='bbox 1014 2093 1175 2141; x_wconf 91' lang='lat' dir='ltr'>medio</span> <span class='ocrx_word' id='word_1_228' title='bbox 1206 2093 1377 2140; x_wconf 90' lang='lat' dir='ltr'>mundi</span> <span class='ocrx_word' id='word_1_229' title='bbox 1406 2094 1589 2151; x_wconf 87' lang='lat' dir='ltr'>locatae,</span> <span class='ocrx_word' id='word_1_230' title='bbox 1619 2092 1711 2139; x_wconf 89' lang='lat' dir='ltr'>hoc</span> <span class='ocrx_word' id='word_1_231' title='bbox 1742 2102 1812 2139; x_wconf 85' lang='lat' dir='ltr'>est</span> <span class='ocrx_word' id='word_1_232' title='bbox 1845 2091 1906 2138; x_wconf 89' lang='lat' dir='ltr'>de</span> <span class='ocrx_word' id='word_1_233' title='bbox 1931 2090 2095 2137; x_wconf 88' lang='lat' dir='ltr'>divina</span> <span class='ocrx_word' id='word_1_234' title='bbox 2126 2089 2275 2153; x_wconf 88' lang='lat' dir='ltr'>gratia</span> <span class='ocrx_word' id='word_1_235' title='bbox 2309 2104 2414 2134; x_wconf 91' lang='lat' dir='ltr'>om-</span> 
     </span>
     <span class='ocr_line' id='line_1_24' title="bbox 263 2169 2422 2240; baseline -0.002 -18"><span class='ocrx_word' id='word_1_236' title='bbox 263 2176 407 2222; x_wconf 91' lang='lat' dir='ltr'>nibus</span> <span class='ocrx_word' id='word_1_237' title='bbox 432 2175 756 2222; x_wconf 89' lang='lat' dir='ltr'>communiter</span> <span class='ocrx_word' id='word_1_238' title='bbox 785 2175 965 2236; x_wconf 91' lang='lat' dir='ltr'>oblata,</span> <span class='ocrx_word' id='word_1_239' title='bbox 1002 2176 1103 2240; x_wconf 91' lang='lat' dir='ltr'>ipsa</span> <span class='ocrx_word' id='word_1_240' title='bbox 1140 2175 1284 2222; x_wconf 89' lang='lat' dir='ltr'>etiam</span> <span class='ocrx_word' id='word_1_241' title='bbox 1319 2173 1484 2220; x_wconf 84' lang='lat' dir='ltr'>divina</span> <span class='ocrx_word' id='word_1_242' title='bbox 1520 2173 1642 2220; x_wconf 83' lang='lat' dir='ltr'>facta</span> <span class='ocrx_word' id='word_1_243' title='bbox 1674 2173 1920 2220; x_wconf 87' lang='lat' dir='ltr'>manifeste</span> <span class='ocrx_word' id='word_1_244' title='bbox 1949 2169 2268 2226; x_wconf 85' lang='lat' dir='ltr'>concordant,</span> <span class='ocrx_word' id='word_1_245' title='bbox 2303 2184 2422 2218; x_wconf 81' lang='lat' dir='ltr'>cum.</span> 
     </span>
     <span class='ocr_line' id='line_1_25' title="bbox 267 2247 2412 2319; baseline -0.004 -17"><span class='ocrx_word' id='word_1_246' title='bbox 267 2256 491 2303; x_wconf 84' lang='lat' dir='ltr'>videlicet</span> <span class='ocrx_word' id='word_1_247' title='bbox 526 2255 799 2303; x_wconf 90' lang='lat' dir='ltr'>doctrinam</span> <span class='ocrx_word' id='word_1_248' title='bbox 829 2273 965 2304; x_wconf 90' lang='lat' dir='ltr'>suam</span> <span class='ocrx_word' id='word_1_249' title='bbox 998 2267 1045 2303; x_wconf 83' lang='lat' dir='ltr'>et</span> <span class='ocrx_word' id='word_1_250' title='bbox 1072 2272 1192 2303; x_wconf 88' lang='lat' dir='ltr'>verae</span> <span class='ocrx_word' id='word_1_251' title='bbox 1227 2253 1470 2319; x_wconf 85' lang='lat' dir='ltr'>religionis</span> <span class='ocrx_word' id='word_1_252' title='bbox 1501 2252 1685 2300; x_wconf 89' lang='lat' dir='ltr'>cultum</span> <span class='ocrx_word' id='word_1_253' title='bbox 1716 2262 2066 2318; x_wconf 85' lang='lat' dir='ltr'>propagaturus</span> <span class='ocrx_word' id='word_1_254' title='bbox 2096 2250 2334 2308; x_wconf 88' lang='lat' dir='ltr'>Dominus</span> <span class='ocrx_word' id='word_1_255' title='bbox 2363 2247 2412 2294; x_wconf 92' lang='lat' dir='ltr'>in</span> 
     </span>
     <span class='ocr_line' id='line_1_26' title="bbox 267 2328 2417 2401; baseline -0.004 -19"><span class='ocrx_word' id='word_1_256' title='bbox 267 2337 470 2395; x_wconf 89' lang='lat' dir='ltr'>mundo,</span> <span class='ocrx_word' id='word_1_257' title='bbox 498 2335 759 2382; x_wconf 84' lang='lat' dir='ltr'>Jerusalem</span> <span class='ocrx_word' id='word_1_258' title='bbox 781 2353 886 2401; x_wconf 79' lang='lat' dir='ltr'>quae</span> <span class='ocrx_word' id='word_1_259' title='bbox 915 2337 962 2382; x_wconf 91' lang='lat' dir='ltr'>in</span> <span class='ocrx_word' id='word_1_260' title='bbox 995 2336 1156 2383; x_wconf 91' lang='lat' dir='ltr'>medio</span> <span class='ocrx_word' id='word_1_261' title='bbox 1188 2346 1322 2383; x_wconf 89' lang='lat' dir='ltr'>terrae</span> <span class='ocrx_word' id='word_1_262' title='bbox 1344 2345 1432 2393; x_wconf 89' lang='lat' dir='ltr'>est,</span> <span class='ocrx_word' id='word_1_263' title='bbox 1472 2332 1628 2397; x_wconf 86' lang='lat' dir='ltr'>elegit,</span> <span class='ocrx_word' id='word_1_264' title='bbox 1672 2350 1818 2398; x_wconf 88' lang='lat' dir='ltr'>quam</span> <span class='ocrx_word' id='word_1_265' title='bbox 1848 2332 1985 2397; x_wconf 90' lang='lat' dir='ltr'>quasi</span> <span class='ocrx_word' id='word_1_266' title='bbox 2008 2340 2154 2396; x_wconf 90' lang='lat' dir='ltr'>caput</span> <span class='ocrx_word' id='word_1_267' title='bbox 2188 2328 2323 2391; x_wconf 83' lang='lat' dir='ltr'>regni</span> <span class='ocrx_word' id='word_1_268' title='bbox 2344 2328 2417 2374; x_wconf 91' lang='lat' dir='ltr'>sui</span> 
     </span>
     <span class='ocr_line' id='line_1_27' title="bbox 264 2409 2416 2480; baseline -0.005 -16"><span class='ocrx_word' id='word_1_269' title='bbox 264 2416 526 2475; x_wconf 90' lang='lat' dir='ltr'>constituit,</span> <span class='ocrx_word' id='word_1_270' title='bbox 561 2416 611 2461; x_wconf 93' lang='lat' dir='ltr'>in</span> <span class='ocrx_word' id='word_1_271' title='bbox 645 2431 740 2479; x_wconf 89' lang='lat' dir='ltr'>qua</span> <span class='ocrx_word' id='word_1_272' title='bbox 765 2417 976 2480; x_wconf 86' lang='lat' dir='ltr'>primum</span> <span class='ocrx_word' id='word_1_273' title='bbox 1011 2417 1073 2463; x_wconf 92' lang='lat' dir='ltr'>ad</span> <span class='ocrx_word' id='word_1_274' title='bbox 1097 2415 1503 2479; x_wconf 81' lang='lat' dir='ltr'>magnificandum</span> <span class='ocrx_word' id='word_1_275' title='bbox 1529 2415 1711 2461; x_wconf 89' lang='lat' dir='ltr'>cultum</span> <span class='ocrx_word' id='word_1_276' title='bbox 1745 2431 1886 2461; x_wconf 90' lang='lat' dir='ltr'>suum</span> <span class='ocrx_word' id='word_1_277' title='bbox 1918 2411 2142 2460; x_wconf 86' lang='lat' dir='ltr'>aedificari</span> <span class='ocrx_word' id='word_1_278' title='bbox 2171 2409 2262 2457; x_wconf 87' lang='lat' dir='ltr'>sibi</span> <span class='ocrx_word' id='word_1_279' title='bbox 2296 2419 2416 2456; x_wconf 89' lang='lat' dir='ltr'>tem-</span> 
     </span>
     <span class='ocr_line' id='line_1_28' title="bbox 264 2489 2416 2561; baseline -0.004 -19"><span class='ocrx_word' id='word_1_280' title='bbox 264 2498 400 2560; x_wconf 93' lang='lat' dir='ltr'>plum</span> <span class='ocrx_word' id='word_1_281' title='bbox 431 2496 566 2558; x_wconf 90' lang='lat' dir='ltr'>quasi</span> <span class='ocrx_word' id='word_1_282' title='bbox 602 2495 759 2558; x_wconf 86' lang='lat' dir='ltr'>regale</span> <span class='ocrx_word' id='word_1_283' title='bbox 791 2496 1023 2561; x_wconf 88' lang='lat' dir='ltr'>palatium</span> <span class='ocrx_word' id='word_1_284' title='bbox 1056 2495 1235 2554; x_wconf 87' lang='lat' dir='ltr'>voluit,</span> <span class='ocrx_word' id='word_1_285' title='bbox 1273 2496 1356 2542; x_wconf 91' lang='lat' dir='ltr'>ubi</span> <span class='ocrx_word' id='word_1_286' title='bbox 1391 2499 1537 2546; x_wconf 85' lang='lat' dir='ltr'>etiam</span> <span class='ocrx_word' id='word_1_287' title='bbox 1574 2495 1865 2542; x_wconf 88' lang='lat' dir='ltr'>uberrimam</span> <span class='ocrx_word' id='word_1_288' title='bbox 1899 2493 2102 2557; x_wconf 84' lang='lat' dir='ltr'>Spiritus</span> <span class='ocrx_word' id='word_1_289' title='bbox 2134 2489 2286 2537; x_wconf 85' lang='lat' dir='ltr'>sancti</span> <span class='ocrx_word' id='word_1_290' title='bbox 2311 2504 2416 2550; x_wconf 89' lang='lat' dir='ltr'>gra-</span> 
     </span>
     <span class='ocr_line' id='line_1_29' title="bbox 266 2568 2412 2644; baseline -0.005 -21"><span class='ocrx_word' id='word_1_291' title='bbox 266 2578 381 2623; x_wconf 89' lang='lat' dir='ltr'>tiam</span> <span class='ocrx_word' id='word_1_292' title='bbox 420 2575 652 2640; x_wconf 88' lang='lat' dir='ltr'>apostolis</span> <span class='ocrx_word' id='word_1_293' title='bbox 687 2575 892 2634; x_wconf 89' lang='lat' dir='ltr'>infudit,</span> <span class='ocrx_word' id='word_1_294' title='bbox 936 2592 1035 2639; x_wconf 92' lang='lat' dir='ltr'>qua</span> <span class='ocrx_word' id='word_1_295' title='bbox 1076 2593 1162 2641; x_wconf 89' lang='lat' dir='ltr'>per</span> <span class='ocrx_word' id='word_1_296' title='bbox 1200 2593 1284 2623; x_wconf 88' lang='lat' dir='ltr'>eos</span> <span class='ocrx_word' id='word_1_297' title='bbox 1337 2586 1464 2625; x_wconf 87' lang='lat' dir='ltr'>totus</span> <span class='ocrx_word' id='word_1_298' title='bbox 1501 2574 1809 2644; x_wconf 87' lang='lat' dir='ltr'>spiritualiter</span> <span class='ocrx_word' id='word_1_299' title='bbox 1846 2580 2141 2636; x_wconf 82' lang='lat' dir='ltr'>vegetaretur</span> <span class='ocrx_word' id='word_1_300' title='bbox 2182 2568 2412 2616; x_wconf 87' lang='lat' dir='ltr'>mundus.</span> 
     </span>
     <span class='ocr_line' id='line_1_30' title="bbox 270 2647 2437 2721; baseline -0.004 -19"><span class='ocrx_word' id='word_1_301' title='bbox 270 2656 407 2703; x_wconf 89' lang='lat' dir='ltr'>Unde</span> <span class='ocrx_word' id='word_1_302' title='bbox 446 2656 680 2720; x_wconf 90' lang='lat' dir='ltr'>scriptum</span> <span class='ocrx_word' id='word_1_303' title='bbox 706 2658 799 2703; x_wconf 56' lang='lat' dir='ltr'>estt·</span> <span class='ocrx_word' id='word_1_304' title='bbox 827 2674 836 2702; x_wconf 92' lang='lat'>:</span> <span class='ocrx_word' id='word_1_305' title='bbox 870 2659 1041 2703; x_wconf 80' lang='lat' dir='ltr'>«Deus</span> <span class='ocrx_word' id='word_1_306' title='bbox 1076 2665 1235 2704; x_wconf 89' lang='lat' dir='ltr'>autem</span> <span class='ocrx_word' id='word_1_307' title='bbox 1270 2674 1351 2704; x_wconf 87' lang='lat' dir='ltr'>rex</span> <span class='ocrx_word' id='word_1_308' title='bbox 1381 2668 1546 2706; x_wconf 89' lang='lat' dir='ltr'>noster</span> <span class='ocrx_word' id='word_1_309' title='bbox 1581 2664 1806 2721; x_wconf 88' lang='lat' dir='ltr'>operatus</span> <span class='ocrx_word' id='word_1_310' title='bbox 1837 2663 1907 2700; x_wconf 89' lang='lat' dir='ltr'>est</span> <span class='ocrx_word' id='word_1_311' title='bbox 1942 2652 2144 2699; x_wconf 89' lang='lat' dir='ltr'>salutem</span> <span class='ocrx_word' id='word_1_312' title='bbox 2174 2650 2223 2696; x_wconf 93' lang='lat' dir='ltr'>in</span> <span class='ocrx_word' id='word_1_313' title='bbox 2256 2647 2437 2696; x_wconf 55' lang='lat' dir='ltr'>medios</span> 
     </span>
     <span class='ocr_line' id='line_1_31' title="bbox 270 2729 2414 2785; baseline -0.006 -2"><span class='ocrx_word' id='word_1_314' title='bbox 270 2747 419 2784; x_wconf 79' lang='lat' dir='ltr'>terrae.</span> <span class='ocrx_word' id='word_1_315' title='bbox 449 2758 472 2779; x_wconf 66' lang='lat' dir='ltr'><strong>n</strong></span> <span class='ocrx_word' id='word_1_316' title='bbox 515 2740 574 2783; x_wconf 92' lang='lat' dir='ltr'>Et</span> <span class='ocrx_word' id='word_1_317' title='bbox 607 2739 795 2783; x_wconf 64' lang='lat' dir='ltr'>rursus*</span> <span class='ocrx_word' id='word_1_318' title='bbox 823 2754 833 2783; x_wconf 76' lang='grc' dir='ltr'><strong><em>ε</em></strong></span> <span class='ocrx_word' id='word_1_319' title='bbox 866 2740 975 2784; x_wconf 88' lang='lat' dir='ltr'>«De</span> <span class='ocrx_word' id='word_1_320' title='bbox 1010 2737 1123 2784; x_wconf 93' lang='lat' dir='ltr'>Sion</span> <span class='ocrx_word' id='word_1_321' title='bbox 1161 2737 1307 2784; x_wconf 89' lang='lat' dir='ltr'>exibit</span> <span class='ocrx_word' id='word_1_322' title='bbox 1337 2738 1411 2784; x_wconf 83' lang='lat' dir='ltr'>lex</span> <span class='ocrx_word' id='word_1_323' title='bbox 1444 2748 1491 2785; x_wconf 87' lang='lat' dir='ltr'>et</span> <span class='ocrx_word' id='word_1_324' title='bbox 1523 2736 1728 2785; x_wconf 85' lang='lat' dir='ltr'>verbum</span> <span class='ocrx_word' id='word_1_325' title='bbox 1762 2734 1960 2780; x_wconf 87' lang='lat' dir='ltr'>Domini</span> <span class='ocrx_word' id='word_1_326' title='bbox 1997 2732 2057 2778; x_wconf 90' lang='lat' dir='ltr'>de</span> <span class='ocrx_word' id='word_1_327' title='bbox 2095 2729 2414 2778; x_wconf 85' lang='lat' dir='ltr'>Jerusalem.»</span> 
     </span>
     <span class='ocr_line' id='line_1_32' title="bbox 271 2810 2417 2881; baseline -0.004 -18"><span class='ocrx_word' id='word_1_328' title='bbox 271 2818 480 2863; x_wconf 90' lang='lat' dir='ltr'>Medium</span> <span class='ocrx_word' id='word_1_329' title='bbox 510 2827 671 2864; x_wconf 91' lang='lat' dir='ltr'>autem</span> <span class='ocrx_word' id='word_1_330' title='bbox 701 2817 942 2864; x_wconf 91' lang='lat' dir='ltr'>mundum</span> <span class='ocrx_word' id='word_1_331' title='bbox 972 2826 1020 2864; x_wconf 90' lang='lat' dir='ltr'>et</span> <span class='ocrx_word' id='word_1_332' title='bbox 1051 2818 1187 2881; x_wconf 89' lang='lat' dir='ltr'>quasi</span> <span class='ocrx_word' id='word_1_333' title='bbox 1213 2817 1495 2865; x_wconf 87' lang='lat' dir='ltr'>umbilicum</span> <span class='ocrx_word' id='word_1_334' title='bbox 1530 2828 1665 2865; x_wconf 84' lang='lat' dir='ltr'>terrae</span> <span class='ocrx_word' id='word_1_335' title='bbox 1694 2831 1837 2880; x_wconf 86' lang='lat' dir='ltr'>super</span> <span class='ocrx_word' id='word_1_336' title='bbox 1858 2813 1992 2861; x_wconf 90' lang='lat' dir='ltr'>illum</span> <span class='ocrx_word' id='word_1_337' title='bbox 2026 2810 2283 2859; x_wconf 85' lang='lat' dir='ltr'>Ezechielis</span> <span class='ocrx_word' id='word_1_338' title='bbox 2304 2825 2417 2874; x_wconf 87' lang='lat' dir='ltr'>pro-</span> 
     </span>
     <span class='ocr_line' id='line_1_33' title="bbox 274 2889 2413 2962; baseline -0.003 -21"><span class='ocrx_word' id='word_1_339' title='bbox 274 2896 427 2959; x_wconf 77' lang='lat' dir='ltr'>phetae</span> <span class='ocrx_word' id='word_1_340' title='bbox 464 2897 642 2944; x_wconf 80' lang='lat' dir='ltr'>locum·</span> <span class='ocrx_word' id='word_1_341' title='bbox 666 2913 764 2960; x_wconf 93' lang='lat' dir='ltr'>quo</span> <span class='ocrx_word' id='word_1_342' title='bbox 801 2898 1032 2962; x_wconf 90' lang='lat' dir='ltr'>scriptum</span> <span class='ocrx_word' id='word_1_343' title='bbox 1065 2899 1177 2952; x_wconf 80' lang='lat' dir='ltr'>est¹⁵‚</span> <span class='ocrx_word' id='word_1_344' title='bbox 1223 2901 1375 2945; x_wconf 85' lang='lat' dir='ltr'>«Haec</span> <span class='ocrx_word' id='word_1_345' title='bbox 1411 2898 1529 2945; x_wconf 88' lang='lat' dir='ltr'>dicit</span> <span class='ocrx_word' id='word_1_346' title='bbox 1562 2896 1801 2943; x_wconf 88' lang='lat' dir='ltr'>Dominus</span> <span class='ocrx_word' id='word_1_347' title='bbox 1836 2913 1846 2940; x_wconf 92' lang='lat'><strong>:</strong></span> <span class='ocrx_word' id='word_1_348' title='bbox 1890 2896 1982 2940; x_wconf 90' lang='lat' dir='ltr'>Ista</span> <span class='ocrx_word' id='word_1_349' title='bbox 2018 2902 2089 2939; x_wconf 91' lang='lat' dir='ltr'>est</span> <span class='ocrx_word' id='word_1_350' title='bbox 2124 2889 2413 2952; x_wconf 86' lang='lat' dir='ltr'>Jerusalem,</span> 
     </span>
     <span class='ocr_line' id='line_1_34' title="bbox 276 2968 2416 3042; baseline -0.003 -22"><span class='ocrx_word' id='word_1_351' title='bbox 276 2976 330 3020; x_wconf 91' lang='lat' dir='ltr'>in</span> <span class='ocrx_word' id='word_1_352' title='bbox 355 2975 517 3022; x_wconf 89' lang='lat' dir='ltr'>medio</span> <span class='ocrx_word' id='word_1_353' title='bbox 543 2978 757 3040; x_wconf 89' lang='lat' dir='ltr'>gentium</span> <span class='ocrx_word' id='word_1_354' title='bbox 790 2979 931 3042; x_wconf 91' lang='lat' dir='ltr'>posui</span> <span class='ocrx_word' id='word_1_355' title='bbox 966 2994 1073 3026; x_wconf 90' lang='lat' dir='ltr'>eam</span> <span class='ocrx_word' id='word_1_356' title='bbox 1105 2988 1150 3025; x_wconf 91' lang='lat' dir='ltr'>et</span> <span class='ocrx_word' id='word_1_357' title='bbox 1176 2979 1225 3025; x_wconf 91' lang='lat' dir='ltr'>in</span> <span class='ocrx_word' id='word_1_358' title='bbox 1257 2979 1456 3025; x_wconf 87' lang='lat' dir='ltr'>circuitu</span> <span class='ocrx_word' id='word_1_359' title='bbox 1482 2979 1582 3042; x_wconf 90' lang='lat' dir='ltr'>ejus</span> <span class='ocrx_word' id='word_1_360' title='bbox 1611 2988 1777 3036; x_wconf 89' lang='lat' dir='ltr'>terras,</span> <span class='ocrx_word' id='word_1_361' title='bbox 1803 2995 1824 3019; x_wconf 90' lang='lat'>»</span> <span class='ocrx_word' id='word_1_362' title='bbox 1853 2975 2174 3037; x_wconf 83' lang='lat' dir='ltr'>Hieronymus</span> <span class='ocrx_word' id='word_1_363' title='bbox 2202 2968 2416 3033; x_wconf 89' lang='lat' dir='ltr'>ascripsit</span> 
     </span>
     <span class='ocr_line' id='line_1_35' title="bbox 274 3052 2414 3119; baseline -0.003 -20"><span class='ocrx_word' id='word_1_364' title='bbox 274 3053 347 3099; x_wconf 88' lang='lat' dir='ltr'>his</span> <span class='ocrx_word' id='word_1_365' title='bbox 379 3053 560 3100; x_wconf 78' lang='lat' dir='ltr'>verbis⁶</span> <span class='ocrx_word' id='word_1_366' title='bbox 588 3073 598 3101; x_wconf 75' lang='grc' dir='ltr'><strong>ι</strong></span> <span class='ocrx_word' id='word_1_367' title='bbox 629 3058 934 3103; x_wconf 88' lang='lat' dir='ltr'>«Jerusalem</span> <span class='ocrx_word' id='word_1_368' title='bbox 965 3058 1014 3103; x_wconf 91' lang='lat' dir='ltr'>in</span> <span class='ocrx_word' id='word_1_369' title='bbox 1053 3057 1215 3105; x_wconf 89' lang='lat' dir='ltr'>medio</span> <span class='ocrx_word' id='word_1_370' title='bbox 1257 3058 1427 3104; x_wconf 88' lang='lat' dir='ltr'>mundi</span> <span class='ocrx_word' id='word_1_371' title='bbox 1463 3059 1604 3105; x_wconf 88' lang='lat' dir='ltr'>sitam</span> <span class='ocrx_word' id='word_1_372' title='bbox 1641 3057 1721 3103; x_wconf 88' lang='lat' dir='ltr'>hic</span> <span class='ocrx_word' id='word_1_373' title='bbox 1755 3055 1883 3102; x_wconf 89' lang='lat' dir='ltr'>idem</span> <span class='ocrx_word' id='word_1_374' title='bbox 1915 3052 2154 3119; x_wconf 82' lang='lat' dir='ltr'>propheta</span> <span class='ocrx_word' id='word_1_375' title='bbox 2187 3057 2414 3105; x_wconf 88' lang='lat' dir='ltr'>testatur,</span> 
     </span>
     <span class='ocr_line' id='line_1_36' title="bbox 275 3129 2419 3199; baseline -0.002 -20"><span class='ocrx_word' id='word_1_376' title='bbox 275 3133 561 3180; x_wconf 90' lang='lat' dir='ltr'>umbilicum</span> <span class='ocrx_word' id='word_1_377' title='bbox 582 3145 717 3181; x_wconf 87' lang='lat' dir='ltr'>terrae</span> <span class='ocrx_word' id='word_1_378' title='bbox 750 3152 856 3182; x_wconf 86' lang='lat' dir='ltr'>eam</span> <span class='ocrx_word' id='word_1_379' title='bbox 890 3153 990 3184; x_wconf 89' lang='lat' dir='ltr'>esse</span> <span class='ocrx_word' id='word_1_380' title='bbox 1018 3138 1373 3186; x_wconf 88' lang='lat' dir='ltr'>demonstrans.</span> <span class='ocrx_word' id='word_1_381' title='bbox 1414 3142 1473 3185; x_wconf 82' lang='lat' dir='ltr'>Et</span> <span class='ocrx_word' id='word_1_382' title='bbox 1505 3138 1753 3185; x_wconf 79' lang='lat' dir='ltr'>psalmista</span> <span class='ocrx_word' id='word_1_383' title='bbox 1786 3135 2058 3199; x_wconf 85' lang='lat' dir='ltr'>exprimens</span> <span class='ocrx_word' id='word_1_384' title='bbox 2087 3129 2282 3177; x_wconf 88' lang='lat' dir='ltr'>Domini</span> <span class='ocrx_word' id='word_1_385' title='bbox 2317 3145 2419 3192; x_wconf 86' lang='lat' dir='ltr'>pas-</span> 
     </span>
    </p>
   </div>
   <div class='ocr_carea' id='block_1_5' title="bbox 274 3294 2417 3392">
    <p class='ocr_par' dir='ltr' id='par_1_6' title="bbox 274 3294 2417 3392">
     <span class='ocr_line' id='line_1_37' title="bbox 317 3294 2417 3341; baseline -0.002 -13"><span class='ocrx_word' id='word_1_386' title='bbox 317 3294 473 3328; x_wconf 83' lang='lat' dir='ltr'>¹Psalm.</span> <span class='ocrx_word' id='word_1_387' title='bbox 489 3304 591 3335; x_wconf 76' lang='lat' dir='ltr'>xxxii,</span> <span class='ocrx_word' id='word_1_388' title='bbox 609 3305 639 3330; x_wconf 87' lang='lat' dir='ltr'>v.</span> <span class='ocrx_word' id='word_1_389' title='bbox 660 3298 692 3330; x_wconf 87' lang='grc'>6.</span> <span class='ocrx_word' id='word_1_390' title='bbox 710 3314 750 3321; x_wconf 93' lang='grc'><strong>-</strong></span> <span class='ocrx_word' id='word_1_391' title='bbox 763 3298 774 3317; x_wconf 88' lang='lat'><strong>²</strong></span> <span class='ocrx_word' id='word_1_392' title='bbox 791 3296 920 3337; x_wconf 65' lang='lat' dir='ltr'>virgil„</span> <span class='ocrx_word' id='word_1_393' title='bbox 943 3298 1091 3339; x_wconf 81' lang='lat' dir='ltr'>AEneid.,</span> <span class='ocrx_word' id='word_1_394' title='bbox 1109 3297 1165 3339; x_wconf 85' lang='lat' dir='ltr'>VI,</span> <span class='ocrx_word' id='word_1_395' title='bbox 1182 3308 1212 3332; x_wconf 90' lang='lat' dir='ltr'>v.</span> <span class='ocrx_word' id='word_1_396' title='bbox 1227 3302 1286 3333; x_wconf 74' lang='lat'>724</span> <span class='ocrx_word' id='word_1_397' title='bbox 1302 3305 1335 3332; x_wconf 83' lang='lat' dir='ltr'>et</span> <span class='ocrx_word' id='word_1_398' title='bbox 1363 3309 1414 3341; x_wconf 86' lang='lat' dir='ltr'>sq.</span> <span class='ocrx_word' id='word_1_399' title='bbox 1432 3317 1470 3324; x_wconf 80' lang='lat'>-</span> <span class='ocrx_word' id='word_1_400' title='bbox 1487 3301 1499 3321; x_wconf 84' lang='lat'>³</span> <span class='ocrx_word' id='word_1_401' title='bbox 1515 3299 1648 3332; x_wconf 81' lang='lat' dir='ltr'>Psalm.</span> <span class='ocrx_word' id='word_1_402' title='bbox 1668 3306 1790 3338; x_wconf 73' lang='lat' dir='ltr'>Lxxnt,</span> <span class='ocrx_word' id='word_1_403' title='bbox 1809 3306 1838 3329; x_wconf 79' lang='lat' dir='ltr'>v.</span> <span class='ocrx_word' id='word_1_404' title='bbox 1860 3297 1908 3330; x_wconf 82' lang='lat'>12.</span> <span class='ocrx_word' id='word_1_405' title='bbox 1929 3313 1969 3320; x_wconf 97' lang='lat'><strong>—</strong></span> <span class='ocrx_word' id='word_1_406' title='bbox 1986 3294 2079 3328; x_wconf 82' lang='lat' dir='ltr'>⁴lsai.</span> <span class='ocrx_word' id='word_1_407' title='bbox 2094 3317 2102 3333; x_wconf 90' lang='lat'>,</span> <span class='ocrx_word' id='word_1_408' title='bbox 2122 3302 2194 3334; x_wconf 82' lang='lat' dir='ltr'>cap.</span> <span class='ocrx_word' id='word_1_409' title='bbox 2213 3302 2249 3334; x_wconf 83' lang='lat'>11,</span> <span class='ocrx_word' id='word_1_410' title='bbox 2269 3302 2298 3326; x_wconf 88' lang='lat' dir='ltr'>v.</span> <span class='ocrx_word' id='word_1_411' title='bbox 2323 3295 2353 3326; x_wconf 85' lang='grc'>3.</span> <span class='ocrx_word' id='word_1_412' title='bbox 2378 3309 2417 3315; x_wconf 95' lang='grc'>-</span> 
     </span>
     <span class='ocr_line' id='line_1_38' title="bbox 274 3347 1158 3392; baseline 0.001 -11"><span class='ocrx_word' id='word_1_413' title='bbox 274 3351 283 3369; x_wconf 78' lang='lat'>&#39;³</span> <span class='ocrx_word' id='word_1_414' title='bbox 299 3347 432 3390; x_wconf 69' lang='lat' dir='ltr'>Ezech„</span> <span class='ocrx_word' id='word_1_415' title='bbox 449 3358 522 3391; x_wconf 88' lang='lat' dir='ltr'>cap.</span> <span class='ocrx_word' id='word_1_416' title='bbox 540 3358 576 3392; x_wconf 82' lang='lat' dir='ltr'>v,</span> <span class='ocrx_word' id='word_1_417' title='bbox 592 3359 622 3384; x_wconf 78' lang='lat' dir='ltr'>v,</span> <span class='ocrx_word' id='word_1_418' title='bbox 638 3352 667 3384; x_wconf 90' lang='lat'>5.</span> <span class='ocrx_word' id='word_1_419' title='bbox 683 3368 720 3374; x_wconf 90' lang='lat'>—</span> <span class='ocrx_word' id='word_1_420' title='bbox 740 3351 752 3371; x_wconf 76' lang='lat'>⁶</span> <span class='ocrx_word' id='word_1_421' title='bbox 770 3350 875 3392; x_wconf 61' lang='lat' dir='ltr'>opp„</span> <span class='ocrx_word' id='word_1_422' title='bbox 892 3355 916 3385; x_wconf 86' lang='lat' dir='ltr'>t.</span> <span class='ocrx_word' id='word_1_423' title='bbox 933 3350 992 3391; x_wconf 88' lang='lat'>111,</span> <span class='ocrx_word' id='word_1_424' title='bbox 1011 3351 1073 3383; x_wconf 88' lang='lat' dir='ltr'>col.</span> <span class='ocrx_word' id='word_1_425' title='bbox 1087 3352 1158 3385; x_wconf 77' lang='lat'><strong>726.</strong></span> 
     </span>
    </p>
   </div>
  </div>
 </body>
</html>
