2638 3866
332 213 426 263 248
1127 210 1297 258 PETRI
1332 209 1546 257 ABAELA
1552 209 1650 257 RDI

331 312 504 360 Christi
523 309 794 374 significari,
821 309 955 374 quod
974 313 1157 357 noster¹
1179 309 1320 356 simul
1342 325 1454 356 cum
1472 308 1660 356 Christo
1680 308 1740 355 sit
1758 327 1781 353 «
1802 308 2075 371 crucifixus,
2102 330 2124 353 »
2151 309 2200 357 id
2219 312 2358 360 estin
2377 329 2462 359 no-

330 391 421 451 bis,
450 410 473 436 «
492 399 623 437 vetus
644 390 814 450 homo,
837 409 862 434 »
888 389 939 437 id
956 399 1025 437 est
1040 399 1357 452 transgressor
1373 387 1541 447 Adam,
1561 397 1612 434 ut
1627 388 2040 453 quemadmodum
2057 389 2234 437 scilicet
2248 389 2460 440 Christus

329 470 640 535 corporaliter
657 469 911 517 crucifixus
934 479 1152 516 mortuus
1175 477 1262 529 est,
1295 468 1360 516 ita
1388 467 1697 533 spiritualiter
1727 468 1777 515 in
1800 468 1941 516 nobis
1969 478 2177 517 veterem
2208 462 2459 521 hominem

327 567 413 614 per
431 550 724 614 baptismum
745 550 870 597 mori
893 549 1144 597 credamus
1161 558 1208 595 et
1229 547 1459 612 crucifigi,
1486 547 1536 594 id
1565 557 1652 608 est,
1679 565 1875 596 omnem
1904 551 2345 614 transgressionem,
2373 569 2460 618 per

327 647 471 694 quam
490 631 736 678 imitamur
758 640 965 678 veterem
990 638 1036 676 et
1054 629 1266 694 priorem
1291 628 1459 690 Adam,
1485 628 1770 677 condonari.
1796 632 1853 675 Et
1866 629 1963 677 hoc
1975 639 2046 678 est
2059 632 2193 695 quod
2213 649 2460 698 exponens

324 709 583 774 subjungit,
611 710 715 757 «ita
737 720 791 757 ut
813 710 1084 756 destruatur
1106 708 1155 753 in
1179 707 1321 755 nobis
1339 717 1494 755 totum
1514 725 1690 774 corpus
1714 710 1915 774 peccati,
1944 727 2092 760 »non
2122 729 2275 760 unum
2307 729 2459 762 mem-

325 789 487 850 brum,
517 789 566 836 id
607 800 679 837 est
710 790 930 837 universa
957 797 1170 852 peccata,
1206 797 1305 835 tam
1333 787 1564 853 originale
1589 788 1766 836 scilicet
1795 806 1941 854 quam
1976 791 2189 856 propria,
2228 809 2328 840 non
2361 791 2458 841 hoc

324 879 512 917 tantum
549 868 623 917 vel
654 869 734 916 illa
762 868 1119 916 condonentur.
1162 867 1426 927 Crucifixus
1460 867 1659 933 quilibet
1695 869 1759 916 ita
1797 878 1955 916 totum
1990 886 2167 935 corpus
2209 882 2456 921 extensum

326 950 485 1012 habet,
511 959 563 997 ut
583 966 777 997 movere
801 946 1019 996 membra
1041 964 1141 995 non
1161 949 1330 1013 possit,
1356 959 1585 1014 tanquam
1605 950 1769 997 omnia
1781 950 1876 998 sint
1897 949 2199 999 mortificata.
2219 953 2309 999 Per
2321 953 2454 1017 quod

322 1029 614 1093 significatur
637 1032 686 1078 in
713 1030 964 1096 baptizatis
985 1029 1150 1078 omnia
1172 1027 1327 1077 deleta
1349 1046 1449 1077 esse
1473 1040 1684 1095 peccata.
1718 1050 1740 1073 t(
1765 1033 1826 1077 Ut
1848 1030 1990 1092 ultra,
2023 1050 2046 1076 »
2079 1030 2130 1078 id
2155 1040 2245 1094 est,
2276 1031 2338 1080 ad
2360 1031 2455 1080 hoc

321 1109 464 1157 nobis
480 1113 627 1175 gratia
645 1112 937 1159 remissionis
960 1120 1031 1158 est
1055 1109 1244 1172 collata,
1266 1119 1321 1157 ut
1344 1111 1387 1158 ei
1417 1119 1654 1174 quantum
1685 1127 1940 1175 possumus
1974 1110 2284 1173 cohaerentes,
2322 1122 2372 1161 et
2402 1114 2452 1161 in

320 1188 409 1237 hac
440 1192 675 1240 munditia
710 1203 1049 1259 permanentes
1076 1211 1099 1239 ι(
1132 1207 1231 1238 non
1267 1190 1529 1238 serviamus
1563 1189 1687 1237 ultra
1720 1201 1935 1255 peccato,
1963 1211 1985 1234 n
2019 1190 2071 1238 id
2104 1201 2191 1252 est,
2227 1207 2329 1239 non
2362 1191 2453 1240 do-

318 1269 525 1318 minetur
546 1272 687 1319 nobis
722 1273 864 1337 longa
890 1274 1075 1340 peccati
1110 1271 1432 1331 consuetudo,
1472 1287 1578 1335 quae
1613 1270 1756 1317 etiam
1791 1271 2010 1318 nolentes
2042 1271 2178 1336 quasi
2210 1287 2371 1320 servos
2400 1273 2451 1320 in

316 1361 601 1415 perpetuum
615 1355 805 1417 retinet,
821 1371 920 1403 non
938 1365 1169 1420 tanquam
1185 1353 1389 1402 famulos
1403 1351 1466 1401 ad
1481 1351 1653 1400 horam
1670 1350 1908 1416 subjectos
1919 1350 2080 1398 habet.
2103 1372 2126 1395 ιε
2145 1352 2239 1410 Qui
2256 1353 2400 1399 enim.
2420 1371 2444 1398 »

316 1432 439 1477 Bene
462 1431 559 1479 dixi
577 1435 861 1483 crucifixum
883 1452 984 1484 esse
1012 1446 1060 1483 et
1082 1445 1328 1483 mortuum
1362 1435 1411 1482 in
1448 1433 1588 1482 nobis
1623 1442 1832 1482 veterem
1860 1431 2128 1494 hominem,
2162 1441 2218 1479 ut
2246 1432 2454 1498 amplius

311 1508 388 1556 ille
404 1511 452 1558 in
474 1513 615 1560 nobis
637 1527 835 1579 peccato
863 1534 962 1563 non
990 1518 1161 1564 serviat
1185 1534 1332 1581 quam
1356 1526 1575 1564 mortuus
1597 1514 1816 1580 quilibet,
1844 1523 1896 1561 ut
1921 1514 1986 1561 ait
2003 1513 2340 1577 Hieronymus,
2366 1514 2449 1578 qui

306 1589 587 1653 justificatus
609 1604 681 1642 est
703 1612 729 1643 a
753 1606 970 1662 peccato,
994 1597 1043 1643 id
1060 1607 1146 1658 est,
1173 1596 1234 1644 ab
1259 1613 1406 1662 opere
1430 1597 1615 1662 peccati
1641 1596 1742 1660 jam
1769 1594 1969 1654 alienus,
2002 1594 2113 1641 licet
2144 1593 2334 1659 penitus
2362 1610 2449 1641 vo·

310 1669 490 1720 luntate
524 1675 756 1739 peccandi
779 1694 879 1724 non
902 1688 1078 1735 careat,
1115 1677 1238 1724 sicut
1256 1676 1408 1725 libero
1447 1686 1577 1724 caret
1609 1676 1844 1741 operandi
1868 1675 2084 1723 arbitrio.
2111 1693 2133 1719 ι(
2150 1674 2199 1721 Si
2220 1682 2400 1734 autem,
2421 1694 2447 1717 ι»

309 1749 359 1797 id
377 1763 464 1813 est,
490 1755 529 1801 si
547 1766 704 1804 morte
720 1757 905 1822 peccati
931 1757 1179 1804 imitamur
1203 1766 1410 1804 mortem
1434 1756 1623 1803 Christi.
1668 1774 1693 1801 «
1719 1755 1986 1816 Credimus,
2021 1773 2047 1799 »
2081 1753 2132 1800 id
2168 1763 2256 1815 est,
2287 1762 2449 1802 mente

310 1828 505 1880 firmiter
529 1845 764 1897 tenemus,
794 1857 817 1882 α
836 1837 949 1902 quia
967 1837 1109 1884 simul
1131 1838 1276 1884 etiam
1295 1838 1514 1884 vivemus
1535 1851 1649 1883 cum
1672 1834 1880 1894 Christo,
1901 1853 1924 1877 ι)
1951 1844 2049 1881 tam
2071 1849 2275 1898 corpore
2299 1850 2446 1897 quam

309 1913 467 1961 anima
489 1915 735 1978 glorificati
758 1918 806 1964 in
828 1928 1133 1983 perpetuum.
1161 1918 1308 1982 Cujus
1330 1916 1530 1982 quidem
1563 1915 1670 1963 vitae
1706 1915 2074 1980 perpetuitatem
2097 1913 2343 1978 subjungit
2373 1913 2447 1961 di·

309 2009 438 2055 cens,
467 2014 491 2040 «
508 1997 745 2045 scientes»
771 2014 903 2045 nunc
925 2016 1012 2064 per
1033 2000 1418 2065 experimentum
1451 1997 1566 2062 quia
1589 2012 1720 2043 nunc
1743 1995 2002 2055 credimus,
2043 2015 2067 2039 «
2102 1992 2237 2058 quod
2267 1994 2446 2042 scilicet

308 2073 520 2124 Christus
549 2094 801 2142 resurgens
838 2095 895 2126 ex
931 2080 1150 2140 mortuis,
1182 2100 1205 2123 »
1247 2078 1297 2140 id
1324 2089 1394 2126 est
1428 2078 1490 2126 de
1522 2078 1648 2124 inter
1671 2086 1907 2136 mortuos,
1940 2091 2152 2140 quorum
2178 2090 2304 2122 unus
2325 2084 2443 2135 erat,

311 2174 332 2195 <r
346 2155 446 2217 jam
466 2176 487 2199 »
517 2157 568 2204 id
603 2169 691 2218 est,
725 2159 775 2205 in
809 2160 1032 2224 praesenti
1065 2160 1247 2220 seculo,
1289 2179 1312 2202 ι(
1338 2175 1439 2205 non
1465 2158 1668 2205 moritur
1687 2176 1710 2201 »
1739 2172 1897 2221 neque
1931 2156 2078 2202 etiam
2100 2155 2151 2202 in
2176 2154 2337 2201 futuro
2362 2171 2372 2200 :
2400 2164 2446 2202 et

306 2233 400 2282 hoc
420 2246 491 2283 est
509 2255 518 2283 :
543 2241 712 2285 «Mors
733 2238 800 2285 illi
823 2238 949 2287 ultra
964 2255 1065 2286 non
1089 2238 1437 2286 dominabitur.
1459 2257 1483 2283 »
1505 2237 1600 2285 Sed
1619 2237 1735 2301 quid
1756 2246 1827 2284 est
1851 2234 1986 2299 quod
2008 2235 2090 2295 ait,
2117 2254 2141 2280 «
2168 2250 2267 2281 non
2290 2233 2447 2281 domi-

307 2315 513 2379 nabitur,
543 2336 565 2362 »
588 2319 723 2382 quasi
745 2319 878 2384 prius
902 2320 1150 2366 dominata
1174 2319 1335 2376 fuerit,
1362 2328 1408 2365 et
1437 2334 1549 2364 eum
1580 2327 1813 2381 tanquam
1841 2316 2091 2363 inimicum
2123 2314 2446 2379 oppresserit?

306 2396 361 2441 Et
384 2395 580 2445 fortasse
603 2399 686 2463 qui
717 2416 869 2463 usque
897 2398 1019 2446 adeo
1052 2407 1261 2445 mortem
1290 2398 1420 2444 visus
1450 2406 1521 2444 est
1556 2397 1802 2460 expavisse
1827 2406 1880 2443 ut
1904 2395 2140 2442 diceret²z
2173 2414 2196 2437 «
2223 2397 2382 2454 Pater,
2409 2395 2446 2441 si

305 2476 529 2538 possibile
552 2488 639 2539 est,
665 2489 779 2541 etc.‚
801 2499 824 2524 n
850 2489 897 2526 et
914 2479 1140 2527 iterumss:
1170 2498 1193 2521 «
1213 2481 1396 2525 Verum
1417 2487 1580 2523 tamen
1606 2492 1707 2523 non
1725 2476 1848 2523 sicut
1870 2491 1958 2538 ego
1974 2474 2108 2531 volo,
2130 2482 2242 2534 etc.‚
2270 2492 2295 2517 »
2320 2476 2444 2521 mori

306 2557 577 2605 nullatenus
609 2558 778 2620 voluit,
818 2559 901 2606 sed
933 2557 1192 2624 permisit?
1232 2556 1513 2604 Secundum
1547 2555 1847 2602 divinitatem
1881 2570 1996 2602 vero
2031 2553 2153 2600 sicut
2186 2569 2341 2600 unum
2375 2563 2446 2600 est

308 2651 417 2682 cum
438 2640 593 2697 Patre,
613 2639 679 2685 ita
703 2648 751 2686 et
773 2640 915 2687 unius
934 2638 1195 2686 voluntatis
1227 2647 1298 2689 est
1327 2655 1338 2683 :
1358 2637 1495 2701 juxta
1518 2634 1651 2700 quod
1673 2635 1775 2700 ipse
1794 2634 1855 2682 de
1880 2651 1930 2682 se
1953 2634 2037 2681 ait*
2057 2651 2067 2679 :
2098 2653 2122 2676 α
2150 2633 2447 2680 ΝεωοῐοΠίῑ

307 2715 514 2763 animam
539 2735 696 2766 meam
719 2735 745 2766 a
768 2736 863 2781 me,
887 2719 971 2767 sed
988 2735 1077 2782 ego
1101 2734 1234 2784 pono
1256 2734 1382 2765 eam.
1408 2737 1431 2760 >2
1460 2719 1520 2763 Et
1542 2717 1715 2762 iterum
1738 2717 1751 2739 ⁵
1770 2733 1780 2760 z
1812 2734 1834 2758 «
1868 2717 2155 2761 potestatem
2178 2711 2336 2760 habeo
2354 2728 2445 2777 po-

308 2793 453 2840 nendi
466 2797 692 2858 animam,
714 2809 761 2846 et
776 2800 948 2847 iterum
969 2797 1194 2847 sumendi
1207 2815 1331 2845 eam.
1353 2816 1376 2841 »
1394 2799 1452 2843 Et
1466 2796 1630 2843 Isaias⁶
1652 2814 1662 2842 ε
1690 2814 1712 2839 «
1733 2793 1933 2841 Oblatus
1949 2803 2036 2853 est,
2058 2794 2081 2836 ἱ)
2098 2792 2272 2855 inquit,
2293 2791 2443 2855 «quia

307 2872 471 2920 voluit.
505 2894 527 2919 »
567 2877 864 2926 Desideravit
901 2878 1101 2943 quidem
1130 2878 1293 2926 anima
1323 2877 1536 2924 hominis
1572 2874 1698 2922 illius
1729 2875 1932 2922 salutem
1965 2882 2179 2921 nostram
2215 2887 2362 2936 quam
2392 2871 2442 2917 in

307 2961 461 2998 morte
485 2970 568 3001 sua
591 2957 848 3004 consistere
872 2958 1068 3019 sciebat,
1096 2967 1142 3005 et
1163 2967 1362 3023 propter
1384 2956 1513 3003 illam
1538 2971 1686 3020 quam
1708 2952 2010 3002 desiderabat
2025 2952 2151 3000 hanc
2174 2948 2438 2998 tolerabat:

308 3029 443 3077 sicuti
476 3032 691 3080 infirmus
723 3036 797 3082 vel
833 3038 1069 3084 sauciatus
1101 3036 1272 3101 aliquis
1300 3045 1499 3101 propter
1529 3035 1782 3082 sanitatem
1813 3049 1958 3098 quam
1999 3030 2255 3089 desiderat,
2290 3030 2441 3077 multa

350 3236 454 3270 »Mate
476 3236 573 3271 Amb.
600 3239 672 3272 Non
694 3240 807 3273 simul.
832 3259 869 3265 —
893 3242 1044 3282 'Matth.‚
1067 3252 1138 3284 cap.
1166 3250 1259 3285 xxvi,
1276 3251 1304 3275 v.
1330 3244 1383 3276 39.
1400 3258 1442 3267 —
1456 3240 1571 3274 ³1bid.
1589 3257 1627 3266 -
1648 3238 1780 3281 *Joanq
1798 3247 1870 3280 cap.
1895 3246 1929 3280 x,
1956 3247 1988 3271 v.
2018 3240 2067 3271 18.
2087 3255 2124 3262 -
2143 3235 2256 3270 5Ῑὺὶᾱ.
2279 3252 2320 3262 -
2337 3236 2350 3256 ⁶
2365 3235 2440 3276 lsai,

308 3299 378 3331 cap.
398 3299 469 3330 mn,
486 3300 514 3323 v.
532 3295 562 3323 τ.
