2638 3866
285 181 379 228 172
1090 177 1259 224 PETRI
1295 175 1607 224 ABAELARDI

282 278 539 327 divinitatis
575 276 722 340 modo
745 275 1004 324 revelatum
1031 286 1101 324 est
1127 275 1311 323 mundo
1342 292 1428 341 per
1457 275 1612 340 legem
1642 274 1885 340 scriptam,
1928 274 2071 322 etiam
2103 276 2205 324 sine
2238 277 2416 342 scripto

282 375 369 425 per
389 358 655 406 naturalem
672 357 907 405 rationem
930 357 1235 405 manifestum
1266 365 1376 403 ante
1411 355 1579 403 fuerat.
1615 374 1638 401 «
1657 359 1710 402 In
1741 355 1848 416 illis,
1878 375 1899 399 »
1927 355 1977 402 id
1999 365 2085 417 est,
2106 373 2206 404 non
2229 365 2416 406 tantum

281 439 388 501 illis,
412 455 580 486 verum
601 438 746 486 etiam
771 454 856 503 per
877 437 983 485 illos
1003 438 1121 485 aliis.
1150 435 1285 483 Unde
1312 445 1360 483 et
1383 435 1531 482 multa
1550 434 1611 483 de
1629 435 1857 483 Trinitate
1876 436 2148 485 testimonia
2171 446 2335 503 aperta
2365 437 2414 484 in

282 518 683 584 philosophorum
701 517 833 565 libris
856 518 1174 584 reperiuntur,
1202 517 1284 581 qui
1307 516 1535 563 Gentium
1558 515 1766 579 magistri
1790 525 1955 564 erant:
1981 533 2086 582 quae
2102 518 2247 565 etiam
2266 517 2418 566 sancti

284 601 448 646 Patres
483 599 532 645 in
571 608 745 646 nostrae
780 597 893 646 fidei
923 597 1396 645 commendationem
1425 595 1679 643 adversum
1714 594 1974 643 Gentilium
2005 597 2416 663 impugnationem

283 678 534 742 diligenter
557 679 869 743 collegerunt.
896 682 1115 737 Quorum
1137 678 1365 743 pleraque
1389 687 1436 724 et
1457 694 1546 724 nos
1564 677 1708 724 etiam
1741 677 1789 723 in
1821 676 2080 744 Theologiae
2102 687 2275 726 nostrae
2298 694 2417 743 opu-

281 759 413 807 sculo
439 760 746 808 contulimus.
784 780 807 805 «
838 763 967 806 Deus
1005 759 1134 806 enim
1150 757 1259 805 ‘illis
1307 756 1553 805 revelavit.
1592 776 1616 802 υ
1668 756 1844 805 Saltem
1881 775 1969 823 per
2007 758 2175 806 effecta
2217 774 2415 807 suorum

280 856 500 905 operum.
526 844 582 888 Et
601 841 697 889 hoc
716 851 786 889 est
803 840 937 906 quod
956 839 1117 887 subdit
1145 857 1156 886 ε
1184 858 1207 884 «
1227 837 1484 886 Invisibilia
1506 839 1653 900 enim,
1682 847 1773 886 etc.
1796 857 1818 883 n
1843 842 2015 887 Totum
2038 839 2118 887 hic
2140 840 2416 905 mysterium

278 921 516 969 Trinitatis
540 922 802 987 distinguit,
829 931 1004 968 utnon
1041 920 1195 967 solum
1226 919 1457 966 unitatem
1493 919 1599 978 Dei,
1629 935 1796 966 verum
1822 929 1869 967 et
1898 920 2175 968 Trinitatem
2212 938 2269 968 ex
2304 921 2418 986 ipsis

280 1002 507 1067 operibus
540 1002 834 1068 perpendere
868 1010 1063 1066 possent
1092 1018 1101 1046 ε
1137 998 1549 1064 quemadmodum
1590 1016 1646 1046 ex
1679 999 1906 1064 qualitate
1942 1001 2102 1067 operis
2139 1000 2413 1065 cujuslibet,

278 1081 430 1147 qualis
446 1092 492 1130 et
510 1082 644 1146 cujus
660 1082 859 1130 solertiae
879 1081 1016 1128 fuerit
1038 1080 1202 1127 artifex
1226 1079 1327 1143 ejus
1349 1079 1647 1143 conjicimus.
1670 1082 1730 1126 Et
1753 1080 1944 1128 attende
1961 1080 2212 1146 diligenter
2233 1082 2416 1130 dictum

278 1162 411 1227 quod
443 1172 613 1210 notum
646 1172 715 1209 est
749 1162 837 1209 Dei
859 1161 949 1208 illis
972 1160 1233 1209 revelatum
1256 1159 1414 1221 fuisse,
1441 1159 1538 1207 hoc
1562 1169 1633 1207 est
1665 1176 1748 1207 eos
1770 1160 2029 1210 credidisse
2060 1179 2115 1210 ea
2147 1179 2252 1228 quae
2286 1176 2417 1210 nunc

276 1242 514 1290 credimus
537 1242 597 1290 de
631 1242 703 1289 his
725 1259 830 1307 quae
859 1241 920 1289 ad
947 1240 1247 1288 divinitatem
1278 1240 1476 1305 quidem
1507 1241 1748 1305 pertinent
1776 1243 1937 1307 potius
1970 1259 2116 1307 quam
2147 1243 2210 1291 ad
2244 1243 2416 1295 divinae

275 1324 617 1370 Incarnationis
641 1322 933 1387 mysterium.
958 1321 1234 1385 Mysterium
1256 1322 1435 1386 quippe
1458 1322 1807 1369 Incarnationis
1823 1339 1881 1370 ex
1903 1323 2168 1372 visibilibus
2190 1324 2278 1372 Dei
2301 1341 2416 1391 ope-

274 1403 406 1450 ribus
423 1420 727 1469 nequaquam
751 1402 941 1468 concipi
962 1402 1174 1449 humana
1193 1412 1378 1467 poterat
1396 1402 1601 1463 ratione,
1623 1403 1743 1450 sicut
1758 1403 1974 1468 potentia
1993 1405 2099 1462 Dei,
2122 1414 2169 1451 et
2184 1405 2415 1471 sapientia

273 1485 390 1548 ejus,
411 1494 458 1532 et
479 1484 747 1549 benignitas
765 1501 820 1531 ex
843 1484 918 1531 his
941 1500 1047 1548 quae
1066 1482 1294 1530 videbant
1312 1482 1494 1547 liquide
1513 1482 1916 1548 percipiebantur.
1946 1487 1999 1531 In
2023 1485 2196 1550 quibus
2215 1484 2414 1549 quidem

274 1563 423 1612 tribus
459 1575 608 1612 totam
641 1565 879 1612 'Trinitatis
916 1564 1274 1611 distinctionem
1310 1563 1569 1611 consistere
1606 1563 1771 1611 credo.
1810 1564 1865 1613 Id
1895 1565 2073 1631 quippe
2110 1569 2240 1613 Deus
2276 1568 2415 1613 Pater

271 1662 442 1693 sonare
463 1645 581 1692 mihi
603 1645 793 1693 videtur
814 1645 948 1710 quod
968 1654 1108 1692 sonat
1130 1644 1293 1691 divina
1311 1644 1527 1710 potentia
1549 1644 1764 1692 divinam
1787 1662 2019 1708 generans
2046 1647 2347 1712 sapientiam,
2364 1645 2414 1694 id

272 1736 341 1774 est
365 1726 533 1773 Filium
548 1764 560 1788 ,
585 1736 632 1774 et
650 1728 778 1774 Deus
804 1725 1001 1790 quidem
1024 1726 1167 1772 Filius
1191 1723 1491 1772 tantumdem
1515 1734 1751 1788 quantum
1777 1724 1944 1773 divina
1969 1727 2201 1791 sapientia
2224 1744 2282 1775 ex
2307 1729 2417 1774 Deo.

273 1810 408 1854 Patre
427 1807 602 1871 genita,
629 1816 675 1854 et
694 1809 823 1854 Deus
843 1807 1044 1872 Spiritus
1066 1816 1256 1853 sanctus
1278 1814 1513 1870 quantum
1531 1821 1670 1852 amor
1690 1805 1777 1852 Dei
1806 1806 1904 1854 sive
1934 1807 2206 1872 benignitas
2228 1824 2286 1855 ex
2308 1810 2412 1856 Deo

272 1891 405 1934 Patre
428 1886 696 1952 procedens
715 1896 763 1934 et
785 1887 920 1934 Filio.
938 1887 1267 1946 Continuatio,
1290 1906 1312 1930 c<
1334 1889 1462 1933 Deus
1479 1884 1569 1932 illis
1590 1886 1832 1933 revelavit.
1858 1907 1880 1930 »
1904 1888 2028 1946 Quia
2046 1904 2132 1953 per
2150 1888 2405 1950 rationem,

271 1984 418 2032 quam
439 1971 568 2014 Deus
593 1967 659 2014 eis
686 1966 912 2024 contulit,
939 1983 996 2013 ex
1023 1965 1289 2012 visibilibus
1311 1966 1459 2031 ipsius
1486 1964 1715 2030 operibus
1737 1965 1900 2014 divina
1925 1967 2028 2030 ejus
2047 1967 2250 2015 Trinitas
2272 1967 2415 2016 inno-

269 2049 374 2108 tuit,
397 2058 443 2096 et
460 2065 547 2114 per
561 2046 727 2095 effecta
747 2063 831 2095 sua
849 2047 949 2112 ipse
971 2046 1137 2093 artifex
1160 2046 1234 2093 sui
1256 2046 1477 2093 notitiam
1496 2045 1564 2092 eis
1579 2046 1855 2111 impertivit.
1881 2050 1938 2094 Et
1959 2047 2054 2095 hoc
2079 2058 2149 2095 est
2173 2048 2308 2112 quod
2331 2050 2412 2109 ait,

275 2148 297 2173 u
322 2128 577 2176 Invisibilia
600 2129 729 2176 enim
752 2128 917 2193 ipsius,
936 2146 959 2172 υ
980 2127 1031 2174 id
1049 2136 1119 2174 est
1139 2128 1245 2188 Dei,
1269 2126 1404 2191 quod
1429 2136 1499 2174 est
1522 2125 1681 2174 dicere
1703 2127 1949 2193 multiplex
1969 2128 2071 2192 ejus
2093 2145 2178 2176 seu
2197 2129 2417 2195 septifor-

271 2210 360 2256 mis
384 2209 607 2274 Spiritus,
643 2209 726 2273 qui
756 2209 898 2256 etiam
930 2217 1113 2273 septem
1146 2207 1338 2272 spiritus
1367 2223 1724 2270 nonnunquam
1751 2206 1944 2269 dicitur,
1975 2209 2095 2256 sicut
2127 2209 2416 2276 septiformis

272 2290 429 2354 gratiae
452 2289 600 2349 dona,
620 2289 737 2354 ipse,
762 2289 978 2352 inquam,
1002 2287 1290 2353 septiformis
1309 2287 1512 2352 Spiritus
1530 2287 1617 2334 Dei
1639 2288 1933 2353 conspicitur
1949 2289 2232 2351 intellectus,
2255 2289 2306 2338 id
2322 2300 2410 2349 est,

272 2368 583 2435 perpenditur
604 2385 705 2416 non
724 2368 875 2415 oculis
898 2368 1132 2433 corporis,
1156 2367 1240 2415 sed
1259 2366 1568 2430 intelligentia
1590 2368 1807 2415 rationis.

339 2467 360 2495 «
386 2452 417 2496 Α
444 2459 661 2497 creatura
685 2449 856 2496 mundi
882 2465 968 2514 per
996 2464 1053 2495 ea
1083 2465 1189 2513 quae
1217 2447 1339 2496 facta
1370 2457 1483 2495 sunt
1514 2448 1784 2507 intellecta,
1814 2450 2198 2515 conspiciuntur.
2218 2468 2241 2496 υ
2259 2447 2324 2498 'ld
2345 2460 2414 2497 est

272 2529 550 2594 intelligitur
570 2546 655 2595 per
673 2529 840 2578 effecta
863 2528 1224 2576 mundanorum
1246 2545 1468 2594 operum,
1496 2543 1602 2592 quae
1623 2537 1723 2575 tam
1741 2529 1923 2593 optime
1947 2529 2049 2576 fieri
2071 2531 2221 2578 voluit
2243 2546 2299 2578 ac
2322 2531 2415 2579 dis-

272 2610 405 2675 poni.
433 2629 456 2656 «
479 2610 778 2676 Sempiterna
807 2610 923 2674 ejus.
948 2628 972 2655 »
996 2609 1083 2656 Hic
1108 2608 1391 2675 sapientiam
1415 2608 1535 2672 ejus,
1563 2608 1612 2655 id
1634 2618 1703 2655 est
1732 2608 1822 2656 Dei
1846 2609 2169 2674 intelligimus,
2193 2627 2297 2676 quae
2322 2621 2410 2673 est,

274 2700 326 2737 ut
349 2690 578 2752 diximus,
609 2690 753 2738 Filius
778 2691 867 2738 Dei
891 2709 901 2737 :
929 2689 990 2737 de
1013 2706 1112 2755 quo
1138 2689 1251 2737 alibi
1275 2688 1405 2737 idem
1429 2689 1686 2754 Apostolus
1708 2688 1874 2736 dicit¹:
1903 2690 2186 2739 «Christum
2209 2691 2298 2739 Dei
2319 2691 2414 2741 vir-

276 2779 446 2832 tutem,
477 2781 524 2818 et
552 2772 639 2818 Dei
675 2771 973 2837 sapientiam.
1000 2773 1201 2829 »Quam
1224 2769 1423 2835 quidem
1451 2770 1732 2835 sapientiam
1763 2770 2066 2834 Evangelista
2096 2771 2332 2832 Verbum,
2365 2772 2415 2819 id

275 2859 344 2898 est
383 2850 554 2898 mentis
587 2861 902 2916 conceptum,
936 2850 1256 2916 philosophus
1290 2860 1505 2898 mentem
1544 2850 1790 2911 nominat,
1828 2867 1975 2916 quam
2009 2869 2067 2900 ex
2113 2856 2216 2900 Deo
2253 2862 2416 2902 natam

275 2929 495 2977 affirmat.
542 2930 703 2977 Virtus
744 2930 939 2994 quidem
980 2932 1070 2978 Dei
1112 2931 1345 2996 sapientia
1394 2930 1496 2994 ejus
1539 2929 1741 2988 dicitur,
1786 2931 2055 2980 secundum
2097 2932 2147 2979 id
2192 2932 2324 2997 quod
2363 2933 2412 2981 in

275 3009 503 3074 sapientia
533 3010 695 3056 omnia
728 3010 909 3074 optime
936 3010 1046 3057 facit
1083 3027 1138 3057 ac
1171 3010 1401 3075 disponit.
1430 3008 1599 3057 Debile
1625 3011 1817 3076 quippe·
1831 3020 1975 3076 atque
2002 3011 2267 3060 invalidum
2292 3029 2415 3079 opus

275 3099 367 3155 est,
405 3088 540 3154 quod
579 3088 775 3136 solerter
820 3088 997 3136 factum
1034 3105 1133 3137 non
1173 3098 1260 3137 est.
1312 3089 1546 3137 Divinitas
1587 3106 1704 3138 vero
1744 3090 1839 3138 hoc
1882 3091 1992 3139 loco
2035 3108 2126 3157 pro
2170 3092 2414 3156 majestate

322 3271 356 3304 ¹1
373 3272 539 3312 Corinth„
557 3280 627 3312 cap.
645 3280 675 3312 ι,
691 3280 720 3303 v.
741 3271 792 3305 24.
