2638 3866
1151 238 1471 300 APPEme.
2283 251 2382 300 79³

226 349 450 394 caritatem
476 367 609 412 quam
629 366 732 412 erga
753 361 999 412 peccatores
1027 349 1182 395 habuit
1206 349 1264 396 de
1286 350 1395 396 coelo
1426 350 1651 397 descendit
1677 351 1735 396 ad
1759 362 1914 405 terras,
1937 351 2012 411 qui
2032 351 2259 397 nobiscum
2286 367 2384 396 ma-

226 445 334 474 nens
365 441 612 491 peccatores
640 430 805 492 recepit
833 440 878 475 et
905 445 1006 474 cum
1034 430 1096 474 eis
1122 430 1420 488 manducavit,
1451 433 1527 493 qui
1556 443 1601 478 et
1621 448 1700 493 pro
1734 431 2032 493 peccatoribus
2061 447 2195 492 usque
2223 431 2282 476 ad
2312 432 2385 477 illa

226 509 385 554 inferni
418 510 516 555 loca
547 510 623 555 ubi
654 520 903 572 peccatores
931 509 1250 567 cruciabantur,
1281 523 1340 555 ut·
1358 527 1433 556 eos
1465 528 1491 556 a
1523 513 1747 557 tormentis
1780 512 1991 568 solveret,
2025 510 2268 558 descendit.
2298 511 2386 557 Sed

226 590 386 634 mirum
415 607 507 635 non
537 602 602 636 est
639 591 675 635 si
700 600 851 634 contra
893 589 1117 651 ecclesiam
1139 591 1320 651 turpiter
1339 591 1561 652 loquendo
1589 591 1883 648 debaccharis,
1910 593 1984 652 qui
2007 603 2168 636 sancto
2197 591 2385 637 ecclesiae

226 671 326 714 vitae
358 681 444 715 tuae
475 671 680 732 qualitate
709 681 800 714 tam
827 670 996 715 fortiter
1032 669 1282 716 adversaris.
1316 672 1481 717 Verum
1510 672 1834 733 praesumptioni
1869 683 1953 716 tuae
1990 671 2090 717 ideo
2121 671 2387 718 dea-evimus

228 750 564 812 ignoscendum,
601 751 703 810 quia
729 767 820 795 non
842 766 897 795 ex
924 751 1271 796 consideratione
1284 784 1297 806 ,
1328 751 1406 796 sed
1432 768 1487 796 ex
1508 750 1671 796 doloris
1694 752 1980 796 immensitate
2002 751 2049 795 id
2071 753 2184 813 agis;
2209 764 2252 797 et
2279 753 2389 817 sig-'it

230 830 441 875 damnum
471 831 664 891 corporis
694 831 758 875 tui
777 847 858 892 pro
889 847 976 890 quo
1011 831 1070 875 sic
1100 830 1222 875 doles
1251 831 1592 893 inrecuperabile
1615 843 1703 887 est,
1739 832 1799 875 ita
1832 831 1960 875 dolor
1991 847 2121 892 quem
2150 833 2267 889 mihi·
2281 848 2389 877 con-

229 911 395 955 traxisti
425 912 746 956 inconsolabilis
771 923 850 956 est.
885 911 972 956 Sed
998 910 1125 955 valde
1155 911 1236 955 tibi
1277 911 1424 956 divina
1454 911 1690 956 metuenda
1719 922 1784 955 est
1810 912 1972 969 justitia
2004 927 2058 956 ne
2071 943 2084 967 ,
2114 912 2222 955 sicut
2250 912 2388 958 cauda

231 1007 316 1052 qua
343 993 486 1053 prius,
513 991 620 1036 dum
641 1003 833 1053 poteras»,
861 992 1160 1036 indifferenter
1180 993 1420 1053 pungebas,
1444 986 1599 1037 merito
1622 1003 1708 1035 tuse
1734 991 2019 1036 immunditiae
2041 993 2120 1036 tibi
2145 992 2288 1037 ablata
2308 1004 2389 1049 est,

231 1072 292 1116 ita
324 1084 369 1116 et
399 1073 546 1134 lingua
581 1089 667 1133 qua
696 1073 829 1117 modo
865 1073 1021 1134 pungis
1051 1072 1301 1128 auferatur;
1337 1074 1455 1133 prius
1486 1073 1602 1116 enim
1633 1074 1780 1133 apium
1808 1072 2131 1117 similitudinem
2160 1073 2215 1117 de
2250 1073 2391 1118 cauda

231 1153 470 1215 pungendo
507 1155 734 1215 portabas,
781 1170 898 1198 nunc
932 1169 1036 1198 vero
1071 1154 1279 1214 serpentis
1315 1154 1550 1215 imaginem
1584 1153 1639 1198 de
1672 1154 1820 1214 lingua
1852 1153 2087 1215 pungendo
2128 1165 2290 1214 portas.
2324 1155 2391 1198 De

232 1234 389 1279 talibus
409 1236 456 1278 in
477 1235 645 1295 psalmo
669 1235 834 1279 dictum
856 1246 919 1279 est
940 1251 950 1279 t
982 1255 999 1273 α
1014 1235 1236 1278 Acuerunt
1257 1234 1424 1295 linguas
1444 1250 1541 1279 suas
1563 1235 1671 1279 sicut
1693 1245 1930 1295 serpentes,
1956 1250 2170 1280 venenum
2194 1234 2392 1294 aspidum

233 1315 314 1359 sub
342 1315 469 1360 labiis
497 1332 664 1360 eorum.
681 1338 700 1356 »
726 1316 812 1360 Sed
833 1332 889 1359 ne
923 1315 978 1360 de
1000 1315 1262 1360 contumelia
1284 1315 1411 1359 nobis
1437 1315 1570 1359 inlata
1590 1316 1686 1376 plus
1719 1331 1842 1375 aequo
1865 1314 2013 1358 dolere
2042 1325 2087 1358 et
2110 1314 2391 1374 obloquendo

233 1411 315 1439 nos
343 1396 479 1441 modo
510 1397 658 1440 ulcisci
678 1398 788 1442 velle
809 1397 1051 1452 videamur,
1087 1396 1144 1440 ad
1171 1396 1314 1440 literas
1344 1406 1439 1439 tuas
1461 1398 1707 1451 veniamus,
1734 1406 1778 1440 et
1806 1411 1900 1456 quae
1929 1396 1975 1439 in
2003 1396 2064 1439 eis
2085 1394 2391 1451 concedenda,

233 1492 332 1535 quae
365 1477 449 1520 sint
481 1478 712 1522 refutanda
735 1477 1096 1522 demonstremus.
1121 1477 1299 1521 Initium
1328 1476 1548 1520 literarum
1570 1488 1741 1520 tuarum
1771 1475 1825 1520 de
1847 1492 1945 1520 mea
1978 1475 2251 1520 immunditia
2272 1487 2317 1520 et
2338 1476 2393 1520 de

235 1557 424 1600 ecclesiae
460 1557 578 1600 beati
625 1558 803 1601 Martini
839 1557 1102 1602 contumelia
1135 1568 1215 1602 est.
1258 1558 1324 1600 De
1358 1556 1535 1600 ecclesia
1573 1555 1724 1610 doleo,
1761 1556 1817 1599 de
1846 1572 1917 1599 me
1948 1567 2094 1600 autem
2124 1555 2246 1599 laetus
2280 1571 2391 1611 sum,

234 1637 336 1696 quia
370 1637 417 1680 in
439 1638 620 1682 veritate
649 1638 780 1682 talem
815 1654 886 1682 me
916 1654 1007 1682 esse
1028 1653 1292 1699 recognosco
1314 1637 1487 1697 qualem
1517 1653 1587 1680 me
1609 1635 1837 1680 scribendo
1861 1635 2072 1696 depingis.
2097 1636 2249 1678 Dixisti
2278 1636 2393 1679 enim

235 1732 307 1760 me
336 1718 456 1761 omni
483 1718 583 1761 vitae
614 1719 816 1779 spurcitia
836 1718 1092 1762 notabilem.
1114 1718 1246 1773 Quod
1269 1733 1403 1777 quum
1423 1719 1484 1760 ita
1507 1728 1593 1772 est,
1622 1718 1735 1760 hanc
1762 1726 1881 1759 tuam
1904 1715 2094 1758 veritatis
2120 1715 2396 1759 assertionem

237 1799 359 1857 quasi
381 1797 643 1858 quibusdam
663 1799 849 1843 brachiis
870 1799 1057 1842 caritatis
1080 1799 1333 1858 amplector,
1357 1809 1402 1841 et
1421 1798 1467 1840 in
1488 1797 1631 1841 verbis
1652 1797 1735 1839 tuis
1759 1796 1880 1856 quasi
1900 1796 1947 1838 in
1967 1794 2140 1855 speculo
2161 1810 2231 1838 me
2256 1805 2394 1838 totum

238 1878 415 1938 aspicio.
451 1877 538 1921 Sed
568 1888 723 1938 potens
754 1889 819 1940 est
845 1880 963 1922 Deus
996 1878 1051 1922 de
1078 1877 1294 1938 lapidibus
1322 1878 1411 1921 istis
1442 1877 1644 1921 suscitare
1671 1876 1780 1920 filios
1806 1876 2010 1919 Abrahae.
2042 1874 2157 1918 Nolo
2180 1875 2295 1918 enim
2325 1891 2396 1920 me

231 1956 488 2016 Justificare,
513 1958 616 2018 quia
639 1958 675 2002 si
704 1959 887 2019 gloriam
908 1974 1052 2002 meam
1074 1973 1288 2018 quaeram,
1322 1957 1459 2018 gloria
1481 1972 1579 2000 mea
1600 1957 1706 2000 nihil
1728 1969 1807 2000 est.
1841 1956 1966 1999 Absit
1987 1956 2103 1998 enim
2130 1966 2178 1998 ut
2212 1954 2397 1998 declinet

236 2053 315 2082 cor
342 2054 491 2082 meum
522 2039 566 2082 in
590 2040 722 2083 verba
750 2041 925 2083 malitiae
958 2039 1015 2082 ad
1045 2038 1308 2082 excusandas
1331 2038 1628 2081 excusationes
1657 2038 1703 2079 in
1726 2035 1923 2096 peccatis.
1951 2035 2082 2090 Quod
2109 2050 2212 2078 vero
2235 2050 2392 2095 super:

242 2140 262 2158 «
283 2119 404 2179 quod
441 2136 608 2164 summa
638 2120 789 2164 haeresi
817 2121 1040 2164 convictus
1066 2130 1110 2163 et
1147 2119 1319 2162 infamis
1344 2120 1435 2176 jam
1463 2129 1556 2161 toto
1586 2117 1752 2160 mundo
1784 2115 1984 2176 expulsus
2014 2116 2109 2169 sim,
2139 2136 2157 2153 υ
2192 2116 2287 2160 haec
2315 2116 2396 2159 tria

238 2199 382 2243 modis
415 2200 617 2243 omnibus
644 2200 796 2243 refello
840 2210 884 2243 et
926 2199 1172 2243 testimonio
1217 2199 1530 2242 Suessionensis
1570 2209 1615 2242 et
1659 2196 1881 2241 Remensis
1920 2195 2108 2239 ecclesiae
2158 2194 2263 2238 falsa
2306 2210 2397 2240 esse

239 2279 492 2339 pronuntio.
531 2280 574 2323 Si
606 2280 723 2323 enim
755 2279 988 2339 aliquando
1009 2278 1078 2322 vel
1107 2280 1154 2322 in
1177 2279 1312 2322 verbo
1334 2279 1475 2339 lapsus
1499 2278 1563 2322 fui
1583 2278 1651 2321 vel
1677 2293 1703 2320 a
1723 2278 1900 2321 veritate
1924 2275 2112 2330 deviavi,
2138 2290 2218 2318 nec
2251 2290 2397 2318 casum

238 2361 361 2403 verbi
388 2375 469 2404 nec
499 2361 778 2404 assertionem
800 2360 894 2403 falsi
918 2360 1192 2420 pertinaciter
1215 2359 1417 2414 defendi,
1447 2358 1524 2403 sed
1554 2373 1724 2419 semper
1751 2356 1940 2417 paratior
1961 2355 2125 2422 discere
2160 2370 2290 2414 quam
2320 2355 2401 2398 do-

241 2455 355 2498 cere,
383 2441 575 2484 animum
605 2441 663 2485 ad
691 2441 1010 2501 correptionem
1043 2441 1302 2501 praeparavi,
1341 2455 1483 2499 neque
1512 2439 1628 2483 enim
1659 2439 1885 2482 haereticus
1921 2447 1983 2480 est
2017 2436 2113 2495 qui,
2141 2435 2241 2478 licet
2267 2447 2394 2492 erret,

240 2536 436 2564 errorem
457 2532 604 2565 tamen
634 2538 725 2565 non
755 2521 965 2565 defendit.
997 2521 1127 2565 Unde
1155 2520 1306 2565 beatus
1334 2520 1597 2580 Augustinus
1623 2534 1633 2563 :
1665 2538 1683 2557 α
1702 2518 1803 2561 Non
1833 2517 1892 2560 ob
1913 2515 2030 2559 aliud
2061 2526 2160 2558 sunt
2180 2516 2396 2570 haeretici,

243 2602 326 2645 nisi
353 2603 463 2661 quia
476 2602 712 2663 Scripturas
734 2618 873 2647 sacras
903 2618 994 2646 non
1014 2613 1129 2645 recte
1151 2601 1437 2662 intelligentes
1461 2600 1685 2660 opiniones
1707 2613 1803 2642 suas
1824 2608 1975 2641 contra
2006 2611 2155 2639 earum
2175 2596 2398 2639 veritatem

242 2682 521 2741 pertinaciter
555 2681 811 2727 defendunt.
829 2703 846 2721 υ
883 2683 939 2725 Et
971 2682 1027 2725 ad
1061 2682 1337 2725 vincentium
1359 2682 1580 2724 Victorem
1610 2696 1621 2723 z
1661 2699 1679 2717 α
1699 2679 1824 2722 Absit
1850 2689 1898 2722 ut
1931 2676 2148 2720 arbitreris
2180 2686 2223 2718 te
2256 2691 2281 2718 a
2315 2674 2400 2719 fide

244 2761 455 2806 catholica
489 2762 698 2818 deviasse,
735 2762 836 2822 quia
869 2763 958 2823 ipse
988 2763 1155 2806 animus
1182 2761 1462 2821 correptionis
1492 2759 1804 2820 praeparatione
1835 2769 1878 2802 et
1906 2756 2221 2817 exspectatione
2249 2756 2399 2798 catho-

243 2843 350 2886 licus
369 2842 465 2886 fuit.
478 2864 497 2881 »
519 2842 607 2897 Qui
626 2858 730 2903 ergo
753 2859 977 2903 nunquam
997 2858 1145 2886 meum
1165 2842 1233 2886 vel
1252 2842 1442 2885 alienum
1463 2855 1654 2884 errorem
1673 2838 1864 2894 defendi,
1889 2837 2039 2899 procul
2069 2836 2202 2880 dubio
2236 2846 2404 2879 constat

207 2920 209 2923 ’
245 2922 345 2981 quia
377 2938 602 2982 nunquam
635 2922 861 2967 haereticus
894 2923 972 2966 fui.
1008 2923 1120 2978 Quia
1150 2938 1253 2966 vero
1288 2922 1441 2982 spiritu
1473 2919 1701 2964 immundo
1737 2919 1857 2978 quasi
1887 2933 1988 2962 cum
2016 2916 2208 2976 quodam
2238 2917 2404 2960 vomitu

244 3002 510 3062 loquutionis
537 3018 607 3047 me
637 3002 846 3047 infamem
875 3015 1002 3063 atque
1045 3003 1092 3047 in
1131 3002 1315 3047 concilio
1347 3001 1600 3045 damnatum
1636 3011 1823 3054 eructas,
1869 3009 2099 3056 utrumque
2126 3012 2216 3047 esse
2263 2997 2402 3040 salsis·

247 3082 406 3126 simum
445 3083 722 3143 praefatarum
749 3083 1026 3127 ecclesiarum
1052 3083 1300 3128 testimonio
1330 3082 1446 3143 apud
1477 3097 1582 3141 quas
1608 3092 1653 3125 et
1673 3080 1752 3125 sub
1781 3078 1937 3140 quibus
1963 3088 2088 3122 natus
2116 3089 2161 3122 et
2199 3076 2405 3121 educatus

249 3173 294 3206 et
336 3162 515 3207 edoctus
548 3179 644 3206 sum
670 3164 969 3224 comprobabo
986 3196 998 3220 ,
1036 3180 1137 3208 cum
1180 3163 1297 3224 apud
1327 3163 1374 3208 S.
1406 3162 1662 3222 Dionysium
1687 3162 1806 3222 cujus
1835 3158 2072 3204 monachus
2098 3172 2188 3202 esse
2225 3155 2400 3211 videris,

248 3242 349 3286 licet
371 3242 749 3305 diffugias‚ssmodo
771 3255 916 3310 tecum
953 3255 1126 3289 acturus
1144 3259 1322 3289 venero.
1360 3243 1511 3303 Neque
1553 3258 1656 3286 vero
1677 3242 1844 3295 timeas,
1869 3239 1989 3300 quasi
2017 3249 2059 3282 te
2087 3248 2232 3282 noster
2276 3235 2407 3278 lateat

252 3323 476 3375 adventus,
517 3325 618 3385 quia
639 3325 687 3369 in
706 3325 885 3370 veritate
925 3340 1003 3386 per
1039 3336 1165 3369 tuum
1201 3323 1404 3368 abbatem
1432 3336 1533 3368 eum
1554 3321 1635 3366 tibi
1670 3320 1898 3374 nuntiabo,
1922 3330 1968 3363 et
1993 3328 2201 3377 quantum
2221 3314 2406 3358 volueris

413 3416 449 3442 n
2163 3395 2242 3434 ¹00
