2638 3866
687 177 1042 227 FRAGMENTA
1075 179 1439 228 THEOLOGlAE
1473 180 1859 230 CHRISTlANAE.
2248 183 2343 235 805

202 265 443 325 nabiliter*
455 278 598 327 datur
635 278 701 326 illi
733 279 891 344 potius
913 294 1058 344 quam
1090 279 1180 326 isti.
1208 280 1256 326 Si
1285 289 1442 344 potest
1476 280 1744 330 disturbare
1771 281 1951 330 malum
1977 282 2174 347 aliquod
2200 287 2344 345 Deus,

202 355 338 419 quod
378 374 477 406 non
514 358 780 418 disturbat,
816 358 1006 406 videtur
1047 359 1353 407 consentiens
1387 377 1506 410 esse.
1545 360 1693 427 [Quis
1726 371 1887 410 autem
1929 378 2102 427 negare
2140 363 2346 426 audeat,

200 436 334 499 quod
361 454 461 485 non
488 439 640 505 possit
669 441 798 486 Deus
822 455 935 485 eum
963 439 1046 503 qui
1074 438 1379 488 damnandus
1402 451 1471 488 est
1496 441 1795 508 salvara...]

267 515 564 582 [SOLUTIO.
601 521 672 567 Eo
693 519 855 583 itaque
886 535 1022 566 more
1053 535 1153 583 quo
1180 519 1240 567 de
1262 523 1365 568 Deo
1389 521 1622 570 disserere
1640 523 1900 588 coepimus,
1927 524 2201 586 innitentes,
2228 525 2346 590 quid

202 605 250 644 et
280 598 422 647 nobis
453 616 598 666 super
633 598 730 646 boc
752 599 907 646 visum
932 599 1007 658 sit,
1042 599 1145 647 sine
1176 600 1334 665 aliqua
1367 601 1704 650 obstinationis
1729 604 1991 651 assertione
2025 604 2341 670 proferamus.

203 678 371 727 Visum
401 691 565 729 autem
598 680 758 744 itaque
790 680 930 727 nobis
961 690 1031 727 est
1073 682 1228 727 Deum
1262 681 1345 746 qui
1377 699 1564 730 summe
1595 682 1751 730 bonus
1779 694 1873 743 est,
1912 701 2002 732 nec
2033 685 2080 731 in
2123 701 2209 733 sua
2243 702 2345 734 cre-

201 764 357 808 scere¹
381 761 457 808 vel
490 761 643 809 minui
662 760 879 808 bonitate
913 770 1096 826 potest,
1124 777 1270 825 quam
1295 761 1572 810 naturaliter
1602 779 1658 810 ac
1683 762 2054 812 substantialiter
2080 782 2136 812 ex
2166 767 2341 832 seipso,

199 856 302 888 non
330 850 498 890 nostro
526 841 676 889 modo
702 859 788 907 per
817 850 951 889 actus
975 839 1143 901 habet,
1179 841 1263 889 sed
1296 859 1350 889 ex
1383 843 1485 908 ipsa
1519 859 1602 890 sua
1632 852 1680 890 et
1713 842 1941 891 ineffabili
1966 844 2194 906 bonitate,
2222 846 2345 894 adeo

201 937 412 987 semper,
438 931 492 970 ut
534 921 752 969 humano
779 921 929 968 modo
969 921 1159 986 loquar,
1192 938 1445 988 accensum
1478 932 1528 970 ut
1556 939 1660 986 quae
1684 923 1800 984 vult,
1833 925 2099 971 necessario
2128 925 2263 985 velit,
2300 938 2348 976 et

201 1017 308 1066 quae
338 1002 467 1064 facit,
504 1002 773 1049 necessario
806 1002 960 1049 faciat.
995 1004 1101 1049 Non
1126 1002 1256 1049 enim
1281 1019 1444 1050 carere
1474 1019 1560 1050 sua
1582 1012 1737 1067 potest
1767 1003 1899 1051 bona
1927 1004 2171 1052 voluntate
2193 1021 2346 1068 quam

201 1081 376 1144 habet,
408 1100 521 1131 cum
555 1083 615 1131 sit
643 1082 870 1131 naturalis
895 1092 942 1130 et
969 1091 1232 1143 coaeterna,
1268 1099 1367 1130 non
1396 1082 1680 1144 adventitia,
1717 1083 1838 1130 sicut
1873 1094 2036 1132 nostra
2070 1093 2137 1132 est
2174 1084 2343 1145 nobis;

201 1172 250 1211 et
287 1181 434 1212 omne
467 1163 603 1229 quod
643 1163 692 1211 in
734 1173 905 1211 natura
941 1172 1012 1210 est
1047 1162 1334 1222 divinitatis,
1371 1163 1639 1210 necessario
1674 1163 1717 1209 ei
1753 1173 1895 1227 atque
1930 1164 2155 1212 omnibus
2191 1166 2347 1214 modis

199 1242 542 1293 inevitabiliter
583 1245 731 1306 inest,
770 1254 937 1309 utpote
960 1243 1167 1307 justitia,
1203 1244 1377 1308 pietas,
1410 1243 1765 1304 misericordia,
1804 1254 1851 1291 et
1884 1261 2198 1309 quaecumque
2237 1263 2348 1310 erga

200 1336 445 1375 creaturas
467 1327 597 1374 bona
610 1326 851 1373 voluntas.
870 1325 964 1383 Qui
980 1325 1140 1388 itaque
1162 1324 1431 1372 necessario
1453 1334 1639 1372 tantum
1656 1324 1816 1372 bonus
1833 1336 1920 1386 est,
1941 1335 2171 1390 quantum
2189 1324 2347 1374 bonus

113 1416 120 1418 “
201 1414 296 1466 est,
322 1424 413 1454 nec
449 1407 603 1454 minui
635 1412 791 1472 potest
823 1406 875 1452 ⁴in
910 1404 1152 1466 bonitate,
1197 1421 1390 1452 necesse
1428 1414 1498 1452 est
1534 1414 1587 1451 ut
1622 1414 1718 1452 tam
1756 1404 1880 1452 bene
1915 1406 2028 1453 velit
2058 1406 2118 1453 de
2151 1407 2348 1470 singulis

201 1502 349 1550 quam
380 1487 508 1535 bene
535 1488 664 1548 vult3
697 1496 744 1534 et
774 1496 872 1533 tam
907 1486 1032 1533 bene
1063 1485 1248 1548 singula
1281 1494 1448 1533 tractet
1482 1495 1716 1549 quantum
1746 1495 1919 1550 potest.
1953 1485 2190 1549 Alioquin,
2214 1487 2347 1549 juxta

200 1568 347 1615 etiam
374 1569 641 1628 Platonem,
669 1567 870 1615 aemulus
894 1577 1015 1614 esset
1040 1583 1128 1613 nec
1157 1566 1365 1631 perfecte
1386 1564 1641 1629 benignus.
1670 1565 1814 1624 Quod
1839 1566 1876 1613 si
1899 1582 2007 1614 eam
2035 1583 2179 1630 quam
2206 1566 2350 1615 habet

199 1647 502 1700 voluntatem
534 1648 739 1696 faciendi
766 1646 951 1712 aliquid
978 1647 1248 1695 necessario
1278 1645 1450 1705 habet,
1484 1662 1574 1692 nec
1604 1645 1683 1692 illa
1715 1662 1928 1710 unquam
1958 1645 2167 1693 efficacia
2201 1648 2350 1711 possit

199 1745 395 1787 carere,
440 1746 633 1777 necesse
682 1739 753 1776 est
790 1737 840 1775 ut
876 1744 932 1775 ea
965 1727 1235 1774 necessario
1275 1726 1415 1773 faciat
1451 1742 1559 1789 quae
1605 1726 1707 1789 ejus
1748 1724 2043 1773 voluntatem
2084 1729 2349 1775 necessario

200 1811 510 1858 comitantur.
538 1803 789 1874 Quidquid
824 1809 986 1873 itaque
1025 1807 1159 1865 sacit,
1194 1806 1316 1853 sicut
1350 1806 1619 1853 necessario
1653 1806 1778 1865 vult,
1819 1805 1883 1853 ita
1919 1807 2186 1864 necessario
2221 1807 2345 1856 facit.

202 1893 353 1939 Tanta
387 1892 568 1956 quippe
597 1899 667 1938 est
702 1890 803 1953 ejus
830 1888 1024 1936 bonitas
1050 1897 1103 1934 ut
1129 1903 1241 1934 cum
1275 1886 1543 1933 necessario
1565 1885 1628 1934 ad
1658 1885 1789 1933 bona
1810 1903 1917 1950 quae
1945 1895 2101 1951 potest
2134 1886 2349 1935 facienda

201 1972 485 2037 compellat,
522 1988 613 2019 nec
642 1972 846 2018 omnino
878 1969 1027 2035 possit
1054 1967 1317 2027 abstinere,
1344 1967 1460 2030 quin
1485 1965 1615 2013 bona
1642 1982 1747 2029 quae
1775 1975 1931 2030 potest
1956 1965 2151 2027 efficiat,
2179 1976 2226 2013 et
2247 1984 2346 2031 quo

198 2052 372 2100 melius
407 2062 564 2117 potest
595 2051 670 2098 vel
695 2051 834 2098 citius
867 2058 1041 2114 potest.
1082 2047 1218 2094 Unde
1251 2057 1298 2093 et
1329 2047 1378 2092 in
1411 2045 1601 2092 laudem
1627 2046 1729 2108 ejus
1758 2045 1932 2092 dicitur
1955 2045 2016 2092 de
2047 2045 2120 2092 his
2150 2063 2346 2110 quoque

198 2150 304 2198 quae
332 2133 415 2180 diu
443 2132 650 2191 distulit,
680 2131 795 2195 quia
820 2146 920 2176 non
944 2127 1171 2176 tardabit.
1201 2129 1352 2173 Nemo
1377 2126 1505 2172 enim
1529 2124 1717 2173 tardare
1741 2126 1787 2171 in
1812 2126 1974 2189 aliquo
1998 2124 2231 2172 dicendus
2254 2137 2342 2186 est,

199 2213 335 2279 quod
356 2214 468 2261 ideo
493 2212 654 2260 differt
683 2221 736 2258 ut
758 2209 1125 2258 convenientius
1148 2206 1230 2254 fiat
1259 2225 1269 2253 :
1297 2206 1382 2253 sed
1407 2207 1446 2253 is
1470 2215 1656 2252 tantum
1679 2204 1866 2251 tardare
1889 2204 2122 2252 dicendus
2145 2215 2235 2263 est,
2263 2208 2345 2270 qui

200 2295 320 2342 dum
353 2294 506 2341 facere
529 2292 692 2353 debet,
719 2307 820 2338 non
845 2290 981 2350 facit3
1008 2304 1123 2336 nam
1151 2298 1197 2334 et
1225 2286 1417 2334 differre
1447 2286 1567 2333 sicut
1590 2285 1776 2332 auferre
1799 2284 1985 2332 bonum
2008 2285 2141 2348 quod
2172 2287 2341 2350 possis,

198 2392 300 2423 non
335 2384 406 2423 est
434 2374 666 2421 bonitatis
697 2371 942 2438 perfectae,
979 2369 1076 2416 hoc
1101 2378 1192 2428 est,
1227 2378 1282 2414 ut
1314 2366 1447 2432 quod
1471 2368 1573 2430 jam
1607 2364 1878 2412 faciendum
1908 2381 2010 2412 esse
2042 2381 2261 2422 censeas,
2297 2367 2346 2413 in

200 2455 416 2503 futurum
461 2454 679 2512 disseras,
723 2468 835 2499 cum
864 2451 965 2515 Jam
1007 2466 1141 2513 aeque
1186 2448 1338 2513 possis
1377 2447 1426 2493 iu
1478 2447 1655 2492 futuro.
1700 2444 1972 2492 Necessario
2014 2444 2173 2508 itaque
2217 2447 2346 2493 Deus

200 2535 443 2584 mundum
487 2551 588 2582 esse
624 2532 775 2580 voluit
809 2547 864 2578 ac
910 2530 1043 2590 fecit,
1080 2545 1170 2581 nec
1209 2529 1390 2575 otiosus
1422 2527 1574 2573 extitit
1607 2525 1689 2590 qui
1722 2542 1852 2582 eum,
1894 2524 2171 2588 priusquam
2206 2524 2342 2584 fecit,

201 2618 358 2665 facere
386 2633 486 2663 non
510 2615 696 2681 potuit,
723 2614 836 2678 quia
865 2612 1145 2678 priusquam
1165 2609 1312 2664 ‘secit,
1343 2607 1443 2655 fieri
1467 2624 1578 2655 eum
1605 2623 1703 2652 non
1729 2605 1959 2670 oportuit.
1988 2605 2036 2651 Si
2062 2605 2189 2651 enim
2215 2605 2345 2669 prius

201 2698 410 2759 fecisset,
439 2697 602 2761 utique
627 2705 674 2743 et
701 2694 837 2759 prius
868 2709 981 2740 eum
1014 2691 1115 2738 lieri
1150 2689 1464 2755 oportuisset,
1505 2687 1618 2752 quia
1651 2686 1802 2733 facere
1834 2685 2102 2750 quidquam
2134 2685 2223 2731 uisi
2257 2701 2346 2750 op-

201 2790 469 2847 portunum
497 2794 595 2825 non
628 2784 812 2842 potest,
841 2774 992 2820 immo
1022 2772 1112 2818 nisi
1141 2771 1398 2835 optimum,
1431 2768 1481 2815 id
1511 2777 1603 2826 est,
1635 2775 1733 2813 tam
1764 2766 1951 2813 bonum
1976 2774 2348 2830 quantumcum-

201 2878 298 2926 que
332 2859 585 2919 convenit,
610 2855 746 2921 quod
775 2871 863 2902 suo
890 2853 988 2901 alto
1014 2859 1283 2899 reservatur
1307 2848 1546 2907 consilio¹‚
1566 2846 1582 2913 ]
1606 2847 1654 2893 in
1679 2863 1777 2911 quo
1815 2847 2034 2893 omnium
2066 2855 2347 2892 naturarum

202 2958 304 2989 esse
328 2951 375 2988 et
407 2940 617 2987 rationes
648 2934 933 2984 aeternaliter
968 2942 1111 2997 atque
1145 2928 1599 2978 incommutabiliter
1622 2927 1883 2974 constituit.
1912 2925 2094 2990 Siquis
2117 2935 2275 2973 tamen
2299 2934 2348 2972 et

203 3021 264 3069 de
289 3022 384 3068 hoc
410 3021 646 3067 rationem
678 3016 833 3080 exigat
854 3029 1002 3079 quare
1032 3015 1187 3060 Deum
1212 3011 1334 3058 velle
1359 3026 1458 3056 non
1495 3007 1762 3074 oportuerit
1793 3016 1874 3054 aut
1911 3006 2063 3054 facere
2083 3015 2135 3052 ut
2158 3022 2347 3070 semper

203 3120 315 3151 cum
349 3119 409 3150 eo
453 3099 666 3148 mundus
703 3107 827 3145 esset
867 3095 944 3143 vel
983 3092 1117 3159 quod
1152 3092 1254 3156 ejus
1296 3089 1644 3138 beatitudinem
1678 3087 1983 3154 participaret
2022 3096 2266 3147 creaturae,
2294 3094 2347 3132 ut

247 3279 255 3298 ¹
280 3275 370 3309 Tosti
387 3283 544 3308 exercere.
561 3290 600 3298 —
612 3273 623 3292 ²
645 3271 728 3305 Vide
746 3279 859 3311 supra,
873 3278 949 3310 pag.
973 3268 1033 3302 565
1052 3267 1149 3308 hujus
1166 3263 1349 3298 voluminis.
