2638 3866
284 229 380 277 312
1095 226 1266 275 PETRI
1301 227 1614 277 ABAELARDI

356 347 379 373 α
399 330 441 375 Ο
464 326 683 375 altitudo.
709 344 733 370 υ
761 326 1051 374 Exclamatio
1073 326 1355 377 admirantis
1378 338 1446 376 est
1468 345 1613 394 super
1630 330 1769 378 istam
1790 329 1991 378 multam
2020 329 2244 394 abyssum
2268 327 2416 376 divini

280 406 464 471 judicii,
487 407 548 454 de
573 407 727 472 prima
746 405 924 454 scilicet
947 406 1177 453 electione
1199 398 1381 454 Judaici
1403 408 1598 473 populi,
1623 417 1671 456 et
1692 408 2032 475 reprobatione
2052 408 2341 462 Gentilium,
2371 417 2419 454 et

285 489 347 537 de
369 504 496 537 nova
517 505 648 536 nunc
673 489 906 536 electione
928 489 1191 537 Gentilium
1221 489 1271 535 in
1295 490 1663 538 conversionem
1689 491 1981 553 multorum,
2008 501 2056 540 et
2080 490 2419 557 reprobatione

284 568 581 631 Judaeorum,
621 578 717 616 tam
750 569 914 635 paucis
945 568 1093 616 modo
1125 568 1302 616 scilicet
1330 570 1588 630 conversis,
1620 570 1704 618 sed
1734 571 2047 636 postmodum
2085 570 2274 636 plenius
2307 586 2420 617 con-

283 647 525 696 vertendis
552 667 561 695 :
588 658 644 696 ut
669 650 751 714 qui
774 650 890 697 olim
916 649 973 696 ·in
999 648 1095 696 fide
1123 651 1301 697 Gentes
1333 659 1696 715 praecesserant,
1721 651 2036 717 postmodum
2066 658 2344 715 sequantur,
2372 659 2420 698 et

285 727 402 775 fiant
422 729 671 777 novissimi
695 730 855 795 primi.
881 750 902 772 «ι
924 728 1154 789 Altitudo,
1177 749 1200 773 n
1226 728 1278 776 id
1300 738 1370 776 est
1390 729 1691 795 profunditas
1718 730 1904 780 occulta
1926 730 2067 779 nobis
2091 731 2249 778 divitis
2270 739 2318 778 et
2340 746 2420 777 co-

284 808 429 873 piosae
448 810 763 876 «sapientiae»
787 810 891 871 Dei,
912 818 1148 875 quantum
1171 808 1234 857 ad
1252 811 1597 875 praescientiam
1621 811 1784 876 ipsius,
1803 821 1850 859 et
1877 832 1900 855 «
1917 812 2161 860 scientiae»
2185 820 2418 875 quantum

284 888 344 936 ad
369 889 525 955 ipsius·
541 890 701 956 operis
723 890 962 948 effectum,
993 906 1050 937 ex
1075 906 1173 954 quo
1195 890 1394 955 praevisa
1417 891 1496 938 illa
1512 891 1613 955 jam
1631 892 1739 939 sciri
1762 901 1981 957 possunt.
2013 912 2035 936 «
2055 895 2214 950 Quam
2236 891 2421 938 incom-

283 969 680 1034 prehensibilia,»
719 971 768 1019 id
801 981 871 1019 est
902 987 1048 1036 quam
1077 970 1395 1036 impossibiles
1426 988 1591 1019 sumus
1627 971 1690 1019 ad
1722 987 1888 1021 causas
1918 973 2022 1020 illas
2060 970 2420 1035 cognoscendas

283 1048 694 1114 dispensationum
730 1051 804 1099 vel
841 1050 1211 1116 dispositionum
1234 1050 1353 1115 ejus,
1393 1057 1541 1116 quare
1578 1050 1801 1099 videlicet
1835 1052 1903 1100 sic
1933 1052 2146 1099 decuerit
2180 1049 2419 1114 agendum

283 1146 401 1189 esse,
429 1140 686 1196 antequam
715 1130 901 1190 fierent,
931 1140 977 1178 et
1000 1141 1108 1196 post
1130 1130 1350 1179 effectum
1371 1147 1594 1197 operum,
1620 1151 1643 1174 «
1665 1131 2016 1196 investigabiles
2034 1132 2122 1179 viae
2138 1131 2261 1196 ejus;
2287 1151 2310 1173 n
2336 1130 2420 1177 viae

283 1210 462 1276 quippe
497 1211 601 1272 Dei,
644 1211 823 1276 quibus
860 1210 1082 1259 videlicet
1117 1210 1179 1259 ad
1213 1211 1538 1276 cognitionem
1563 1210 1665 1275 ejus
1701 1212 1919 1272 venitur,
1960 1212 2062 1276 ejus
2100 1221 2212 1258 sunt
2249 1227 2416 1277 opera,

283 1290 405 1337 sicut
430 1290 558 1339 idem
586 1291 841 1356 Apostolus
870 1307 1014 1356 supra
1040 1290 1274 1353 meminit,
1301 1290 1488 1338 dicens¹
1517 1310 1527 1338 :
1559 1291 1862 1339 «Invisibilia
1893 1293 2023 1340 enim
2055 1292 2202 1357 ipsius
2229 1307 2258 1339 a
2288 1307 2422 1338 crea-

283 1379 408 1432 tura,
449 1380 539 1418 etc.
564 1392 586 1415 »
625 1373 787 1437 Opera
824 1372 985 1436 itaque
1023 1371 1128 1432 Dei,
1173 1387 1279 1435 quae
1312 1387 1457 1418 sensu
1497 1371 1713 1435 quotidie
1746 1373 2042 1438 experimur,
2080 1370 2422 1436 investigabilia

283 1450 423 1499 uobis
442 1462 571 1513 sunt,
597 1452 710 1517 quia
735 1452 946 1500 occultas
965 1469 1133 1499 eorum
1161 1462 1355 1499 naturas
1385 1451 1606 1499 nondum
1637 1451 1872 1500 discutere
1899 1454 2085 1501 ratione
2115 1452 2416 1518 suscipimus.

284 1534 379 1578 Nec
404 1532 598 1580 mirum.
629 1554 652 1578 α
673 1533 791 1591 Quis
820 1533 950 1580 enim
974 1532 1201 1597 cognovit
1232 1548 1424 1579 sensum
1448 1532 1553 1594 Dei,
1581 1553 1603 1575 »
1635 1532 1685 1579 id
1712 1543 1782 1580 est
1812 1534 2049 1581 rationem
2077 1549 2224 1598 quam
2253 1532 2422 1580 habuit

285 1611 331 1657 in
364 1627 450 1659 sua
483 1612 776 1676 praescientia
806 1611 867 1659 de
892 1613 968 1659 his
998 1629 1103 1678 quae
1135 1611 1345 1660 facturus
1370 1621 1490 1674 erat,
1514 1613 1926 1678 comprehendere
1950 1630 2036 1680 per
2063 1630 2113 1661 se
2144 1613 2318 1679 potuit,
2341 1623 2421 1660 aut

284 1707 430 1755 quem
465 1691 525 1739 de
549 1691 623 1738 his
644 1709 749 1756 quae
772 1691 985 1739 facturus
1012 1702 1112 1740 erat
1133 1693 1398 1754 consuluit,
1425 1703 1478 1740 ut
1501 1694 1602 1757 ejus
1625 1694 1937 1742 instrueretur
1965 1693 2165 1741 consilio
2197 1692 2315 1758 quid
2347 1693 2421 1740 vel

285 1771 487 1836 qualiter
521 1771 763 1837 agendum
798 1772 948 1820 esset?
977 1793 998 1816 «
1022 1775 1112 1820 Aut
1147 1772 1317 1838 quis.»
1346 1775 1457 1819 Post
1493 1789 1731 1820 summam
1764 1773 2301 1839 incomprehensibilem
2334 1774 2421 1821 Dei

285 1851 565 1917 sapientiam
598 1852 809 1900 ostendit
839 1868 1078 1899 summam
1111 1852 1214 1916 ejus
1244 1851 1530 1913 bonitatem,
1563 1853 1676 1917 quia
1707 1854 1872 1902 omnia
1895 1853 2035 1910 nobis
2064 1853 2194 1918 prius
2228 1852 2423 1915 largitur

286 1949 432 1997 quam
452 1949 481 1980 a
504 1932 646 1980 nobis
670 1932 936 1998 quidquam
967 1933 1187 1999 accipiat.
1219 1932 1406 1980 Deinde
1429 1933 1478 1980 in
1502 1934 1689 1980 actione
1716 1935 1973 1997 gratiarum
1998 1933 2252 1999 Apostolus
2274 1933 2428 1980 admi-

285 2014 521 2061 rationem
544 2029 680 2060 suam
705 2013 980 2074 terminans,
1006 2013 1072 2061 ait
1099 2031 1111 2060 ε
1139 2034 1158 2057 α
1185 2013 1428 2071 Quoniam
1449 2029 1504 2061 ex
1527 2014 1633 2080 ipso
1657 2023 1767 2061 sunt
1787 2014 1968 2075 omnia,
1991 2032 2013 2058 n
2039 2012 2089 2060 id
2114 2023 2185 2060 est
2203 2012 2429 2077 quaelibet

284 2092 555 2142 substantiae
587 2103 757 2142 natura
792 2102 1022 2158 tanquam
1055 2092 1117 2141 ab
1150 2093 1255 2159 ipso
1283 2103 1444 2142 creata
1475 2103 1528 2140 ut
1542 2103 1690 2154 esset,
1718 2111 1840 2159 «per
1870 2094 2071 2158 ipsum»
2098 2092 2273 2140 scilicet
2310 2110 2428 2140 con-

284 2183 469 2221 servata
493 2183 546 2222 ut
580 2183 813 2235 maneret,
851 2174 935 2220 «in
962 2173 1104 2239 ipso»
1126 2183 1358 2239 tanquam
1388 2172 1483 2221 fine
1513 2174 1700 2240 optimo
1730 2171 2078 2235 consummata,
2112 2173 2230 2220 dum
2259 2190 2429 2221 eorum

285 2253 505 2302 videlicet
542 2255 703 2320 opifex
727 2255 937 2321 optimus
972 2265 1118 2320 atque
1156 2254 1417 2321 dispositor
1452 2256 1501 2302 in
1536 2255 1651 2320 ipsis
1686 2254 1979 2320 glorificatur
2012 2263 2155 2318 atque
2186 2253 2424 2314 laudatur,

287 2345 497 2401 propter
519 2335 651 2401 quod
680 2351 736 2384 ea
766 2335 987 2383 condidit
1022 2344 1165 2400 atque
1198 2345 1467 2396 conservat,
1497 2335 1619 2383 sicut
1656 2336 1705 2383 in
1738 2335 2004 2383 Proverbiis
2035 2335 2266 2400 scriptum
2298 2338 2424 2383 est’:

290 2436 312 2461 «
337 2417 565 2466 Universa
587 2426 786 2483 propter
808 2418 1119 2482 semetipsum
1141 2416 1318 2464 creavit
1336 2419 1486 2477 Deus,
1507 2416 1711 2481 impium
1735 2433 1932 2481 quoque
1954 2415 2017 2463 ad
2040 2415 2169 2462 diem
2194 2415 2424 2463 malum.»

290 2501 349 2544 Ut
368 2498 536 2562 quinto
558 2514 702 2562 super
721 2499 940 2545 Genesim
958 2500 1010 2544 B.
1028 2496 1246 2544 meminit
1266 2496 1571 2560 Augustinus,
1592 2494 1814 2559 quaelibet
1829 2505 2175 2556 creaturarum,
2196 2505 2430 2559 quantum

286 2578 335 2624 in
358 2595 408 2625 se
426 2594 626 2643 vespera
643 2587 732 2639 est,
750 2587 989 2642 quantum
1011 2593 1126 2624 vero
1151 2575 1213 2624 ad
1235 2575 1431 2623 laudem
1456 2576 1684 2623 creat-oris
1705 2575 1853 2623 relata
1873 2591 2014 2623 mane
2037 2574 2228 2635 dicitur,
2247 2584 2296 2622 et
2313 2576 2362 2622 in
2380 2593 2430 2623 se

286 2658 586 2706 considerata
617 2657 752 2722 quasi
782 2657 1023 2705 defectum
1056 2655 1220 2717 habet,
1253 2656 1302 2703 in
1329 2654 1472 2703 laude
1507 2671 1622 2703 vero
1653 2656 1889 2704 Creatoris
1927 2654 2213 2721 profectum.
2240 2658 2431 2713 Quaerat

289 2738 484 2787 fortasse
518 2738 689 2802 aliquis
722 2737 973 2802 quomodo
1007 2747 1178 2785 natura
1208 2735 1434 2801 quaelibet
1470 2735 1745 2784 substantiae
1777 2745 2088 2783 conservetur
2129 2745 2177 2782 et
2219 2746 2425 2797 maneat,

291 2834 400 2863 cum
425 2818 614 2883 spiritus
640 2818 988 2866 irrationalium
1020 2817 1299 2865 animalium
1323 2833 1467 2865 carne
1499 2817 1618 2880 regi,
1640 2826 1688 2864 et
1706 2833 1819 2864 cum
1841 2832 1985 2864 carne
2015 2814 2220 2864 deficere
2242 2817 2430 2881 penitus

291 2898 561 2947 credantur.
593 2899 688 2947 Sed
711 2900 930 2965 profecto
958 2901 999 2947 si
1027 2899 1094 2947 illi
1119 2916 1315 2964 quoque
1339 2900 1549 2964 spiritus,
1575 2899 1696 2947 sieut
1720 2909 1767 2946 et
1795 2899 1966 2959 nostri,
1992 2897 2267 2947 substantiae
2292 2909 2424 2956 sunt,

292 2979 510 3042 quaedam
531 2979 708 3026 scilicet
723 2981 891 3028 raritas
914 2980 1284 3040 elementorum,
1316 2987 1367 3025 ut
1390 2978 1681 3043 quibusdam
1705 2979 1911 3041 videtur,
1934 2994 2046 3026 cum
2067 2978 2314 3027 deserunt³
2329 2995 2429 3026 esse

292 3058 501 3123 spiritus,
528 3058 579 3104 id
604 3066 672 3104 est
696 3058 933 3106 vivificare
957 3066 1142 3105 cessant
1163 3074 1369 3122 corpora
1395 3058 1494 3118 illa,
1521 3075 1621 3106 non
1649 3070 1811 3106 tamen
1836 3059 2065 3106 deserunt
2086 3074 2187 3105 esse
2208 3057 2428 3106 substan-

295 3141 386 3201 tiae,
410 3138 532 3186 sicut
550 3146 596 3185 et
614 3152 750 3198 care,
774 3154 885 3184 cum
908 3154 1005 3202 qua
1020 3137 1241 3202 deperire
1264 3137 1491 3186 dicuntur
1513 3157 1524 3185 z
1545 3155 1658 3186 cum
1677 3154 1791 3186 caro
1812 3138 2121 3197 deseritesse,
2144 3155 2244 3185 non
2268 3149 2426 3187 tamen

340 3337 345 3354 ¹
360 3335 478 3377 Rom„
499 3342 570 3376 cap.
592 3342 617 3375 1,
634 3342 663 3367 v.
680 3335 734 3367 20.
752 3350 789 3356 —
808 3332 818 3350 ²
836 3331 1038 3373 Prov.,cap.
1063 3339 1129 3372 xri,
1145 3338 1175 3364 v.
1189 3331 1222 3365 11.
1237 3330 1295 3354 —³
1307 3329 1370 3365 Pro
1386 3331 1544 3365 deserunt
1555 3336 1588 3365 et
1602 3330 1743 3373 deserit,
1765 3331 1850 3366 torte
1866 3331 2037 3373 legendum
2054 3331 2225 3366 desierunt
2241 3338 2274 3366 et
2290 3332 2424 3366 desinit.
