2638 3866
274 205 337 251 82
1075 196 1247 245 PETRI
1282 194 1594 244 ABAELARDI

273 306 405 372 quod
445 305 558 352 dicit
598 303 715 367 ipse,
755 299 933 357 nescit;
975 308 1021 345 et
1068 297 1244 345 docere
1290 295 1621 361 imprudenter
1657 295 1901 360 praesumit
1944 311 2050 359 quae
2096 295 2198 360 ipse
2247 297 2408 345 adhuc

272 389 484 450 ignorat3
510 386 633 431 inter
648 396 732 427 eos
752 380 922 426 merito
946 377 1318 445 computandus,
1340 376 1517 441 quibus
1532 376 1715 423 Veritas
1737 376 2072 443 improperans
2090 376 2175 423 ait¹
2198 395 2208 424 z
2244 397 2267 421 α
2287 380 2406 425 Caeci

271 475 382 513 sunt
425 465 569 511 duces
613 477 863 508 caecorum‚
901 478 924 504 >1
972 462 1027 506 Et
1069 457 1348 524 Apostolus²
1374 476 1386 503 ε
1418 475 1442 501 κ
1468 457 1765 517 Nescientes,
1793 456 1967 519 inquit,
1991 473 2094 520 quae
2121 456 2405 522 loquuntur,

273 558 431 606 neque
462 541 522 587 de
557 537 732 602 quibus
764 536 1021 584 affirmant.
1056 556 1078 579 η
1119 534 1287 582 Adhuc
1311 549 1509 598 quoque
1542 542 1653 599 post
1688 533 2011 598 evangelicam
2046 534 2402 592 revelationem,

271 632 379 687 post
403 630 471 667 tot
495 628 771 666 sanctorum
792 627 984 682 patrum
1008 614 1276 663 revela³....
1304 613 1523 662 velamen
1554 614 1730 678 Moysis
1758 631 1902 680 super
1922 631 2008 662 cor
2031 613 2290 676 habentes,
2318 631 2409 662 nec

270 702 428 748 adhuc
458 716 569 747 cum
593 698 862 764 Apostolo‘,
905 716 929 742 ι(
954 695 1163 744 revelata
1194 695 1312 742 facie
1347 693 1556 758 gloriam,
1569 693 1767 742 Domini
1790 694 2107 760 speculantes,
2139 715 2161 739 n
2204 695 2302 743 hoc
2341 696 2408 743 illi

269 781 466 828 audiant
490 780 573 844 qui
595 795 736 826 sacrae
768 777 1021 843 Scripturae
1052 776 1265 841 magistri
1287 774 1569 836 residentes,
1596 774 1745 823 verba
1776 776 1927 840 magis
1962 792 2140 841 pueros
2173 776 2405 842 proferre,

268 877 414 926 quam
437 859 697 924 intelligere
718 858 912 906 docent.
943 860 1038 904 Nec
1061 856 1124 904 ad
1146 854 1352 904 salutem
1373 854 1499 903 illius
1522 856 1751 920 sapientis
1773 855 2086 921 proverbium
2110 856 2245 920 quod
2271 858 2408 920 pueri

268 942 555 999 didicerunt,
578 957 744 988 eorum
761 939 964 986 conterit
978 936 1346 1004 impudentiam,
1370 935 1526 1001 legere
1546 936 1678 983 enim
1693 946 1740 984 et
1756 953 1855 983 non
1871 936 2152 1000 intelligere,
2172 936 2410 1002 negligere

267 1032 354 1069 est.
379 1023 471 1080 Qui
496 1038 607 1069 cum
634 1021 682 1067 in
706 1019 780 1066 his
807 1020 917 1066 caeci
937 1028 1067 1077 sunt,
1094 1035 1201 1084 quae
1225 1017 1286 1065 de
1309 1020 1413 1065 Deo
1437 1016 1680 1075 dicuntur,
1706 1027 1841 1065 tanto
1872 1016 1955 1064 hic
1977 1033 2148 1064 eorum
2172 1033 2308 1088 error
2341 1028 2411 1065 est

267 1102 596 1167 periculosior,
619 1110 800 1165 quanto
825 1109 895 1147 est
916 1098 1059 1164 hujus
1082 1099 1152 1147 rei
1175 1098 1396 1146 doctrina
1412 1099 1560 1162 magis
1583 1099 1864 1158 necessaria,
1893 1115 2001 1163 quae
2034 1107 2261 1162 tanquam
2302 1115 2412 1145 om-

266 1184 399 1230 nium
422 1181 666 1229 bonorum
688 1180 1057 1245 fundamentum
1085 1179 1366 1228 collocatur.
1396 1179 1542 1238 Quod
1566 1179 1655 1226 nisi
1679 1179 1931 1243 diligenter
1954 1178 2097 1226 fuerit
2117 1179 2406 1244 inspectum,

265 1262 382 1310 nihil
407 1262 671 1310 securitatis
693 1260 857 1308 afferet
879 1261 1014 1325 quod
1038 1261 1180 1308 fuerit
1202 1259 1651 1325 superaedificatum.
1674 1259 1803 1318 Quid
1825 1260 2035 1324 denique
2065 1261 2214 1324 magis
2233 1260 2410 1307 ridicu-

264 1343 417 1390 losum
443 1359 587 1407 quam
622 1342 662 1389 si
692 1341 861 1405 aliquis
899 1342 1047 1388 alium
1093 1341 1269 1389 docere
1304 1341 1496 1399 volens,
1527 1357 1639 1389 cum
1670 1341 1925 1406 requisitus
1953 1340 2094 1388 fuerit
2117 1340 2178 1387 de
2207 1340 2283 1387 his
2305 1357 2411 1405 quae

263 1423 376 1470 dicit
402 1434 559 1470 utrum
583 1422 828 1485 intelligat,
853 1431 995 1486 neget
1008 1422 1220 1487 seipsum
1233 1421 1495 1486 intelligere
1515 1437 1622 1486 quae
1643 1421 1777 1482 dicit,
1796 1420 1872 1469 vel
1888 1437 1938 1469 se
1960 1422 2147 1468 nescire
2161 1420 2222 1468 de
2236 1421 2412 1484 quibus

264 1503 508 1568 loquitur?
546 1506 793 1561 Quantum
815 1501 1104 1550 cachinnum
1146 1501 1450 1568 Philosophis
1486 1511 1534 1551 et
1562 1501 2047 1567 Graecis-sapientiam
2080 1500 2412 1566 ,quaerentibus

267 1582 482 1648 Apostoli
501 1583 778 1639 movissent,
806 1581 960 1629 filium
982 1584 1070 1630 Dei
1097 1583 1426 1648 praedicanteS,
1455 1583 1493 1630 si
1515 1584 1565 1630 in
1591 1583 1697 1648 ipso
1714 1583 1873 1630 statim
1897 1581 2251 1647 praedicationis
2273 1597 2411 1628 exor—

266 1663 347 1709 dio
365 1663 432 1710 sic
450 1662 685 1709 confutari
700 1671 914 1726 possent,
938 1671 991 1708 ut
1014 1662 1131 1726 quid
1144 1679 1227 1709 eos
1247 1663 1458 1726 primum
1475 1662 1734 1728 praedicare
1752 1679 1808 1711 ac
1831 1663 2007 1710 docere
2032 1661 2305 1727 oportebat,
2322 1661 2412 1727 ipsi

266 1760 314 1790 se
339 1743 522 1790 nescire
546 1742 841 1789 faterentur?
867 1742 1012 1799 Quod
1028 1759 1118 1789 nec
1140 1742 1259 1789 forte
1283 1742 1343 1789 de
1367 1743 1480 1807 ipsis
1496 1759 1858 1808 praesumamus,
1886 1742 2062 1807 quibus
2086 1742 2270 1789 Veritas
2295 1742 2412 1806 Spi—

267 1824 410 1870 ritum
437 1831 654 1870 sanctum
679 1822 964 1887 promittens
983 1823 1049 1869 ait
1063 1823 1077 1846 ⁵
1097 1841 1107 1869 :
1129 1841 1153 1866 «
1174 1821 1256 1868 Ille
1274 1839 1362 1869 vos
1377 1822 1571 1870 docebit
1585 1824 1769 1885 omnia,
1786 1833 1838 1871 etv
1855 1831 2071 1887 suggeret
2090 1821 2230 1869 vobis
2247 1822 2411 1868 omnia

267 1919 563 1968 quaecunque
583 1901 748 1949 dixero
769 1901 923 1949 vobis.
946 1920 968 1947 ι
999 1902 1257 1949 Audiamus
1274 1912 1322 1950 et
1337 1913 1568 1967 quantam
1593 1904 1659 1951 eis
1683 1902 1914 1951 fiduciam
1935 1902 1996 1950 de
2023 1911 2159 1950 tanto
2185 1902 2411 1966 magistro

266 1983 445 2030 Veritas
467 1983 567 2047 ipsa
592 1981 837 2046 reliquerit
865 1981 1051 2029 dicens⁸
1079 2001 1088 2029 :
1121 2002 1144 2027 «
1173 1986 1279 2030 Non
1306 1984 1437 2031 enim
1460 2001 1547 2032 vos
1570 1985 1680 2032 estis
1705 1984 1791 2049 qui
1812 1983 2084 2048 loquimini,
2111 1981 2196 2029 sed
2220 1981 2413 2048 spiritus

266 2065 410 2128 patris
435 2063 596 2124 vestri,
635 2063 715 2126 qui
754 2062 970 2125 loquitur
1003 2062 1053 2109 in
1076 2062 1232 2110 vobis.
1266 2067 1396 2112 »⁴De
1423 2080 1522 2130 quo
1546 2075 1594 2112 et
1627 2064 1740 2112 alibi
1763 2065 1993 2130 scriptum
2016 2066 2106 2110 est⁷
2133 2081 2142 2109 :
2176 2082 2199 2107 «
2223 2064 2280 2109 Et
2310 2078 2412 2109 non

266 2152 486 2207 poterant
511 2143 725 2189 resistere
752 2142 994 2207 sapientiae
1034 2151 1082 2189 et
1112 2143 1299 2207 spiritui
1332 2145 1416 2209 qui
1442 2144 1748 2209 loquebatur.
1772 2166 1793 2189 2>
1826 2145 1874 2192 Si
1898 2161 1996 2209 qua
2017 2144 2161 2207 igitur
2190 2142 2414 2207 mysteria

266 2223 325 2269 de
342 2226 445 2270 Deo
468 2232 608 2270 antea
625 2222 953 2280 disseruimus,
980 2222 1060 2269 hic
1078 2223 1240 2288 potius
1262 2224 1310 2270 in
1338 2224 1480 2273 nobis
1503 2242 1648 2290 quam
1676 2242 1766 2273 nos
1788 2226 1895 2291 ipsi,
1929 2224 2027 2272 hoc
2050 2224 2162 2287 agit,
2195 2233 2242 2270 et
2277 2221 2412 2287 quod

266 2302 407 2350 nobis
431 2313 500 2349 est
527 2301 840 2368 impossibile,
861 2303 950 2367 ipsi
967 2312 1038 2349 est
1055 2303 1210 2351 facile.
1238 2306 1289 2351 In
1318 2322 1416 2369 quo
1440 2306 1564 2354 adeo
1587 2316 1761 2354 cuncta
1779 2306 2065 2364 consistunt,
2086 2320 2192 2369 quae
2215 2302 2413 2350 salubri-

266 2394 336 2430 ter
361 2382 663 2449 profitemur,
691 2385 767 2430 ut⁸
790 2402 813 2427 «
836 2399 981 2430 nemo
1002 2385 1151 2448 possit
1174 2384 1333 2432 dicere
1355 2387 1593 2434 Dominus
1615 2390 1767 2449 Jesus,
1794 2387 1885 2434 nisi
1909 2387 1958 2433 in
1983 2385 2158 2450 Spiritu
2178 2392 2362 2431 sancto.
2386 2401 2409 2427 »

267 2466 368 2510 Hoc
391 2464 535 2527 igitur
569 2463 774 2510 docente
809 2463 1132 2527 intelligimus,
1167 2464 1263 2512 hoc
1297 2477 1578 2531 suggerente
1610 2467 1887 2515 disserimus
1927 2482 2033 2530 quae
2068 2481 2158 2511 nos
2197 2464 2287 2529 ipsi
2312 2479 2410 2510 non

266 2560 537 2608 possumus,
578 2543 682 2607 ipsa
714 2543 858 2591 etiam
893 2545 981 2591 Dei
1017 2554 1064 2591 et
1097 2545 1337 2594 Trinitatis
1381 2549 1621 2612 mysteria.
1658 2550 1776 2606 Quae
1815 2547 2065 2611 diligenter
2104 2544 2273 2591 beatus
2312 2542 2414 2590 dis-

267 2623 486 2687 tinguens
528 2623 849 2687 Hieronymus
865 2660 877 2681 ,
917 2624 1071 2688 ipsam
1116 2625 1260 2673 Verbi
1309 2629 1668 2691 generationem
1684 2666 1695 2684 ‚
1740 2637 1788 2675 et
1843 2644 1871 2674 a
1921 2626 2062 2673 nobis
2105 2624 2268 2672 disseri
2311 2639 2411 2670 nou

268 2719 403 2767 posse
422 2741 433 2762 ,
477 2714 523 2750 et
567 2705 661 2768 per'
699 2720 788 2750 nos
832 2703 999 2751 disseri
1045 2722 1185 2770 posse
1230 2707 1501 2771 profitetur.
1544 2708 1679 2757 Unde
1725 2709 1827 2774 ipse
1864 2724 2007 2771 saper
2043 2704 2380 2753 Ecclesc'astem
2396 2742 2409 2763 ‚

267 2792 320 2830 ut
344 2783 443 2845 jam
465 2800 609 2847 supra
630 2785 954 2846 meminimus,
982 2785 1064 2832 ubi
1091 2787 1322 2852 scriptum
1343 2791 1443 2836 est⁹
1469 2807 1478 2836 :
1512 2810 1534 2835 «
1565 2790 1684 2847 Quis
1707 2789 1767 2836 sit
1792 2788 1986 2854 spiritus
2010 2786 2220 2834 filiorum
2251 2784 2414 2832 homi-

267 2880 383 2910 num
399 2902 410 2924 ,
443 2865 482 2911 si
506 2865 731 2913 ascendat
763 2883 949 2913 sursum
969 2904 980 2926 ,
1009 2877 1055 2914 et
1079 2869 1270 2933 spiritus
1294 2872 1481 2935 pecoris
1515 2870 1776 2919 descendat
1807 2870 2035 2919 deorsum
2058 2869 2105 2915 in
2127 2877 2268 2927 terra,
2298 2884 2322 2910 »
2349 2866 2413 2912 ait

267 2944 332 2989 sic
359 2961 369 2988 :
403 2964 423 2985 «
451 2943 729 3006 Adjiciendo
770 2948 875 3009 quis
911 2947 1241 2996 difficultatem
1275 2951 1426 2997 voluit
1463 2952 1810 2999 demonstrare.
1853 2954 2126 2998 pronomen
2155 2947 2285 2993 enim
2307 2947 2413 3009 quis

267 3023 314 3069 in
337 3024 589 3088 Scripturis
617 3026 789 3073 sanctis
826 3042 924 3072 non
961 3044 1050 3091 pro
1085 3029 1396 3093 impossibili,
1424 3031 1506 3078 sed
1542 3032 1722 3079 difficili
1761 3032 1977 3097 ponitur,
2003 3028 2125 3075 utin
2154 3047 2176 3070 t<
2203 3027 2412 3072 Genera-

311 3181 316 3196 ¹
332 3177 460 3216 Manli„
478 3186 549 3217 cap.
568 3186 625 3217 xv,
642 3187 672 3209 v.
702 3179 751 3210 14.
769 3195 809 3201 —
822 3179 832 3196 ²
856 3179 870 3210 1
888 3179 972 3211 Tim.
985 3205 993 3219 ,
1012 3190 1083 3221 cap.
1109 3191 1137 3221 1,
1157 3191 1186 3214 v.
1206 3186 1236 3216 7.
1260 3199 1296 3207 —
1371 3184 1576 3225 rinch.‚cap.
1588 3194 1675 3225 111‚v.
1691 3183 1925 3223 18.—⁵Joan.,
1939 3190 2134 3223 cap.xlv‚v.
2152 3180 2266 3213 28.-⁶
2281 3178 2410 3215 Matth.,

289 3232 339 3263 Sic
354 3230 435 3262 Cod.
448 3229 529 3262 vict.
544 3235 576 3262 et
593 3229 680 3263 Edit.
699 3229 793 3262 Amb.
808 3230 928 3264 Forsan
942 3236 1017 3273 post
1039 3238 1085 3266 tot
1102 3239 1297 3269 sanctorum
1371 3246 1485 3278 cap.x,
1496 3240 1728 3271 v.20.—⁷Act.
1739 3239 1873 3280 Apost„
1885 3247 1956 3278 cap.
1972 3246 2019 3275 vt,
2034 3246 2062 3268 v.
2076 3237 2173 3269 20.-
2185 3236 2197 3254 ⁸
2212 3233 2224 3266 l
2238 3233 2408 3270 Corinth..

265 3290 405 3327 patrum
425 3284 596 3324 ezempla;
614 3284 836 3316 indubitanter
852 3285 1082 3319 revelationes.
1104 3306 1141 3312 -—
1158 3290 1168 3309 ⁴
1185 3289 1213 3321 ΙΙ
1231 3290 1291 3322 Go-
1371 3302 1440 3333 cap.
1461 3302 1522 3331 ιιι,
1538 3303 1566 3326 v.
1587 3296 1616 3327 3.
1640 3312 1677 3317 —-
1691 3295 1704 3314 ⁹
1719 3293 1857 3334 Eccles.‚
1873 3302 1944 3333 cap.
1963 3300 2012 3330 m,
2027 3300 2058 3323 v.
2077 3291 2129 3323 21.
