2638 3866
286 200 381 247 750
1097 200 1268 247 PETRI
1304 201 1622 250 ABAELARDI

284 299 434 346 lectus
470 307 759 363 conceptum
793 298 1018 361 habeam,
1052 317 1252 365 quoquo
1285 302 1434 349 modo
1468 302 1579 350 ideo
1612 300 1730 350 illud
1756 299 2017 363 intelligere
2048 287 2206 358 dicar;
2239 309 2286 346 et
2319 298 2429 346 licet

283 380 544 443 intelligere
587 380 865 445 simpliciter
899 391 1146 446 sumptum
1186 382 1244 429 sit
1280 382 1342 430 ab
1381 383 1653 445 intellectu,
1688 399 1787 430 non
1823 392 1983 429 tamen
2022 379 2133 427 ideo
2168 380 2429 443 intelligere

283 460 379 507 hoc
410 470 656 524 sumptum
692 470 762 508 est
797 460 859 508 ab
896 461 1140 509 intellectu
1174 462 1318 527 hujus
1349 465 1435 526 rei,
1475 481 1587 511 cum
1621 463 1859 523 videlicet,
1893 471 1944 509 ut
1970 477 2112 526 supra
2136 460 2427 518 notavimus,

285 540 545 605 intelligere
575 540 672 588 1100
695 557 794 588 11011
827 542 887 589 sit
909 542 1185 608 simpliciter
1205 543 1338 592 hunc
1366 545 1658 593 intellectum
1687 544 1885 607 habere,
1912 541 1997 589 sed
2018 541 2085 588 sic
2115 557 2227 587 eum
2251 539 2430 587 habere

287 630 338 668 ut
376 622 573 686 insuper
603 622 732 668 visus
762 622 909 669 animi
938 624 1221 671 terminetur
1253 624 1319 671 ibi
1353 641 1408 673 ac
1442 625 1734 691 perficiatur.
1768 627 1889 671 Nam
1925 632 1972 669 et
2002 620 2267 686 significare
2301 620 2430 667 idem

285 701 513 767 estquod
545 701 839 750 intellectum
874 704 1190 766 constituere,
1226 722 1327 753 non
1354 715 1511 754 tamen
1538 704 1805 770 significare
1827 702 2009 768 aliquid
2033 701 2164 749 idem
2195 710 2266 748 est
2299 700 2433 765 quod

285 781 580 829 intellectum
607 783 668 830 de
692 800 751 831 eo
775 785 1083 832 constituere.
1110 785 1332 850 Alioquin
1358 803 1471 834 cum
1490 786 1663 850 singuli
1681 800 1927 832 sermones
1949 782 2216 830 intellectus
2237 797 2434 845 quoque

284 861 408 909 sicut
444 873 492 910 et
519 880 595 911 res
617 863 883 928 significare
918 865 1162 928 dicuntur,
1191 883 1291 914 non
1325 877 1484 915 tamen
1515 867 1627 915 ideo
1651 866 1713 914 de
1743 862 2060 913 intellectibus
2080 879 2283 910 rursum
2317 861 2436 909 alios

288 943 559 992 intellectus
582 945 900 993 constituunt.

353 1024 484 1072 Solet
507 1025 779 1089 frequenter
802 1027 950 1091 quaeri
975 1027 1035 1075 de
1059 1027 1404 1091 significatione
1426 1038 1569 1094 atque
1597 1027 1838 1075 intellectu
1865 1025 2206 1073 universalium
2233 1039 2431 1080 vocum,

287 1120 407 1168 quas
429 1122 505 1152 res
541 1106 764 1154 videlicet
797 1107 1064 1171 significare
1090 1108 1318 1170 habeant,
1348 1119 1430 1156 aut
1453 1126 1559 1175 quae
1585 1125 1661 1156 res
1693 1109 1742 1154 in
1776 1108 1843 1155 eis
1865 1106 2218 1170 intelligantur3
2253 1113 2305 1150 ut
2326 1119 2438 1150 cum

288 1184 434 1233 audio
469 1186 564 1234 1100
595 1204 775 1235 nomen
804 1188 1011 1251 «homo,
1032 1209 1055 1235 »
1083 1190 1215 1254 quod
1248 1190 1468 1255 pluribus
1496 1204 1757 1237 commune
1781 1197 1851 1236 est
1883 1187 2027 1235 rebus
2056 1185 2117 1234 ad
2147 1199 2266 1250 quas
2290 1199 2440 1248 aequa-

288 1266 395 1313 liter
426 1284 477 1314 se
508 1267 682 1330 habet,
710 1285 858 1333 quam
889 1287 993 1318 rem
1016 1271 1065 1318 in
1090 1272 1194 1336 ipso
1219 1272 1480 1335 intelligam
1510 1270 1753 1336 quaeritur.
1782 1268 1925 1328 Quod
1951 1268 2020 1328 si,
2052 1275 2196 1333 prout
2220 1272 2437 1330 oportet,

288 1348 637 1413 respondeatur
672 1350 805 1414 quod
841 1350 993 1399 homo
1022 1352 1072 1398 in
1107 1353 1212 1417 ipso
1247 1353 1542 1416 intelligitur,
1582 1360 1799 1416 superest
1835 1350 2036 1414 quaestio
2074 1364 2173 1413 quo
2207 1345 2357 1392 modo
2390 1343 2442 1390 id

289 1445 458 1476 verum
481 1430 558 1488 sit,
586 1447 687 1477 non
709 1432 786 1478 vel
820 1431 900 1479 hic
922 1432 1074 1480 homo
1096 1433 1170 1480 vel
1197 1433 1275 1480 ille
1298 1433 1373 1481 vel
1397 1433 1517 1480 alius
1540 1431 1712 1496 aliquis
1735 1430 1802 1478 ibi
1826 1429 2138 1494 intelligatur,
2165 1443 2278 1474 cum
2304 1424 2443 1471 vide-

289 1510 401 1557 licet
423 1527 620 1558 omnem
643 1511 915 1560 hominem¹
940 1523 1022 1561 aut
1038 1514 1170 1562 hunc
1193 1525 1276 1562 aut
1299 1515 1434 1562 illum
1456 1513 1530 1562 vel
1555 1514 1764 1578 aliquem
1786 1511 1934 1559 alium
1955 1526 2056 1557 esse
2081 1517 2283 1556 constet.
2313 1506 2444 1552 Sicut

291 1591 451 1651 enim,
479 1593 724 1656 inquiunt,
764 1609 875 1640 cum
898 1594 1049 1641 homo
1073 1596 1292 1652 sentitur,
1322 1612 1515 1643 necesse
1545 1594 1621 1642 vel
1655 1594 1814 1652 huno,
1841 1591 1918 1639 vel
1942 1591 2103 1652 illum,
2129 1588 2206 1636 vel
2236 1587 2444 1650 aliquem

290 1670 438 1718 alium
475 1673 670 1732 sentiri3
701 1690 760 1720 eo
785 1674 1008 1722 videlicet
1043 1676 1177 1740 quod
1213 1677 1370 1723 omnis
1399 1676 1553 1723 homo
1588 1675 1648 1722 sit
1681 1673 1758 1721 vel
1779 1673 1858 1720 hic
1886 1672 1963 1719 vel
1994 1671 2073 1718 ille
2097 1668 2170 1717 vel
2205 1668 2354 1726 alius,
2381 1667 2446 1714 ita

293 1761 338 1797 et
373 1751 433 1798 de
474 1753 714 1800 intellectu
753 1754 815 1801 ad
854 1756 1219 1804 similitudinem
1261 1774 1429 1804 sensus
1469 1756 1833 1813 ratiocinantur,
1875 1763 1930 1800 ut
1970 1751 2190 1799 videlicet
2223 1749 2261 1795 si
2296 1747 2446 1794 homo

292 1831 608 1896 intelligatur,
639 1851 834 1882 necesse
860 1837 919 1882 sit
939 1837 1012 1883 vel
1039 1836 1171 1884 hunc
1194 1837 1270 1884 vel
1299 1837 1435 1883 illum
1459 1837 1536 1883 vel
1562 1836 1770 1898 aliquem
1801 1834 1949 1880 alium
1971 1831 2186 1894 intelligi.
2216 1832 2447 1875 Praeterea

291 1911 442 1960 homo
473 1913 594 1961 nihil
623 1915 756 1962 aliud
780 1926 920 1965 sonat
949 1934 1095 1981 quam
1119 1918 1318 1981 quidam
1345 1916 1515 1964 homo.
1552 1915 1693 1963 Unde
1733 1913 1884 1978 etqui
1913 1912 2167 1959 hominem
2200 1901 2443 1972 intelligit,

292 1994 509 2058 profecto
541 1996 802 2060 quemdam
837 1997 1089 2045 hominem
1122 1998 1368 2063 intelligit,
1404 2007 1452 2044 et
1481 1998 1548 2044 ita
1577 1997 1713 2043 hunc
1746 1995 1822 2043 vel
1857 1994 2006 2041 alium
2037 1990 2273 2054 intelligit.
2303 1989 2448 2046 Quod

297 2077 500 2123 omnino
534 2077 702 2124 salsum
729 2089 943 2143 apparet.
971 2079 1042 2127 Ad
1068 2079 1202 2144 quod
1237 2078 1634 2144 respondendum
1656 2076 1864 2125 arbitror
1896 2072 2047 2139 quod,
2088 2073 2127 2119 si
2158 2080 2286 2118 recte
2307 2069 2451 2117 ratio·

295 2156 445 2204 cinari
475 2158 728 2219 volumus,
768 2170 961 2225 oportet
995 2161 1370 2225 significatarum
1403 2159 1792 2207 enuntiationum
1823 2171 1990 2203 sensus
2019 2153 2273 2217 diligenter
2298 2159 2450 2198 atten-
2523 2221 2528 2225 η

297 2236 442 2299 dere,
488 2248 541 2285 ut
580 2239 847 2287 secundum
880 2241 1008 2288 hanc
1047 2242 1148 2289 vim
1182 2240 1530 2306 complexionis
1566 2239 1817 2303 diligenter
1851 2250 2120 2302 quaeramus
2161 2233 2446 2280 discernere.

297 2319 420 2364 Cum
442 2319 602 2383 itaque
624 2319 829 2367 dicimus
855 2321 1043 2369 «homo
1067 2322 1364 2387 intelligitur,
1384 2341 1406 2367 υ
1433 2321 1513 2368 hic
1536 2330 1607 2368 est
1628 2335 1814 2379 sensus,
1845 2316 1981 2382 quod
2004 2314 2174 2379 aliquis
2201 2328 2288 2378 per
2311 2310 2451 2358 intel·

298 2396 475 2445 lectum
510 2409 733 2448 naturam
765 2402 977 2467 concipit
999 2402 1266 2451 humanam
1284 2440 1296 2463 ,
1322 2403 1419 2450 hoc
1444 2412 1514 2449 est
1537 2401 1714 2449 animal
1737 2400 1831 2446 tale
1856 2397 2076 2445 attendit.
2107 2393 2247 2441 Unde
2282 2393 2319 2439 si
2343 2400 2453 2457 post

300 2479 503 2526 modum
526 2481 819 2545 procedatur
838 2482 905 2530 ita
932 2500 942 2528 :
975 2483 1107 2530 «Sed
1131 2484 1289 2531 omnis
1312 2483 1462 2530 homo
1486 2492 1557 2529 est
1578 2482 1658 2529 hic
1680 2480 1756 2528 vel
1782 2480 1919 2540 alius,
1946 2493 2061 2541 ergo
2087 2474 2297 2538 concipit
2320 2472 2452 2518 hunc

300 2558 375 2605 vel
405 2559 576 2620 alium,
602 2580 624 2605 n
653 2578 753 2608 non
785 2572 915 2611 recte
938 2563 1209 2628 syllogizat3
1235 2565 1334 2611 imo
1367 2565 1432 2611 ita
1456 2563 1618 2629 potius
1646 2560 1907 2609 dicendum
1938 2567 2060 2606 esset
2088 2575 2098 2603 :
2130 2577 2151 2599 c<
2169 2554 2262 2601 Sed
2295 2551 2453 2600 omnis

301 2638 568 2703 intelligens
600 2641 851 2690 hominem
881 2643 1100 2708 intelligit
1130 2644 1263 2694 hunc
1284 2645 1362 2692 vel
1388 2644 1541 2691 illum.
1566 2663 1589 2686 >>
1615 2646 1749 2689 Tunc
1770 2640 1950 2706 quippe
1974 2647 2102 2685 recte
2136 2634 2323 2682 medius
2359 2642 2452 2680 ter-

302 2719 462 2766 minus
499 2731 788 2781 servaretur,
823 2733 876 2770 et
909 2725 1189 2789 conjunctio
1225 2734 1553 2772 extremorum
1587 2740 1673 2788 per
1707 2739 1819 2769 eum
1857 2729 1985 2767 recte
2017 2716 2318 2784 procederet.
2358 2710 2453 2760 Sed

305 2803 421 2852 falsa
451 2816 572 2853 esset
596 2809 878 2874 assumptiO.
915 2811 1139 2858 Similiter
1161 2820 1208 2858 et
1230 2828 1342 2858 cum
1370 2811 1547 2858 dicitur
1574 2828 1585 2856 ι
1620 2812 1750 2874 Capa
1773 2805 2069 2854 desideratur
2091 2819 2120 2851 a
2142 2819 2239 2863 me,
2264 2801 2361 2847 hoc
2382 2807 2453 2846 est

305 2887 527 2936 desidero
555 2907 742 2956 capam,
769 2892 879 2940 licet
914 2895 1074 2942 omnis
1103 2911 1224 2961 capa
1246 2896 1305 2942 sit
1336 2894 1440 2942 haee
1466 2893 1541 2941 vel
1566 2893 1669 2954 illa,
1695 2908 1796 2939 non
1821 2900 1983 2937 tamen
2007 2889 2130 2935 inest
2151 2897 2452 2948 consequens

306 2976 359 3013 ut
378 2967 506 3016 hanc
529 2987 699 3035 capam
723 2973 797 3020 vel
822 2973 954 3021 illam
977 2975 1264 3023 desiderem.
1290 2978 1344 3023 At
1366 2976 1404 3022 si
1427 2976 1493 3022 ita
1521 2974 1763 3021 diceretur
1791 2990 1801 3019 z
1832 2991 1855 3014 «
1876 2973 1976 3034 Ego
2001 2966 2222 3016 desidero
2253 2979 2448 3029 capam,

306 3055 354 3093 et
394 3050 549 3096 omnis
587 3051 864 3101 desiderans
900 3072 1070 3120 capam
1110 3056 1349 3104 desiderat
1386 3055 1514 3103 hanc
1553 3054 1630 3102 vel
1668 3053 1817 3114 illam,
1844 3071 1865 3097 »
1907 3060 2023 3098 tunc
2067 3046 2291 3113 equidem
2326 3050 2452 3089 recte

306 3132 652 3192 argumentatio
682 3134 978 3197 procederet.
1015 3135 1160 3194 Quod
1181 3137 1217 3183 si
1243 3137 1349 3201 quis
1373 3135 1503 3184 dicat
1531 3134 1666 3201 quod
1685 3134 1854 3183 eadem
1879 3132 2066 3180 ratione
2089 3144 2179 3176 nec
2209 3124 2290 3172 illa
2311 3138 2452 3171 com-

355 3313 361 3331 ·
376 3309 457 3346 Cod.
474 3311 585 3346 omnis
603 3313 713 3347 homo.
