<?xml version="1.0" encoding="UTF-8"?>
<!DOCTYPE html PUBLIC "-//W3C//DTD XHTML 1.0 Transitional//EN"
    "http://www.w3.org/TR/xhtml1/DTD/xhtml1-transitional.dtd">
<html xmlns="http://www.w3.org/1999/xhtml" xml:lang="en" lang="en">
 <head>
  <title>
</title>
<meta http-equiv="Content-Type" content="text/html;charset=utf-8" />
  <meta name='ocr-system' content='tesseract 3.04.00' />
  <meta name='ocr-capabilities' content='ocr_page ocr_carea ocr_par ocr_line ocrx_word'/>
</head>
<body>
  <div class='ocr_page' id='page_1' title='image "./operahactenusseo00abeluoft_0193.png"; bbox 0 0 2638 3866; ppageno 0'>
   <div class='ocr_carea' id='block_1_1' title="bbox 834 228 2357 286">
    <p class='ocr_par' dir='ltr' id='par_1_1' title="bbox 834 228 2357 286">
     <span class='ocr_line' id='line_1_1' title="bbox 834 228 2357 286; baseline 0.005 -9"><span class='ocrx_word' id='word_1_1' title='bbox 834 230 892 279; x_wconf 90' lang='lat' dir='ltr'><strong>IN</strong></span> <span class='ocrx_word' id='word_1_2' title='bbox 926 228 1259 279; x_wconf 74' lang='lat' dir='ltr'><strong>EPISTOLAM</strong></span> <span class='ocrx_word' id='word_1_3' title='bbox 1292 230 1375 280; x_wconf 80' lang='lat' dir='ltr'><strong>AD</strong></span> <span class='ocrx_word' id='word_1_4' title='bbox 1407 230 1716 280; x_wconf 82' lang='lat' dir='ltr'><strong>ROMANOS.</strong></span> <span class='ocrx_word' id='word_1_5' title='bbox 2263 237 2357 286; x_wconf 73' lang='lat'><strong>483</strong></span> 
     </span>
    </p>
   </div>
   <div class='ocr_carea' id='block_1_2' title="bbox 183 330 2355 3393">
    <p class='ocr_par' dir='ltr' id='par_1_2' title="bbox 190 330 2355 2106">
     <span class='ocr_line' id='line_1_2' title="bbox 206 330 2353 399; baseline 0.004 -17"><span class='ocrx_word' id='word_1_6' title='bbox 206 333 284 382; x_wconf 90' lang='lat' dir='ltr'><strong>hic</strong></span> <span class='ocrx_word' id='word_1_7' title='bbox 306 330 485 380; x_wconf 87' lang='lat' dir='ltr'><strong>habere</strong></span> <span class='ocrx_word' id='word_1_8' title='bbox 506 330 788 391; x_wconf 78' lang='lat' dir='ltr'><strong>videbatur3</strong></span> <span class='ocrx_word' id='word_1_9' title='bbox 814 330 900 380; x_wconf 91' lang='lat' dir='ltr'><strong>sed</strong></span> <span class='ocrx_word' id='word_1_10' title='bbox 923 347 1059 396; x_wconf 88' lang='lat' dir='ltr'><strong>aeque</strong></span> <span class='ocrx_word' id='word_1_11' title='bbox 1080 332 1309 381; x_wconf 89' lang='lat' dir='ltr'><strong>omnibus</strong></span> <span class='ocrx_word' id='word_1_12' title='bbox 1330 333 1598 382; x_wconf 88' lang='lat' dir='ltr'><strong>secundum</strong></span> <span class='ocrx_word' id='word_1_13' title='bbox 1634 334 1803 382; x_wconf 87' lang='lat' dir='ltr'><strong>merita</strong></span> <span class='ocrx_word' id='word_1_14' title='bbox 1826 334 2017 399; x_wconf 82' lang='lat' dir='ltr'>reddit,</span> <span class='ocrx_word' id='word_1_15' title='bbox 2046 348 2143 388; x_wconf 89' lang='lat' dir='ltr'><strong>tam</strong></span> <span class='ocrx_word' id='word_1_16' title='bbox 2168 339 2353 390; x_wconf 89' lang='lat' dir='ltr'><strong>haben-</strong></span> 
     </span>
     <span class='ocr_line' id='line_1_3' title="bbox 205 411 2351 484; baseline 0.004 -23"><span class='ocrx_word' id='word_1_17' title='bbox 205 413 332 462; x_wconf 86' lang='lat' dir='ltr'><strong>tibus</strong></span> <span class='ocrx_word' id='word_1_18' title='bbox 347 429 495 479; x_wconf 85' lang='lat' dir='ltr'><strong>quam</strong></span> <span class='ocrx_word' id='word_1_19' title='bbox 517 429 619 462; x_wconf 92' lang='lat' dir='ltr'><strong>non</strong></span> <span class='ocrx_word' id='word_1_20' title='bbox 644 411 933 460; x_wconf 86' lang='lat' dir='ltr'><strong>habentibus</strong></span> <span class='ocrx_word' id='word_1_21' title='bbox 948 411 1122 477; x_wconf 91' lang='lat' dir='ltr'><strong>legem,</strong></span> <span class='ocrx_word' id='word_1_22' title='bbox 1151 422 1250 461; x_wconf 88' lang='lat' dir='ltr'><strong>tam</strong></span> <span class='ocrx_word' id='word_1_23' title='bbox 1272 414 1329 462; x_wconf 89' lang='lat' dir='ltr'><strong>iis</strong></span> <span class='ocrx_word' id='word_1_24' title='bbox 1354 415 1439 480; x_wconf 91' lang='lat' dir='ltr'><strong>qui</strong></span> <span class='ocrx_word' id='word_1_25' title='bbox 1460 431 1510 463; x_wconf 91' lang='lat' dir='ltr'><strong>se</strong></span> <span class='ocrx_word' id='word_1_26' title='bbox 1528 430 1631 463; x_wconf 90' lang='lat' dir='ltr'><strong>esse</strong></span> <span class='ocrx_word' id='word_1_27' title='bbox 1644 413 1706 462; x_wconf 94' lang='lat' dir='ltr'><strong>de</strong></span> <span class='ocrx_word' id='word_1_28' title='bbox 1720 431 1892 480; x_wconf 79' lang='lat' dir='ltr'><strong>genere</strong></span> <span class='ocrx_word' id='word_1_29' title='bbox 1906 418 2047 467; x_wconf 87' lang='lat' dir='ltr'><strong>Israel</strong></span> <span class='ocrx_word' id='word_1_30' title='bbox 2067 420 2351 484; x_wconf 83' lang='lat' dir='ltr'>gloriantur,</span> 
     </span>
     <span class='ocr_line' id='line_1_4' title="bbox 204 493 2353 560; baseline 0.005 -18"><span class='ocrx_word' id='word_1_31' title='bbox 204 510 350 560; x_wconf 90' lang='lat' dir='ltr'><strong>quam</strong></span> <span class='ocrx_word' id='word_1_32' title='bbox 369 495 565 543; x_wconf 88' lang='lat' dir='ltr'><strong>caeteris.</strong></span> <span class='ocrx_word' id='word_1_33' title='bbox 590 497 647 542; x_wconf 90' lang='lat' dir='ltr'><strong>Et</strong></span> <span class='ocrx_word' id='word_1_34' title='bbox 668 493 800 559; x_wconf 89' lang='lat' dir='ltr'><strong>quod</strong></span> <span class='ocrx_word' id='word_1_35' title='bbox 818 493 1087 542; x_wconf 89' lang='lat' dir='ltr'><strong>secundum</strong></span> <span class='ocrx_word' id='word_1_36' title='bbox 1114 495 1283 544; x_wconf 89' lang='lat' dir='ltr'><strong>merita</strong></span> <span class='ocrx_word' id='word_1_37' title='bbox 1304 506 1492 544; x_wconf 88' lang='lat' dir='ltr'><strong>tantum</strong></span> <span class='ocrx_word' id='word_1_38' title='bbox 1515 495 1688 544; x_wconf 89' lang='lat' dir='ltr'><strong>reddat</strong></span> <span class='ocrx_word' id='word_1_39' title='bbox 1700 497 1926 559; x_wconf 85' lang='lat' dir='ltr'><strong>ostendit,</strong></span> <span class='ocrx_word' id='word_1_40' title='bbox 1950 516 2063 548; x_wconf 90' lang='lat' dir='ltr'><strong>cum</strong></span> <span class='ocrx_word' id='word_1_41' title='bbox 2085 502 2353 551; x_wconf 88' lang='lat' dir='ltr'><strong>secundum</strong></span> 
     </span>
     <span class='ocr_line' id='line_1_5' title="bbox 202 576 2355 649; baseline 0.004 -25"><span class='ocrx_word' id='word_1_42' title='bbox 202 577 520 641; x_wconf 86' lang='lat' dir='ltr'><strong>quantitatem</strong></span> <span class='ocrx_word' id='word_1_43' title='bbox 542 576 970 640; x_wconf 80' lang='lat' dir='ltr'><strong>transgressionum</strong></span> <span class='ocrx_word' id='word_1_44' title='bbox 997 576 1057 624; x_wconf 87' lang='lat' dir='ltr'><strong>sit</strong></span> <span class='ocrx_word' id='word_1_45' title='bbox 1075 577 1318 642; x_wconf 79' lang='lat' dir='ltr'><strong>quantitas</strong></span> <span class='ocrx_word' id='word_1_46' title='bbox 1339 594 1613 644; x_wconf 88' lang='lat' dir='ltr'><strong>poenarum.</strong></span> <span class='ocrx_word' id='word_1_47' title='bbox 1646 578 1785 625; x_wconf 87' lang='lat' dir='ltr'><strong>Unde</strong></span> <span class='ocrx_word' id='word_1_48' title='bbox 1807 580 2022 629; x_wconf 90' lang='lat' dir='ltr'><strong>similiter</strong></span> <span class='ocrx_word' id='word_1_49' title='bbox 2052 582 2113 630; x_wconf 91' lang='lat' dir='ltr'><strong>de</strong></span> <span class='ocrx_word' id='word_1_50' title='bbox 2150 585 2355 649; x_wconf 89' lang='lat' dir='ltr'><strong>praemiis</strong></span> 
     </span>
     <span class='ocr_line' id='line_1_6' title="bbox 200 656 2353 730; baseline 0.004 -25"><span class='ocrx_word' id='word_1_51' title='bbox 200 656 655 722; x_wconf 85' lang='lat' dir='ltr'><strong>subintelligendum</strong></span> <span class='ocrx_word' id='word_1_52' title='bbox 686 666 892 705; x_wconf 89' lang='lat' dir='ltr'><strong>constat.</strong></span> <span class='ocrx_word' id='word_1_53' title='bbox 925 657 1059 706; x_wconf 89' lang='lat' dir='ltr'><strong>Sicut</strong></span> <span class='ocrx_word' id='word_1_54' title='bbox 1092 659 1256 723; x_wconf 87' lang='lat' dir='ltr'><strong>itaque</strong></span> <span class='ocrx_word' id='word_1_55' title='bbox 1285 659 1442 724; x_wconf 90' lang='lat' dir='ltr'><strong>major</strong></span> <span class='ocrx_word' id='word_1_56' title='bbox 1479 669 1550 708; x_wconf 82' lang='lat' dir='ltr'><strong>est</strong></span> <span class='ocrx_word' id='word_1_57' title='bbox 1579 661 1893 725; x_wconf 85' lang='lat' dir='ltr'><strong>transgressio</strong></span> <span class='ocrx_word' id='word_1_58' title='bbox 1924 662 2045 726; x_wconf 90' lang='lat' dir='ltr'><strong>ejus,</strong></span> <span class='ocrx_word' id='word_1_59' title='bbox 2080 665 2164 729; x_wconf 92' lang='lat' dir='ltr'><strong>qui</strong></span> <span class='ocrx_word' id='word_1_60' title='bbox 2199 665 2353 730; x_wconf 89' lang='lat' dir='ltr'><strong>legem</strong></span> 
     </span>
     <span class='ocr_line' id='line_1_7' title="bbox 201 738 2353 812; baseline 0.004 -26"><span class='ocrx_word' id='word_1_61' title='bbox 201 755 398 804; x_wconf 89' lang='lat' dir='ltr'><strong>quoque</strong></span> <span class='ocrx_word' id='word_1_62' title='bbox 412 740 638 805; x_wconf 89' lang='lat' dir='ltr'><strong>scriptam</strong></span> <span class='ocrx_word' id='word_1_63' title='bbox 656 739 858 805; x_wconf 89' lang='lat' dir='ltr'><strong>accepit,</strong></span> <span class='ocrx_word' id='word_1_64' title='bbox 884 755 1032 804; x_wconf 90' lang='lat' dir='ltr'><strong>quam</strong></span> <span class='ocrx_word' id='word_1_65' title='bbox 1052 738 1179 787; x_wconf 92' lang='lat' dir='ltr'><strong>illius</strong></span> <span class='ocrx_word' id='word_1_66' title='bbox 1201 740 1286 804; x_wconf 88' lang='lat' dir='ltr'><strong>qui</strong></span> <span class='ocrx_word' id='word_1_67' title='bbox 1307 740 1410 788; x_wconf 92' lang='lat' dir='ltr'><strong>sola</strong></span> <span class='ocrx_word' id='word_1_68' title='bbox 1428 741 1630 790; x_wconf 90' lang='lat' dir='ltr'><strong>naturali</strong></span> <span class='ocrx_word' id='word_1_69' title='bbox 1650 751 1721 789; x_wconf 91' lang='lat' dir='ltr'><strong>est</strong></span> <span class='ocrx_word' id='word_1_70' title='bbox 1734 741 1995 790; x_wconf 88' lang='lat' dir='ltr'><strong>instructus</strong></span> <span class='ocrx_word' id='word_1_71' title='bbox 2011 762 2022 791; x_wconf 74' lang='lat' dir='ltr'>z</span> <span class='ocrx_word' id='word_1_72' title='bbox 2041 744 2105 793; x_wconf 90' lang='lat' dir='ltr'><strong>ita</strong></span> <span class='ocrx_word' id='word_1_73' title='bbox 2122 746 2353 812; x_wconf 89' lang='lat' dir='ltr'><strong>majorem</strong></span> 
     </span>
     <span class='ocr_line' id='line_1_8' title="bbox 200 819 2354 890; baseline 0.004 -23"><span class='ocrx_word' id='word_1_74' title='bbox 200 819 303 884; x_wconf 91' lang='lat' dir='ltr'><strong>ejus</strong></span> <span class='ocrx_word' id='word_1_75' title='bbox 325 836 428 869; x_wconf 90' lang='lat' dir='ltr'><strong>esse</strong></span> <span class='ocrx_word' id='word_1_76' title='bbox 451 837 644 886; x_wconf 90' lang='lat' dir='ltr'><strong>poenam</strong></span> <span class='ocrx_word' id='word_1_77' title='bbox 660 819 895 881; x_wconf 65' lang='lat' dir='ltr'><strong>pstendit,</strong></span> <span class='ocrx_word' id='word_1_78' title='bbox 923 830 971 868; x_wconf 89' lang='lat' dir='ltr'><strong>et</strong></span> <span class='ocrx_word' id='word_1_79' title='bbox 992 820 1187 869; x_wconf 90' lang='lat' dir='ltr'><strong>alterius</strong></span> <span class='ocrx_word' id='word_1_80' title='bbox 1213 821 1472 883; x_wconf 87' lang='lat' dir='ltr'><strong>minorem,</strong></span> <span class='ocrx_word' id='word_1_81' title='bbox 1500 821 1667 870; x_wconf 90' lang='lat' dir='ltr'><strong>dicens</strong></span> <span class='ocrx_word' id='word_1_82' title='bbox 1689 842 1700 870; x_wconf 81' lang='lat' dir='ltr'><strong><em>z</em></strong></span> <span class='ocrx_word' id='word_1_83' title='bbox 1731 841 1754 868; x_wconf 84' lang='lat'><em>«</em></span> <span class='ocrx_word' id='word_1_84' title='bbox 1779 823 1874 882; x_wconf 88' lang='lat' dir='ltr'><strong>Qui</strong></span> <span class='ocrx_word' id='word_1_85' title='bbox 1908 837 2234 890; x_wconf 89' lang='lat' dir='ltr'><strong>peccaverunt</strong></span> <span class='ocrx_word' id='word_1_86' title='bbox 2253 828 2354 875; x_wconf 89' lang='lat' dir='ltr'><strong>sine</strong></span> 
     </span>
     <span class='ocr_line' id='line_1_9' title="bbox 201 899 2348 970; baseline 0.003 -23"><span class='ocrx_word' id='word_1_87' title='bbox 201 899 320 964; x_wconf 88' lang='lat' dir='ltr'><strong>lege,</strong></span> <span class='ocrx_word' id='word_1_88' title='bbox 342 921 365 945; x_wconf 71' lang='lat'><strong>&gt;2</strong></span> <span class='ocrx_word' id='word_1_89' title='bbox 381 901 559 949; x_wconf 89' lang='lat' dir='ltr'><strong>scilicet</strong></span> <span class='ocrx_word' id='word_1_90' title='bbox 577 902 768 967; x_wconf 87' lang='lat' dir='ltr'><strong>scripta,</strong></span> <span class='ocrx_word' id='word_1_91' title='bbox 795 901 916 949; x_wconf 88' lang='lat' dir='ltr'><strong>sicut</strong></span> <span class='ocrx_word' id='word_1_92' title='bbox 934 901 1166 963; x_wconf 86' lang='lat' dir='ltr'><strong>Gentiles,</strong></span> <span class='ocrx_word' id='word_1_93' title='bbox 1186 901 1238 950; x_wconf 90' lang='lat' dir='ltr'><strong>id</strong></span> <span class='ocrx_word' id='word_1_94' title='bbox 1260 912 1330 950; x_wconf 87' lang='lat' dir='ltr'><strong>est</strong></span> <span class='ocrx_word' id='word_1_95' title='bbox 1353 919 1454 950; x_wconf 92' lang='lat' dir='ltr'><strong>non</strong></span> <span class='ocrx_word' id='word_1_96' title='bbox 1474 919 1581 951; x_wconf 90' lang='lat' dir='ltr'><strong>eam</strong></span> <span class='ocrx_word' id='word_1_97' title='bbox 1606 902 1837 951; x_wconf 89' lang='lat' dir='ltr'><strong>habentes</strong></span> <span class='ocrx_word' id='word_1_98' title='bbox 1861 920 1956 968; x_wconf 91' lang='lat' dir='ltr'><strong>qua</strong></span> <span class='ocrx_word' id='word_1_99' title='bbox 1979 905 2348 970; x_wconf 82' lang='lat' dir='ltr'><strong>instruerentur,</strong></span> 
     </span>
     <span class='ocr_line' id='line_1_10' title="bbox 198 981 2351 1050; baseline 0.004 -22"><span class='ocrx_word' id='word_1_100' title='bbox 198 981 427 1046; x_wconf 91' lang='lat' dir='ltr'><strong>peribunt</strong></span> <span class='ocrx_word' id='word_1_101' title='bbox 449 982 739 1049; x_wconf 78' lang='lat' dir='ltr'><strong>quidem,&#39;id</strong></span> <span class='ocrx_word' id='word_1_102' title='bbox 759 991 828 1030; x_wconf 86' lang='lat' dir='ltr'><strong>est</strong></span> <span class='ocrx_word' id='word_1_103' title='bbox 850 981 1231 1045; x_wconf 85' lang='lat' dir='ltr'><strong>damnabuntur,</strong></span> <span class='ocrx_word' id='word_1_104' title='bbox 1255 982 1340 1032; x_wconf 89' lang='lat' dir='ltr'><strong>sed</strong></span> <span class='ocrx_word' id='word_1_105' title='bbox 1362 984 1465 1031; x_wconf 88' lang='lat' dir='ltr'><strong>sine</strong></span> <span class='ocrx_word' id='word_1_106' title='bbox 1494 983 1599 1048; x_wconf 85' lang='lat' dir='ltr'><strong>lege</strong></span> <span class='ocrx_word' id='word_1_107' title='bbox 1624 983 1867 1050; x_wconf 89' lang='lat' dir='ltr'><strong>peribunt,</strong></span> <span class='ocrx_word' id='word_1_108' title='bbox 1907 984 1959 1032; x_wconf 93' lang='lat' dir='ltr'><strong>id</strong></span> <span class='ocrx_word' id='word_1_109' title='bbox 1992 995 2062 1033; x_wconf 89' lang='lat' dir='ltr'><strong>est</strong></span> <span class='ocrx_word' id='word_1_110' title='bbox 2089 986 2272 1036; x_wconf 88' lang='lat' dir='ltr'><strong>nullam</strong></span> <span class='ocrx_word' id='word_1_111' title='bbox 2296 1006 2351 1036; x_wconf 88' lang='lat' dir='ltr'><strong>ex</strong></span> 
     </span>
     <span class='ocr_line' id='line_1_11' title="bbox 198 1064 2353 1130; baseline 0.003 -20"><span class='ocrx_word' id='word_1_112' title='bbox 198 1065 573 1128; x_wconf 87' lang='lat' dir='ltr'><strong>transgressione</strong></span> <span class='ocrx_word' id='word_1_113' title='bbox 607 1064 723 1129; x_wconf 89' lang='lat' dir='ltr'><strong>legis</strong></span> <span class='ocrx_word' id='word_1_114' title='bbox 755 1064 937 1129; x_wconf 76' lang='lat' dir='ltr'><strong>scriptae</strong></span> <span class='ocrx_word' id='word_1_115' title='bbox 968 1080 1166 1130; x_wconf 86' lang='lat' dir='ltr'><strong>poenam</strong></span> <span class='ocrx_word' id='word_1_116' title='bbox 1200 1065 1469 1125; x_wconf 87' lang='lat' dir='ltr'><strong>incurrent,</strong></span> <span class='ocrx_word' id='word_1_117' title='bbox 1509 1065 1595 1113; x_wconf 90' lang='lat' dir='ltr'><strong>sed</strong></span> <span class='ocrx_word' id='word_1_118' title='bbox 1631 1081 1689 1113; x_wconf 87' lang='lat' dir='ltr'><strong>ex</strong></span> <span class='ocrx_word' id='word_1_119' title='bbox 1725 1067 2101 1130; x_wconf 87' lang='lat' dir='ltr'><strong>transgressione</strong></span> <span class='ocrx_word' id='word_1_120' title='bbox 2126 1069 2353 1117; x_wconf 89' lang='lat' dir='ltr'><strong>naturalis</strong></span> 
     </span>
     <span class='ocr_line' id='line_1_12' title="bbox 198 1141 2352 1214; baseline 0.005 -25"><span class='ocrx_word' id='word_1_121' title='bbox 198 1141 313 1208; x_wconf 89' lang='lat' dir='ltr'><strong>legis</strong></span> <span class='ocrx_word' id='word_1_122' title='bbox 336 1154 542 1193; x_wconf 88' lang='lat' dir='ltr'><strong>tantum.</strong></span> <span class='ocrx_word' id='word_1_123' title='bbox 575 1148 676 1192; x_wconf 90' lang='lat' dir='ltr'><strong>«Et</strong></span> <span class='ocrx_word' id='word_1_124' title='bbox 693 1145 969 1211; x_wconf 89' lang='lat' dir='ltr'><strong>quicunque</strong></span> <span class='ocrx_word' id='word_1_125' title='bbox 988 1146 1039 1193; x_wconf 90' lang='lat' dir='ltr'><strong>in</strong></span> <span class='ocrx_word' id='word_1_126' title='bbox 1062 1145 1166 1210; x_wconf 93' lang='lat' dir='ltr'><strong>lege</strong></span> <span class='ocrx_word' id='word_1_127' title='bbox 1189 1155 1529 1212; x_wconf 84' lang='lat' dir='ltr'><strong>peccaverunt,</strong></span> <span class='ocrx_word' id='word_1_128' title='bbox 1566 1165 1590 1191; x_wconf 74' lang='grc' dir='ltr'>υ</span> <span class='ocrx_word' id='word_1_129' title='bbox 1628 1146 1679 1194; x_wconf 92' lang='lat' dir='ltr'><strong>id</strong></span> <span class='ocrx_word' id='word_1_130' title='bbox 1715 1156 1786 1195; x_wconf 87' lang='lat' dir='ltr'><strong>est</strong></span> <span class='ocrx_word' id='word_1_131' title='bbox 1818 1165 1905 1214; x_wconf 89' lang='lat' dir='ltr'><strong>per</strong></span> <span class='ocrx_word' id='word_1_132' title='bbox 1928 1151 2352 1214; x_wconf 87' lang='lat' dir='ltr'><strong>transgressionem</strong></span> 
     </span>
     <span class='ocr_line' id='line_1_13' title="bbox 197 1226 2349 1294; baseline 0.003 -21"><span class='ocrx_word' id='word_1_133' title='bbox 197 1241 393 1290; x_wconf 90' lang='lat' dir='ltr'><strong>quoque</strong></span> <span class='ocrx_word' id='word_1_134' title='bbox 418 1227 603 1292; x_wconf 87' lang='lat' dir='ltr'><strong>scriptae</strong></span> <span class='ocrx_word' id='word_1_135' title='bbox 625 1226 758 1291; x_wconf 89' lang='lat' dir='ltr'><strong>legis,</strong></span> <span class='ocrx_word' id='word_1_136' title='bbox 781 1227 899 1275; x_wconf 82' lang='lat' dir='ltr'><strong>sicut</strong></span> <span class='ocrx_word' id='word_1_137' title='bbox 915 1227 1083 1290; x_wconf 86' lang='lat' dir='ltr'><strong>Judaei,</strong></span> <span class='ocrx_word' id='word_1_138' title='bbox 1116 1248 1139 1271; x_wconf 86' lang='lat'>«</span> <span class='ocrx_word' id='word_1_139' title='bbox 1166 1244 1254 1294; x_wconf 91' lang='lat' dir='ltr'><strong>per</strong></span> <span class='ocrx_word' id='word_1_140' title='bbox 1273 1227 1427 1292; x_wconf 87' lang='lat' dir='ltr'><strong>legem</strong></span> <span class='ocrx_word' id='word_1_141' title='bbox 1449 1227 1816 1293; x_wconf 87' lang='lat' dir='ltr'><strong>judicabuntur,</strong></span> <span class='ocrx_word' id='word_1_142' title='bbox 1842 1250 1865 1273; x_wconf 73' lang='grc' dir='ltr'><strong>ι)</strong></span> <span class='ocrx_word' id='word_1_143' title='bbox 1892 1229 1989 1278; x_wconf 92' lang='lat' dir='ltr'><strong>hoc</strong></span> <span class='ocrx_word' id='word_1_144' title='bbox 2019 1240 2091 1278; x_wconf 91' lang='lat' dir='ltr'><strong>est</strong></span> <span class='ocrx_word' id='word_1_145' title='bbox 2124 1231 2349 1279; x_wconf 88' lang='lat' dir='ltr'><strong>convinci</strong></span> 
     </span>
     <span class='ocr_line' id='line_1_14' title="bbox 198 1308 2347 1375; baseline 0.003 -22"><span class='ocrx_word' id='word_1_146' title='bbox 198 1315 362 1371; x_wconf 87' lang='lat' dir='ltr'><strong>aperte</strong></span> <span class='ocrx_word' id='word_1_147' title='bbox 384 1308 453 1356; x_wconf 89' lang='lat' dir='ltr'><strong>rei</strong></span> <span class='ocrx_word' id='word_1_148' title='bbox 473 1317 701 1374; x_wconf 85' lang='lat' dir='ltr'><strong>poterunt</strong></span> <span class='ocrx_word' id='word_1_149' title='bbox 732 1326 817 1375; x_wconf 90' lang='lat' dir='ltr'><strong>per</strong></span> <span class='ocrx_word' id='word_1_150' title='bbox 839 1308 1191 1374; x_wconf 87' lang='lat' dir='ltr'><strong>professionem</strong></span> <span class='ocrx_word' id='word_1_151' title='bbox 1213 1309 1331 1373; x_wconf 88' lang='lat' dir='ltr'><strong>legis</strong></span> <span class='ocrx_word' id='word_1_152' title='bbox 1354 1319 1585 1375; x_wconf 79' lang='lat' dir='ltr'><strong>susceptae</strong></span> <span class='ocrx_word' id='word_1_153' title='bbox 1605 1327 1752 1375; x_wconf 87' lang='lat' dir='ltr'><strong>quam</strong></span> <span class='ocrx_word' id='word_1_154' title='bbox 1776 1326 1877 1358; x_wconf 91' lang='lat' dir='ltr'><strong>non</strong></span> <span class='ocrx_word' id='word_1_155' title='bbox 1898 1322 2226 1359; x_wconf 88' lang='lat' dir='ltr'><strong>servaverunt.</strong></span> <span class='ocrx_word' id='word_1_156' title='bbox 2254 1313 2347 1360; x_wconf 90' lang='lat' dir='ltr'><strong>Sed</strong></span> 
     </span>
     <span class='ocr_line' id='line_1_15' title="bbox 196 1388 2344 1456; baseline 0.003 -22"><span class='ocrx_word' id='word_1_157' title='bbox 196 1403 308 1435; x_wconf 90' lang='lat' dir='ltr'><strong>cum</strong></span> <span class='ocrx_word' id='word_1_158' title='bbox 331 1388 487 1453; x_wconf 87' lang='lat' dir='ltr'><strong>major</strong></span> <span class='ocrx_word' id='word_1_159' title='bbox 507 1391 568 1437; x_wconf 86' lang='lat' dir='ltr'><strong>sit</strong></span> <span class='ocrx_word' id='word_1_160' title='bbox 592 1390 794 1440; x_wconf 84' lang='lat' dir='ltr'><strong>istorum</strong></span> <span class='ocrx_word' id='word_1_161' title='bbox 816 1390 1128 1454; x_wconf 88' lang='lat' dir='ltr'><strong>transgressio</strong></span> <span class='ocrx_word' id='word_1_162' title='bbox 1152 1391 1237 1455; x_wconf 90' lang='lat' dir='ltr'><strong>qui</strong></span> <span class='ocrx_word' id='word_1_163' title='bbox 1260 1389 1378 1454; x_wconf 87' lang='lat' dir='ltr'><strong>legis</strong></span> <span class='ocrx_word' id='word_1_164' title='bbox 1397 1406 1594 1455; x_wconf 90' lang='lat' dir='ltr'><strong>quoque</strong></span> <span class='ocrx_word' id='word_1_165' title='bbox 1617 1391 1803 1456; x_wconf 88' lang='lat' dir='ltr'><strong>scriptae</strong></span> <span class='ocrx_word' id='word_1_166' title='bbox 1823 1401 2195 1456; x_wconf 86' lang='lat' dir='ltr'><strong>transgressores</strong></span> <span class='ocrx_word' id='word_1_167' title='bbox 2217 1403 2344 1451; x_wconf 90' lang='lat' dir='ltr'><strong>sunt,</strong></span> 
     </span>
     <span class='ocr_line' id='line_1_16' title="bbox 196 1468 2347 1536; baseline 0.002 -21"><span class='ocrx_word' id='word_1_168' title='bbox 196 1484 342 1532; x_wconf 91' lang='lat' dir='ltr'><strong>quam</strong></span> <span class='ocrx_word' id='word_1_169' title='bbox 356 1468 472 1534; x_wconf 90' lang='lat' dir='ltr'><strong>legis</strong></span> <span class='ocrx_word' id='word_1_170' title='bbox 494 1470 742 1532; x_wconf 87' lang='lat' dir='ltr'><strong>naturalis,</strong></span> <span class='ocrx_word' id='word_1_171' title='bbox 766 1487 915 1535; x_wconf 90' lang='lat' dir='ltr'><strong>quare</strong></span> <span class='ocrx_word' id='word_1_172' title='bbox 933 1470 1002 1518; x_wconf 90' lang='lat' dir='ltr'><strong>ibi</strong></span> <span class='ocrx_word' id='word_1_173' title='bbox 1020 1470 1139 1518; x_wconf 81' lang='lat' dir='ltr'><strong>dixit</strong></span> <span class='ocrx_word' id='word_1_174' title='bbox 1163 1491 1185 1514; x_wconf 89' lang='lat'>«</span> <span class='ocrx_word' id='word_1_175' title='bbox 1203 1469 1451 1536; x_wconf 86' lang='lat' dir='ltr'><strong>peribunt,</strong></span> <span class='ocrx_word' id='word_1_176' title='bbox 1474 1491 1496 1514; x_wconf 70' lang='lat' dir='ltr'><strong>n</strong></span> <span class='ocrx_word' id='word_1_177' title='bbox 1513 1469 1592 1518; x_wconf 90' lang='lat' dir='ltr'><strong>hic</strong></span> <span class='ocrx_word' id='word_1_178' title='bbox 1606 1470 1725 1518; x_wconf 84' lang='lat' dir='ltr'><strong>dixit</strong></span> <span class='ocrx_word' id='word_1_179' title='bbox 1747 1491 1769 1516; x_wconf 75' lang='grc' dir='ltr'>α</span> <span class='ocrx_word' id='word_1_180' title='bbox 1782 1471 2163 1536; x_wconf 81' lang='lat' dir='ltr'><strong>judicabuntur?</strong></span> <span class='ocrx_word' id='word_1_181' title='bbox 2182 1493 2205 1517; x_wconf 71' lang='lat' dir='ltr'><strong>n</strong></span> <span class='ocrx_word' id='word_1_182' title='bbox 2226 1475 2347 1520; x_wconf 91' lang='lat' dir='ltr'><strong>Cum</strong></span> 
     </span>
     <span class='ocr_line' id='line_1_17' title="bbox 194 1549 2347 1618; baseline 0.002 -23"><span class='ocrx_word' id='word_1_183' title='bbox 194 1549 417 1598; x_wconf 85' lang='lat' dir='ltr'><strong>videlicet</strong></span> <span class='ocrx_word' id='word_1_184' title='bbox 440 1567 496 1599; x_wconf 90' lang='lat' dir='ltr'><strong>ea</strong></span> <span class='ocrx_word' id='word_1_185' title='bbox 516 1567 622 1616; x_wconf 91' lang='lat' dir='ltr'><strong>quae</strong></span> <span class='ocrx_word' id='word_1_186' title='bbox 639 1551 823 1616; x_wconf 86' lang='lat' dir='ltr'><strong>judicio</strong></span> <span class='ocrx_word' id='word_1_187' title='bbox 845 1561 1151 1600; x_wconf 88' lang='lat' dir='ltr'><strong>reservantur</strong></span> <span class='ocrx_word' id='word_1_188' title='bbox 1170 1562 1370 1617; x_wconf 87' lang='lat' dir='ltr'><strong>peccata</strong></span> <span class='ocrx_word' id='word_1_189' title='bbox 1393 1567 1494 1599; x_wconf 90' lang='lat' dir='ltr'><strong>non</strong></span> <span class='ocrx_word' id='word_1_190' title='bbox 1518 1561 1705 1600; x_wconf 88' lang='lat' dir='ltr'><strong>tantum</strong></span> <span class='ocrx_word' id='word_1_191' title='bbox 1723 1552 1978 1600; x_wconf 88' lang='lat' dir='ltr'><strong>videantur</strong></span> <span class='ocrx_word' id='word_1_192' title='bbox 2002 1563 2240 1618; x_wconf 89' lang='lat' dir='ltr'><strong>quantum</strong></span> <span class='ocrx_word' id='word_1_193' title='bbox 2270 1553 2347 1600; x_wconf 90' lang='lat' dir='ltr'><strong>illa</strong></span> 
     </span>
     <span class='ocr_line' id='line_1_18' title="bbox 193 1631 2347 1700; baseline 0.002 -23"><span class='ocrx_word' id='word_1_194' title='bbox 193 1646 299 1694; x_wconf 85' lang='lat' dir='ltr'><strong>quae</strong></span> <span class='ocrx_word' id='word_1_195' title='bbox 318 1631 555 1695; x_wconf 89' lang='lat' dir='ltr'><strong>judicium</strong></span> <span class='ocrx_word' id='word_1_196' title='bbox 572 1649 673 1680; x_wconf 90' lang='lat' dir='ltr'><strong>non</strong></span> <span class='ocrx_word' id='word_1_197' title='bbox 696 1641 988 1698; x_wconf 87' lang='lat' dir='ltr'><strong>exspectant,</strong></span> <span class='ocrx_word' id='word_1_198' title='bbox 1012 1632 1098 1680; x_wconf 89' lang='lat' dir='ltr'><strong>sed</strong></span> <span class='ocrx_word' id='word_1_199' title='bbox 1114 1634 1274 1680; x_wconf 86' lang='lat' dir='ltr'><strong>statim</strong></span> <span class='ocrx_word' id='word_1_200' title='bbox 1295 1633 1546 1693; x_wconf 85' lang='lat' dir='ltr'><strong>damnant,</strong></span> <span class='ocrx_word' id='word_1_201' title='bbox 1564 1643 1611 1680; x_wconf 90' lang='lat' dir='ltr'><strong>et</strong></span> <span class='ocrx_word' id='word_1_202' title='bbox 1624 1634 1781 1699; x_wconf 90' lang='lat' dir='ltr'><strong>perire</strong></span> <span class='ocrx_word' id='word_1_203' title='bbox 1796 1651 1933 1681; x_wconf 85' lang='lat' dir='ltr'><strong>reum</strong></span> <span class='ocrx_word' id='word_1_204' title='bbox 1948 1644 2146 1700; x_wconf 84' lang='lat' dir='ltr'><strong>cogunt,</strong></span> <span class='ocrx_word' id='word_1_205' title='bbox 2164 1634 2347 1699; x_wconf 89' lang='lat' dir='ltr'><strong>absque</strong></span> 
     </span>
     <span class='ocr_line' id='line_1_19' title="bbox 195 1710 2347 1781; baseline 0.002 -23"><span class='ocrx_word' id='word_1_206' title='bbox 195 1710 294 1758; x_wconf 91' lang='lat' dir='ltr'><strong>ullo</strong></span> <span class='ocrx_word' id='word_1_207' title='bbox 318 1713 497 1761; x_wconf 85' lang='lat' dir='ltr'><strong>scilicet</strong></span> <span class='ocrx_word' id='word_1_208' title='bbox 529 1714 700 1778; x_wconf 86' lang='lat' dir='ltr'><strong>judicii</strong></span> <span class='ocrx_word' id='word_1_209' title='bbox 727 1714 965 1762; x_wconf 87' lang='lat' dir='ltr'><strong>examine.</strong></span> <span class='ocrx_word' id='word_1_210' title='bbox 1010 1714 1105 1761; x_wconf 92' lang='lat' dir='ltr'><strong>Sed</strong></span> <span class='ocrx_word' id='word_1_211' title='bbox 1130 1714 1350 1779; x_wconf 89' lang='lat' dir='ltr'><strong>profecto</strong></span> <span class='ocrx_word' id='word_1_212' title='bbox 1387 1725 1442 1761; x_wconf 88' lang='lat' dir='ltr'><strong>ut</strong></span> <span class='ocrx_word' id='word_1_213' title='bbox 1477 1714 1705 1775; x_wconf 86' lang='lat' dir='ltr'><strong>diximus,</strong></span> <span class='ocrx_word' id='word_1_214' title='bbox 1750 1735 1773 1758; x_wconf 81' lang='lat' dir='ltr'><strong>t&lt;</strong></span> <span class='ocrx_word' id='word_1_215' title='bbox 1798 1714 2004 1779; x_wconf 84' lang='lat' dir='ltr'><strong>judicari</strong></span> <span class='ocrx_word' id='word_1_216' title='bbox 2032 1736 2055 1759; x_wconf 82' lang='grc'>»</span> <span class='ocrx_word' id='word_1_217' title='bbox 2088 1715 2222 1776; x_wconf 84' lang='lat' dir='ltr'><strong>dixit,</strong></span> <span class='ocrx_word' id='word_1_218' title='bbox 2258 1733 2347 1781; x_wconf 89' lang='lat' dir='ltr'><strong>pro</strong></span> 
     </span>
     <span class='ocr_line' id='line_1_20' title="bbox 193 1795 2348 1863; baseline 0.002 -23"><span class='ocrx_word' id='word_1_219' title='bbox 193 1803 356 1858; x_wconf 86' lang='lat' dir='ltr'><strong>aperte</strong></span> <span class='ocrx_word' id='word_1_220' title='bbox 390 1795 645 1855; x_wconf 81' lang='lat' dir='ltr'><strong>convinci3</strong></span> <span class='ocrx_word' id='word_1_221' title='bbox 674 1805 728 1842; x_wconf 89' lang='lat' dir='ltr'><strong>ut</strong></span> <span class='ocrx_word' id='word_1_222' title='bbox 750 1804 885 1842; x_wconf 88' lang='lat' dir='ltr'><strong>tanto</strong></span> <span class='ocrx_word' id='word_1_223' title='bbox 915 1795 1069 1858; x_wconf 88' lang='lat' dir='ltr'><strong>majus</strong></span> <span class='ocrx_word' id='word_1_224' title='bbox 1092 1805 1348 1860; x_wconf 84' lang='lat' dir='ltr'><strong>peccatum</strong></span> <span class='ocrx_word' id='word_1_225' title='bbox 1382 1806 1627 1862; x_wconf 86' lang='lat' dir='ltr'><strong>appareat,</strong></span> <span class='ocrx_word' id='word_1_226' title='bbox 1660 1806 1845 1861; x_wconf 88' lang='lat' dir='ltr'><strong>quanto</strong></span> <span class='ocrx_word' id='word_1_227' title='bbox 1882 1797 2092 1863; x_wconf 86' lang='lat' dir='ltr'><strong>apertius</strong></span> <span class='ocrx_word' id='word_1_228' title='bbox 2124 1799 2348 1845; x_wconf 88' lang='lat' dir='ltr'><strong>convinci</strong></span> 
     </span>
     <span class='ocr_line' id='line_1_21' title="bbox 192 1875 2347 1942; baseline 0.002 -21"><span class='ocrx_word' id='word_1_229' title='bbox 192 1883 367 1937; x_wconf 84' lang='lat' dir='ltr'><strong>potest,</strong></span> <span class='ocrx_word' id='word_1_230' title='bbox 394 1891 453 1922; x_wconf 87' lang='lat' dir='ltr'><strong>ex</strong></span> <span class='ocrx_word' id='word_1_231' title='bbox 471 1876 848 1939; x_wconf 89' lang='lat' dir='ltr'><strong>transgressione</strong></span> <span class='ocrx_word' id='word_1_232' title='bbox 869 1875 1048 1923; x_wconf 88' lang='lat' dir='ltr'><strong>scilicet</strong></span> <span class='ocrx_word' id='word_1_233' title='bbox 1069 1877 1256 1942; x_wconf 84' lang='lat' dir='ltr'><strong>scriptae</strong></span> <span class='ocrx_word' id='word_1_234' title='bbox 1279 1876 1412 1942; x_wconf 88' lang='lat' dir='ltr'><strong>legis,</strong></span> <span class='ocrx_word' id='word_1_235' title='bbox 1434 1894 1541 1942; x_wconf 89' lang='lat' dir='ltr'><strong>quae</strong></span> <span class='ocrx_word' id='word_1_236' title='bbox 1560 1886 1724 1942; x_wconf 89' lang='lat' dir='ltr'><strong>aperte</strong></span> <span class='ocrx_word' id='word_1_237' title='bbox 1746 1894 1775 1925; x_wconf 93' lang='lat' dir='ltr'><strong>a</strong></span> <span class='ocrx_word' id='word_1_238' title='bbox 1798 1880 1903 1925; x_wconf 92' lang='lat' dir='ltr'><strong>Deo</strong></span> <span class='ocrx_word' id='word_1_239' title='bbox 1932 1894 2098 1926; x_wconf 89' lang='lat' dir='ltr'><strong>coram</strong></span> <span class='ocrx_word' id='word_1_240' title='bbox 2121 1877 2347 1926; x_wconf 89' lang='lat' dir='ltr'><strong>omnibus</strong></span> 
     </span>
     <span class='ocr_line' id='line_1_22' title="bbox 191 1955 2342 2024; baseline 0.003 -24"><span class='ocrx_word' id='word_1_241' title='bbox 191 1963 262 2000; x_wconf 89' lang='lat' dir='ltr'><strong>est</strong></span> <span class='ocrx_word' id='word_1_242' title='bbox 298 1955 488 2019; x_wconf 89' lang='lat' dir='ltr'><strong>tradita,</strong></span> <span class='ocrx_word' id='word_1_243' title='bbox 530 1967 578 2004; x_wconf 89' lang='lat' dir='ltr'><strong>et</strong></span> <span class='ocrx_word' id='word_1_244' title='bbox 614 1956 857 2004; x_wconf 87' lang='lat' dir='ltr'><strong>miraculis</strong></span> <span class='ocrx_word' id='word_1_245' title='bbox 895 1955 1200 2005; x_wconf 87' lang='lat' dir='ltr'><strong>confirmata.</strong></span> <span class='ocrx_word' id='word_1_246' title='bbox 1242 1960 1360 2016; x_wconf 83' lang='lat' dir='ltr'><strong>Quae</strong></span> <span class='ocrx_word' id='word_1_247' title='bbox 1412 1959 1543 2006; x_wconf 83' lang='lat' dir='ltr'><strong>enim</strong></span> <span class='ocrx_word' id='word_1_248' title='bbox 1576 1957 1775 2024; x_wconf 91' lang='lat' dir='ltr'><strong>publico</strong></span> <span class='ocrx_word' id='word_1_249' title='bbox 1811 1958 1996 2023; x_wconf 88' lang='lat' dir='ltr'><strong>judicio</strong></span> <span class='ocrx_word' id='word_1_250' title='bbox 2033 1959 2342 2018; x_wconf 87' lang='lat' dir='ltr'><strong>damnantur,</strong></span> 
     </span>
     <span class='ocr_line' id='line_1_23' title="bbox 190 2038 2339 2106; baseline 0.002 -23"><span class='ocrx_word' id='word_1_251' title='bbox 190 2046 353 2101; x_wconf 83' lang='lat' dir='ltr'><strong>aperte</strong></span> <span class='ocrx_word' id='word_1_252' title='bbox 367 2048 653 2102; x_wconf 85' lang='lat' dir='ltr'><strong>arguuntur,</strong></span> <span class='ocrx_word' id='word_1_253' title='bbox 666 2055 757 2086; x_wconf 90' lang='lat' dir='ltr'><strong>nec</strong></span> <span class='ocrx_word' id='word_1_254' title='bbox 777 2047 886 2103; x_wconf 89' lang='lat' dir='ltr'><strong>post</strong></span> <span class='ocrx_word' id='word_1_255' title='bbox 906 2039 1193 2087; x_wconf 86' lang='lat' dir='ltr'><strong>sententiam</strong></span> <span class='ocrx_word' id='word_1_256' title='bbox 1207 2039 1381 2104; x_wconf 88' lang='lat' dir='ltr'><strong>judicii</strong></span> <span class='ocrx_word' id='word_1_257' title='bbox 1396 2038 1736 2106; x_wconf 86' lang='lat' dir='ltr'><strong>approbatam,</strong></span> <span class='ocrx_word' id='word_1_258' title='bbox 1754 2039 2059 2088; x_wconf 86' lang='lat' dir='ltr'><strong>defensorem</strong></span> <span class='ocrx_word' id='word_1_259' title='bbox 2072 2041 2339 2089; x_wconf 85' lang='lat' dir='ltr'><strong>inveniunt.</strong></span> 
     </span>
    </p>

    <p class='ocr_par' dir='ltr' id='par_1_3' title="bbox 183 2119 2343 3393">
     <span class='ocr_line' id='line_1_24' title="bbox 258 2119 2343 2186; baseline 0.003 -23"><span class='ocrx_word' id='word_1_260' title='bbox 258 2135 282 2162; x_wconf 89' lang='lat'>«</span> <span class='ocrx_word' id='word_1_261' title='bbox 315 2120 423 2165; x_wconf 91' lang='lat' dir='ltr'><strong>Non</strong></span> <span class='ocrx_word' id='word_1_262' title='bbox 462 2119 591 2166; x_wconf 90' lang='lat' dir='ltr'><strong>enim</strong></span> <span class='ocrx_word' id='word_1_263' title='bbox 624 2119 884 2167; x_wconf 85' lang='lat' dir='ltr'><strong>auditores.</strong></span> <span class='ocrx_word' id='word_1_264' title='bbox 918 2138 941 2163; x_wconf 88' lang='lat'>»</span> <span class='ocrx_word' id='word_1_265' title='bbox 979 2119 1154 2185; x_wconf 88' lang='lat' dir='ltr'><strong>Incipit</strong></span> <span class='ocrx_word' id='word_1_266' title='bbox 1186 2121 1396 2168; x_wconf 88' lang='lat' dir='ltr'><strong>invectio</strong></span> <span class='ocrx_word' id='word_1_267' title='bbox 1440 2122 1491 2167; x_wconf 91' lang='lat' dir='ltr'><strong>in</strong></span> <span class='ocrx_word' id='word_1_268' title='bbox 1528 2120 1736 2168; x_wconf 85' lang='lat' dir='ltr'><strong>Judaeos.</strong></span> <span class='ocrx_word' id='word_1_269' title='bbox 1774 2121 1904 2168; x_wconf 86' lang='lat' dir='ltr'><strong>Dixit</strong></span> <span class='ocrx_word' id='word_1_270' title='bbox 1938 2140 1949 2169; x_wconf 92' lang='lat'>:</span> <span class='ocrx_word' id='word_1_271' title='bbox 1997 2142 2021 2165; x_wconf 71' lang='grc' dir='ltr'><strong>ε(</strong></span> <span class='ocrx_word' id='word_1_272' title='bbox 2064 2126 2154 2169; x_wconf 91' lang='lat' dir='ltr'><strong>Per</strong></span> <span class='ocrx_word' id='word_1_273' title='bbox 2189 2122 2343 2186; x_wconf 88' lang='lat' dir='ltr'><strong>legem</strong></span> 
     </span>
     <span class='ocr_line' id='line_1_25' title="bbox 185 2193 2343 2264; baseline 0.003 -24"><span class='ocrx_word' id='word_1_274' title='bbox 185 2193 549 2256; x_wconf 68' lang='lat' dir='ltr'><strong>judicabuntur,</strong></span> <span class='ocrx_word' id='word_1_275' title='bbox 574 2216 597 2242; x_wconf 90' lang='lat'>»</span> <span class='ocrx_word' id='word_1_276' title='bbox 623 2206 856 2262; x_wconf 89' lang='lat' dir='ltr'><strong>tanquam</strong></span> <span class='ocrx_word' id='word_1_277' title='bbox 890 2198 958 2245; x_wconf 89' lang='lat' dir='ltr'><strong>rei</strong></span> <span class='ocrx_word' id='word_1_278' title='bbox 994 2197 1201 2257; x_wconf 88' lang='lat' dir='ltr'><strong>scilicet,</strong></span> <span class='ocrx_word' id='word_1_279' title='bbox 1228 2198 1343 2263; x_wconf 91' lang='lat' dir='ltr'><strong>quia</strong></span> <span class='ocrx_word' id='word_1_280' title='bbox 1373 2197 1484 2246; x_wconf 88' lang='lat' dir='ltr'><strong>licet</strong></span> <span class='ocrx_word' id='word_1_281' title='bbox 1510 2198 1666 2263; x_wconf 87' lang='lat' dir='ltr'><strong>legem</strong></span> <span class='ocrx_word' id='word_1_282' title='bbox 1701 2198 1920 2262; x_wconf 90' lang='lat' dir='ltr'><strong>audiant,</strong></span> <span class='ocrx_word' id='word_1_283' title='bbox 1949 2215 2050 2247; x_wconf 91' lang='lat' dir='ltr'><strong>non</strong></span> <span class='ocrx_word' id='word_1_284' title='bbox 2088 2200 2198 2248; x_wconf 90' lang='lat' dir='ltr'><strong>ideo</strong></span> <span class='ocrx_word' id='word_1_285' title='bbox 2227 2200 2343 2264; x_wconf 91' lang='lat' dir='ltr'><strong>justi</strong></span> 
     </span>
     <span class='ocr_line' id='line_1_26' title="bbox 188 2277 2343 2345; baseline 0.002 -24"><span class='ocrx_word' id='word_1_286' title='bbox 188 2284 316 2337; x_wconf 91' lang='lat' dir='ltr'><strong>sunt,</strong></span> <span class='ocrx_word' id='word_1_287' title='bbox 336 2277 430 2324; x_wconf 86' lang='lat' dir='ltr'><strong>nisi</strong></span> <span class='ocrx_word' id='word_1_288' title='bbox 456 2294 604 2343; x_wconf 89' lang='lat' dir='ltr'><strong>opera</strong></span> <span class='ocrx_word' id='word_1_289' title='bbox 627 2278 803 2326; x_wconf 85' lang='lat' dir='ltr'><strong>faciant</strong></span> <span class='ocrx_word' id='word_1_290' title='bbox 826 2295 933 2344; x_wconf 88' lang='lat' dir='ltr'><strong>quae</strong></span> <span class='ocrx_word' id='word_1_291' title='bbox 960 2278 1036 2326; x_wconf 89' lang='lat' dir='ltr'><strong>lex</strong></span> <span class='ocrx_word' id='word_1_292' title='bbox 1061 2278 1283 2327; x_wconf 89' lang='lat' dir='ltr'><strong>videlicet</strong></span> <span class='ocrx_word' id='word_1_293' title='bbox 1314 2279 1545 2345; x_wconf 82' lang='lat' dir='ltr'><strong>praecipit.</strong></span> <span class='ocrx_word' id='word_1_294' title='bbox 1578 2282 1636 2326; x_wconf 93' lang='lat' dir='ltr'><strong>Et</strong></span> <span class='ocrx_word' id='word_1_295' title='bbox 1666 2278 1763 2326; x_wconf 93' lang='lat' dir='ltr'><strong>hoc</strong></span> <span class='ocrx_word' id='word_1_296' title='bbox 1794 2289 1867 2327; x_wconf 91' lang='lat' dir='ltr'><strong>est</strong></span> <span class='ocrx_word' id='word_1_297' title='bbox 1898 2298 1908 2326; x_wconf 68' lang='grc' dir='ltr'>ε</span> <span class='ocrx_word' id='word_1_298' title='bbox 1931 2299 1954 2326; x_wconf 89' lang='lat'>«</span> <span class='ocrx_word' id='word_1_299' title='bbox 1974 2283 2081 2327; x_wconf 91' lang='lat' dir='ltr'><strong>Non</strong></span> <span class='ocrx_word' id='word_1_300' title='bbox 2104 2281 2235 2328; x_wconf 90' lang='lat' dir='ltr'><strong>enim</strong></span> <span class='ocrx_word' id='word_1_301' title='bbox 2264 2297 2343 2328; x_wconf 88' lang='lat' dir='ltr'><strong>au-</strong></span> 
     </span>
     <span class='ocr_line' id='line_1_27' title="bbox 187 2355 2343 2426; baseline 0.002 -24"><span class='ocrx_word' id='word_1_302' title='bbox 187 2355 385 2405; x_wconf 90' lang='lat' dir='ltr'><strong>ditores.</strong></span> <span class='ocrx_word' id='word_1_303' title='bbox 409 2377 434 2404; x_wconf 90' lang='lat'>»</span> <span class='ocrx_word' id='word_1_304' title='bbox 459 2362 565 2407; x_wconf 90' lang='lat' dir='ltr'><strong>Hoc</strong></span> <span class='ocrx_word' id='word_1_305' title='bbox 589 2370 677 2421; x_wconf 87' lang='lat' dir='ltr'><strong>est,</strong></span> <span class='ocrx_word' id='word_1_306' title='bbox 708 2377 811 2408; x_wconf 90' lang='lat' dir='ltr'><strong>non</strong></span> <span class='ocrx_word' id='word_1_307' title='bbox 837 2361 954 2425; x_wconf 91' lang='lat' dir='ltr'><strong>quia</strong></span> <span class='ocrx_word' id='word_1_308' title='bbox 983 2370 1096 2408; x_wconf 91' lang='lat' dir='ltr'><strong>sunt</strong></span> <span class='ocrx_word' id='word_1_309' title='bbox 1120 2360 1367 2408; x_wconf 86' lang='lat' dir='ltr'><strong>auditores</strong></span> <span class='ocrx_word' id='word_1_310' title='bbox 1389 2361 1523 2426; x_wconf 83' lang='lat' dir='ltr'><strong>legiS,</strong></span> <span class='ocrx_word' id='word_1_311' title='bbox 1546 2361 1661 2426; x_wconf 89' lang='lat' dir='ltr'><strong>justi</strong></span> <span class='ocrx_word' id='word_1_312' title='bbox 1691 2370 1804 2409; x_wconf 87' lang='lat' dir='ltr'><strong>sunt</strong></span> <span class='ocrx_word' id='word_1_313' title='bbox 1832 2361 1960 2426; x_wconf 91' lang='lat' dir='ltr'><strong>apud</strong></span> <span class='ocrx_word' id='word_1_314' title='bbox 1986 2365 2173 2423; x_wconf 90' lang='lat' dir='ltr'><strong>Deum,</strong></span> <span class='ocrx_word' id='word_1_315' title='bbox 2200 2362 2247 2409; x_wconf 91' lang='lat' dir='ltr'><strong>id</strong></span> <span class='ocrx_word' id='word_1_316' title='bbox 2273 2371 2343 2408; x_wconf 82' lang='lat' dir='ltr'><strong>est</strong></span> 
     </span>
     <span class='ocr_line' id='line_1_28' title="bbox 186 2435 2340 2507; baseline 0.002 -24"><span class='ocrx_word' id='word_1_317' title='bbox 186 2435 352 2485; x_wconf 92' lang='lat' dir='ltr'><strong>divino</strong></span> <span class='ocrx_word' id='word_1_318' title='bbox 370 2439 573 2503; x_wconf 88' lang='lat' dir='ltr'><strong>judicio,</strong></span> <span class='ocrx_word' id='word_1_319' title='bbox 600 2442 821 2506; x_wconf 87' lang='lat' dir='ltr'><strong>quamvis</strong></span> <span class='ocrx_word' id='word_1_320' title='bbox 853 2441 1093 2504; x_wconf 89' lang='lat' dir='ltr'><strong>humano,</strong></span> <span class='ocrx_word' id='word_1_321' title='bbox 1127 2461 1150 2485; x_wconf 85' lang='lat'><strong><em>«</em></strong></span> <span class='ocrx_word' id='word_1_322' title='bbox 1167 2441 1253 2489; x_wconf 88' lang='lat' dir='ltr'><strong>sed</strong></span> <span class='ocrx_word' id='word_1_323' title='bbox 1283 2441 1507 2502; x_wconf 87' lang='lat' dir='ltr'><strong>factores,</strong></span> <span class='ocrx_word' id='word_1_324' title='bbox 1537 2462 1559 2486; x_wconf 75' lang='lat'><strong>&gt;2</strong></span> <span class='ocrx_word' id='word_1_325' title='bbox 1587 2441 1638 2489; x_wconf 91' lang='lat' dir='ltr'><strong>id</strong></span> <span class='ocrx_word' id='word_1_326' title='bbox 1667 2452 1756 2505; x_wconf 91' lang='lat' dir='ltr'><strong>est,</strong></span> <span class='ocrx_word' id='word_1_327' title='bbox 1793 2443 1906 2507; x_wconf 89' lang='lat' dir='ltr'><strong>quia</strong></span> <span class='ocrx_word' id='word_1_328' title='bbox 1929 2443 2108 2490; x_wconf 90' lang='lat' dir='ltr'><strong>faciunt</strong></span> <span class='ocrx_word' id='word_1_329' title='bbox 2136 2457 2241 2506; x_wconf 87' lang='lat' dir='ltr'><strong>quae</strong></span> <span class='ocrx_word' id='word_1_330' title='bbox 2265 2441 2340 2488; x_wconf 89' lang='lat' dir='ltr'><strong>lex</strong></span> 
     </span>
     <span class='ocr_line' id='line_1_29' title="bbox 186 2521 2342 2591; baseline 0.002 -25"><span class='ocrx_word' id='word_1_331' title='bbox 186 2521 415 2586; x_wconf 88' lang='lat' dir='ltr'><strong>praecipit.</strong></span> <span class='ocrx_word' id='word_1_332' title='bbox 451 2525 510 2570; x_wconf 91' lang='lat' dir='ltr'><strong>At</strong></span> <span class='ocrx_word' id='word_1_333' title='bbox 544 2541 659 2572; x_wconf 90' lang='lat' dir='ltr'><strong>vero</strong></span> <span class='ocrx_word' id='word_1_334' title='bbox 690 2541 803 2572; x_wconf 89' lang='lat' dir='ltr'><strong>cum</strong></span> <span class='ocrx_word' id='word_1_335' title='bbox 838 2524 954 2573; x_wconf 88' lang='lat' dir='ltr'><strong>alibi</strong></span> <span class='ocrx_word' id='word_1_336' title='bbox 982 2525 1109 2572; x_wconf 89' lang='lat' dir='ltr'><strong>dicat</strong></span> <span class='ocrx_word' id='word_1_337' title='bbox 1138 2525 1386 2572; x_wconf 89' lang='lat' dir='ltr'><strong>neminem</strong></span> <span class='ocrx_word' id='word_1_338' title='bbox 1416 2524 1667 2589; x_wconf 89' lang='lat' dir='ltr'><strong>justificari</strong></span> <span class='ocrx_word' id='word_1_339' title='bbox 1702 2543 1760 2574; x_wconf 86' lang='lat' dir='ltr'><strong>ex</strong></span> <span class='ocrx_word' id='word_1_340' title='bbox 1796 2524 2025 2591; x_wconf 88' lang='lat' dir='ltr'><strong>operibus</strong></span> <span class='ocrx_word' id='word_1_341' title='bbox 2052 2525 2183 2588; x_wconf 88' lang='lat' dir='ltr'><strong>legis,</strong></span> <span class='ocrx_word' id='word_1_342' title='bbox 2220 2541 2342 2588; x_wconf 88' lang='lat' dir='ltr'><strong>quo-</strong></span> 
     </span>
     <span class='ocr_line' id='line_1_30' title="bbox 187 2601 2339 2671; baseline 0.002 -24"><span class='ocrx_word' id='word_1_343' title='bbox 187 2601 336 2649; x_wconf 90' lang='lat' dir='ltr'><strong>modo</strong></span> <span class='ocrx_word' id='word_1_344' title='bbox 360 2620 491 2651; x_wconf 91' lang='lat' dir='ltr'><strong>nunc</strong></span> <span class='ocrx_word' id='word_1_345' title='bbox 512 2603 628 2652; x_wconf 81' lang='lat' dir='ltr'><strong>dicit</strong></span> <span class='ocrx_word' id='word_1_346' title='bbox 650 2605 855 2654; x_wconf 89' lang='lat' dir='ltr'><strong>factores</strong></span> <span class='ocrx_word' id='word_1_347' title='bbox 876 2607 994 2670; x_wconf 89' lang='lat' dir='ltr'><strong>legis</strong></span> <span class='ocrx_word' id='word_1_348' title='bbox 1012 2606 1281 2671; x_wconf 85' lang='lat' dir='ltr'><strong>justificari,</strong></span> <span class='ocrx_word' id='word_1_349' title='bbox 1299 2607 1391 2654; x_wconf 92' lang='lat' dir='ltr'><strong>nisi</strong></span> <span class='ocrx_word' id='word_1_350' title='bbox 1412 2607 1510 2654; x_wconf 92' lang='lat' dir='ltr'><strong>hoc</strong></span> <span class='ocrx_word' id='word_1_351' title='bbox 1534 2607 1644 2654; x_wconf 94' lang='lat' dir='ltr'><strong>loco</strong></span> <span class='ocrx_word' id='word_1_352' title='bbox 1668 2607 1874 2654; x_wconf 86' lang='lat' dir='ltr'><strong>factores</strong></span> <span class='ocrx_word' id='word_1_353' title='bbox 1898 2606 2043 2666; x_wconf 89' lang='lat' dir='ltr'><strong>dicat,</strong></span> <span class='ocrx_word' id='word_1_354' title='bbox 2066 2606 2150 2670; x_wconf 93' lang='lat' dir='ltr'><strong>qui</strong></span> <span class='ocrx_word' id='word_1_355' title='bbox 2173 2621 2339 2653; x_wconf 89' lang='lat' dir='ltr'><strong>amore</strong></span> 
     </span>
     <span class='ocr_line' id='line_1_31' title="bbox 185 2682 2339 2752; baseline 0.003 -26"><span class='ocrx_word' id='word_1_356' title='bbox 185 2682 273 2728; x_wconf 92' lang='lat' dir='ltr'><strong>Dei</strong></span> <span class='ocrx_word' id='word_1_357' title='bbox 304 2683 366 2730; x_wconf 94' lang='lat' dir='ltr'><strong>ad</strong></span> <span class='ocrx_word' id='word_1_358' title='bbox 400 2683 674 2733; x_wconf 88' lang='lat' dir='ltr'><strong>faciendum</strong></span> <span class='ocrx_word' id='word_1_359' title='bbox 710 2687 968 2751; x_wconf 87' lang='lat' dir='ltr'><strong>spontanei</strong></span> <span class='ocrx_word' id='word_1_360' title='bbox 1004 2697 1134 2749; x_wconf 90' lang='lat' dir='ltr'><strong>sunt,</strong></span> <span class='ocrx_word' id='word_1_361' title='bbox 1166 2687 1439 2734; x_wconf 88' lang='lat' dir='ltr'><strong>secundum</strong></span> <span class='ocrx_word' id='word_1_362' title='bbox 1475 2687 1609 2752; x_wconf 89' lang='lat' dir='ltr'><strong>quod</strong></span> <span class='ocrx_word' id='word_1_363' title='bbox 1646 2687 1779 2734; x_wconf 89' lang='lat' dir='ltr'><strong>bona</strong></span> <span class='ocrx_word' id='word_1_364' title='bbox 1813 2686 2036 2733; x_wconf 88' lang='lat' dir='ltr'><strong>voluntas</strong></span> <span class='ocrx_word' id='word_1_365' title='bbox 2070 2701 2159 2750; x_wconf 90' lang='lat' dir='ltr'><strong>pro</strong></span> <span class='ocrx_word' id='word_1_366' title='bbox 2192 2701 2339 2751; x_wconf 88' lang='lat' dir='ltr'><strong>opere</strong></span> 
     </span>
     <span class='ocr_line' id='line_1_32' title="bbox 184 2760 2335 2833; baseline 0.003 -26"><span class='ocrx_word' id='word_1_367' title='bbox 184 2760 293 2809; x_wconf 87' lang='lat' dir='ltr'><strong>facti</strong></span> <span class='ocrx_word' id='word_1_368' title='bbox 316 2774 583 2828; x_wconf 86' lang='lat' dir='ltr'><strong>reputatur,</strong></span> <span class='ocrx_word' id='word_1_369' title='bbox 611 2775 665 2813; x_wconf 86' lang='lat' dir='ltr'><strong>ut</strong></span> <span class='ocrx_word' id='word_1_370' title='bbox 686 2766 929 2815; x_wconf 81' lang='lat' dir='ltr'><strong>diximus?</strong></span> <span class='ocrx_word' id='word_1_371' title='bbox 954 2771 1063 2815; x_wconf 93' lang='lat' dir='ltr'><strong>Non</strong></span> <span class='ocrx_word' id='word_1_372' title='bbox 1087 2769 1216 2815; x_wconf 89' lang='lat' dir='ltr'><strong>enim</strong></span> <span class='ocrx_word' id='word_1_373' title='bbox 1240 2768 1466 2815; x_wconf 84' lang='lat' dir='ltr'><strong>exteriori</strong></span> <span class='ocrx_word' id='word_1_374' title='bbox 1485 2784 1631 2833; x_wconf 86' lang='lat' dir='ltr'><strong>opere</strong></span> <span class='ocrx_word' id='word_1_375' title='bbox 1654 2770 1759 2815; x_wconf 92' lang='lat' dir='ltr'><strong>Deo</strong></span> <span class='ocrx_word' id='word_1_376' title='bbox 1783 2767 2046 2832; x_wconf 89' lang='lat' dir='ltr'><strong>placemus,</strong></span> <span class='ocrx_word' id='word_1_377' title='bbox 2070 2765 2155 2813; x_wconf 91' lang='lat' dir='ltr'><strong>sed</strong></span> <span class='ocrx_word' id='word_1_378' title='bbox 2176 2767 2335 2831; x_wconf 88' lang='lat' dir='ltr'><strong>potius</strong></span> 
     </span>
     <span class='ocr_line' id='line_1_33' title="bbox 183 2843 2336 2914; baseline 0.001 -26"><span class='ocrx_word' id='word_1_379' title='bbox 183 2858 239 2889; x_wconf 82' lang='lat' dir='ltr'><strong>ex</strong></span> <span class='ocrx_word' id='word_1_380' title='bbox 263 2843 529 2893; x_wconf 88' lang='lat' dir='ltr'><strong>voluntate.</strong></span> <span class='ocrx_word' id='word_1_381' title='bbox 567 2847 653 2893; x_wconf 89' lang='lat' dir='ltr'><strong>Hic</strong></span> <span class='ocrx_word' id='word_1_382' title='bbox 680 2847 823 2910; x_wconf 88' lang='lat' dir='ltr'><strong>igitur</strong></span> <span class='ocrx_word' id='word_1_383' title='bbox 848 2847 911 2895; x_wconf 90' lang='lat' dir='ltr'><strong>de</strong></span> <span class='ocrx_word' id='word_1_384' title='bbox 934 2847 1199 2909; x_wconf 84' lang='lat' dir='ltr'><strong>voluntate,</strong></span> <span class='ocrx_word' id='word_1_385' title='bbox 1225 2847 1292 2894; x_wconf 84' lang='lat' dir='ltr'><strong>ibi</strong></span> <span class='ocrx_word' id='word_1_386' title='bbox 1312 2847 1373 2896; x_wconf 90' lang='lat' dir='ltr'><strong>de</strong></span> <span class='ocrx_word' id='word_1_387' title='bbox 1395 2848 1621 2895; x_wconf 88' lang='lat' dir='ltr'><strong>exteriori</strong></span> <span class='ocrx_word' id='word_1_388' title='bbox 1644 2864 1791 2914; x_wconf 91' lang='lat' dir='ltr'><strong>opere</strong></span> <span class='ocrx_word' id='word_1_389' title='bbox 1814 2847 2046 2911; x_wconf 85' lang='lat' dir='ltr'><strong>loquitur.</strong></span> <span class='ocrx_word' id='word_1_390' title='bbox 2078 2850 2336 2894; x_wconf 85' lang='lat' dir='ltr'><strong>Possumus</strong></span> 
     </span>
     <span class='ocr_line' id='line_1_34' title="bbox 185 2923 2336 2993; baseline 0.001 -24"><span class='ocrx_word' id='word_1_391' title='bbox 185 2933 230 2968; x_wconf 88' lang='lat' dir='ltr'><strong>et</strong></span> <span class='ocrx_word' id='word_1_392' title='bbox 258 2923 337 2972; x_wconf 90' lang='lat' dir='ltr'><strong>hic</strong></span> <span class='ocrx_word' id='word_1_393' title='bbox 365 2926 635 2974; x_wconf 88' lang='lat' dir='ltr'><strong>naturalem</strong></span> <span class='ocrx_word' id='word_1_394' title='bbox 656 2926 812 2991; x_wconf 89' lang='lat' dir='ltr'><strong>legem</strong></span> <span class='ocrx_word' id='word_1_395' title='bbox 838 2929 1077 2993; x_wconf 88' lang='lat' dir='ltr'><strong>accipere,</strong></span> <span class='ocrx_word' id='word_1_396' title='bbox 1104 2944 1202 2992; x_wconf 91' lang='lat' dir='ltr'><strong>qua</strong></span> <span class='ocrx_word' id='word_1_397' title='bbox 1226 2928 1329 2976; x_wconf 91' lang='lat' dir='ltr'><strong>sola</strong></span> <span class='ocrx_word' id='word_1_398' title='bbox 1352 2938 1557 2975; x_wconf 92' lang='lat' dir='ltr'><strong>utuntur</strong></span> <span class='ocrx_word' id='word_1_399' title='bbox 1577 2927 1809 2976; x_wconf 86' lang='lat' dir='ltr'><strong>Gentiles.</strong></span> <span class='ocrx_word' id='word_1_400' title='bbox 1838 2931 1910 2975; x_wconf 92' lang='lat' dir='ltr'><strong>De</strong></span> <span class='ocrx_word' id='word_1_401' title='bbox 1932 2927 2107 2991; x_wconf 89' lang='lat' dir='ltr'><strong>quihus</strong></span> <span class='ocrx_word' id='word_1_402' title='bbox 2130 2942 2247 2974; x_wconf 91' lang='lat' dir='ltr'><strong>vero</strong></span> <span class='ocrx_word' id='word_1_403' title='bbox 2271 2926 2336 2973; x_wconf 90' lang='lat' dir='ltr'><strong>ait</strong></span> 
     </span>
     <span class='ocr_line' id='line_1_35' title="bbox 184 3002 2334 3074; baseline 0.002 -26"><span class='ocrx_word' id='word_1_404' title='bbox 184 3011 231 3049; x_wconf 88' lang='lat' dir='ltr'><strong>et</strong></span> <span class='ocrx_word' id='word_1_405' title='bbox 253 3002 303 3049; x_wconf 91' lang='lat' dir='ltr'><strong>in</strong></span> <span class='ocrx_word' id='word_1_406' title='bbox 327 3006 657 3068; x_wconf 89' lang='lat' dir='ltr'><strong>sequentibus,</strong></span> <span class='ocrx_word' id='word_1_407' title='bbox 689 3007 811 3055; x_wconf 90' lang='lat' dir='ltr'><strong>illud</strong></span> <span class='ocrx_word' id='word_1_408' title='bbox 842 3008 904 3055; x_wconf 91' lang='lat' dir='ltr'><strong>de</strong></span> <span class='ocrx_word' id='word_1_409' title='bbox 932 3008 1037 3073; x_wconf 86' lang='lat' dir='ltr'><strong>lege</strong></span> <span class='ocrx_word' id='word_1_410' title='bbox 1067 3009 1245 3074; x_wconf 89' lang='lat' dir='ltr'><strong>scripta</strong></span> <span class='ocrx_word' id='word_1_411' title='bbox 1267 3025 1472 3074; x_wconf 88' lang='lat' dir='ltr'><strong>operum</strong></span> <span class='ocrx_word' id='word_1_412' title='bbox 1498 3008 1726 3073; x_wconf 86' lang='lat' dir='ltr'><strong>intellige,</strong></span> <span class='ocrx_word' id='word_1_413' title='bbox 1754 3019 1807 3055; x_wconf 90' lang='lat' dir='ltr'><strong>ut</strong></span> <span class='ocrx_word' id='word_1_414' title='bbox 1828 3007 2049 3055; x_wconf 90' lang='lat' dir='ltr'><strong>videlicet</strong></span> <span class='ocrx_word' id='word_1_415' title='bbox 2071 3008 2138 3055; x_wconf 86' lang='lat' dir='ltr'><strong>ita</strong></span> <span class='ocrx_word' id='word_1_416' title='bbox 2158 3006 2334 3055; x_wconf 75' lang='lat' dir='ltr'><strong>intelli-</strong></span> 
     </span>
     <span class='ocr_line' id='line_1_36' title="bbox 185 3087 2330 3154; baseline 0.001 -24"><span class='ocrx_word' id='word_1_417' title='bbox 185 3093 337 3147; x_wconf 86' lang='lat' dir='ltr'><strong>gatur,</strong></span> <span class='ocrx_word' id='word_1_418' title='bbox 364 3087 497 3148; x_wconf 91' lang='lat' dir='ltr'><strong>quod</strong></span> <span class='ocrx_word' id='word_1_419' title='bbox 521 3105 623 3134; x_wconf 92' lang='lat' dir='ltr'><strong>non</strong></span> <span class='ocrx_word' id='word_1_420' title='bbox 646 3088 713 3135; x_wconf 90' lang='lat' dir='ltr'><strong>illi</strong></span> <span class='ocrx_word' id='word_1_421' title='bbox 739 3098 927 3136; x_wconf 85' lang='lat' dir='ltr'><strong>tantum</strong></span> <span class='ocrx_word' id='word_1_422' title='bbox 951 3089 1038 3154; x_wconf 89' lang='lat' dir='ltr'><strong>qui</strong></span> <span class='ocrx_word' id='word_1_423' title='bbox 1061 3089 1267 3137; x_wconf 86' lang='lat' dir='ltr'><strong>audiunt</strong></span> <span class='ocrx_word' id='word_1_424' title='bbox 1287 3089 1437 3138; x_wconf 88' lang='lat' dir='ltr'><strong>verba</strong></span> <span class='ocrx_word' id='word_1_425' title='bbox 1457 3090 1575 3153; x_wconf 87' lang='lat' dir='ltr'><strong>legis</strong></span> <span class='ocrx_word' id='word_1_426' title='bbox 1600 3088 1829 3137; x_wconf 87' lang='lat' dir='ltr'><strong>naturalis</strong></span> <span class='ocrx_word' id='word_1_427' title='bbox 1846 3089 1962 3153; x_wconf 88' lang='lat' dir='ltr'><strong>justi</strong></span> <span class='ocrx_word' id='word_1_428' title='bbox 1977 3098 2116 3150; x_wconf 87' lang='lat' dir='ltr'><strong>sunt,</strong></span> <span class='ocrx_word' id='word_1_429' title='bbox 2142 3088 2224 3136; x_wconf 91' lang='lat' dir='ltr'><strong>sed</strong></span> <span class='ocrx_word' id='word_1_430' title='bbox 2250 3087 2330 3151; x_wconf 87' lang='lat' dir='ltr'><strong>qui</strong></span> 
     </span>
     <span class='ocr_line' id='line_1_37' title="bbox 183 3165 2330 3235; baseline 0.001 -25"><span class='ocrx_word' id='word_1_431' title='bbox 183 3178 329 3228; x_wconf 86' lang='lat' dir='ltr'><strong>opere</strong></span> <span class='ocrx_word' id='word_1_432' title='bbox 365 3165 629 3230; x_wconf 82' lang='lat' dir='ltr'><strong>complent.</strong></span> <span class='ocrx_word' id='word_1_433' title='bbox 668 3168 829 3216; x_wconf 88' lang='lat' dir='ltr'><strong>Verba</strong></span> <span class='ocrx_word' id='word_1_434' title='bbox 866 3179 1029 3217; x_wconf 90' lang='lat' dir='ltr'><strong>autem</strong></span> <span class='ocrx_word' id='word_1_435' title='bbox 1069 3169 1186 3235; x_wconf 87' lang='lat' dir='ltr'><strong>legis</strong></span> <span class='ocrx_word' id='word_1_436' title='bbox 1218 3170 1449 3218; x_wconf 85' lang='lat' dir='ltr'><strong>naturalis</strong></span> <span class='ocrx_word' id='word_1_437' title='bbox 1483 3170 1563 3217; x_wconf 88' lang='lat' dir='ltr'><strong>illa</strong></span> <span class='ocrx_word' id='word_1_438' title='bbox 1600 3179 1740 3231; x_wconf 87' lang='lat' dir='ltr'><strong>sunt,</strong></span> <span class='ocrx_word' id='word_1_439' title='bbox 1783 3186 1888 3234; x_wconf 85' lang='lat' dir='ltr'><strong>quae</strong></span> <span class='ocrx_word' id='word_1_440' title='bbox 1926 3170 2012 3216; x_wconf 92' lang='lat' dir='ltr'><strong>Dei</strong></span> <span class='ocrx_word' id='word_1_441' title='bbox 2049 3179 2095 3216; x_wconf 90' lang='lat' dir='ltr'><strong>et</strong></span> <span class='ocrx_word' id='word_1_442' title='bbox 2126 3167 2330 3233; x_wconf 89' lang='lat' dir='ltr'><strong>proximi</strong></span> 
     </span>
     <span class='ocr_line' id='line_1_38' title="bbox 183 3245 2329 3311; baseline 0.001 -20"><span class='ocrx_word' id='word_1_443' title='bbox 183 3245 428 3293; x_wconf 88' lang='lat' dir='ltr'><strong>caritatem</strong></span> <span class='ocrx_word' id='word_1_444' title='bbox 446 3249 813 3310; x_wconf 87' lang='lat' dir='ltr'><strong>commendant,</strong></span> <span class='ocrx_word' id='word_1_445' title='bbox 840 3250 980 3298; x_wconf 87' lang='lat' dir='ltr'><strong>sicuti</strong></span> <span class='ocrx_word' id='word_1_446' title='bbox 1004 3251 1095 3299; x_wconf 90' lang='lat' dir='ltr'><strong>ista</strong></span> <span class='ocrx_word' id='word_1_447' title='bbox 1118 3269 1128 3298; x_wconf 75' lang='lat' dir='ltr'><strong><em>z</em></strong></span> <span class='ocrx_word' id='word_1_448' title='bbox 1154 3251 1340 3310; x_wconf 88' lang='lat' dir='ltr'><strong>«Quod</strong></span> <span class='ocrx_word' id='word_1_449' title='bbox 1365 3250 1451 3298; x_wconf 88' lang='lat' dir='ltr'><strong>tibi</strong></span> <span class='ocrx_word' id='word_1_450' title='bbox 1474 3249 1577 3298; x_wconf 82' lang='lat' dir='ltr'><strong>fieri</strong></span> <span class='ocrx_word' id='word_1_451' title='bbox 1601 3266 1701 3297; x_wconf 91' lang='lat' dir='ltr'><strong>non</strong></span> <span class='ocrx_word' id='word_1_452' title='bbox 1726 3250 1815 3311; x_wconf 84' lang='lat' dir='ltr'><strong>viS,</strong></span> <span class='ocrx_word' id='word_1_453' title='bbox 1844 3249 1977 3297; x_wconf 87' lang='lat' dir='ltr'><strong>alteri</strong></span> <span class='ocrx_word' id='word_1_454' title='bbox 2011 3266 2075 3297; x_wconf 91' lang='lat' dir='ltr'><strong>ne</strong></span> <span class='ocrx_word' id='word_1_455' title='bbox 2101 3248 2281 3296; x_wconf 90' lang='lat' dir='ltr'><strong>feceris.</strong></span> <span class='ocrx_word' id='word_1_456' title='bbox 2305 3267 2329 3289; x_wconf 68' lang='grc' dir='ltr'>κ</span> 
     </span>
     <span class='ocr_line' id='line_1_39' title="bbox 184 3326 1939 3393; baseline 0.004 -23"><span class='ocrx_word' id='word_1_457' title='bbox 184 3326 241 3372; x_wconf 90' lang='lat' dir='ltr'><strong>Et</strong></span> <span class='ocrx_word' id='word_1_458' title='bbox 268 3343 278 3371; x_wconf 81' lang='lat' dir='ltr'><em>z</em></span> <span class='ocrx_word' id='word_1_459' title='bbox 300 3345 323 3371; x_wconf 89' lang='lat'><strong><em>«</em></strong></span> <span class='ocrx_word' id='word_1_460' title='bbox 343 3328 488 3386; x_wconf 88' lang='lat' dir='ltr'><strong>Quod</strong></span> <span class='ocrx_word' id='word_1_461' title='bbox 511 3328 652 3377; x_wconf 87' lang='lat' dir='ltr'><strong>vultis</strong></span> <span class='ocrx_word' id='word_1_462' title='bbox 674 3341 727 3378; x_wconf 87' lang='lat' dir='ltr'><strong>ut</strong></span> <span class='ocrx_word' id='word_1_463' title='bbox 747 3330 922 3379; x_wconf 82' lang='lat' dir='ltr'><strong>saciant</strong></span> <span class='ocrx_word' id='word_1_464' title='bbox 944 3331 1084 3380; x_wconf 91' lang='lat' dir='ltr'><strong>vobis</strong></span> <span class='ocrx_word' id='word_1_465' title='bbox 1108 3331 1351 3393; x_wconf 90' lang='lat' dir='ltr'><strong>homines,</strong></span> <span class='ocrx_word' id='word_1_466' title='bbox 1380 3341 1427 3379; x_wconf 89' lang='lat' dir='ltr'><strong>et</strong></span> <span class='ocrx_word' id='word_1_467' title='bbox 1451 3348 1539 3379; x_wconf 86' lang='lat' dir='ltr'><strong>vos</strong></span> <span class='ocrx_word' id='word_1_468' title='bbox 1561 3331 1699 3379; x_wconf 85' lang='lat' dir='ltr'><strong>facite</strong></span> <span class='ocrx_word' id='word_1_469' title='bbox 1720 3330 1868 3378; x_wconf 82' lang='lat' dir='ltr'><strong>illis.»</strong></span> <span class='ocrx_word' id='word_1_470' title='bbox 1933 3362 1939 3369; x_wconf 89' lang='lat'><em>·</em></span> 
     </span>
    </p>
   </div>
  </div>
 </body>
</html>
