2638 3866
231 199 326 246 698
1034 193 1206 240 PETRI
1241 191 1556 240 ABAELARD!

232 299 315 362 qui
346 297 406 345 ab
438 297 531 344 alio
564 311 664 342 non
700 303 771 341 est
796 301 841 339 et
877 308 967 338 nos
997 292 1062 339 ita
1095 290 1265 339 beatos
1299 290 1467 350 efficit,
1505 307 1748 338 summum
1783 291 1992 339 hominis
2029 291 2262 339 dicendus
2299 303 2369 340 est

231 378 434 425 bonum.

302 460 488 502 Pfflms.
526 453 684 500 Placet
724 453 889 517 utique
923 451 1002 499 illa
1035 450 1096 499 de
1137 468 1327 499 summo
1368 451 1503 498 bono
1548 452 1781 499 sententia
1816 468 1922 515 quae
1954 467 2043 498 nec
2082 451 2367 517 prophetiae¹

233 545 406 582 nostrae
443 543 512 580 est
546 533 726 596 ignota.
761 531 854 579 Sed
878 532 917 579 si
949 531 1069 593 haec,
1106 540 1158 578 ut
1189 530 1368 594 dicitis,
1403 531 1525 578 visio
1558 531 1644 578 Dei
1680 548 1786 596 quae
1818 530 1986 579 beatos
2021 529 2181 590 efficit,
2221 531 2370 579 oculis

233 624 422 662 tantum
442 613 632 675 mentis,
659 629 759 660 non
772 612 998 677 *corporis
1020 620 1165 676 patet,
1189 611 1306 675 quid
1331 628 1523 659 necesse
1546 620 1617 658 est
1635 611 1810 658 sanctis
1833 610 2105 669 animabus,
2128 620 2179 657 ut
2195 611 2367 669 dicitis,

233 710 438 758 corpora
473 709 558 740 sua
593 692 790 740 tandem
826 708 1085 752 resumere,
1125 691 1261 756 quasi
1293 707 1379 756 per
1412 690 1508 738 hoc
1533 707 1699 738 earum
1736 690 1885 754 gloria
1922 689 1998 738 vel
2033 689 2280 738 beatitudo
2314 692 2373 738 sit

232 772 480 837 augenda?
505 774 626 819 Cum
649 772 794 831 enim,
822 781 872 819 ut
901 771 1072 832 dicitis,
1106 787 1332 819 mensura
1353 770 1563 818 hominis
1588 787 1693 834 quae
1717 779 1764 817 et
1786 770 1967 833 angeli,
1991 769 2109 835 quid
2136 769 2198 817 ad
2227 769 2374 817 beati-

232 852 450 899 tudinem
473 861 680 899 vestram
702 852 932 899 resumtio
956 850 1154 917 prodest
1176 867 1438 916 corporum
1461 867 1591 915 quae,
1630 867 1740 897 curn
1775 850 1954 913 angelis
1987 849 2165 910 desint,
2196 866 2374 914 nequa-

233 949 381 996 quam
404 941 564 979 tamen
589 949 758 979 eorum
780 931 1079 997 praepediunt
1101 931 1176 978 vel
1200 932 1425 979 minuunt
1447 929 1792 978 beatitudinem
1811 929 1830 974 Ρ

298 1014 568 1059 Cnmsum.
613 1013 789 1059 Omnia
814 1014 828 1036 ²
866 1027 971 1076 quae
1010 1013 1140 1058 Deus
1175 999 1309 1075 agit,
1342 1027 1443 1058 non
1489 1020 1589 1057 tam
1626 1009 1688 1057 ad
1731 1009 2076 1057 beatitudinem
2129 1019 2371 1068 nostram,

232 1107 379 1156 quam
413 1092 475 1139 ad
511 1092 707 1155 gloriam
748 1107 884 1139 suam
919 1091 1182 1153 convertit,
1223 1100 1276 1138 ut
1311 1091 1389 1138 illa
1426 1107 1531 1154 quae
1571 1089 1817 1137 nonnullis
1854 1090 2027 1136 nociva
2061 1099 2189 1136 sunt.
2241 1089 2376 1136 Unde

233 1171 459 1219 Salomon
475 1174 488 1196 ³
516 1190 525 1217 ε
557 1192 580 1216 «
602 1174 806 1236 Propter
828 1172 1138 1236 semetipsum
1160 1172 1323 1219 omnia
1342 1171 1521 1218 creavit
1546 1173 1692 1230 Deus,
1716 1171 1918 1235 impium
1942 1186 2138 1234 quoque
2161 1169 2223 1216 ad
2247 1169 2376 1216 diem

234 1252 433 1299 malum.
459 1272 480 1295 »
511 1255 617 1316 Ipsa
638 1252 842 1316 [quoque
876 1252 1017 1298 etiam
1038 1267 1184 1315 poena
1218 1267 1312 1314 qua
1347 1251 1448 1314 ejus
1478 1251 1779 1314 iniquitatem
1808 1253 1937 1297 Deus
1969 1250 2125 1314 punit,
2146 1249 2378 1313 justitiam

233 1332 322 1378 Dei
350 1330 685 1390 commendat,
722 1341 769 1378 et
803 1331 869 1377 sic
904 1348 1016 1378 eum
1049 1330 1296 1395 glorificat.
1331 1331 1560 1388 Quamvis
1596 1331 1757 1394 itaque
1793 1346 2082 1395 poneremus
2116 1345 2376 1394 corporum

233 1411 363 1458 illam
408 1411 755 1458 resumtionem
791 1410 912 1457 nihil
947 1410 1120 1458 sanctis
1157 1410 1410 1458 animabus
1452 1409 1763 1458 beatitudinis
1794 1410 2041 1469 conferre,
2087 1426 2186 1456 non
2216 1419 2376 1456 tamen

235 1507 341 1538 eam
367 1508 648 1540 censeamus
679 1492 994 1557 superfluam,
1021 1508 1126 1555 quae
1161 1490 1223 1538 ad
1255 1490 1428 1539 divinae
1459 1490 1685 1556 potentiae
1720 1490 1912 1538 laudem
1943 1490 2208 1556 plurimum
2232 1490 2375 1537 valet.

236 1574 344 1628 Quo
380 1572 508 1619 enim
548 1571 628 1619 illa
661 1572 794 1636 prius
829 1570 1096 1620 infirmiora
1131 1581 1177 1619 et
1208 1571 1419 1636 passioni
1447 1571 1763 1635 cognovimus
1800 1570 2038 1629 obnoxia,
2074 1579 2207 1617 tanto
2242 1580 2379 1635 post-

236 1651 438 1698 modum
473 1652 623 1715 magis
655 1654 811 1698 Deum
852 1651 1219 1714 glorificandum
1252 1651 1483 1711 ostendit3
1519 1661 1565 1699 et
1598 1667 1710 1699 cum
1743 1652 1810 1698 sic
1841 1667 1898 1698 ea
1925 1650 2145 1698 videlicet
2180 1650 2379 1697 solidata

237 1741 284 1777 et
306 1730 656 1778 indissolubilia
681 1731 951 1778 videbimus
987 1732 1134 1793 facta,
1162 1742 1215 1779 ut
1246 1731 1378 1780 nulla
1407 1749 1464 1779 ex
1489 1733 1555 1779 eis
1580 1732 1738 1797 passio
1773 1732 1916 1779 nobis
1947 1732 2217 1796 provenire,
2250 1730 2382 1778 nulla

236 1809 285 1854 in
324 1809 391 1855 eis
434 1808 684 1855 dissolutio
722 1808 873 1872 possit
921 1808 1228 1870 contingere,
1264 1808 1378 1855 hinc
1423 1809 1567 1855 etiam
1602 1808 1825 1855 nonnihil
1871 1807 2181 1855 beatitudinis
2212 1808 2381 1855 animae

237 1891 462 1938 videntur
485 1891 789 1952 contrahere,
817 1891 954 1955 quia,
982 1907 1080 1955 quo
1116 1891 1320 1955 amplius
1356 1890 1528 1938 divinae
1559 1891 1784 1956 potentiae
1816 1890 2196 1953 magnitudinem
2234 1907 2381 1955 expe-

237 1972 436 2032 rientur,
464 1971 670 2036 amplius
691 1988 803 2018 eum
826 1970 1023 2034 diligere
1048 1980 1094 2017 et
1117 1970 1357 2018 beatiores
1381 1987 1482 2018 esse
1500 1987 1601 2018 non
1621 1981 1733 2018 sunt
1756 1970 2063 2035 denegandae.

303 2054 493 2098 PHILos.
529 2051 651 2098 Illud
680 2067 876 2115 quoque
900 2049 1102 2098 obsecro
1128 2049 1379 2106 dilucides,
1417 2060 1579 2098 utrum
1607 2050 1688 2098 illa
1717 2051 1806 2098 Dei
1842 2050 1980 2109 visio,
2019 2050 2070 2095 in
2105 2064 2202 2113 qua
2235 2048 2382 2096 beati-

239 2130 357 2178 tudo
385 2131 620 2192 consistit,
655 2131 816 2195 aliqua
840 2131 933 2178 loci
966 2129 1235 2177 differentia
1260 2130 1333 2176 vel
1361 2131 1525 2194 augeri
1550 2130 1627 2178 vel
1655 2131 1830 2189 minui,
1862 2146 1921 2177 an
1946 2130 2051 2194 ipsa
2072 2130 2122 2176 in
2157 2128 2383 2176 omnibus

239 2211 357 2258 locis
386 2211 602 2259 exhiberi
629 2212 856 2259 omnibus
880 2221 1042 2277 queat,
1068 2211 1145 2258 vel
1169 2220 1327 2258 certus
1352 2212 1396 2257 ei
1421 2211 1591 2276 aliquis
1618 2211 1874 2277 deputatus
1902 2211 1961 2258 sit
1983 2209 2142 2271 locus,
2171 2227 2268 2274 quo
2291 2211 2383 2257 sci-

240 2290 350 2338 licet
374 2308 566 2338 necesse
590 2293 649 2338 sit
671 2292 937 2356 pervenire,
969 2293 1052 2356 qui
1075 2291 1155 2339 illa
1176 2291 1365 2338 fruituri
1387 2302 1498 2338 sunt
1521 2292 1704 2339 visione
1723 2292 1742 2337 Ρ

308 2373 577 2419 CnmsnAN.
612 2373 706 2429 Qui
736 2374 892 2419 Deum
919 2372 1098 2436 ubique
1127 2389 1216 2437 per
1247 2373 1469 2437 potentiae
1492 2389 1587 2420 suae
1611 2372 1993 2436 magnitudinem
2023 2388 2123 2419 non
2163 2370 2383 2418 dubitant

242 2467 359 2507 esse,
387 2452 452 2500 ita
477 2452 520 2498 ei
539 2452 703 2498 omnia
721 2451 830 2498 1080
857 2452 1109 2516 praesentia
1131 2451 1334 2499 credunt
1349 2489 1362 2512 ‚
1391 2463 1440 2500 ut
1463 2453 1513 2499 in
1539 2453 1762 2500 omnibus
1784 2469 2082 2517 quaecunque
2108 2452 2220 2498 velit
2242 2466 2379 2514 agere

246 2531 394 2595 possit
437 2541 484 2578 et
528 2541 624 2578 tam
659 2532 763 2596 ipsa
809 2531 942 2590 loca,
988 2548 1135 2595 quam
1171 2533 1335 2580 omnia
1381 2533 1430 2579 in
1463 2531 1554 2579 illis
1596 2533 1697 2596 ejus
1731 2532 2010 2597 operatione
2051 2530 2128 2578 vel
2161 2540 2384 2594 gerantur

243 2610 318 2656 vel
362 2610 699 2677 disponantur,
735 2626 1042 2676 nequaquam
1077 2612 1165 2660 ista
1205 2611 1466 2676 quaestione
1501 2612 1731 2659 movendi
1764 2622 1892 2659 sunt.
1933 2614 2038 2676 lpse
2079 2610 2257 2675 quippe
2292 2621 2379 2671 est,

245 2691 355 2753 qui,
396 2692 462 2738 sic
500 2708 632 2739 nunc
675 2709 871 2756 quoque
916 2693 1018 2739 sine
1055 2693 1298 2758 positione
1331 2692 1470 2741 locali
1513 2693 1635 2740 sicut
1678 2702 1787 2740 ante
1824 2702 2041 2756 tempora
2085 2690 2380 2750 consistens,

247 2786 344 2816 non
378 2780 474 2817 tam
509 2772 558 2818 in
598 2771 707 2818 loco
741 2789 840 2819 esse
879 2772 1131 2820 ducendus
1173 2784 1271 2834 est,
1314 2774 1397 2838 qui
1438 2771 1709 2820 nullatenus
1746 2772 1908 2820 localis
1945 2781 2038 2833 est,
2075 2787 2220 2835 quam
2250 2771 2299 2817 in
2335 2787 2384 2817 se

249 2860 418 2897 cuncta
458 2851 747 2899 concludere
790 2853 923 2911 loca,
969 2854 1099 2918 ipsos
1133 2853 1304 2914 etiam,
1341 2864 1394 2901 ut
1433 2854 1663 2919 scriptum
1702 2854 1814 2913 est'·,
1861 2873 1883 2895 «
1910 2851 2056 2899 coelos
2104 2851 2265 2916 palmo
2296 2866 2384 2897 suo

249 2930 558 2977 continens.»
597 2932 692 2989 Qui
732 2933 862 2979 enim
885 2943 996 2981 ante
1029 2935 1192 2980 omnia
1225 2934 1328 2981 sine
1359 2934 1468 2981 loco
1499 2933 1695 2994 exstitit,
1734 2948 1822 2979 nec
1847 2931 1937 2979 sibi
1971 2931 2118 2996 ipsius
2153 2930 2379 2990 modum,

250 3008 334 3054 sed
371 3009 509 3055 nobis
546 3011 652 3058 loca
692 3011 958 3073 fabricavit,
1003 3013 1138 3076 cujus
1175 3029 1263 3060 nec
1302 3013 1454 3060 minui
1493 3030 1582 3060 nec
1604 3014 1766 3078 augeri
1796 3012 2047 3060 beatitudo
2075 3019 2229 3077 potest
2258 3027 2268 3055 ε
2295 3025 2383 3056 nec

250 3081 395 3128 ullam
434 3084 677 3148 percipere
718 3085 1059 3146 variationem,
1102 3086 1285 3134 nullam
1327 3087 1668 3152 perfectionem
1715 3103 1935 3152 quoque,
1977 3086 2098 3133 sicut
2137 3100 2225 3132 nec
2253 3083 2382 3148 posi-

296 3268 301 3285 ¹
316 3265 437 3299 Forsan
448 3265 757 3308 Philosophioe.-²
771 3267 960 3301 Rheinwald
975 3270 1138 3302 omnium.
1151 3273 1210 3294 —3
1223 3272 1342 3312 Pr0v.,
1359 3280 1430 3312 cap.
1450 3280 1523 3313 xvi,
1542 3281 1572 3304 v.
1590 3274 1619 3305 4.
1640 3289 1677 3295 —
1698 3270 1802 3311 615ειί.,
1817 3279 1887 3311 cap.
1903 3278 1961 3310 xz,
1976 3277 2005 3300 v.
2020 3270 2068 3301 12.
