2638 3866
213 260 307 307 068
1031 254 1194 301 PETRI
1227 253 1538 302 ABAELARDI

1064 559 1314 619 CAPUT
1359 561 1506 622 XXI.

949 722 1044 769 Quae
1080 728 1254 773 spectent
1287 719 1338 760 ad
1373 721 1615 774 sapientiam.

272 900 371 942 Viso
395 899 449 942 de
464 900 659 958 potentia
681 909 724 941 et
746 901 835 956 ejus
856 899 1097 954 effectibus,
1118 915 1233 943 nunc
1256 900 1310 944 de
1332 901 1538 961 sapientia
1552 899 1773 960 paululum
1791 898 2061 943 disseramus.
2081 901 2132 942 In
2149 900 2355 960 sapientia

208 967 337 1027 igitur
352 965 595 1009 continetur
610 965 898 1025 providentia,
917 966 1001 1020 vel,
1018 966 1137 1025 quod
1149 966 1267 1009 idem
1280 978 1359 1022 est,
1376 967 1644 1027 praescientia
1661 977 1704 1009 et
1719 965 2055 1026 praedestinatio.
2067 967 2133 1008 Ex
2149 966 2355 1026 sapientia

208 1031 421 1091 siquidem
443 1047 520 1074 sua
540 1032 708 1091 praescit
730 1042 773 1075 et
792 1031 991 1091 providet
1013 1032 1160 1074 omnia
1180 1043 1412 1092 antequam
1428 1031 1534 1074 fiant
1554 1031 1622 1076 vel
1645 1032 1749 1086 sint,
1775 1047 1871 1091 quae
1894 1031 2069 1091 quidem
2084 1031 2357 1091 providentia

209 1098 329 1141 nullo
346 1097 480 1140 modo
502 1096 592 1139 falli
609 1107 767 1157 potest.
788 1097 958 1157 Quippe
977 1113 1075 1140 cum
1097 1098 1183 1141 hoc
1203 1098 1422 1157 provisum
1444 1098 1513 1150 sit,
1537 1113 1627 1140 non
1647 1097 1740 1141 fieri
1753 1114 1842 1141 non
1863 1109 2020 1158 potest.
2045 1097 2157 1140 Iliae
2179 1097 2356 1156 quidam

209 1179 338 1223 prave
360 1163 644 1222 intelligentes
666 1163 812 1205 omnia
836 1177 891 1206 ex
918 1164 1166 1206 necessitate
1188 1163 1280 1206 fieri
1300 1174 1576 1223 putaverunt.
1601 1163 1687 1218 Qui
1716 1163 1893 1223 quidem
1926 1174 2014 1206 tam
2034 1164 2202 1206 ratione
2227 1178 2358 1222 quam

207 1230 566 1288 philosophorum
592 1229 845 1271 auctoritate
867 1229 1160 1273 confutantur.
1192 1229 1344 1288 Neque
1381 1229 1498 1272 enim
1526 1245 1580 1272 ex
1602 1244 1704 1272 vera
1734 1245 1833 1272 cum
1865 1229 2221 1272 determinatione
2253 1227 2358 1271 falsa

208 1295 390 1355 simplex
407 1295 590 1337 infertur
606 1295 844 1354 propositio
857 1308 868 1349 3
884 1306 948 1349 ut,
963 1311 1062 1338 cum
1075 1311 1179 1338 vera
1193 1296 1245 1337 sit
1266 1296 1369 1338 ista:
1383 1297 1480 1338 Hoc
1491 1296 1712 1355 provisum
1729 1311 1755 1338 a
1769 1297 1879 1350 Deo,
1893 1296 2132 1338 necessario
2148 1311 2239 1337 non
2254 1294 2358 1337 inde

208 1372 349 1419 potest
364 1361 512 1403 inferri
533 1361 675 1420 :Ergo
694 1361 780 1403 hoc
803 1362 1041 1404 necessario
1066 1361 1259 1403 futurum
1282 1373 1359 1405 est.
1372 1363 1424 1404 In
1445 1361 1573 1404 nobis
1595 1377 1768 1421 quoque
1790 1361 1899 1404 illud
1921 1361 2009 1404 falli
2029 1372 2249 1420 promtum
2270 1371 2354 1414 est3

208 1437 272 1481 ut,
297 1442 368 1469 me
389 1427 563 1470 vidente
587 1442 761 1470 currum
779 1427 869 1487 agi,
894 1442 1042 1469 currus
1062 1428 1301 1470 necessario
1322 1429 1486 1488 agitur,
1513 1443 1652 1487 neque
1675 1428 1792 1471 enim
1819 1427 2025 1486 sequitur,
2050 1428 2085 1470 si
2107 1443 2198 1469 non
2216 1437 2359 1486 potest

210 1493 335 1535 simul
355 1507 449 1535 esse
470 1492 591 1551 quod
613 1507 694 1552 ego
716 1491 890 1534 videam
912 1508 1086 1535 currum
1117 1493 1186 1552 agi
1209 1503 1252 1535 et
1274 1509 1423 1536 currus
1445 1509 1536 1536 non
1563 1505 1730 1553 agatur.
1763 1493 1939 1536 Nullam
1968 1492 2178 1552 siquidem
2206 1507 2359 1536 neces-

210 1558 378 1601 sitatem
397 1557 527 1601 infert
547 1557 823 1617 providentia
842 1573 988 1601 rerum
1010 1559 1251 1613 eventibus,
1276 1559 1353 1602 sed
1375 1559 1482 1602 sicut
1496 1575 1540 1603 se
1561 1559 1726 1603 habent
1746 1575 1813 1602 res
1831 1559 1887 1602 ad
1908 1570 2153 1618 utrumque,
2178 1558 2238 1601 sic
2259 1573 2361 1617 pro—

209 1623 410 1666 videntur
432 1639 476 1666 se
501 1624 680 1667 habere.
706 1624 814 1678 Quae
841 1624 1134 1683 providentia,
1157 1624 1245 1668 sive
1265 1626 1400 1668 mavis
1422 1625 1565 1668 dicere
1586 1626 1854 1686 praescientia
1885 1625 2063 1668 omnino
2085 1623 2361 1667 immutabilis

212 1700 290 1742 est,
314 1704 456 1747 neque
473 1690 576 1732 novi
597 1690 675 1732 scit
697 1689 858 1748 aliquid
879 1691 1010 1743 Deus,
1036 1690 1154 1748 quod
1179 1691 1234 1733 ab
1259 1702 1420 1734 aeterno
1445 1692 1660 1743 nescierit,
1685 1707 1766 1734 nec
1788 1692 1833 1734 in
1856 1692 2000 1734 futuro
2021 1690 2257 1749 quidquam
2275 1690 2360 1732 sci-

211 1765 331 1796 turus
356 1765 439 1808 est,
471 1755 590 1814 quod
620 1755 754 1797 modo
784 1757 970 1807 nesciat;
996 1767 1044 1798 ut
1073 1772 1143 1799 me
1172 1756 1306 1799 modo
1329 1757 1398 1800 vel
1427 1758 1560 1800 hodie
1586 1758 1754 1817 legere3
1781 1758 1836 1800 ab
1870 1768 2032 1800 aeterno
2063 1756 2220 1815 quippe
2243 1755 2363 1798 scivit

212 1835 282 1863 me
304 1820 515 1862 lecturum
534 1819 688 1876 hodie,
731 1821 777 1862 in
825 1832 1032 1864 aeternum
1059 1822 1161 1864 sciet
1192 1838 1262 1864 me
1294 1822 1442 1882 legisse
1464 1823 1614 1866 hodie.
1646 1824 1701 1865 Et
1724 1833 1849 1877 nota,
1875 1822 1994 1881 quod
2015 1821 2263 1879 hujusmodi
2285 1821 2364 1864 ad-

210 1886 357 1928 verbia
379 1885 535 1949 eodem
555 1896 750 1946 tempore
766 1887 933 1948 prolata
944 1886 1109 1929 diversa
1131 1886 1385 1947 significant,
1404 1898 1452 1929 ut
1461 1888 1495 1930 si
1508 1887 1641 1930 modo
1664 1887 1804 1932 dicam
1825 1903 1834 1930 z
1854 1889 1958 1948 Legi
1972 1888 2082 1940 heri,
2099 1886 2196 1947 lego
2210 1885 2359 1940 hodie,

210 1950 351 2011 legam
375 1968 482 1994 cras.
502 1952 678 1995 Diversa
695 1963 808 2008 sunt,
834 1968 905 1995 me
926 1951 1076 2012 legisse
1092 1953 1186 1995 heri
1202 1963 1245 1995 et
1266 1968 1336 1995 me
1358 1953 1500 2012 legere
1521 1953 1653 1996 hodie
1671 1963 1714 1996 et
1734 1969 1804 1996 me
1821 1952 2033 1996 lecturum
2052 1967 2158 1997 cras.
2184 1952 2362 1994 Diverso

210 2033 314 2060 vero
334 2027 531 2076 tempore
553 2017 721 2077 prolata
740 2018 859 2061 idem
874 2017 1138 2077 significant;
1153 2029 1216 2072 ut,
1235 2019 1270 2061 si
1293 2020 1386 2077 quis
1409 2018 1525 2062 dicat
1545 2035 1555 2062 z
1582 2020 1857 2062 Hermannus
1877 2018 1992 2078 leget
2015 2033 2124 2071 cras,
2150 2017 2224 2076 qui
2244 2016 2363 2060 idem

213 2083 328 2126 dicat
345 2099 355 2126 ε
380 2083 654 2126 Hermannus
669 2083 773 2144 legit
792 2083 926 2126 hodie
938 2116 949 2138 ,
969 2083 1087 2126 idem
1106 2082 1314 2143 significat
1331 2100 1381 2126 ac
1401 2084 1435 2126 si
1450 2084 1568 2142 quod
1579 2100 1660 2145 ego
1675 2084 1807 2128 hodie
1822 2084 2018 2144 legerim.
2033 2083 2157 2126 Idem
2176 2097 2364 2140 namque

213 2159 291 2203 est,
317 2165 386 2192 me
414 2149 509 2192 heri
536 2149 663 2192 fuisse
683 2149 816 2192 hodie
839 2149 1074 2203 lecturum,
1101 2160 1145 2192 et
1175 2165 1246 2192 me
1268 2149 1400 2192 hodie
1429 2149 1588 2209 legere,
1614 2160 1658 2192 et
1681 2166 1774 2192 cras
1805 2165 1875 2192 me
1908 2149 2041 2192 hodie
2070 2148 2237 2208 legisse.
2268 2149 2364 2207 Ipsa

213 2214 426 2272 siquidem
445 2214 579 2257 verba
602 2215 670 2258 vel
696 2226 893 2275 tempora
914 2215 1015 2257 licet
1042 2215 1126 2257 sint
1147 2225 1335 2270 mutata,
1360 2215 1479 2258 idem
1502 2226 1650 2259 tamen
1676 2231 1825 2258 verum
1852 2225 2093 2276 permanet.
2118 2215 2215 2273 Ipse
2236 2214 2366 2273 igitur

214 2296 313 2322 eum
340 2281 393 2322 sit
409 2314 420 2335 ,
454 2282 523 2324 cui
551 2281 669 2323 nulla
688 2282 872 2324 mutatio
897 2281 1103 2340 temporis
1123 2281 1316 2337 obsistat,
1344 2282 1502 2341 quippe
1527 2282 1636 2325 nihil
1667 2293 1730 2325 est
1758 2282 1871 2324 inter
1902 2282 1990 2338 ejus
2013 2280 2294 2323 aeternitatem
2323 2289 2366 2322 et

214 2345 413 2388 ultimum
433 2347 637 2405 temporis
659 2357 946 2400 momentum,
971 2362 1072 2389 cum
1093 2347 1271 2406 inquam
1291 2349 1376 2390 hoc
1399 2348 1467 2402 sit,
1490 2347 1701 2407 quidquid
1724 2348 1804 2390 fuit
1823 2346 1894 2390 vel
1915 2357 1978 2390 est
1998 2346 2066 2389 vel
2089 2346 2184 2400 erit,
2211 2345 2251 2387 ei
2274 2360 2367 2387 om—

215 2412 320 2454 nino
354 2427 540 2471 praesens
562 2424 639 2454 est.
664 2413 779 2455 Nota
806 2413 933 2472 igitur
954 2412 1073 2471 quod
1096 2412 1366 2471 providentia
1395 2428 1470 2455 seu
1500 2414 1767 2473 praescientia
1792 2425 1836 2457 et
1866 2413 2087 2473 dispositio
2110 2411 2257 2454 divina
2276 2421 2365 2452 tam

216 2477 273 2520 ad
295 2478 413 2520 bona
436 2494 566 2537 quam
588 2478 641 2520 ad
666 2477 780 2520 mala
806 2494 850 2521 se
871 2478 1019 2531 habet,
1044 2477 1364 2537 praedestinatio
1386 2494 1490 2521 vero
1510 2490 1679 2521 tantum
1703 2479 1759 2521 ad
1780 2479 1914 2522 bona.
1937 2478 2198 2538 Augustinus
2221 2488 2365 2519 tamen

215 2559 294 2601 pro
316 2544 583 2603 praescientia
606 2543 868 2602 quandoque
890 2543 1312 2602 praedestinationem
1327 2559 1488 2602 ponere
1509 2544 1632 2586 solet.
1659 2545 1814 2587 Fatum
1829 2558 1999 2602 quoque
2021 2542 2263 2584 notandum
2285 2552 2362 2594 est,

217 2609 336 2666 quod
359 2608 581 2652 descendit
598 2625 620 2651 a
639 2609 935 2669 dispositione,
954 2620 1175 2667 tamquam
1195 2608 1249 2650 ab
1273 2610 1441 2652 actione
1459 2610 1614 2669 passio,
1640 2609 1860 2668 Siquidem
1882 2624 1981 2651 cum
2002 2608 2138 2653 fatum
2153 2606 2206 2649 sit
2222 2606 2368 2665 dispo-

217 2675 312 2717 sitio
337 2675 480 2718 divina
503 2675 630 2718 rebus
651 2674 885 2718 mobilibus
906 2675 1137 2728 inhaerens,
1162 2675 1269 2716 nihil
1296 2686 1359 2717 est
1381 2674 1500 2718 aliud
1521 2691 1653 2734 quam
1672 2675 1910 2734 dispositio,
1937 2675 2048 2717 actio
2068 2673 2197 2732 ipsius
2217 2672 2366 2732 dispo-

219 2742 378 2794 nentis,
401 2742 486 2784 hoc
508 2752 705 2801 excepto,
732 2739 852 2799 quod
875 2739 1096 2799 dispositio
1118 2741 1443 2783 immutabiliter
1466 2740 1583 2784 facit.
1615 2741 1723 2795 Quae
1744 2756 1848 2783 vero
1871 2740 2156 2799 disponuntur
2175 2737 2366 2780 nonnul-

219 2804 305 2847 lam
328 2807 613 2850 mutationem
636 2807 870 2866 recipiuntj,
900 2806 1017 2849 unde
1040 2806 1149 2848 nihil
1170 2817 1233 2849 est
1262 2805 1379 2849 aliud
1409 2806 1534 2849 fatari
1562 2823 1690 2865 quam
1725 2806 1910 2866 disponi.
1935 2805 2063 2848 Unde
2085 2805 2185 2863 quia
2207 2819 2260 2847 ex
2283 2804 2369 2846 hoc

220 2872 394 2914 nomine
417 2872 553 2915 fatum
568 2873 692 2915 multi
713 2873 758 2914 in
776 2888 968 2915 errorem
985 2872 1215 2927 cadebant,
1234 2883 1434 2932 putantes
1451 2872 1587 2915 fatum
1604 2889 1693 2916 esse
1709 2872 2096 2924 constellationem,
2113 2870 2215 2912 ideo
2234 2869 2370 2912 sancti

221 2935 304 2977 hoc
326 2938 501 2981 nomine
522 2940 586 2981 uti
607 2938 856 2981 noluerunt.
880 2939 956 2980 Est
976 2938 1105 2998 igitur
1122 2938 1273 2992 fatum,
1298 2949 1347 2980 ut
1363 2938 1421 2980 ait
1436 2939 1625 2993 Boetius,
1651 2938 1871 2998 dispositio
1887 2952 2033 2980 rerum
2049 2936 2094 2978 in
2117 2951 2250 2978 manu
2268 2934 2363 2977 Dei.

199 3052 203 3057 .
222 3000 329 3054 Quae
352 3003 525 3060 quidem
548 3020 572 3046 a
596 3003 873 3062 dispositione
897 3003 1042 3046 divina
1064 3015 1112 3045 ut
1132 3004 1272 3062 passio
1296 3004 1351 3046 ab
1375 3004 1543 3047 actione
1563 3004 1740 3064 pendet.
1754 3002 2155 3056 Praedestinatio,ut
2167 3001 2365 3052 diximus,

225 3065 279 3107 de
300 3066 426 3109 bonis
447 3079 510 3110 est
530 3079 714 3111 tantum.
742 3068 874 3122 Quod
896 3069 1012 3111 enim
1034 3069 1137 3111 dicit
1158 3070 1418 3128 Augustinus
1441 3080 1484 3112 et
1505 3069 1559 3113 de
1579 3070 1702 3113 malis
1723 3085 1812 3112 esse
1828 3068 2264 3128 praedestinationem,
2287 3079 2367 3122 pro

223 3132 488 3189 praescientia
519 3134 697 3191 accepit.
724 3133 800 3174 Est
829 3143 973 3175 autem
1003 3133 1324 3191 praedestinatio
1353 3135 1499 3194 gratiae
1529 3135 1810 3195 praeparatio;
1836 3133 1985 3193 incipit
2015 3132 2183 3190 abipso
2212 3143 2368 3189 genere

225 3194 464 3251 donorum;
488 3213 566 3257 per
588 3198 899 3240 successionem
917 3197 1163 3240 divinorum
1184 3198 1404 3242 bonorum
1422 3199 1579 3243 deinde
1602 3200 1857 3243 collatorum
1878 3212 2011 3256 usque
2033 3195 2090 3238 ad
2109 3195 2241 3238 finem
2260 3209 2372 3253 prae-

225 3263 354 3305 sentis
373 3263 472 3305 vitae
493 3262 705 3323 procedit.
731 3262 799 3305 Sic
824 3262 953 3322 igitur
980 3263 1272 3322 temporaliter
1301 3265 1348 3307 fit
1369 3265 1449 3307 ista
1470 3265 1743 3324 praeparatio.
1778 3265 1822 3306 Si
1842 3278 1945 3306 vero
1966 3260 2285 3320 praedestinatio
2314 3258 2368 3300 ab

228 3339 387 3372 aeterno
410 3345 500 3373 esse
524 3328 705 3383 dicatur,
735 3328 843 3373 sicut
862 3327 1134 3386 providentia
1155 3330 1232 3385 ¹vel
1255 3331 1385 3374 etiam
1409 3330 1649 3389 dispositio,
1680 3341 1729 3372 ut
1750 3345 1848 3372 cum
1877 3328 2055 3372 dicimus
2081 3341 2091 3370 ι
2117 3325 2184 3369 Ab
2209 3336 2369 3369 aeterno
