2638 3866
1201 213 1513 262 DIALOGUS.
2340 217 2435 267 653

293 310 502 360 frustrati
539 309 663 373 sitis,
702 310 838 375 quod
870 311 1137 377 specialiter
1175 331 1231 362 ex
1264 315 1370 380 ipso
1405 314 1734 381 promissionis
1762 314 1926 363 debito
1966 315 2104 364 vobis
2138 326 2210 365 est
2245 334 2435 384 exspec-

292 392 513 440 tandum.
545 393 634 439 Aut
665 391 809 456 igitur
840 408 939 440 non
969 393 1175 459 impletis
1210 394 1362 459 legem
1396 406 1441 443 et
1470 414 1556 462 per
1585 396 1681 443 hoc
1712 396 2020 446 maledictum
2045 397 2162 462 legis
2198 398 2438 448 incurritis

291 472 574 534 damnandi,
610 483 694 521 aut
729 473 813 538 qui
842 472 945 521 haec
968 474 1279 540 implentibus
1311 476 1465 541 legem
1495 478 1740 543 promisit,
1765 495 1907 526 verax
1939 479 1987 526 in
2021 479 2117 526 suis
2150 496 2250 526 nou
2284 481 2439 529 existit

290 554 553 620 promissis.
578 553 921 618 Quodcunque
942 564 1103 602 autem
1130 555 1308 603 horum
1332 558 1541 621 eligatis,
1576 557 1694 605 nihil
1725 558 1785 606 de
1818 558 1920 623 lege
1942 559 2085 607 video
2112 559 2253 608 vobis
2283 560 2436 609 confi-

291 634 506 683 dendum
532 651 651 696 esse,
677 650 850 700 parum
874 635 1018 683 etiam
1040 635 1102 683 ad
1127 635 1478 685 beatitudinem
1497 647 1726 686 meretur.
1754 639 1900 699 Quid,
1926 656 2063 704 rogo,
2090 641 2281 702 exstitit,
2302 642 2436 707 quod

289 731 402 762 cum
438 714 502 763 ad
530 715 647 780 legis
679 713 1037 763 observantiam
1071 732 1128 764 ex
1165 716 1265 780 ejus
1301 719 1689 766 remuneratione
1724 736 1815 766 nos
1852 722 1980 767 Deus
2015 721 2264 783 invitaret,
2302 722 2438 787 quod

291 795 549 843 minimum
587 803 657 843 est
690 795 927 861 promisit,
966 805 1012 843 et
1042 795 1177 861 quod
1205 805 1277 844 est
1307 798 1570 845 maximum
1607 799 1799 865 penitus
1836 798 2050 847 reticuit!
2092 804 2198 848 Non
2235 802 2439 850 discrete

290 875 508 940 profecto
538 876 799 942 peroravit,
835 877 874 923 si
908 886 1167 941 utrumque
1195 877 1256 924 ad
1281 876 1395 941 legis
1430 878 1753 926 obedientiam
1790 878 2008 927 sufficere
2042 882 2200 941 novit,
2239 898 2349 929 cum
2391 883 2437 930 id

291 955 528 1015 videlicet,
567 957 701 1022 quod
735 957 958 1005 suasione
979 957 1243 1023 plurimum
1264 958 1477 1019 valebat,
1513 960 1714 1007 omnino
1732 960 1974 1025 praeteriit.
2003 961 2130 1008 Nihil
2155 962 2358 1028 quippe,
2388 974 2439 1011 ut

290 1035 474 1084 dictum
498 1047 588 1100 est,
613 1037 675 1086 de
698 1054 811 1086 vera
833 1037 913 1085 illa
936 1048 982 1086 et
1004 1049 1180 1087 aeterna
1202 1038 1502 1087 beatitudine
1525 1039 1707 1087 ibidem
1731 1040 1779 1087 in
1803 1042 2197 1089 remuneratione
2219 1058 2438 1090 comme·
2515 1071 2522 1081 ·

289 1129 550 1179 moratum,
579 1118 665 1166 sed
688 1119 739 1166 in
763 1127 949 1166 tantum
981 1129 1168 1167 terrena
1192 1119 1484 1185 prosperitas
1507 1120 1773 1185 intimatur,
1800 1131 1852 1168 ut
1877 1121 1973 1169 hoc
2005 1131 2194 1169 tantum
2220 1123 2267 1169 in
2296 1139 2438 1171 causa

290 1197 576 1247 obedientiae
601 1198 949 1259 constituatur;
976 1209 1023 1246 et
1058 1199 1232 1246 iterum
1265 1199 1657 1259 commendatur,
1695 1210 1748 1247 ut
1783 1217 1869 1266 per
1897 1200 2039 1265 liujus
2074 1203 2438 1268 responsionem

290 1279 427 1326 omni
456 1289 764 1344 posterorum
788 1279 1088 1345 inquisitioni
1122 1279 1338 1327 satisfieri
1362 1289 1625 1328 censeatur.
1654 1282 1731 1328 Sic
1754 1282 1933 1347 quippe
1956 1282 2186 1347 scriptum
2211 1292 2304 1342 est,
2333 1284 2436 1348 ipso

286 1358 559 1424 legIslatore
583 1362 745 1425 Moyse
771 1361 1010 1426 populum
1034 1361 1301 1409 instruente
1325 1360 1552 1409 adversus
1575 1360 1841 1425 quamlibet
1863 1362 1979 1426 legis
2000 1362 2433 1427 impugnationem,

287 1449 432 1505 atque
466 1440 678 1489 dicente¹
710 1459 720 1488 ε
756 1441 924 1489 «Audi
954 1441 1123 1501 Israel,
1159 1442 1347 1489 custodi
1377 1451 1614 1507 praecepta
1637 1442 1834 1488 Domini
1856 1442 1944 1489 Dei
1978 1442 2045 1489 tui
2078 1459 2134 1490 ac
2167 1444 2436 1491 testimonia

287 1528 336 1567 et
363 1522 662 1569 ceremonias
687 1538 807 1586 quas
830 1523 1127 1588 praeceperit,
1152 1531 1200 1569 et
1221 1521 1296 1569 fac
1319 1521 1453 1586 quod
1476 1521 1706 1587 placitum
1730 1531 1800 1569 est
1821 1532 1869 1569 et
1890 1521 2076 1569 bonum
2101 1523 2150 1570 in
2175 1533 2438 1589 conspectu

287 1602 505 1661 Domini,
536 1612 592 1650 ut
613 1602 739 1651 bene
759 1604 818 1651 sit
840 1603 946 1665 tibi,
973 1612 1021 1651 et
1041 1603 1280 1668 ingressus
1304 1602 1550 1668 possideas
1573 1612 1749 1650 terram
1775 1603 2027 1669 optimam,
2060 1603 2121 1651 de
2146 1620 2242 1668 qua
2260 1605 2440 1669 juravit

289 1681 507 1746 patribus
537 1683 648 1743 tuis,
679 1693 734 1731 ut
765 1683 948 1731 deleret
979 1699 1149 1731 omnes
1172 1683 1393 1730 inimicos
1415 1692 1524 1730 tuos
1547 1698 1713 1730 coram
1738 1692 1800 1744 te,
1834 1683 1957 1730 sicut
1979 1682 2166 1730 locutus
2191 1693 2278 1731 est.
2317 1686 2438 1731 Cum

288 1763 656 1827 interrogaverit
675 1774 721 1811 te
744 1762 869 1811 filius
897 1773 1009 1811 tuus
1030 1779 1135 1811 cras
1159 1763 1343 1822 dicens,
1370 1762 1489 1828 quid
1513 1762 1603 1809 sibi
1625 1762 1800 1810 volunt
1822 1764 2097 1811 testimonia
2125 1763 2226 1811 haec
2251 1774 2297 1811 et
2319 1765 2439 1812 ceri·

287 1844 462 1891 moniae
485 1854 628 1908 atque
647 1844 846 1908 judicia,
880 1861 987 1910 quae
1018 1845 1246 1910 praecepit
1269 1845 1507 1891 Dominus
1527 1846 1655 1891 Deus
1679 1853 1844 1890 noster
1863 1843 2021 1906 nobis,
2046 1844 2175 1892 dices
2198 1845 2242 1892 ei
2265 1863 2276 1891 ε
2308 1846 2438 1892 Servi

287 1940 477 1973 eramus
509 1923 770 1973 Pharaonis
801 1925 849 1972 in
875 1927 1080 1991 Egypto,
1108 1934 1156 1973 et
1180 1924 1345 1972 eduxit
1367 1941 1457 1971 nos
1479 1924 1719 1971 Dominus
1748 1923 1809 1971 de
1834 1928 2018 1989 Egypto
2042 1925 2091 1971 in
2116 1941 2261 1972 manu
2294 1926 2403 1973 forti
2421 1963 2433 1986 ,
2503 1916 2507 1920 ’

287 2003 494 2070 fecitque
522 2005 675 2070 signa,
710 2006 931 2072 prodigia
961 2016 1106 2070 atque
1133 2020 1308 2070 magna
1338 2014 1384 2052 et
1407 2004 1615 2070 pessima
1644 2004 1694 2051 in
1720 2007 1904 2069 Egypto
1931 2014 2100 2051 contra
2134 2004 2435 2052 Pharaonem

286 2094 334 2132 et
367 2102 565 2132 omnem
598 2085 801 2133 domum
836 2086 962 2133 illius
996 2086 1046 2133 in
1079 2095 1341 2151 conspectu
1378 2094 1566 2145 nostre,
1606 2093 1654 2130 et
1685 2083 1850 2131 eduxit
1890 2100 1978 2130 nos
2015 2084 2153 2146 inde,
2195 2095 2248 2131 ut
2286 2085 2437 2132 intro-

287 2164 444 2213 ductis
482 2165 620 2213 daret
654 2176 863 2227 terram,
907 2181 1052 2230 super
1094 2181 1192 2230 qua
1224 2165 1401 2229 juravit
1439 2162 1657 2229 patribus
1695 2163 1889 2210 nostris.
1935 2164 2258 2229 Praecepitque
2297 2165 2438 2212 nobis

287 2246 546 2305 Dominus,
586 2255 638 2293 ut
671 2246 899 2294 faciamus
934 2245 1100 2292 omnia
1133 2244 1344 2308 legitima
1368 2243 1471 2291 haec
1503 2253 1550 2290 et
1574 2243 1829 2291 timeamus
1863 2243 2127 2290 Dominum
2165 2247 2321 2291 Deum
2354 2261 2438 2291 no-

286 2335 438 2373 strum
457 2337 505 2374 et
523 2326 647 2375 bene
666 2328 727 2374 sit
747 2326 891 2374 nobis
906 2326 1089 2374 cunctis
1110 2325 1279 2373 diebus
1302 2325 1407 2372 vitae
1426 2333 1625 2382 nostrae,
1648 2324 1771 2371 sicut
1790 2333 1859 2371 est
1878 2323 2043 2371 hodie.
2074 2343 2096 2368 υ
2119 2326 2263 2372 Item²
2289 2346 2300 2371 :
2331 2346 2353 2368 «
2374 2327 2437 2372 Te

288 2406 429 2471 elegit
452 2408 692 2455 Dominus
724 2410 854 2455 Deus
883 2416 1017 2465 tuus,
1051 2414 1106 2452 ut
1136 2406 1199 2453 sis
1227 2406 1270 2452 ei
1299 2404 1510 2471 populus
1537 2404 1790 2470 peculiaris
1821 2403 1881 2451 de
1915 2403 2099 2451 cunctis
2134 2404 2325 2470 populis
2354 2407 2437 2470 qui

286 2497 398 2535 sunt
428 2504 574 2554 supra
603 2498 800 2536 terram.
827 2487 1029 2535 Custodi
1052 2503 1167 2551 ergo
1189 2495 1428 2551 praecepta
1453 2495 1500 2533 et
1526 2484 1812 2533 cerimonias
1838 2494 1982 2549 atque
1998 2483 2194 2548 judicia,
2221 2502 2327 2549 quae
2346 2502 2435 2549 ego

286 2566 468 2615 mando
505 2567 589 2615 tibi
624 2568 772 2615 hodie
797 2577 850 2615 ut
876 2567 1037 2614 facias.
1070 2566 1118 2614 Si
1141 2565 1425 2612 custodieris
1459 2580 1540 2623 ea,
1568 2574 1616 2612 et
1641 2564 1831 2625 feceriS,
1868 2562 2106 2611 custodiet
2124 2573 2170 2611 et
2198 2565 2436 2611 Dominus

287 2650 418 2694 Deus
442 2657 553 2695 tuus
583 2647 895 2713 tibipactum
919 2657 968 2695 et
999 2645 1377 2694 misericordiam
1417 2661 1563 2710 quam
1593 2644 1771 2708 juravit
1800 2642 2015 2709 patribus
2040 2644 2156 2705 tuis,
2196 2653 2241 2690 et
2274 2643 2434 2708 diliget

286 2737 333 2774 te
362 2743 419 2775 ac
445 2728 808 2793 multiplicabit,
837 2727 1185 2791 benedicetque
1216 2724 1389 2772 fructui
1418 2724 1595 2771 ventris
1621 2723 1717 2786 tui,
1743 2733 1790 2771 et
1822 2723 1995 2770 fructui
2030 2733 2164 2770 terrae
2197 2734 2310 2785 tuae,
2344 2724 2439 2772 sru-

287 2817 453 2855 mento
477 2817 622 2873 atque
643 2808 921 2867 vindemiae,
949 2806 1059 2855 oleo
1082 2815 1130 2853 et
1150 2805 1401 2865 armentis,
1432 2804 1653 2869 gregibus
1686 2804 1850 2851 ovium
1881 2813 2073 2851 tuarum
2095 2821 2239 2869 super
2260 2814 2434 2852 terram

286 2904 378 2952 pro
418 2905 514 2953 qua
542 2888 720 2953 juravit
749 2886 967 2954 patribus
998 2885 1092 2933 tuis
1127 2893 1181 2932 ut
1211 2885 1346 2932 daret
1378 2901 1483 2932 eam
1517 2884 1622 2932 tibi.
1661 2883 1942 2931 Benedictus
1976 2884 2068 2931 eris
2105 2884 2231 2931 inter
2267 2901 2436 2933 omnes

285 2968 522 3033 populos,
560 2968 739 3016 scilicet
772 2983 872 3015 non
905 2967 993 3015 erit
1027 2965 1160 3030 apud
1198 2975 1246 3012 te
1282 2965 1453 3013 sterilis
1486 2965 1736 3029 utriusque
1770 2981 1909 3012 sexus
1943 2973 2040 3011 tam
2073 2964 2121 3011 in
2158 2964 2437 3012 hominibus

286 3063 435 3112 quam
467 3049 517 3096 in
553 3047 775 3114 gregibus
810 3047 921 3095 tuis.
956 3045 1150 3093 Aul'eret
1181 3061 1211 3093 a
1240 3055 1286 3092 te
1319 3062 1517 3093 omnem
1547 3044 1828 3108 languorem
1855 3053 1902 3091 et
1925 3042 2227 3091 infirmitates
2264 3044 2432 3110 Egypti

286 3129 535 3192 pessimaS‚
573 3145 692 3195 quas
727 3145 826 3177 non
861 3127 1031 3175 inseret
1063 3125 1176 3187 tibi,
1214 3124 1297 3173 sed
1333 3126 1520 3174 cunctis
1553 3124 1776 3173 hostibus
1808 3124 1920 3172 tuiS.
1968 3124 2237 3173 Devorabis
2266 3141 2435 3174 omnes

330 3291 338 3310 ¹
358 3290 470 3331 Deua„
488 3298 560 3332 cap.
579 3298 629 3332 vi,
647 3299 677 3322 v.
699 3290 750 3323 1¹1.
769 3305 810 3313 -
823 3286 950 3330 ²1bz‘d„
964 3296 1038 3329 cap.
1056 3293 1120 3329 vu,
1136 3294 1169 3319 v.
1187 3287 1207 3321 6
1223 3291 1258 3319 et
1271 3294 1345 3327 sqq.
