2638 3866
810 275 867 322 ΙΝ
901 274 1233 324 EPlSTOLAM
1266 276 1347 323 AD
1381 276 1682 326 ROMANOS.
2205 284 2301 331 283

168 388 404 444 separare,
423 374 554 440 quia,
578 373 703 422 sicut
721 372 840 422 dicit
865 374 1121 440 Propheta,
1141 394 1163 418 «
1181 386 1381 441 propter
1398 386 1461 439 te,
1480 395 1506 423 »
1531 376 1582 425 id
1603 387 1674 426 est
1692 378 1804 443 quia
1819 378 2199 445 inseparabiliter
2214 383 2300 433 tibi

167 456 490 516 adhaeremuS,
517 453 739 519 periculis
760 454 865 501 vitae
893 454 1057 503 afflicti
1087 454 1407 519 subjacemus,
1434 466 1579 506 «tota
1606 457 1704 517 die,
1725 478 1748 501 »
1775 458 1824 506 id
1854 469 1927 507 est
1956 470 2058 508 toto
2083 470 2298 527 tempore

167 538 274 585 vitae
304 544 496 596 nostrae,
527 533 662 598 quod
688 532 887 598 quidem
915 532 978 583 ad
1000 537 1414 601 comparationem
1436 538 1542 586 vitae
1565 536 1859 601 infidelium,
1891 541 1975 604 qui
2010 541 2057 588 in
2091 542 2297 591 tenebris

166 615 432 675 ambulant,
453 614 555 662 dies
577 623 647 662 est
665 613 889 674 dicenda,
909 613 1004 663 fide
1019 615 1243 663 videlicet
1261 616 1544 666 illuminata.
1570 638 1594 661 α
1613 618 1865 680 AEstimati,
1890 639 1912 663 »
1932 622 2054 667 sicut
2065 622 2298 687 scriptum

167 703 236 742 est
246 693 306 742 de
316 693 475 759 impiis
488 691 757 740 dicentibus
771 691 832 739 de
837 692 976 756 justis
991 710 1002 740 t
1022 713 1043 737 a
1052 696 1149 741 Nos
1161 693 1308 741 vitam
1319 693 1512 742 illorum
1522 695 1874 744 aestimabamus
1884 697 2137 758 insaniam,
2150 703 2258 747 etc.¹
2271 721 2293 745 n

169 794 191 820 «
210 776 335 823 Oves
357 772 626 835 occisionis,
646 790 670 818 »
688 771 740 820 id
761 782 832 821 est
850 772 1003 837 dignae
1018 774 1280 837 occisione,
1298 785 1345 823 et
1361 775 1481 823 nihil
1498 777 1691 824 alterius
1711 777 1924 826 utilitatis
1939 778 2192 842 habenteS,
2210 798 2297 830 nec

164 855 225 903 de
259 855 363 920 ipsa
394 853 537 902 etiam
571 863 725 902 morte
760 870 846 902 sua
872 853 1081 903 fructum
1112 855 1320 921 aliquem
1351 856 1412 903 ad
1444 873 1580 904 esum
1611 857 1903 918 tribuentes,
1939 876 2028 906 nec
2065 860 2299 910 ullatenus

164 934 546 983 interfectoribus
573 935 669 982 suis
696 944 799 982 tum
823 952 914 1001 pro
939 934 1266 984 imbecillitate
1298 953 1394 984 suae
1416 947 1620 998 naturae,
1646 955 1761 986 cum
1783 939 1926 986 etiam
1962 956 2052 1004 pro
2076 957 2296 989 mansue-

165 1013 333 1063 tudine
353 1030 442 1062 sua
466 1015 751 1063 resistentes.
783 1035 805 1060 «
828 1015 923 1063 Sed
942 1016 991 1063 in
1015 1015 1109 1064 his.
1132 1034 1155 1061 ι)
1183 1016 1319 1063 Dixi:
1349 1019 1457 1064 Non
1495 1027 1727 1083 poterunt
1758 1035 1928 1066 omnes
1962 1021 2298 1084 oppressiones

163 1094 260 1142 istae
274 1096 594 1144 constantiam
609 1105 823 1143 nostram
838 1112 1081 1161 superare,
1101 1106 1152 1143 ut
1166 1095 1389 1144 videlicet
1401 1113 1430 1144 a
1442 1099 1546 1144 Deo
1566 1101 1884 1163 separemur’,
1905 1098 1990 1146 sed
2007 1115 2034 1146 e
2054 1103 2295 1149 contrario

161 1174 263 1222 haec
292 1175 455 1225 omnia
481 1175 835 1242 perseverando
858 1177 1095 1224 vincimus
1126 1194 1213 1242 per
1246 1177 1447 1241 gratiam
1479 1178 1568 1224 Dei
1602 1179 1761 1243 potius
1785 1194 1931 1242 quam
1961 1196 2049 1245 per
2081 1191 2295 1229 nostram
2357 1183 2365 1191 '

161 1257 403 1305 virtutem.
432 1260 489 1305 Et
510 1257 605 1304 hoc
629 1267 700 1305 est
723 1256 860 1323 quod
887 1258 971 1320 ait,
1010 1278 1033 1301 «
1050 1261 1252 1323 Propter
1275 1274 1387 1305 eum
1415 1258 1499 1322 qui
1525 1258 1664 1306 datus
1688 1258 1829 1307 nobis
1845 1297 1857 1321 ,
1876 1279 1900 1304 »
1925 1259 1972 1306 id
2006 1270 2077 1308 est
2099 1272 2296 1327 propter

160 1338 261 1401 ejus
283 1338 592 1403 adjuvantem
614 1339 831 1402 gratiam.
863 1359 886 1383 c<
905 1341 1072 1387 Certus
1095 1356 1220 1386 sum.
1244 1357 1269 1383 ι)
1294 1338 1411 1386 Ideo
1435 1348 1533 1386 tam
1554 1338 1837 1387 fiducialiter
1855 1340 2032 1405 loquor
2055 1341 2115 1389 de
2132 1342 2292 1391 divina

161 1420 311 1482 gratia
341 1418 505 1467 fideles
536 1419 821 1483 adjuvante,
857 1429 911 1467 ut
936 1419 1078 1466 nullis
1114 1418 1336 1466 videlicet
1366 1418 1428 1466 de
1455 1420 1609 1466 causis
1643 1436 1672 1467 a
1702 1423 1804 1466 Deo
1834 1421 2019 1485 possint
2053 1424 2289 1486 separari,

159 1501 272 1565 quia
290 1501 390 1564 jam
413 1499 473 1548 de
496 1499 572 1547 his
593 1516 695 1548 non
719 1499 876 1548 solum
900 1499 1065 1561 fidem,
1094 1516 1263 1548 verum
1284 1499 1428 1547 etiam
1451 1499 1789 1547 certitudinem
1811 1501 2029 1565 imaginis
2052 1513 2294 1551 assecutus

159 1594 266 1625 sum
290 1577 643 1643 experimentis,
666 1575 801 1640 quod
818 1576 1038 1624 videlicet
1062 1595 1086 1621 α
1103 1593 1260 1641 neque
1283 1592 1451 1624 mors»
1473 1577 1784 1639 comminata,
1812 1594 2007 1642 «neque
2029 1579 2125 1626 vita
2139 1599 2161 1622 >›
2179 1597 2292 1645 pro-

161 1659 300 1706 missa
328 1657 506 1705 scilicet
538 1658 586 1704 in
618 1657 714 1704 hoc
736 1657 939 1717 mundo,
971 1677 994 1701 «
1020 1672 1177 1720 neque
1201 1656 1381 1721 Angeli,
1411 1675 1433 1701 υ
1460 1656 1511 1703 id
1538 1666 1610 1704 est
1631 1658 1845 1721 angelica
1874 1657 2099 1721 dignitaS,
2120 1676 2150 1707 a
2169 1676 2292 1724 quo-

158 1755 349 1803 cunque
379 1755 469 1786 nos
493 1747 706 1785 tentante
727 1736 870 1784 nobis
901 1737 1163 1802 promissa,
1190 1736 1312 1784 sicut
1333 1735 1556 1784 diabolus
1578 1740 1687 1784 Evae
1718 1737 1953 1803 promisit,
1980 1738 2111 1803 quod
2137 1751 2293 1788 essent

157 1819 281 1865 sicut
305 1818 371 1866 dii
387 1820 425 1879 ³3
466 1837 489 1863 «
510 1834 667 1882 neque
688 1817 833 1865 etiam
854 1817 1172 1881 principatus,
1199 1833 1357 1881 neque
1380 1817 1597 1878 virtutes,
1621 1836 1643 1861 »
1665 1817 1713 1864 id
1742 1827 1813 1865 est
1838 1819 2039 1866 istorum
2064 1819 2292 1868 ordinum

157 1898 462 1960 excellentia,
494 1914 608 1961 quae
643 1897 798 1961 major
833 1906 904 1944 est
938 1897 1167 1961 dignitate
1200 1897 1412 1961 Angelici
1448 1897 1660 1957 ordinis,
1703 1914 1827 1962 quos
1866 1898 2063 1962 quidem
2098 1900 2291 1948 ordines

156 1978 406 2042 diligenter
436 1982 607 2027 Beatus
640 1977 900 2043 Gregorius
936 1976 1264 2041 distinguens,
1301 1978 1392 2024 ait*
1418 1995 1427 2024 :
1459 1996 1482 2022 «
1512 1980 1677 2024 Graeca
1710 1977 1871 2040 lingua
1907 1979 2072 2042 Angeli
2103 1981 2285 2039 nuntii,

157 2058 437 2123 Archangeli
475 2059 650 2107 summi
692 2057 849 2105 nuntii
886 2066 1135 2104 vocantur.
1176 2057 1272 2116 Qui
1314 2057 1515 2104 minima
1551 2057 1784 2105 nunciant
1823 2057 2016 2121 Angeli,
2056 2059 2140 2122 qui
2175 2076 2288 2107 vero

155 2156 342 2187 summa
376 2138 656 2202 Archangeli
677 2147 932 2185 vocantur.
966 2137 1089 2184 Hinc
1123 2145 1194 2183 est
1218 2136 1352 2201 quod
1380 2136 1443 2184 ad
1470 2137 1669 2184 Mariam
1700 2153 1799 2184 non
1830 2137 2031 2200 quilibet
2063 2138 2283 2201 Angelus,

156 2219 238 2266 sed
267 2218 459 2267 Gabriel
488 2218 811 2282 Archangelus
843 2218 1062 2264 mittitur.
1095 2237 1117 2259 u
1151 2220 1269 2264 Item
1304 2234 1315 2263 :
1356 2235 1378 2260 ι(
1413 2217 1618 2264 Virtutes
1646 2225 1882 2263 vocantur
1917 2217 2014 2279 illi,
2053 2235 2141 2282 per
2164 2235 2287 2282 quos

155 2300 288 2363 signa
331 2309 379 2347 et
417 2298 645 2347 miracula
686 2297 981 2363 frequentius
1019 2295 1160 2343 fiunt.
1201 2299 1459 2344 Potestates
1499 2306 1733 2344 vocantur
1775 2299 1858 2360 qui
1904 2296 2003 2344 hoc
2043 2300 2288 2364 potentius

155 2380 333 2427 caeteris
364 2380 414 2426 in
451 2396 539 2426 suo
574 2378 744 2426 ordine
778 2385 1114 2443 perceperunt,
1146 2385 1199 2423 ut
1222 2392 1394 2423 eorum
1416 2376 1588 2423 ditioni
1615 2377 1811 2424 virtutes
1833 2375 2041 2424 adversae
2062 2377 2286 2443 subjectae

155 2461 270 2521 sint,
309 2476 518 2524 quorum
550 2467 785 2524 potestate
820 2457 1147 2515 refrenantur,
1179 2473 1241 2504 ne
1276 2456 1427 2504 corda
1458 2456 1714 2504 hominum
1742 2466 1930 2504 tantum
1961 2466 2141 2505 tentare
2171 2476 2288 2523 prae·

153 2539 343 2588 valeant
376 2549 612 2605 quantum
654 2538 843 2586 volunt.
890 2537 1188 2601 Principatus
1224 2546 1459 2583 vocantur
1494 2538 1578 2600 qui
1620 2537 1734 2602 ipsis
1777 2553 1973 2601 quoque
2015 2537 2157 2585 bonis
2189 2543 2285 2586 An-

155 2621 371 2684 gelorum
403 2619 648 2685 spiritibus
677 2627 913 2684 praesunt‚
959 2618 1043 2682 qui
1079 2615 1303 2680 subjectis
1332 2616 1435 2663 aliis
1472 2616 1588 2663 dum
1619 2633 1723 2680 quae
1756 2626 1866 2664 sunt
1900 2617 2085 2680 agenda
2121 2617 2283 2683 dispo-

156 2709 304 2760 nunt,
345 2700 413 2747 eis
450 2699 509 2747 ad
547 2697 784 2763 explenda
826 2696 1050 2761 mysteria
1083 2695 1432 2761 principantur.
1464 2713 1488 2738 »
1525 2714 1548 2740 «
1582 2698 1746 2758 Neque
1782 2696 2032 2754 instantia,
2058 2716 2080 2738 >a
2125 2696 2174 2742 id
2215 2706 2284 2744 est

154 2781 402 2846 praesentia
439 2780 572 2828 bona
602 2780 678 2828 vel
712 2779 866 2836 mala,
909 2794 1120 2842 «neque
1159 2775 1410 2834 fortitudo,
1430 2795 1454 2818 ι)
1499 2775 1549 2822 id
1584 2785 1655 2822 est
1693 2775 1919 2823 violentia
1957 2778 2283 2842 cujuscunque

154 2859 417 2923 potestatiS,
444 2876 467 2903 «
503 2873 661 2921 neque
700 2854 936 2914 altitudo,
980 2869 1139 2916 neque
1174 2851 1500 2917 profundum,
1521 2871 1544 2894 ›>
1582 2851 1633 2898 id
1667 2862 1737 2899 est
1773 2851 2048 2901 sublimatio
2086 2854 2284 2918 alicujus

153 2939 376 2987 humanae
412 2937 599 3002 gloriae,
634 2936 709 2983 vel
744 2935 948 2998 dejectio
992 2943 1134 2996 atque
1166 2931 1437 2980 humiliatio
1472 2931 1522 2978 in
1558 2947 1898 2997 quamcunque
1935 2934 2193 2996 vilitatem,
2229 2951 2283 2983 ac

121 3010 127 3012 μ
153 3021 191 3067 si
209 3019 403 3079 diceret,
429 3034 587 3082 neque
604 3016 896 3082 prosperitas
918 3014 1079 3078 aliqua
1097 3012 1329 3074 humana,
1350 3028 1508 3076 neque
1531 3012 1817 3073 adversitas3
1845 3034 1868 3057 «
1885 3030 2044 3079 neque
2064 3025 2282 3064 creatura

153 3100 244 3148 alia
275 3118 298 3144 »
324 3115 471 3164 quam
502 3096 721 3145 videlicet
749 3094 1090 3161 suprapositae,
1129 3092 1181 3140 id
1210 3102 1282 3140 est
1314 3091 1494 3156 Angeli,
1533 3101 1815 3157 potestates,
1853 3103 1944 3142 etc.
1985 3114 2008 3139 «
2033 3111 2061 3142 a
2092 3096 2284 3144 caritate

154 3180 279 3227 Dei»
307 3180 420 3245 quia
442 3177 661 3227 videlicet
689 3193 799 3224 eum
829 3176 1012 3223 sincere
1037 3183 1235 3240 propter
1256 3173 1415 3238 ipsum
1437 3172 1694 3236 diligimus,
1728 3192 1751 3218 «
1770 3190 1874 3238 quae
1908 3184 1978 3222 est
2007 3175 2056 3222 in
2093 3175 2282 3222 Christo

198 3364 205 3381 ¹
222 3362 303 3403 Sap.
316 3371 387 3402 cap.
402 3371 476 3402 νη.
491 3362 692 3395 4.—⁷Amb.
704 3361 856 3402 separet.
871 3360 1071 3399 —³Genes.,
1086 3367 1159 3400 cap.
1177 3367 1223 3400 ιιι,
1243 3366 1272 3391 v.
1291 3360 1322 3392 5.
1335 3359 1394 3383 —⁴
1410 3359 1510 3392 Hom.
1524 3358 1563 3391 in
1580 3359 1709 3402 Erana.
1724 3385 1730 3402 ,
1744 3361 1801 3393 tib.
1818 3360 1859 3401 lt,
1876 3362 1965 3394 hom.
1985 3369 2092 3400 xxxiv,
2108 3363 2171 3394 11⁰8
2189 3369 2206 3392 e
2233 3361 2270 3393 10
