2638 3866
862 261 920 310 ΙΝ
954 259 1285 308 EPISTOLAM
1322 261 1403 309 AD
1437 258 1739 308 ROMANOS.
2276 260 2360 308 291

222 362 280 409 sit
306 361 446 426 huJus
468 361 767 410 contumeliae
783 377 926 410 causa
945 379 1004 410 ex
1029 363 1257 426 qualitate
1282 363 1488 411 materiae
1512 378 1620 427 quae
1639 369 1709 409 est
1737 361 1923 409 eadem.
1964 380 1986 406 α
2007 360 2199 426 Figulus
2218 360 2322 421 luti,
2346 384 2366 404 n

224 441 273 489 id
290 451 363 490 est
385 441 618 490 formator
641 442 852 491 humidae
863 453 909 491 et
929 443 1087 491 mollis
1110 452 1262 503 terrae,
1286 459 1387 491 non
1409 452 1598 491 creator
1614 442 1762 508 ipsius
1787 443 2011 490 materia».
2047 445 2113 489 Ex
2135 458 2233 507 quo
2266 443 2371 506 qui-

224 522 336 570 dem
358 533 556 589 apparet
574 540 687 572 eum
707 524 865 572 minus
882 524 1002 588 juris
1035 523 1216 571 habere
1246 524 1307 570 in*
1332 540 1479 590 opere
1518 539 1608 571 suo
1643 538 1790 587 quam
1825 526 1952 570 Deus
1979 522 2156 571 habeat
2189 524 2238 570 in
2262 539 2368 582 suo,

224 604 424 669 quinon
446 606 603 653 solum
625 605 874 667 formator,
903 604 987 653 sed
1011 605 1157 652 etiam
1182 605 1390 652 materiae
1410 614 1598 653 creator
1620 614 1710 652 est.
1747 603 1995 668 Quidquid
2030 604 2091 651 ad
2125 604 2372 670 proposita

224 685 376 732 homo
400 685 486 733 iste
509 686 822 752 respondeat,
849 686 986 750 quasi
1010 695 1218 733 cornuto
1239 686 1518 733 vulneratur
1550 684 1675 733 stilo.
1715 685 1763 731 Si
1793 685 1922 732 enim
1949 684 2238 750 respondeat
2262 686 2374 749 quia

227 781 326 813 non
350 765 496 814 babet
512 766 683 832 figulus
699 767 827 815 hanc
851 776 1156 832 potestatem,
1176 767 1369 832 penitus
1405 764 1619 814 officium
1650 766 1851 813 damnat
1877 764 2154 830 figulorum,
2179 775 2226 812 et
2248 766 2373 813 utili-

226 855 373 894 tatem
395 846 658 912 publicam,
679 858 727 896 et
746 864 1009 896 commune
1032 847 1351 896 commodum
1376 858 1521 912 atque
1544 847 1867 894 necessarium
1890 845 2199 912 impudenter
2236 863 2373 893 accu-

225 936 314 974 sat.
342 927 425 974 Sin
458 937 620 976 autem
639 929 774 994 quod
798 929 1105 977 manifestum
1126 938 1196 976 est
1214 928 1380 992 eligat,
1407 938 1458 975 ut
1478 927 1699 975 videlicet
1720 927 1824 974 sine
1847 926 2020 991 injuria
2045 926 2203 991 aliqua
2229 943 2372 990 quam

227 1008 350 1055 vasis
373 1008 720 1057 contumeliose
743 1010 931 1068 inferat,
955 1026 1011 1058 ea
1024 1010 1164 1058 faciat
1186 1009 1314 1070 talia,
1331 1009 1483 1074 liquet
1507 1008 1740 1068 similiter,
1759 1009 1909 1056 immo
1935 1007 2087 1055 multo
2113 1008 2260 1071 magis
2274 1010 2376 1054 Deo

227 1087 369 1136 licere
388 1104 683 1154 quocunque
708 1089 858 1137 modo
877 1090 1084 1138 voluerit
1106 1100 1375 1138 creaturam
1399 1106 1536 1137 suam
1568 1099 1772 1137 tractare
1804 1099 1947 1155 atque
1985 1088 2259 1154 disponere,
2297 1089 2377 1152 qui

227 1168 469 1217 obnoxius
492 1169 628 1217 nullo
654 1179 844 1218 tenetur
863 1170 1047 1230 debito,
1074 1181 1335 1236 antequam
1359 1170 1627 1236 quidquam
1662 1169 1742 1218 illa
1778 1179 2126 1235 promereatur.
2157 1169 2375 1234 Alioquin

228 1250 447 1298 universa
472 1251 698 1299 animalia
719 1250 782 1299 ad
806 1251 1024 1300 laborem
1046 1263 1206 1300 creata
1221 1262 1349 1300 recte
1373 1251 1601 1300 adversus
1624 1268 1736 1298 eum
1755 1267 2057 1298 murmurare
2079 1260 2127 1297 et
2148 1252 2378 1314 conqueri

227 1340 439 1394 possent,
469 1347 619 1396 quare
641 1333 744 1398 ipsa
766 1332 945 1381 scilicet
966 1342 1154 1381 tantum
1177 1332 1240 1382 ad
1259 1332 1477 1382 laborem
1493 1341 1540 1380 et
1557 1331 1620 1379 ad
1643 1332 1888 1379 servitium
1922 1332 2179 1379 hominum
2204 1330 2379 1379 condi·-

226 1409 368 1472 derit,
393 1428 506 1459 cum
529 1412 812 1477 hujusmodi
829 1414 1156 1474 afflictionem,
1183 1431 1289 1479 quae
1315 1430 1465 1478 usque
1495 1412 1559 1460 ad
1598 1422 1805 1460 mortem
1835 1422 2122 1479 perseverat,
2150 1412 2253 1477 ipsa
2280 1428 2378 1459 non

227 1494 506 1541 meruerint.
533 1494 680 1552 Quod
699 1496 738 1542 si
758 1494 818 1542 ad
844 1495 1246 1559 glorificationem
1270 1496 1362 1557 sui,
1390 1494 1466 1542 vel
1490 1493 1553 1542 ad
1575 1493 1786 1559 aliquam
1816 1494 2064 1541 utilitatem
2103 1492 2375 1553 hominum,

227 1573 323 1620 hoc
346 1583 416 1621 est
440 1573 500 1622 ad
524 1574 744 1623 laborem
764 1586 925 1624 creata
950 1593 1052 1624 esse
1075 1586 1203 1625 recte
1219 1575 1574 1636 conceduntur,
1601 1575 1770 1623 eadem
1808 1575 2027 1640 profecto
2056 1575 2241 1622 ratione
2263 1590 2380 1621 con-

228 1653 501 1703 cedendum
527 1666 597 1704 est
621 1656 912 1721 quibusdam
938 1658 1112 1705 merito
1136 1661 1295 1705 Deum
1318 1657 1520 1722 gratiam
1554 1673 1692 1704 suam
1731 1656 2038 1716 subtraxisse,
2076 1671 2166 1702 nec
2202 1671 2286 1702 eos
2322 1654 2382 1702 ab

228 1735 479 1800 iniquitate
501 1736 746 1799 liberasse,
773 1754 884 1785 cum
909 1738 1042 1785 nulla
1066 1738 1126 1786 sit
1147 1738 1374 1802 iniquitas
1398 1754 1493 1802 qua
1517 1740 1649 1784 Deus
1673 1738 1856 1803 optime
1870 1753 1970 1784 non
1988 1745 2168 1797 utatur,
2192 1744 2239 1783 et
2263 1735 2382 1784 nihil

228 1814 445 1863 accidere
476 1817 578 1864 sine
607 1833 751 1866 causa
770 1819 1035 1884 permittat,
1070 1818 1178 1885 ipso
1218 1819 1364 1866 etiam
1404 1819 1632 1866 secularis
1667 1819 1909 1884 sapientiae
1935 1816 2135 1881 judicio.
2174 1815 2313 1863 Unde
2338 1827 2384 1864 et

229 1896 360 1944 Plato
381 1897 430 1944 in
455 1900 499 1944 T
494 1899 629 1945 imaeo
647 1915 734 1946 suo
764 1918 774 1946 ε
815 1920 835 1943 α
859 1898 985 1947 Nihil
1010 1898 1080 1959 fit,
1109 1899 1284 1965 inquit,
1311 1899 1448 1964 cujus
1468 1909 1628 1947 ortum
1652 1916 1751 1946 non
1778 1899 1987 1963 legitima
2005 1913 2165 1958 causa,
2194 1907 2240 1944 et
2264 1898 2383 1947 ratio

229 1977 485 2041 praecedat.
512 1997 534 2023 »
553 1979 672 2037 Quis
685 1980 815 2028 enim
831 1979 1049 2028 fidelium
1065 1981 1248 2029 nesciat
1263 1997 1410 2046 quam
1430 1980 1614 2046 optime
1635 1997 1749 2027 usus
1766 1981 1823 2027 sit
1841 1995 2028 2026 summa
2042 1978 2121 2025 illa
2142 1978 2384 2044 impietate

229 2057 377 2116 Judae,
401 2059 537 2124 cujus
560 2060 813 2108 execrabili
833 2061 1110 2127 proditione
1132 2063 1280 2109 totius
1298 2062 1503 2110 humani
1539 2062 1725 2126 generis
1756 2061 2141 2125 redemptionem
2168 2069 2235 2106 est
2271 2075 2386 2125 ope-

230 2139 391 2186 ratus?
416 2140 565 2188 Multo
589 2142 809 2206 profecto
826 2143 989 2190 utilius
1013 2152 1084 2189 est
1108 2152 1336 2208 operatus
1359 2143 1409 2189 in
1435 2143 1649 2207 nequitia
1668 2145 1692 2188 J
1698 2141 1802 2189 udae
1815 2158 1963 2206 quam
1974 2141 2021 2187 in
2034 2140 2215 2203 justitia
2242 2141 2381 2198 Petri,

233 2229 280 2267 et
302 2219 446 2285 hujus
478 2238 625 2287 opere
654 2222 782 2270 malo
815 2238 962 2288 quam
1003 2223 1130 2270 illius
1158 2223 1295 2270 bono
1334 2223 1477 2286 longe
1511 2223 1682 2271 melius
1719 2240 1832 2270 usus
1863 2232 1962 2280 est,
2001 2238 2130 2283 non,
2165 2221 2381 2284 inquam,

231 2309 466 2364 quantum
485 2302 547 2349 ad
572 2302 745 2350 sudam
768 2305 993 2369 pertinet,
1021 2303 1104 2352 sed
1129 2303 1187 2352 ad
1210 2320 1521 2351 communem
1557 2304 1779 2352 omnium
1814 2303 2081 2362 utilitatem,
2114 2319 2220 2368 quae
2241 2302 2387 2350 fami-—

230 2379 335 2428 liari
362 2397 553 2447 semper
574 2392 644 2430 est
669 2384 1012 2450 praeponenda.
1043 2384 1385 2432 Praedicatione
1408 2384 1606 2448 quidem
1628 2385 1749 2432 Petri
1781 2391 1829 2432 et
1863 2383 2083 2449 exemplo
2109 2384 2215 2431 vitae
2241 2382 2386 2447 aliqui

232 2462 454 2510 conversi
475 2473 589 2511 sunt
610 2473 659 2511 et
682 2463 868 2527 salvati,
891 2465 975 2513 sed
1000 2465 1079 2513 illa
1102 2464 1238 2513 Judae
1258 2465 1451 2513 traditio
1474 2466 1525 2512 in
1550 2465 1752 2514 salutem
1778 2466 2002 2513 omnium
2037 2480 2268 2512 conversa
2296 2473 2381 2523 est,

234 2558 340 2607 quae
361 2559 389 2590 a
414 2545 550 2592 Patre
578 2561 776 2610 quoque
797 2555 844 2593 et
870 2546 991 2594 Filio
1013 2547 1190 2613 pariter
1225 2547 1348 2595 facta
1383 2557 1470 2609 est,
1505 2547 1590 2595 sed
1614 2547 1881 2595 intentione
1905 2546 2110 2593 diversa.
2142 2548 2209 2592 Ita
2241 2545 2384 2591 etiam

233 2633 633 2689 quantaecumque
655 2625 773 2674 fiant
794 2627 1002 2688 malitiae,
1027 2627 1191 2675 divina
1207 2628 1525 2693 dispositione
1550 2629 1734 2693 optime
1758 2627 2058 2685 ordinantur,
2086 2635 2132 2672 et
2155 2626 2203 2671 in
2231 2625 2387 2671 omni-

235 2702 327 2750 bus
353 2720 458 2768 quae
479 2705 591 2754 facit
610 2707 684 2754 vel
709 2707 862 2755 facere
895 2708 1144 2773 permittit,
1185 2723 1352 2755 causas
1390 2709 1491 2772 ipse
1528 2708 1681 2766 novit,
1704 2708 1816 2754 licet
1840 2706 2052 2754 occultas
2083 2705 2225 2752 nobis
2250 2714 2297 2752 et
2321 2705 2387 2751 in-

237 2784 613 2847 investigabiles,
650 2787 764 2851 quia
793 2789 862 2835 sic
890 2789 1069 2836 scilicet
1103 2802 1215 2835 eum
1252 2787 1407 2835 facere
1432 2787 1508 2835 vel
1537 2788 1812 2851 permittere
1850 2787 2121 2835 conveniat.
2163 2786 2385 2849 Alioquin

238 2864 459 2928 quaedam
480 2864 872 2915 irrationabiliter
894 2867 1071 2916 faceret
1091 2868 1167 2915 vel
1186 2867 1497 2932 permitteret.

305 2947 449 2993 Recte
470 2955 632 2994 autem
660 2947 975 3012 quaerendum
998 2948 1232 3008 arbitror,
1265 2949 1352 2995 etsi
1381 2948 1564 3012 injuriae
1598 2951 1727 2995 Deus
1757 2948 1890 3012 argui
1927 2964 2025 2995 non
2051 2948 2224 3013 possit,
2253 2949 2388 3012 quod

237 3012 479 3091 aliquibus
507 3027 708 3092 gratiam
735 3045 873 3077 suam
897 3028 1012 3077 dare
1039 3028 1162 3076 nolit
1189 3047 1198 3075 ε
1227 3028 1479 3094 quomodo
1499 3038 1659 3076 tamen
1689 3028 1866 3093 iniquis
1902 3028 2182 3076 hominibus
2213 3028 2389 3094 quibus

238 3108 341 3172 ipse
362 3108 563 3172 gratiam
588 3108 703 3157 dare
733 3110 890 3158 noluit
929 3120 984 3158 ut
1015 3110 1330 3172 salvarentur,
1360 3109 1699 3176 imputandum
1733 3110 1792 3157 sit
1823 3109 1958 3175 quod
1991 3109 2299 3169 damnantur,
2338 3119 2389 3155 ut

240 3188 461 3236 videlicet
481 3205 567 3237 sua
590 3190 731 3257 culpa
753 3191 973 3240 damnari
996 3191 1233 3240 dicantur.
1262 3191 1360 3239 Aut
1374 3192 1415 3239 si
1439 3191 1571 3239 nulla
1594 3206 1764 3239 eorum
1787 3192 1930 3258 culpa
1961 3201 2049 3254 est,
2083 3207 2183 3256 quo
2219 3190 2389 3238 merito

241 3283 332 3316 suo
355 3270 447 3335 ipsi
466 3270 686 3319 damnari
709 3271 932 3322 dicantur
955 3289 984 3322 a
1009 3276 1132 3336 Deo,
1158 3274 1243 3339 qui
1277 3273 1540 3337 unicuique
1576 3272 1736 3320 reddit
1773 3273 2041 3321 secundum
2077 3286 2224 3338 opera
2256 3270 2388 3334 ejus?

245 3348 338 3396 Sed
357 3365 464 3415 quae
486 3367 650 3400 rursus
667 3353 809 3420 culpa
829 3363 899 3404 est
914 3354 1152 3418 hominis,
1172 3355 1211 3402 si
1244 3370 1347 3402 non
1383 3354 1608 3416 salvetur,
1644 3354 1721 3402 cui
1747 3356 1876 3401 Deus
1911 3353 2108 3416 gratiam
2134 3369 2224 3416 per
2243 3366 2389 3415 quani
