<?xml version="1.0" encoding="UTF-8"?>
<!DOCTYPE html PUBLIC "-//W3C//DTD XHTML 1.0 Transitional//EN"
    "http://www.w3.org/TR/xhtml1/DTD/xhtml1-transitional.dtd">
<html xmlns="http://www.w3.org/1999/xhtml" xml:lang="en" lang="en">
 <head>
  <title>
</title>
<meta http-equiv="Content-Type" content="text/html;charset=utf-8" />
  <meta name='ocr-system' content='tesseract 3.04.00' />
  <meta name='ocr-capabilities' content='ocr_page ocr_carea ocr_par ocr_line ocrx_word'/>
</head>
<body>
  <div class='ocr_page' id='page_1' title='image "./operahactenusseo00abeluoft_0427.png"; bbox 0 0 2638 3866; ppageno 0'>
   <div class='ocr_carea' id='block_1_1' title="bbox 947 230 2398 280">
    <p class='ocr_par' dir='ltr' id='par_1_1' title="bbox 947 230 2398 280">
     <span class='ocr_line' id='line_1_1' title="bbox 947 230 2398 280; baseline -0.001 -1"><span class='ocrx_word' id='word_1_1' title='bbox 947 231 1293 280; x_wconf 84' lang='lat' dir='ltr'><strong>THEOLOGlA</strong></span> <span class='ocrx_word' id='word_1_2' title='bbox 1329 231 1697 280; x_wconf 79' lang='lat' dir='ltr'><strong>CHRlSTlANA.</strong></span> <span class='ocrx_word' id='word_1_3' title='bbox 2302 230 2398 278; x_wconf 72' lang='grc'><strong>417</strong></span> 
     </span>
    </p>
   </div>
   <div class='ocr_carea' id='block_1_2' title="bbox 245 329 2406 3067">
    <p class='ocr_par' dir='ltr' id='par_1_2' title="bbox 245 329 2406 1937">
     <span class='ocr_line' id='line_1_2' title="bbox 250 329 2401 395; baseline -0.002 -13"><span class='ocrx_word' id='word_1_4' title='bbox 250 332 603 394; x_wconf 82' lang='lat' dir='ltr'><strong>definitionem,</strong></span> <span class='ocrx_word' id='word_1_5' title='bbox 629 340 901 380; x_wconf 87' lang='lat' dir='ltr'><strong>conventus</strong></span> <span class='ocrx_word' id='word_1_6' title='bbox 930 329 1132 394; x_wconf 86' lang='lat' dir='ltr'><strong>quilibet</strong></span> <span class='ocrx_word' id='word_1_7' title='bbox 1166 330 1436 378; x_wconf 75' lang='lat' dir='ltr'>christianae</span> <span class='ocrx_word' id='word_1_8' title='bbox 1474 329 1716 395; x_wconf 85' lang='lat' dir='ltr'><strong>religionis</strong></span> <span class='ocrx_word' id='word_1_9' title='bbox 1750 331 1947 394; x_wconf 85' lang='lat' dir='ltr'><strong>proprie</strong></span> <span class='ocrx_word' id='word_1_10' title='bbox 1969 329 2185 378; x_wconf 84' lang='lat' dir='ltr'><strong>civitates</strong></span> <span class='ocrx_word' id='word_1_11' title='bbox 2207 329 2401 378; x_wconf 87' lang='lat' dir='ltr'><strong>dicendi</strong></span> 
     </span>
     <span class='ocr_line' id='line_1_3' title="bbox 249 410 2400 479; baseline -0.001 -16"><span class='ocrx_word' id='word_1_12' title='bbox 249 424 379 476; x_wconf 90' lang='lat' dir='ltr'><strong>sunt,</strong></span> <span class='ocrx_word' id='word_1_13' title='bbox 406 424 454 462; x_wconf 90' lang='lat' dir='ltr'><strong>et</strong></span> <span class='ocrx_word' id='word_1_14' title='bbox 484 413 711 462; x_wconf 85' lang='lat' dir='ltr'><strong>concives</strong></span> <span class='ocrx_word' id='word_1_15' title='bbox 734 412 930 479; x_wconf 83' lang='lat' dir='ltr'><strong>proprie</strong></span> <span class='ocrx_word' id='word_1_16' title='bbox 957 411 1143 473; x_wconf 85' lang='lat' dir='ltr'><strong>fratres,</strong></span> <span class='ocrx_word' id='word_1_17' title='bbox 1171 412 1219 458; x_wconf 92' lang='lat' dir='ltr'><strong>in</strong></span> <span class='ocrx_word' id='word_1_18' title='bbox 1244 428 1343 476; x_wconf 89' lang='lat' dir='ltr'><strong>quo</strong></span> <span class='ocrx_word' id='word_1_19' title='bbox 1373 429 1461 478; x_wconf 88' lang='lat' dir='ltr'><strong>per</strong></span> <span class='ocrx_word' id='word_1_20' title='bbox 1482 410 1683 475; x_wconf 78' lang='lat' dir='ltr'><strong>gratiam</strong></span> <span class='ocrx_word' id='word_1_21' title='bbox 1705 410 1874 458; x_wconf 88' lang='lat' dir='ltr'><strong>renati.</strong></span> <span class='ocrx_word' id='word_1_22' title='bbox 1903 410 2042 459; x_wconf 88' lang='lat' dir='ltr'><strong>Unde</strong></span> <span class='ocrx_word' id='word_1_23' title='bbox 2063 420 2110 459; x_wconf 90' lang='lat' dir='ltr'><strong>et</strong></span> <span class='ocrx_word' id='word_1_24' title='bbox 2136 411 2317 459; x_wconf 88' lang='lat' dir='ltr'><strong>Veritas</strong></span> <span class='ocrx_word' id='word_1_25' title='bbox 2340 412 2400 460; x_wconf 91' lang='lat' dir='ltr'><strong>de</strong></span> 
     </span>
     <span class='ocr_line' id='line_1_4' title="bbox 250 494 2396 561; baseline -0.003 -15"><span class='ocrx_word' id='word_1_26' title='bbox 250 499 475 546; x_wconf 89' lang='lat' dir='ltr'><strong>societate</strong></span> <span class='ocrx_word' id='word_1_27' title='bbox 499 496 719 545; x_wconf 83' lang='lat' dir='ltr'><strong>Ecclesiae</strong></span> <span class='ocrx_word' id='word_1_28' title='bbox 745 495 880 543; x_wconf 83' lang='lat' dir='ltr'><strong>dicit¹</strong></span> <span class='ocrx_word' id='word_1_29' title='bbox 908 512 919 542; x_wconf 85' lang='lat'>:</span> <span class='ocrx_word' id='word_1_30' title='bbox 948 515 970 539; x_wconf 88' lang='lat'>«</span> <span class='ocrx_word' id='word_1_31' title='bbox 992 498 1099 542; x_wconf 90' lang='lat' dir='ltr'><strong>Non</strong></span> <span class='ocrx_word' id='word_1_32' title='bbox 1124 505 1281 561; x_wconf 88' lang='lat' dir='ltr'><strong>potest</strong></span> <span class='ocrx_word' id='word_1_33' title='bbox 1310 494 1544 544; x_wconf 84' lang='lat' dir='ltr'><strong>abscondi</strong></span> <span class='ocrx_word' id='word_1_34' title='bbox 1568 494 1734 542; x_wconf 89' lang='lat' dir='ltr'><strong>civitas</strong></span> <span class='ocrx_word' id='word_1_35' title='bbox 1761 510 1906 559; x_wconf 88' lang='lat' dir='ltr'><strong>supra</strong></span> <span class='ocrx_word' id='word_1_36' title='bbox 1927 503 2145 543; x_wconf 91' lang='lat' dir='ltr'><strong>montem</strong></span> <span class='ocrx_word' id='word_1_37' title='bbox 2172 496 2344 561; x_wconf 88' lang='lat' dir='ltr'><strong>posita.</strong></span> <span class='ocrx_word' id='word_1_38' title='bbox 2374 517 2396 539; x_wconf 75' lang='lat' dir='ltr'>n</span> 
     </span>
     <span class='ocr_line' id='line_1_5' title="bbox 251 575 2395 641; baseline -0.001 -14"><span class='ocrx_word' id='word_1_39' title='bbox 251 580 339 626; x_wconf 90' lang='lat' dir='ltr'><strong>Cui</strong></span> <span class='ocrx_word' id='word_1_40' title='bbox 370 589 417 627; x_wconf 90' lang='lat' dir='ltr'><strong>et</strong></span> <span class='ocrx_word' id='word_1_41' title='bbox 449 577 569 626; x_wconf 83' lang='lat' dir='ltr'><strong>illud</strong></span> <span class='ocrx_word' id='word_1_42' title='bbox 597 579 645 625; x_wconf 92' lang='lat' dir='ltr'><strong>in</strong></span> <span class='ocrx_word' id='word_1_43' title='bbox 672 575 927 624; x_wconf 84' lang='lat' dir='ltr'><strong>lezechiele</strong></span> <span class='ocrx_word' id='word_1_44' title='bbox 958 577 1172 623; x_wconf 86' lang='lat' dir='ltr'><strong>concinit</strong></span> <span class='ocrx_word' id='word_1_45' title='bbox 1198 576 1259 624; x_wconf 89' lang='lat' dir='ltr'><strong>de</strong></span> <span class='ocrx_word' id='word_1_46' title='bbox 1289 576 1494 624; x_wconf 80' lang='lat' dir='ltr'><strong>aedificio</strong></span> <span class='ocrx_word' id='word_1_47' title='bbox 1520 576 1724 624; x_wconf 88' lang='lat' dir='ltr'><strong>civitatis</strong></span> <span class='ocrx_word' id='word_1_48' title='bbox 1751 592 1896 641; x_wconf 92' lang='lat' dir='ltr'><strong>super</strong></span> <span class='ocrx_word' id='word_1_49' title='bbox 1926 586 2143 624; x_wconf 90' lang='lat' dir='ltr'><strong>montem</strong></span> <span class='ocrx_word' id='word_1_50' title='bbox 2171 587 2367 625; x_wconf 88' lang='lat' dir='ltr'><strong>ostenso</strong></span> <span class='ocrx_word' id='word_1_51' title='bbox 2385 615 2395 635; x_wconf 88' lang='lat'>‚</span> 
     </span>
     <span class='ocr_line' id='line_1_6' title="bbox 251 655 2398 723; baseline -0 -16"><span class='ocrx_word' id='word_1_52' title='bbox 251 670 395 723; x_wconf 90' lang='lat' dir='ltr'><strong>atque</strong></span> <span class='ocrx_word' id='word_1_53' title='bbox 418 658 536 706; x_wconf 91' lang='lat' dir='ltr'><strong>illud</strong></span> <span class='ocrx_word' id='word_1_54' title='bbox 564 657 882 706; x_wconf 77' lang='lat' dir='ltr'><strong>Psalmistae¹z</strong></span> <span class='ocrx_word' id='word_1_55' title='bbox 915 677 937 700; x_wconf 82' lang='lat'>«</span> <span class='ocrx_word' id='word_1_56' title='bbox 962 657 1259 704; x_wconf 81' lang='lat' dir='ltr'><strong>Hierusalem</strong></span> <span class='ocrx_word' id='word_1_57' title='bbox 1304 673 1410 722; x_wconf 86' lang='lat' dir='ltr'><strong>quae</strong></span> <span class='ocrx_word' id='word_1_58' title='bbox 1454 655 1717 704; x_wconf 62' lang='lat' dir='ltr'><strong>aedificatur</strong></span> <span class='ocrx_word' id='word_1_59' title='bbox 1764 666 1818 703; x_wconf 86' lang='lat' dir='ltr'><strong>ut</strong></span> <span class='ocrx_word' id='word_1_60' title='bbox 1856 657 2038 705; x_wconf 88' lang='lat' dir='ltr'><strong>civitas.</strong></span> <span class='ocrx_word' id='word_1_61' title='bbox 2062 676 2085 702; x_wconf 91' lang='lat'>»</span> <span class='ocrx_word' id='word_1_62' title='bbox 2127 657 2198 704; x_wconf 84' lang='lat' dir='ltr'><strong>Ad</strong></span> <span class='ocrx_word' id='word_1_63' title='bbox 2248 657 2398 717; x_wconf 88' lang='lat' dir='ltr'><strong>hanc,</strong></span> 
     </span>
     <span class='ocr_line' id='line_1_7' title="bbox 250 736 2403 804; baseline -0 -17"><span class='ocrx_word' id='word_1_64' title='bbox 250 739 416 801; x_wconf 88' lang='lat' dir='ltr'><strong>credo,</strong></span> <span class='ocrx_word' id='word_1_65' title='bbox 458 738 734 804; x_wconf 81' lang='lat' dir='ltr'><strong>reipublicae</strong></span> <span class='ocrx_word' id='word_1_66' title='bbox 767 737 1166 785; x_wconf 82' lang='lat' dir='ltr'><strong>communitatem</strong></span> <span class='ocrx_word' id='word_1_67' title='bbox 1199 753 1311 784; x_wconf 92' lang='lat' dir='ltr'><strong>cum</strong></span> <span class='ocrx_word' id='word_1_68' title='bbox 1349 754 1439 784; x_wconf 89' lang='lat' dir='ltr'><strong>nos</strong></span> <span class='ocrx_word' id='word_1_69' title='bbox 1470 737 1847 785; x_wconf 82' lang='lat' dir='ltr'><strong>adhortarentur</strong></span> <span class='ocrx_word' id='word_1_70' title='bbox 1880 736 2175 803; x_wconf 88' lang='lat' dir='ltr'><strong>philosophi,</strong></span> <span class='ocrx_word' id='word_1_71' title='bbox 2218 740 2403 803; x_wconf 83' lang='lat' dir='ltr'><strong>egregie</strong></span> 
     </span>
     <span class='ocr_line' id='line_1_8' title="bbox 252 817 2402 885; baseline -0.001 -18"><span class='ocrx_word' id='word_1_72' title='bbox 252 836 338 885; x_wconf 85' lang='lat' dir='ltr'><strong>per</strong></span> <span class='ocrx_word' id='word_1_73' title='bbox 375 819 643 867; x_wconf 84' lang='lat' dir='ltr'><strong>naturalem</strong></span> <span class='ocrx_word' id='word_1_74' title='bbox 672 818 904 884; x_wconf 88' lang='lat' dir='ltr'><strong>justitiam</strong></span> <span class='ocrx_word' id='word_1_75' title='bbox 933 817 1401 866; x_wconf 86' lang='lat' dir='ltr'><strong>commendaverunt</strong></span> <span class='ocrx_word' id='word_1_76' title='bbox 1441 818 1715 883; x_wconf 85' lang='lat' dir='ltr'><strong>positivam,</strong></span> <span class='ocrx_word' id='word_1_77' title='bbox 1749 817 1843 865; x_wconf 87' lang='lat' dir='ltr'><strong>hoc</strong></span> <span class='ocrx_word' id='word_1_78' title='bbox 1871 828 1943 866; x_wconf 90' lang='lat' dir='ltr'><strong>est</strong></span> <span class='ocrx_word' id='word_1_79' title='bbox 1976 817 2101 866; x_wconf 89' lang='lat' dir='ltr'><strong>hanc</strong></span> <span class='ocrx_word' id='word_1_80' title='bbox 2131 835 2279 882; x_wconf 87' lang='lat' dir='ltr'><strong>quam</strong></span> <span class='ocrx_word' id='word_1_81' title='bbox 2313 819 2402 884; x_wconf 88' lang='lat' dir='ltr'><strong>ipsi</strong></span> 
     </span>
     <span class='ocr_line' id='line_1_9' title="bbox 251 898 2403 966; baseline -0.001 -18"><span class='ocrx_word' id='word_1_82' title='bbox 251 917 432 966; x_wconf 89' lang='lat' dir='ltr'><strong>ponere</strong></span> <span class='ocrx_word' id='word_1_83' title='bbox 465 911 513 948; x_wconf 89' lang='lat' dir='ltr'><strong>et</strong></span> <span class='ocrx_word' id='word_1_84' title='bbox 541 911 749 948; x_wconf 88' lang='lat' dir='ltr'><strong>statuere</strong></span> <span class='ocrx_word' id='word_1_85' title='bbox 777 899 826 947; x_wconf 91' lang='lat' dir='ltr'><strong>in</strong></span> <span class='ocrx_word' id='word_1_86' title='bbox 856 898 1178 947; x_wconf 88' lang='lat' dir='ltr'><strong>conventibus</strong></span> <span class='ocrx_word' id='word_1_87' title='bbox 1211 899 1459 946; x_wconf 88' lang='lat' dir='ltr'><strong>civitatum</strong></span> <span class='ocrx_word' id='word_1_88' title='bbox 1486 908 1754 964; x_wconf 88' lang='lat' dir='ltr'><strong>coeperunt,</strong></span> <span class='ocrx_word' id='word_1_89' title='bbox 1788 908 1834 946; x_wconf 91' lang='lat' dir='ltr'><strong>et</strong></span> <span class='ocrx_word' id='word_1_90' title='bbox 1860 915 2075 963; x_wconf 85' lang='lat' dir='ltr'><strong>congrue</strong></span> <span class='ocrx_word' id='word_1_91' title='bbox 2104 899 2166 946; x_wconf 88' lang='lat' dir='ltr'><strong>ad</strong></span> <span class='ocrx_word' id='word_1_92' title='bbox 2198 916 2403 948; x_wconf 89' lang='lat' dir='ltr'><strong>concor-</strong></span> 
     </span>
     <span class='ocr_line' id='line_1_10' title="bbox 251 979 2402 1045; baseline -0 -16"><span class='ocrx_word' id='word_1_93' title='bbox 251 982 381 1031; x_wconf 88' lang='lat' dir='ltr'><strong>diam</strong></span> <span class='ocrx_word' id='word_1_94' title='bbox 415 993 462 1030; x_wconf 90' lang='lat' dir='ltr'><strong>et</strong></span> <span class='ocrx_word' id='word_1_95' title='bbox 494 981 897 1030; x_wconf 88' lang='lat' dir='ltr'><strong>communitatem</strong></span> <span class='ocrx_word' id='word_1_96' title='bbox 929 980 1187 1028; x_wconf 91' lang='lat' dir='ltr'><strong>hominum</strong></span> <span class='ocrx_word' id='word_1_97' title='bbox 1215 981 1264 1027; x_wconf 91' lang='lat' dir='ltr'><strong>in</strong></span> <span class='ocrx_word' id='word_1_98' title='bbox 1299 979 1454 1042; x_wconf 88' lang='lat' dir='ltr'><strong>terris,</strong></span> <span class='ocrx_word' id='word_1_99' title='bbox 1493 979 1810 1027; x_wconf 89' lang='lat' dir='ltr'><strong>concordiam</strong></span> <span class='ocrx_word' id='word_1_100' title='bbox 1845 979 2154 1045; x_wconf 89' lang='lat' dir='ltr'><strong>superiorum</strong></span> <span class='ocrx_word' id='word_1_101' title='bbox 2181 989 2227 1027; x_wconf 90' lang='lat' dir='ltr'><strong>et</strong></span> <span class='ocrx_word' id='word_1_102' title='bbox 2260 979 2402 1028; x_wconf 88' lang='lat' dir='ltr'><strong>coele·</strong></span> 
     </span>
     <span class='ocr_line' id='line_1_11' title="bbox 252 1060 2404 1127; baseline -0 -17"><span class='ocrx_word' id='word_1_103' title='bbox 252 1063 396 1110; x_wconf 90' lang='lat' dir='ltr'><strong>stium</strong></span> <span class='ocrx_word' id='word_1_104' title='bbox 420 1079 602 1122; x_wconf 86' lang='lat' dir='ltr'><strong>rerum,</strong></span> <span class='ocrx_word' id='word_1_105' title='bbox 630 1079 733 1127; x_wconf 88' lang='lat' dir='ltr'><strong>qnae</strong></span> <span class='ocrx_word' id='word_1_106' title='bbox 762 1062 1086 1109; x_wconf 84' lang='lat' dir='ltr'><strong>communiter</strong></span> <span class='ocrx_word' id='word_1_107' title='bbox 1110 1062 1286 1108; x_wconf 87' lang='lat' dir='ltr'><strong>nostris</strong></span> <span class='ocrx_word' id='word_1_108' title='bbox 1313 1060 1478 1108; x_wconf 90' lang='lat' dir='ltr'><strong>usibus</strong></span> <span class='ocrx_word' id='word_1_109' title='bbox 1505 1060 1743 1126; x_wconf 81' lang='lat' dir='ltr'><strong>deputatae</strong></span> <span class='ocrx_word' id='word_1_110' title='bbox 1770 1070 1909 1123; x_wconf 89' lang='lat' dir='ltr'><strong>sunt,</strong></span> <span class='ocrx_word' id='word_1_111' title='bbox 1936 1061 2326 1122; x_wconf 88' lang='lat' dir='ltr'><strong>introduxerunt,</strong></span> <span class='ocrx_word' id='word_1_112' title='bbox 2354 1072 2404 1109; x_wconf 90' lang='lat' dir='ltr'><strong>ut</strong></span> 
     </span>
     <span class='ocr_line' id='line_1_12' title="bbox 250 1141 2404 1207; baseline -0.001 -16"><span class='ocrx_word' id='word_1_113' title='bbox 250 1160 364 1191; x_wconf 90' lang='lat' dir='ltr'><strong>cum</strong></span> <span class='ocrx_word' id='word_1_114' title='bbox 398 1160 568 1191; x_wconf 89' lang='lat' dir='ltr'><strong>omnes</strong></span> <span class='ocrx_word' id='word_1_115' title='bbox 599 1142 891 1190; x_wconf 83' lang='lat' dir='ltr'><strong>beneficium</strong></span> <span class='ocrx_word' id='word_1_116' title='bbox 921 1142 1033 1190; x_wconf 91' lang='lat' dir='ltr'><strong>solis</strong></span> <span class='ocrx_word' id='word_1_117' title='bbox 1067 1152 1114 1189; x_wconf 90' lang='lat' dir='ltr'><strong>et</strong></span> <span class='ocrx_word' id='word_1_118' title='bbox 1137 1152 1409 1190; x_wconf 87' lang='lat' dir='ltr'><strong>ceterorum</strong></span> <span class='ocrx_word' id='word_1_119' title='bbox 1441 1142 1768 1190; x_wconf 88' lang='lat' dir='ltr'><strong>communiter</strong></span> <span class='ocrx_word' id='word_1_120' title='bbox 1802 1142 2112 1207; x_wconf 84' lang='lat' dir='ltr'><strong>accipiamus,</strong></span> <span class='ocrx_word' id='word_1_121' title='bbox 2142 1141 2404 1189; x_wconf 91' lang='lat' dir='ltr'><strong>admonea-</strong></span> 
     </span>
     <span class='ocr_line' id='line_1_13' title="bbox 252 1222 2405 1288; baseline -0 -18"><span class='ocrx_word' id='word_1_122' title='bbox 252 1240 361 1271; x_wconf 89' lang='lat' dir='ltr'><strong>mur</strong></span> <span class='ocrx_word' id='word_1_123' title='bbox 399 1241 457 1272; x_wconf 85' lang='lat' dir='ltr'><strong>ex</strong></span> <span class='ocrx_word' id='word_1_124' title='bbox 492 1224 568 1272; x_wconf 89' lang='lat' dir='ltr'><strong>his</strong></span> <span class='ocrx_word' id='word_1_125' title='bbox 601 1233 649 1271; x_wconf 90' lang='lat' dir='ltr'><strong>et</strong></span> <span class='ocrx_word' id='word_1_126' title='bbox 681 1239 772 1271; x_wconf 89' lang='lat' dir='ltr'><strong>nos</strong></span> <span class='ocrx_word' id='word_1_127' title='bbox 804 1223 896 1288; x_wconf 83' lang='lat' dir='ltr'><strong>ipsi</strong></span> <span class='ocrx_word' id='word_1_128' title='bbox 931 1222 1074 1270; x_wconf 90' lang='lat' dir='ltr'><strong>nobis</strong></span> <span class='ocrx_word' id='word_1_129' title='bbox 1109 1222 1314 1271; x_wconf 89' lang='lat' dir='ltr'><strong>invicem</strong></span> <span class='ocrx_word' id='word_1_130' title='bbox 1347 1223 1676 1270; x_wconf 87' lang='lat' dir='ltr'><strong>communiter</strong></span> <span class='ocrx_word' id='word_1_131' title='bbox 1707 1222 1991 1281; x_wconf 89' lang='lat' dir='ltr'><strong>subvenire;</strong></span> <span class='ocrx_word' id='word_1_132' title='bbox 2027 1232 2074 1269; x_wconf 88' lang='lat' dir='ltr'><strong>et</strong></span> <span class='ocrx_word' id='word_1_133' title='bbox 2107 1239 2219 1270; x_wconf 90' lang='lat' dir='ltr'><strong>cum</strong></span> <span class='ocrx_word' id='word_1_134' title='bbox 2251 1222 2405 1286; x_wconf 87' lang='lat' dir='ltr'><strong>major</strong></span> 
     </span>
     <span class='ocr_line' id='line_1_14' title="bbox 252 1303 2404 1370; baseline -0.001 -18"><span class='ocrx_word' id='word_1_135' title='bbox 252 1304 466 1352; x_wconf 88' lang='lat' dir='ltr'><strong>mundus</strong></span> <span class='ocrx_word' id='word_1_136' title='bbox 494 1304 655 1352; x_wconf 86' lang='lat' dir='ltr'><strong>divina</strong></span> <span class='ocrx_word' id='word_1_137' title='bbox 685 1304 1001 1370; x_wconf 90' lang='lat' dir='ltr'><strong>dispositione</strong></span> <span class='ocrx_word' id='word_1_138' title='bbox 1027 1303 1223 1368; x_wconf 85' lang='lat' dir='ltr'><strong>singulis</strong></span> <span class='ocrx_word' id='word_1_139' title='bbox 1254 1304 1351 1352; x_wconf 92' lang='lat' dir='ltr'><strong>suis</strong></span> <span class='ocrx_word' id='word_1_140' title='bbox 1378 1303 1596 1370; x_wconf 88' lang='lat' dir='ltr'><strong>partibus</strong></span> <span class='ocrx_word' id='word_1_141' title='bbox 1626 1304 1769 1351; x_wconf 88' lang='lat' dir='ltr'><strong>nobis</strong></span> <span class='ocrx_word' id='word_1_142' title='bbox 1792 1303 2061 1362; x_wconf 88' lang='lat' dir='ltr'><strong>subveniat,</strong></span> <span class='ocrx_word' id='word_1_143' title='bbox 2085 1304 2169 1368; x_wconf 89' lang='lat' dir='ltr'><strong>qui</strong></span> <span class='ocrx_word' id='word_1_144' title='bbox 2192 1320 2281 1351; x_wconf 91' lang='lat' dir='ltr'><strong>nec</strong></span> <span class='ocrx_word' id='word_1_145' title='bbox 2314 1304 2404 1350; x_wconf 86' lang='lat' dir='ltr'><strong>sibi</strong></span> 
     </span>
     <span class='ocr_line' id='line_1_15' title="bbox 249 1383 2404 1451; baseline -0 -19"><span class='ocrx_word' id='word_1_146' title='bbox 249 1386 356 1451; x_wconf 88' lang='lat' dir='ltr'><strong>ipsi,</strong></span> <span class='ocrx_word' id='word_1_147' title='bbox 381 1386 466 1433; x_wconf 90' lang='lat' dir='ltr'><strong>sed</strong></span> <span class='ocrx_word' id='word_1_148' title='bbox 484 1386 628 1434; x_wconf 88' lang='lat' dir='ltr'><strong>nobis</strong></span> <span class='ocrx_word' id='word_1_149' title='bbox 647 1386 798 1433; x_wconf 90' lang='lat' dir='ltr'><strong>factus</strong></span> <span class='ocrx_word' id='word_1_150' title='bbox 817 1395 910 1447; x_wconf 79' lang='lat' dir='ltr'><strong>est3</strong></span> <span class='ocrx_word' id='word_1_151' title='bbox 938 1402 994 1432; x_wconf 87' lang='lat' dir='ltr'><strong>ex</strong></span> <span class='ocrx_word' id='word_1_152' title='bbox 1019 1384 1115 1432; x_wconf 93' lang='lat' dir='ltr'><strong>hoc</strong></span> <span class='ocrx_word' id='word_1_153' title='bbox 1139 1385 1376 1451; x_wconf 85' lang='lat' dir='ltr'><strong>praecipue</strong></span> <span class='ocrx_word' id='word_1_154' title='bbox 1395 1386 1557 1432; x_wconf 89' lang='lat' dir='ltr'><strong>minor</strong></span> <span class='ocrx_word' id='word_1_155' title='bbox 1573 1385 1805 1446; x_wconf 88' lang='lat' dir='ltr'><strong>mundus,</strong></span> <span class='ocrx_word' id='word_1_156' title='bbox 1830 1384 1881 1432; x_wconf 91' lang='lat' dir='ltr'><strong>id</strong></span> <span class='ocrx_word' id='word_1_157' title='bbox 1903 1394 1974 1432; x_wconf 91' lang='lat' dir='ltr'><strong>est</strong></span> <span class='ocrx_word' id='word_1_158' title='bbox 1990 1384 2165 1449; x_wconf 87' lang='lat' dir='ltr'><strong>singuli</strong></span> <span class='ocrx_word' id='word_1_159' title='bbox 2181 1383 2404 1432; x_wconf 89' lang='lat' dir='ltr'><strong>homines</strong></span> 
     </span>
     <span class='ocr_line' id='line_1_16' title="bbox 249 1465 2403 1529; baseline -0.001 -15"><span class='ocrx_word' id='word_1_160' title='bbox 249 1466 623 1527; x_wconf 83' lang='lat' dir='ltr'><strong>admoneantur,</strong></span> <span class='ocrx_word' id='word_1_161' title='bbox 664 1467 846 1514; x_wconf 88' lang='lat' dir='ltr'><strong>mutuis</strong></span> <span class='ocrx_word' id='word_1_162' title='bbox 877 1465 969 1513; x_wconf 91' lang='lat' dir='ltr'><strong>sibi</strong></span> <span class='ocrx_word' id='word_1_163' title='bbox 999 1465 1246 1513; x_wconf 85' lang='lat' dir='ltr'><strong>beneficiis</strong></span> <span class='ocrx_word' id='word_1_164' title='bbox 1279 1466 1562 1527; x_wconf 90' lang='lat' dir='ltr'><strong>subvenire,</strong></span> <span class='ocrx_word' id='word_1_165' title='bbox 1596 1476 1642 1513; x_wconf 90' lang='lat' dir='ltr'><strong>et</strong></span> <span class='ocrx_word' id='word_1_166' title='bbox 1674 1465 1738 1514; x_wconf 89' lang='lat' dir='ltr'><strong>ad</strong></span> <span class='ocrx_word' id='word_1_167' title='bbox 1764 1481 2078 1513; x_wconf 90' lang='lat' dir='ltr'><strong>communem</strong></span> <span class='ocrx_word' id='word_1_168' title='bbox 2103 1466 2267 1513; x_wconf 89' lang='lat' dir='ltr'><strong>omnia</strong></span> <span class='ocrx_word' id='word_1_169' title='bbox 2298 1482 2403 1529; x_wconf 88' lang='lat' dir='ltr'><strong>quae</strong></span> 
     </span>
     <span class='ocr_line' id='line_1_17' title="bbox 250 1546 2406 1614; baseline -0 -20"><span class='ocrx_word' id='word_1_170' title='bbox 250 1546 486 1595; x_wconf 88' lang='lat' dir='ltr'><strong>habemus</strong></span> <span class='ocrx_word' id='word_1_171' title='bbox 522 1548 773 1595; x_wconf 87' lang='lat' dir='ltr'><strong>utilitatem</strong></span> <span class='ocrx_word' id='word_1_172' title='bbox 810 1547 1095 1613; x_wconf 79' lang='lat' dir='ltr'><strong>disponere3</strong></span> <span class='ocrx_word' id='word_1_173' title='bbox 1133 1547 1373 1614; x_wconf 70' lang='lat' dir='ltr'><strong>praecipue</strong></span> <span class='ocrx_word' id='word_1_174' title='bbox 1408 1564 1520 1595; x_wconf 88' lang='lat' dir='ltr'><strong>cum</strong></span> <span class='ocrx_word' id='word_1_175' title='bbox 1554 1547 1604 1595; x_wconf 94' lang='lat' dir='ltr'><strong>id</strong></span> <span class='ocrx_word' id='word_1_176' title='bbox 1635 1548 1795 1613; x_wconf 92' lang='lat' dir='ltr'><strong>ipsum</strong></span> <span class='ocrx_word' id='word_1_177' title='bbox 1826 1550 1955 1595; x_wconf 90' lang='lat' dir='ltr'><strong>Deus</strong></span> <span class='ocrx_word' id='word_1_178' title='bbox 1989 1547 2211 1594; x_wconf 89' lang='lat' dir='ltr'><strong>omnium</strong></span> <span class='ocrx_word' id='word_1_179' title='bbox 2243 1563 2406 1594; x_wconf 87' lang='lat' dir='ltr'><strong>remu·</strong></span> 
     </span>
     <span class='ocr_line' id='line_1_18' title="bbox 251 1627 2403 1695; baseline 0 -21"><span class='ocrx_word' id='word_1_180' title='bbox 251 1639 446 1676; x_wconf 80' lang='lat' dir='ltr'><strong>nerator</strong></span> <span class='ocrx_word' id='word_1_181' title='bbox 469 1645 520 1676; x_wconf 90' lang='lat' dir='ltr'><strong>se</strong></span> <span class='ocrx_word' id='word_1_182' title='bbox 543 1629 841 1695; x_wconf 88' lang='lat' dir='ltr'><strong>apertissime</strong></span> <span class='ocrx_word' id='word_1_183' title='bbox 863 1629 986 1676; x_wconf 87' lang='lat' dir='ltr'><strong>velle</strong></span> <span class='ocrx_word' id='word_1_184' title='bbox 1007 1629 1234 1687; x_wconf 86' lang='lat' dir='ltr'><strong>insinuet,</strong></span> <span class='ocrx_word' id='word_1_185' title='bbox 1261 1627 1471 1676; x_wconf 89' lang='lat' dir='ltr'><strong>coelestia</strong></span> <span class='ocrx_word' id='word_1_186' title='bbox 1487 1644 1684 1693; x_wconf 90' lang='lat' dir='ltr'><strong>quoque</strong></span> <span class='ocrx_word' id='word_1_187' title='bbox 1706 1638 1754 1675; x_wconf 90' lang='lat' dir='ltr'><strong>et</strong></span> <span class='ocrx_word' id='word_1_188' title='bbox 1776 1628 2000 1675; x_wconf 88' lang='lat' dir='ltr'><strong>universa</strong></span> <span class='ocrx_word' id='word_1_189' title='bbox 2019 1644 2124 1692; x_wconf 88' lang='lat' dir='ltr'><strong>quae</strong></span> <span class='ocrx_word' id='word_1_190' title='bbox 2143 1629 2193 1674; x_wconf 92' lang='lat' dir='ltr'><strong>in</strong></span> <span class='ocrx_word' id='word_1_191' title='bbox 2217 1627 2403 1675; x_wconf 89' lang='lat' dir='ltr'><strong>mundo</strong></span> 
     </span>
     <span class='ocr_line' id='line_1_19' title="bbox 249 1707 2401 1773; baseline -0 -18"><span class='ocrx_word' id='word_1_192' title='bbox 249 1718 379 1770; x_wconf 88' lang='lat' dir='ltr'><strong>sunt,</strong></span> <span class='ocrx_word' id='word_1_193' title='bbox 407 1718 455 1756; x_wconf 89' lang='lat' dir='ltr'><strong>et</strong></span> <span class='ocrx_word' id='word_1_194' title='bbox 475 1708 771 1756; x_wconf 89' lang='lat' dir='ltr'><strong>insensibilia</strong></span> <span class='ocrx_word' id='word_1_195' title='bbox 793 1709 1015 1757; x_wconf 90' lang='lat' dir='ltr'><strong>omnium</strong></span> <span class='ocrx_word' id='word_1_196' title='bbox 1039 1719 1259 1756; x_wconf 89' lang='lat' dir='ltr'><strong>nostrum</strong></span> <span class='ocrx_word' id='word_1_197' title='bbox 1278 1708 1461 1771; x_wconf 88' lang='lat' dir='ltr'><strong>usibus,</strong></span> <span class='ocrx_word' id='word_1_198' title='bbox 1484 1708 1546 1755; x_wconf 89' lang='lat' dir='ltr'><strong>ad</strong></span> <span class='ocrx_word' id='word_1_199' title='bbox 1570 1725 1693 1773; x_wconf 93' lang='lat' dir='ltr'><strong>quos</strong></span> <span class='ocrx_word' id='word_1_200' title='bbox 1716 1717 1764 1755; x_wconf 89' lang='lat' dir='ltr'><strong>et</strong></span> <span class='ocrx_word' id='word_1_201' title='bbox 1785 1708 1908 1756; x_wconf 87' lang='lat' dir='ltr'><strong>facta</strong></span> <span class='ocrx_word' id='word_1_202' title='bbox 1926 1718 2054 1767; x_wconf 89' lang='lat' dir='ltr'><strong>sunt,</strong></span> <span class='ocrx_word' id='word_1_203' title='bbox 2082 1707 2401 1770; x_wconf 87' lang='lat' dir='ltr'><strong>subjiciendo,</strong></span> 
     </span>
     <span class='ocr_line' id='line_1_20' title="bbox 248 1788 2404 1855; baseline -0 -19"><span class='ocrx_word' id='word_1_204' title='bbox 248 1790 370 1837; x_wconf 89' lang='lat' dir='ltr'><strong>sicut</strong></span> <span class='ocrx_word' id='word_1_205' title='bbox 398 1806 486 1855; x_wconf 89' lang='lat' dir='ltr'><strong>per</strong></span> <span class='ocrx_word' id='word_1_206' title='bbox 521 1789 822 1837; x_wconf 90' lang='lat' dir='ltr'><strong>Psalmistam</strong></span> <span class='ocrx_word' id='word_1_207' title='bbox 854 1789 915 1837; x_wconf 88' lang='lat' dir='ltr'><strong>de</strong></span> <span class='ocrx_word' id='word_1_208' title='bbox 942 1789 1143 1837; x_wconf 89' lang='lat' dir='ltr'><strong>homine</strong></span> <span class='ocrx_word' id='word_1_209' title='bbox 1173 1789 1235 1838; x_wconf 92' lang='lat' dir='ltr'><strong>ad</strong></span> <span class='ocrx_word' id='word_1_210' title='bbox 1262 1793 1419 1838; x_wconf 89' lang='lat' dir='ltr'><strong>Deum</strong></span> <span class='ocrx_word' id='word_1_211' title='bbox 1452 1788 1630 1837; x_wconf 87' lang='lat' dir='ltr'><strong>dicitur</strong></span> <span class='ocrx_word' id='word_1_212' title='bbox 1660 1789 1757 1837; x_wconf 93' lang='lat' dir='ltr'><strong>suis</strong></span> <span class='ocrx_word' id='word_1_213' title='bbox 1791 1788 2007 1836; x_wconf 75' lang='lat' dir='ltr'><strong>verbis&#39;:</strong></span> <span class='ocrx_word' id='word_1_214' title='bbox 2042 1791 2256 1837; x_wconf 85' lang='lat' dir='ltr'><strong>«Omnia</strong></span> <span class='ocrx_word' id='word_1_215' title='bbox 2292 1788 2404 1836; x_wconf 90' lang='lat' dir='ltr'><strong>sub-</strong></span> 
     </span>
     <span class='ocr_line' id='line_1_21' title="bbox 245 1869 2054 1937; baseline -0.001 -20"><span class='ocrx_word' id='word_1_216' title='bbox 245 1869 399 1934; x_wconf 86' lang='lat' dir='ltr'><strong>jecisti</strong></span> <span class='ocrx_word' id='word_1_217' title='bbox 423 1870 513 1918; x_wconf 91' lang='lat' dir='ltr'><strong>sub</strong></span> <span class='ocrx_word' id='word_1_218' title='bbox 537 1870 744 1937; x_wconf 90' lang='lat' dir='ltr'><strong>pedibus</strong></span> <span class='ocrx_word' id='word_1_219' title='bbox 765 1871 886 1935; x_wconf 79' lang='lat' dir='ltr'><strong>ejus,</strong></span> <span class='ocrx_word' id='word_1_220' title='bbox 915 1880 1006 1919; x_wconf 89' lang='lat' dir='ltr'><strong>etc.</strong></span> <span class='ocrx_word' id='word_1_221' title='bbox 1033 1890 1058 1917; x_wconf 88' lang='lat'>»</span> <span class='ocrx_word' id='word_1_222' title='bbox 2050 1880 2054 1883; x_wconf 81' lang='grc'><strong>’</strong></span> 
     </span>
    </p>

    <p class='ocr_par' dir='ltr' id='par_1_3' title="bbox 245 1951 2406 3067">
     <span class='ocr_line' id='line_1_22' title="bbox 315 1951 2404 2017; baseline 0 -19"><span class='ocrx_word' id='word_1_223' title='bbox 315 1953 563 2009; x_wconf 88' lang='lat' dir='ltr'><strong>Quantum</strong></span> <span class='ocrx_word' id='word_1_224' title='bbox 589 1951 735 1999; x_wconf 90' lang='lat' dir='ltr'><strong>etiam</strong></span> <span class='ocrx_word' id='word_1_225' title='bbox 763 1952 882 1999; x_wconf 91' lang='lat' dir='ltr'><strong>illud</strong></span> <span class='ocrx_word' id='word_1_226' title='bbox 915 1951 1325 2017; x_wconf 89' lang='lat' dir='ltr'><strong>magnificandum</strong></span> <span class='ocrx_word' id='word_1_227' title='bbox 1351 1961 1423 2000; x_wconf 90' lang='lat' dir='ltr'><strong>est</strong></span> <span class='ocrx_word' id='word_1_228' title='bbox 1454 1968 1510 2000; x_wconf 91' lang='lat' dir='ltr'><strong>ac</strong></span> <span class='ocrx_word' id='word_1_229' title='bbox 1534 1951 1916 2017; x_wconf 78' lang='lat' dir='ltr'><strong>praedicandum,</strong></span> <span class='ocrx_word' id='word_1_230' title='bbox 1953 1952 2088 2017; x_wconf 90' lang='lat' dir='ltr'><strong>quod</strong></span> <span class='ocrx_word' id='word_1_231' title='bbox 2119 1969 2230 2000; x_wconf 90' lang='lat' dir='ltr'><strong>cum</strong></span> <span class='ocrx_word' id='word_1_232' title='bbox 2264 1953 2404 2000; x_wconf 85' lang='lat' dir='ltr'><strong>recti-</strong></span> 
     </span>
     <span class='ocr_line' id='line_1_23' title="bbox 249 2028 2406 2098; baseline 0.001 -21"><span class='ocrx_word' id='word_1_233' title='bbox 249 2028 468 2079; x_wconf 83' lang='lat' dir='ltr'><strong>tudinem</strong></span> <span class='ocrx_word' id='word_1_234' title='bbox 496 2032 645 2080; x_wconf 89' lang='lat' dir='ltr'><strong>civilis</strong></span> <span class='ocrx_word' id='word_1_235' title='bbox 666 2032 935 2080; x_wconf 86' lang='lat' dir='ltr'><strong>honestatis</strong></span> <span class='ocrx_word' id='word_1_236' title='bbox 958 2032 1092 2080; x_wconf 89' lang='lat' dir='ltr'><strong>Plato</strong></span> <span class='ocrx_word' id='word_1_237' title='bbox 1126 2033 1411 2092; x_wconf 89' lang='lat' dir='ltr'><strong>institueret,</strong></span> <span class='ocrx_word' id='word_1_238' title='bbox 1449 2049 1474 2080; x_wconf 90' lang='lat' dir='ltr'><strong>a</strong></span> <span class='ocrx_word' id='word_1_239' title='bbox 1503 2032 1662 2080; x_wconf 87' lang='lat' dir='ltr'><strong>verbis</strong></span> <span class='ocrx_word' id='word_1_240' title='bbox 1685 2049 1881 2098; x_wconf 87' lang='lat' dir='ltr'><strong>quoque</strong></span> <span class='ocrx_word' id='word_1_241' title='bbox 1906 2033 2223 2081; x_wconf 90' lang='lat' dir='ltr'><strong>inhonestatis</strong></span> <span class='ocrx_word' id='word_1_242' title='bbox 2252 2043 2299 2080; x_wconf 92' lang='lat' dir='ltr'><strong>et</strong></span> <span class='ocrx_word' id='word_1_243' title='bbox 2331 2034 2406 2080; x_wconf 91' lang='lat' dir='ltr'><strong>in-</strong></span> 
     </span>
     <span class='ocr_line' id='line_1_24' title="bbox 247 2107 2406 2179; baseline 0.001 -21"><span class='ocrx_word' id='word_1_244' title='bbox 247 2111 463 2160; x_wconf 88' lang='lat' dir='ltr'><strong>honestis</strong></span> <span class='ocrx_word' id='word_1_245' title='bbox 485 2123 534 2161; x_wconf 91' lang='lat' dir='ltr'><strong>et</strong></span> <span class='ocrx_word' id='word_1_246' title='bbox 557 2113 804 2176; x_wconf 86' lang='lat' dir='ltr'><strong>fabulosis,</strong></span> <span class='ocrx_word' id='word_1_247' title='bbox 836 2114 960 2162; x_wconf 90' lang='lat' dir='ltr'><strong>sicut</strong></span> <span class='ocrx_word' id='word_1_248' title='bbox 992 2124 1040 2161; x_wconf 91' lang='lat' dir='ltr'><strong>et</strong></span> <span class='ocrx_word' id='word_1_249' title='bbox 1070 2130 1100 2161; x_wconf 90' lang='lat' dir='ltr'><strong>a</strong></span> <span class='ocrx_word' id='word_1_250' title='bbox 1131 2107 1511 2179; x_wconf 43' lang='lat' dir='ltr'><strong>turpibus&#39;factis</strong></span> <span class='ocrx_word' id='word_1_251' title='bbox 1542 2113 1848 2179; x_wconf 88' lang='lat' dir='ltr'><strong>provideret,</strong></span> <span class='ocrx_word' id='word_1_252' title='bbox 1884 2123 1937 2161; x_wconf 89' lang='lat' dir='ltr'><strong>ut</strong></span> <span class='ocrx_word' id='word_1_253' title='bbox 1969 2114 2019 2160; x_wconf 90' lang='lat' dir='ltr'><strong>in</strong></span> <span class='ocrx_word' id='word_1_254' title='bbox 2043 2114 2177 2161; x_wconf 92' lang='lat' dir='ltr'><strong>nullo</strong></span> <span class='ocrx_word' id='word_1_255' title='bbox 2204 2114 2406 2161; x_wconf 85' lang='lat' dir='ltr'><strong>civitatis</strong></span> 
     </span>
     <span class='ocr_line' id='line_1_25' title="bbox 248 2192 2403 2260; baseline 0 -20"><span class='ocrx_word' id='word_1_256' title='bbox 248 2192 607 2242; x_wconf 89' lang='lat' dir='ltr'><strong>ordinationem</strong></span> <span class='ocrx_word' id='word_1_257' title='bbox 640 2194 915 2243; x_wconf 77' lang='lat' dir='ltr'><strong>labei&#39;actari</strong></span> <span class='ocrx_word' id='word_1_258' title='bbox 946 2195 1262 2260; x_wconf 87' lang='lat' dir='ltr'><strong>permitteret.</strong></span> <span class='ocrx_word' id='word_1_259' title='bbox 1308 2194 1447 2242; x_wconf 90' lang='lat' dir='ltr'><strong>Unde</strong></span> <span class='ocrx_word' id='word_1_260' title='bbox 1482 2204 1530 2242; x_wconf 92' lang='lat' dir='ltr'><strong>et</strong></span> <span class='ocrx_word' id='word_1_261' title='bbox 1563 2211 1676 2242; x_wconf 90' lang='lat' dir='ltr'><strong>cum</strong></span> <span class='ocrx_word' id='word_1_262' title='bbox 1713 2195 1915 2242; x_wconf 90' lang='lat' dir='ltr'><strong>civitatis</strong></span> <span class='ocrx_word' id='word_1_263' title='bbox 1955 2203 2084 2241; x_wconf 88' lang='lat' dir='ltr'><strong>recte</strong></span> <span class='ocrx_word' id='word_1_264' title='bbox 2122 2193 2403 2242; x_wconf 86' lang='lat' dir='ltr'><strong>ordinandae</strong></span> 
     </span>
     <span class='ocr_line' id='line_1_26' title="bbox 248 2274 2402 2342; baseline 0 -23"><span class='ocrx_word' id='word_1_265' title='bbox 248 2274 458 2322; x_wconf 87' lang='lat' dir='ltr'><strong>traderet</strong></span> <span class='ocrx_word' id='word_1_266' title='bbox 490 2275 868 2335; x_wconf 88' lang='lat' dir='ltr'><strong>institutionem,</strong></span> <span class='ocrx_word' id='word_1_267' title='bbox 910 2286 1079 2342; x_wconf 91' lang='lat' dir='ltr'><strong>poetas</strong></span> <span class='ocrx_word' id='word_1_268' title='bbox 1110 2292 1139 2324; x_wconf 88' lang='lat' dir='ltr'><strong>a</strong></span> <span class='ocrx_word' id='word_1_269' title='bbox 1177 2275 1449 2323; x_wconf 90' lang='lat' dir='ltr'><strong>civitatibus</strong></span> <span class='ocrx_word' id='word_1_270' title='bbox 1486 2275 1749 2340; x_wconf 90' lang='lat' dir='ltr'><strong>ejiciendos</strong></span> <span class='ocrx_word' id='word_1_271' title='bbox 1786 2291 1889 2323; x_wconf 87' lang='lat' dir='ltr'><strong>esse</strong></span> <span class='ocrx_word' id='word_1_272' title='bbox 1926 2275 2164 2334; x_wconf 89' lang='lat' dir='ltr'><strong>decrevit,</strong></span> <span class='ocrx_word' id='word_1_273' title='bbox 2201 2276 2323 2322; x_wconf 91' lang='lat' dir='ltr'><strong>sicut</strong></span> <span class='ocrx_word' id='word_1_274' title='bbox 2356 2276 2402 2320; x_wconf 89' lang='lat' dir='ltr'><strong>in</strong></span> 
     </span>
     <span class='ocr_line' id='line_1_27' title="bbox 248 2354 2402 2420; baseline 0.001 -20"><span class='ocrx_word' id='word_1_275' title='bbox 248 2355 465 2402; x_wconf 87' lang='lat' dir='ltr'><strong>secundo</strong></span> <span class='ocrx_word' id='word_1_276' title='bbox 498 2354 557 2402; x_wconf 81' lang='lat' dir='ltr'><strong>de</strong></span> <span class='ocrx_word' id='word_1_277' title='bbox 593 2357 791 2404; x_wconf 65' lang='lat' dir='ltr'><strong>Ciuitate</strong></span> <span class='ocrx_word' id='word_1_278' title='bbox 821 2358 917 2403; x_wconf 73' lang='lat' dir='ltr'><strong>Dec·</strong></span> <span class='ocrx_word' id='word_1_279' title='bbox 942 2360 994 2404; x_wconf 87' lang='grc' dir='ltr'><strong>Β.</strong></span> <span class='ocrx_word' id='word_1_280' title='bbox 1028 2357 1318 2420; x_wconf 87' lang='lat' dir='ltr'><strong>Augustinus</strong></span> <span class='ocrx_word' id='word_1_281' title='bbox 1353 2356 1428 2403; x_wconf 90' lang='lat' dir='ltr'><strong>his</strong></span> <span class='ocrx_word' id='word_1_282' title='bbox 1460 2356 1622 2403; x_wconf 87' lang='lat' dir='ltr'><strong>verbis</strong></span> <span class='ocrx_word' id='word_1_283' title='bbox 1658 2356 2072 2404; x_wconf 74' lang='lat' dir='ltr'><strong>commemorat‘:</strong></span> <span class='ocrx_word' id='word_1_284' title='bbox 2110 2374 2134 2400; x_wconf 88' lang='lat'>«</span> <span class='ocrx_word' id='word_1_285' title='bbox 2159 2360 2227 2403; x_wconf 83' lang='lat' dir='ltr'><strong>An</strong></span> <span class='ocrx_word' id='word_1_286' title='bbox 2263 2356 2402 2414; x_wconf 85' lang='lat' dir='ltr'><strong>forte,</strong></span> 
     </span>
     <span class='ocr_line' id='line_1_28' title="bbox 249 2435 2406 2503; baseline 0 -21"><span class='ocrx_word' id='word_1_287' title='bbox 249 2435 435 2500; x_wconf 90' lang='lat' dir='ltr'><strong>inquit,</strong></span> <span class='ocrx_word' id='word_1_288' title='bbox 477 2435 662 2484; x_wconf 87' lang='lat' dir='ltr'><strong>Platoni</strong></span> <span class='ocrx_word' id='word_1_289' title='bbox 696 2438 856 2503; x_wconf 89' lang='lat' dir='ltr'><strong>potius</strong></span> <span class='ocrx_word' id='word_1_290' title='bbox 883 2437 1045 2502; x_wconf 89' lang='lat' dir='ltr'><strong>palma</strong></span> <span class='ocrx_word' id='word_1_291' title='bbox 1075 2437 1238 2484; x_wconf 89' lang='lat' dir='ltr'><strong>danda</strong></span> <span class='ocrx_word' id='word_1_292' title='bbox 1266 2446 1354 2497; x_wconf 90' lang='lat' dir='ltr'><strong>est,</strong></span> <span class='ocrx_word' id='word_1_293' title='bbox 1393 2437 1477 2501; x_wconf 93' lang='lat' dir='ltr'><strong>qui</strong></span> <span class='ocrx_word' id='word_1_294' title='bbox 1507 2453 1619 2484; x_wconf 90' lang='lat' dir='ltr'><strong>cum</strong></span> <span class='ocrx_word' id='word_1_295' title='bbox 1652 2437 1837 2484; x_wconf 87' lang='lat' dir='ltr'><strong>ratione</strong></span> <span class='ocrx_word' id='word_1_296' title='bbox 1868 2437 2096 2484; x_wconf 82' lang='lat' dir='ltr'><strong>formaret</strong></span> <span class='ocrx_word' id='word_1_297' title='bbox 2123 2437 2277 2502; x_wconf 92' lang='lat' dir='ltr'><strong>qualis</strong></span> <span class='ocrx_word' id='word_1_298' title='bbox 2306 2452 2406 2484; x_wconf 89' lang='lat' dir='ltr'><strong>esse</strong></span> 
     </span>
     <span class='ocr_line' id='line_1_29' title="bbox 248 2515 2401 2583; baseline -0.001 -20"><span class='ocrx_word' id='word_1_299' title='bbox 248 2515 415 2564; x_wconf 86' lang='lat' dir='ltr'><strong>civitas</strong></span> <span class='ocrx_word' id='word_1_300' title='bbox 450 2516 642 2580; x_wconf 86' lang='lat' dir='ltr'><strong>debeat,</strong></span> <span class='ocrx_word' id='word_1_301' title='bbox 671 2527 922 2583; x_wconf 89' lang='lat' dir='ltr'><strong>tamquam</strong></span> <span class='ocrx_word' id='word_1_302' title='bbox 948 2517 1248 2566; x_wconf 89' lang='lat' dir='ltr'><strong>adversarios</strong></span> <span class='ocrx_word' id='word_1_303' title='bbox 1272 2517 1496 2566; x_wconf 83' lang='lat' dir='ltr'><strong>civitatis⁶</strong></span> <span class='ocrx_word' id='word_1_304' title='bbox 1520 2528 1689 2583; x_wconf 91' lang='lat' dir='ltr'><strong>poetas</strong></span> <span class='ocrx_word' id='word_1_305' title='bbox 1721 2518 1908 2566; x_wconf 90' lang='lat' dir='ltr'><strong>censuit</strong></span> <span class='ocrx_word' id='word_1_306' title='bbox 1935 2516 2056 2565; x_wconf 88' lang='lat' dir='ltr'><strong>urbe</strong></span> <span class='ocrx_word' id='word_1_307' title='bbox 2087 2516 2354 2582; x_wconf 90' lang='lat' dir='ltr'><strong>pellendos.</strong></span> <span class='ocrx_word' id='word_1_308' title='bbox 2380 2538 2401 2559; x_wconf 87' lang='lat'>»</span> 
     </span>
     <span class='ocr_line' id='line_1_30' title="bbox 249 2597 2401 2664; baseline 0.001 -22"><span class='ocrx_word' id='word_1_309' title='bbox 249 2598 368 2644; x_wconf 89' lang='lat' dir='ltr'><strong>ltem</strong></span> <span class='ocrx_word' id='word_1_310' title='bbox 397 2607 508 2663; x_wconf 89' lang='lat' dir='ltr'><strong>post</strong></span> <span class='ocrx_word' id='word_1_311' title='bbox 543 2598 735 2664; x_wconf 89' lang='lat' dir='ltr'><strong>aliqua:</strong></span> <span class='ocrx_word' id='word_1_312' title='bbox 764 2619 787 2643; x_wconf 75' lang='grc' dir='ltr'><strong>(ι</strong></span> <span class='ocrx_word' id='word_1_313' title='bbox 809 2598 959 2657; x_wconf 88' lang='lat' dir='ltr'><strong>Quod</strong></span> <span class='ocrx_word' id='word_1_314' title='bbox 983 2599 1044 2645; x_wconf 85' lang='lat' dir='ltr'><strong>si⁶</strong></span> <span class='ocrx_word' id='word_1_315' title='bbox 1080 2598 1215 2646; x_wconf 89' lang='lat' dir='ltr'><strong>Plato</strong></span> <span class='ocrx_word' id='word_1_316' title='bbox 1240 2608 1408 2664; x_wconf 91' lang='lat' dir='ltr'><strong>poetas</strong></span> <span class='ocrx_word' id='word_1_317' title='bbox 1442 2599 1592 2664; x_wconf 90' lang='lat' dir='ltr'><strong>ipsos,</strong></span> <span class='ocrx_word' id='word_1_318' title='bbox 1632 2599 1706 2646; x_wconf 87' lang='lat' dir='ltr'><strong>vel</strong></span> <span class='ocrx_word' id='word_1_319' title='bbox 1742 2615 1832 2664; x_wconf 93' lang='lat' dir='ltr'><strong>pro</strong></span> <span class='ocrx_word' id='word_1_320' title='bbox 1867 2597 2066 2646; x_wconf 90' lang='lat' dir='ltr'><strong>arbitrio</strong></span> <span class='ocrx_word' id='word_1_321' title='bbox 2103 2598 2401 2658; x_wconf 89' lang='lat' dir='ltr'><strong>mentientes,</strong></span> 
     </span>
     <span class='ocr_line' id='line_1_31' title="bbox 250 2677 2402 2746; baseline 0.001 -23"><span class='ocrx_word' id='word_1_322' title='bbox 250 2677 325 2724; x_wconf 90' lang='lat' dir='ltr'><strong>vel</strong></span> <span class='ocrx_word' id='word_1_323' title='bbox 363 2677 645 2727; x_wconf 86' lang='lat' dir='ltr'><strong>hominibus</strong></span> <span class='ocrx_word' id='word_1_324' title='bbox 692 2681 878 2728; x_wconf 84' lang='lat' dir='ltr'><strong>miseris</strong></span> <span class='ocrx_word' id='word_1_325' title='bbox 917 2680 1055 2745; x_wconf 87' lang='lat' dir='ltr'><strong>quasi</strong></span> <span class='ocrx_word' id='word_1_326' title='bbox 1094 2679 1300 2727; x_wconf 88' lang='lat' dir='ltr'><strong>deorum</strong></span> <span class='ocrx_word' id='word_1_327' title='bbox 1351 2680 1476 2728; x_wconf 89' lang='lat' dir='ltr'><strong>facta</strong></span> <span class='ocrx_word' id='word_1_328' title='bbox 1511 2681 1720 2746; x_wconf 90' lang='lat' dir='ltr'><strong>pessima</strong></span> <span class='ocrx_word' id='word_1_329' title='bbox 1762 2678 1995 2727; x_wconf 89' lang='lat' dir='ltr'><strong>imitanda</strong></span> <span class='ocrx_word' id='word_1_330' title='bbox 2043 2688 2402 2743; x_wconf 91' lang='lat' dir='ltr'><strong>proponentes,</strong></span> 
     </span>
     <span class='ocr_line' id='line_1_32' title="bbox 252 2758 2403 2825; baseline 0.001 -22"><span class='ocrx_word' id='word_1_331' title='bbox 252 2758 456 2806; x_wconf 89' lang='lat' dir='ltr'><strong>omnino</strong></span> <span class='ocrx_word' id='word_1_332' title='bbox 479 2760 530 2807; x_wconf 91' lang='lat' dir='ltr'><strong>in</strong></span> <span class='ocrx_word' id='word_1_333' title='bbox 553 2761 745 2809; x_wconf 86' lang='lat' dir='ltr'><strong>civitate</strong></span> <span class='ocrx_word' id='word_1_334' title='bbox 764 2761 890 2810; x_wconf 87' lang='lat' dir='ltr'><strong>bene</strong></span> <span class='ocrx_word' id='word_1_335' title='bbox 920 2761 1135 2808; x_wconf 88' lang='lat' dir='ltr'><strong>instituta</strong></span> <span class='ocrx_word' id='word_1_336' title='bbox 1158 2761 1320 2807; x_wconf 87' lang='lat' dir='ltr'><strong>vivere</strong></span> <span class='ocrx_word' id='word_1_337' title='bbox 1345 2759 1520 2807; x_wconf 88' lang='lat' dir='ltr'><strong>noluit.</strong></span> <span class='ocrx_word' id='word_1_338' title='bbox 1540 2778 1564 2805; x_wconf 90' lang='lat'>»</span> <span class='ocrx_word' id='word_1_339' title='bbox 1592 2763 1658 2807; x_wconf 87' lang='lat' dir='ltr'><strong>Ac</strong></span> <span class='ocrx_word' id='word_1_340' title='bbox 1677 2761 1716 2808; x_wconf 90' lang='lat' dir='ltr'><strong>si</strong></span> <span class='ocrx_word' id='word_1_341' title='bbox 1740 2769 1904 2825; x_wconf 82' lang='lat' dir='ltr'><strong>aperte</strong></span> <span class='ocrx_word' id='word_1_342' title='bbox 1928 2759 2061 2806; x_wconf 86' lang='lat' dir='ltr'><strong>factis</strong></span> <span class='ocrx_word' id='word_1_343' title='bbox 2083 2768 2129 2805; x_wconf 88' lang='lat' dir='ltr'><strong>et</strong></span> <span class='ocrx_word' id='word_1_344' title='bbox 2155 2759 2268 2824; x_wconf 92' lang='lat' dir='ltr'><strong>ipsis</strong></span> <span class='ocrx_word' id='word_1_345' title='bbox 2288 2758 2403 2806; x_wconf 91' lang='lat' dir='ltr'><strong>illud</strong></span> 
     </span>
     <span class='ocr_line' id='line_1_33' title="bbox 245 2837 2402 2906; baseline 0.001 -22"><span class='ocrx_word' id='word_1_346' title='bbox 245 2837 347 2901; x_wconf 77' lang='lat' dir='ltr'><strong>Jam</strong></span> <span class='ocrx_word' id='word_1_347' title='bbox 369 2839 698 2904; x_wconf 78' lang='lat' dir='ltr'><strong>praedicaret⁷z</strong></span> <span class='ocrx_word' id='word_1_348' title='bbox 731 2842 933 2888; x_wconf 88' lang='lat' dir='ltr'><strong>«Omnis</strong></span> <span class='ocrx_word' id='word_1_349' title='bbox 955 2842 1039 2906; x_wconf 90' lang='lat' dir='ltr'><strong>qui</strong></span> <span class='ocrx_word' id='word_1_350' title='bbox 1060 2841 1292 2888; x_wconf 89' lang='lat' dir='ltr'><strong>mentitur</strong></span> <span class='ocrx_word' id='word_1_351' title='bbox 1309 2840 1485 2887; x_wconf 90' lang='lat' dir='ltr'><strong>occidit</strong></span> <span class='ocrx_word' id='word_1_352' title='bbox 1514 2841 1743 2898; x_wconf 89' lang='lat' dir='ltr'><strong>animam,</strong></span> <span class='ocrx_word' id='word_1_353' title='bbox 1763 2862 1785 2884; x_wconf 72' lang='lat' dir='ltr'>n</span> <span class='ocrx_word' id='word_1_354' title='bbox 1815 2849 1959 2904; x_wconf 88' lang='lat' dir='ltr'><strong>atque</strong></span> <span class='ocrx_word' id='word_1_355' title='bbox 1984 2839 2102 2887; x_wconf 90' lang='lat' dir='ltr'><strong>illud</strong></span> <span class='ocrx_word' id='word_1_356' title='bbox 2127 2839 2370 2905; x_wconf 82' lang='lat' dir='ltr'><strong>Apostoli⁸</strong></span> <span class='ocrx_word' id='word_1_357' title='bbox 2391 2857 2402 2885; x_wconf 74' lang='grc' dir='ltr'><strong>ε</strong></span> 
     </span>
     <span class='ocr_line' id='line_1_34' title="bbox 254 2919 2402 2978; baseline 0.001 -15"><span class='ocrx_word' id='word_1_358' title='bbox 254 2937 276 2963; x_wconf 91' lang='lat'>«</span> <span class='ocrx_word' id='word_1_359' title='bbox 300 2920 572 2968; x_wconf 87' lang='lat' dir='ltr'><strong>Fornicatio</strong></span> <span class='ocrx_word' id='word_1_360' title='bbox 597 2930 646 2968; x_wconf 92' lang='lat' dir='ltr'><strong>et</strong></span> <span class='ocrx_word' id='word_1_361' title='bbox 673 2922 833 2969; x_wconf 90' lang='lat' dir='ltr'><strong>omnis</strong></span> <span class='ocrx_word' id='word_1_362' title='bbox 859 2921 1166 2968; x_wconf 89' lang='lat' dir='ltr'><strong>immunditia</strong></span> <span class='ocrx_word' id='word_1_363' title='bbox 1188 2937 1281 2968; x_wconf 91' lang='lat' dir='ltr'><strong>nec</strong></span> <span class='ocrx_word' id='word_1_364' title='bbox 1310 2920 1590 2967; x_wconf 90' lang='lat' dir='ltr'><strong>nominetur</strong></span> <span class='ocrx_word' id='word_1_365' title='bbox 1616 2922 1666 2968; x_wconf 92' lang='lat' dir='ltr'><strong>in</strong></span> <span class='ocrx_word' id='word_1_366' title='bbox 1688 2920 1854 2978; x_wconf 86' lang='lat' dir='ltr'><strong>vobis,</strong></span> <span class='ocrx_word' id='word_1_367' title='bbox 1880 2922 2003 2968; x_wconf 87' lang='lat' dir='ltr'><strong>sicut</strong></span> <span class='ocrx_word' id='word_1_368' title='bbox 2034 2919 2174 2968; x_wconf 89' lang='lat' dir='ltr'><strong>decet</strong></span> <span class='ocrx_word' id='word_1_369' title='bbox 2194 2930 2402 2975; x_wconf 86' lang='lat' dir='ltr'><strong>sanctos,</strong></span> 
     </span>
     <span class='ocr_line' id='line_1_35' title="bbox 251 2999 2404 3067; baseline 0.001 -22"><span class='ocrx_word' id='word_1_370' title='bbox 251 3009 336 3047; x_wconf 88' lang='lat' dir='ltr'><strong>aut</strong></span> <span class='ocrx_word' id='word_1_371' title='bbox 359 3001 611 3066; x_wconf 87' lang='lat' dir='ltr'><strong>turpitudo</strong></span> <span class='ocrx_word' id='word_1_372' title='bbox 634 3012 718 3050; x_wconf 87' lang='lat' dir='ltr'><strong>aut</strong></span> <span class='ocrx_word' id='word_1_373' title='bbox 741 3001 1115 3066; x_wconf 89' lang='lat' dir='ltr'><strong>stultiloquium,</strong></span> <span class='ocrx_word' id='word_1_374' title='bbox 1137 3010 1222 3049; x_wconf 89' lang='lat' dir='ltr'><strong>aut</strong></span> <span class='ocrx_word' id='word_1_375' title='bbox 1246 2999 1505 3048; x_wconf 85' lang='lat' dir='ltr'><strong>scurrilitas</strong></span> <span class='ocrx_word' id='word_1_376' title='bbox 1527 3017 1633 3066; x_wconf 87' lang='lat' dir='ltr'><strong>quae</strong></span> <span class='ocrx_word' id='word_1_377' title='bbox 1654 3001 1715 3050; x_wconf 89' lang='lat' dir='ltr'><strong>ad</strong></span> <span class='ocrx_word' id='word_1_378' title='bbox 1739 3018 1842 3050; x_wconf 89' lang='lat' dir='ltr'><strong>rem</strong></span> <span class='ocrx_word' id='word_1_379' title='bbox 1867 3017 1969 3049; x_wconf 92' lang='lat' dir='ltr'><strong>non</strong></span> <span class='ocrx_word' id='word_1_380' title='bbox 1992 3001 2252 3067; x_wconf 89' lang='lat' dir='ltr'><strong>pertinent,</strong></span> <span class='ocrx_word' id='word_1_381' title='bbox 2279 3009 2404 3047; x_wconf 92' lang='lat' dir='ltr'><strong>etc.»</strong></span> 
     </span>
    </p>
   </div>
   <div class='ocr_carea' id='block_1_3' title="bbox 254 3225 2407 3376">
    <p class='ocr_par' dir='ltr' id='par_1_4' title="bbox 254 3225 2407 3376">
     <span class='ocr_line' id='line_1_36' title="bbox 304 3225 2407 3268; baseline 0.001 -10"><span class='ocrx_word' id='word_1_382' title='bbox 304 3226 454 3266; x_wconf 51' lang='lat' dir='ltr'><strong>,Matttm</strong></span> <span class='ocrx_word' id='word_1_383' title='bbox 484 3235 558 3268; x_wconf 82' lang='lat' dir='ltr'><strong>cap.</strong></span> <span class='ocrx_word' id='word_1_384' title='bbox 579 3235 613 3266; x_wconf 92' lang='lat' dir='ltr'><strong>v,</strong></span> <span class='ocrx_word' id='word_1_385' title='bbox 641 3235 672 3259; x_wconf 83' lang='lat' dir='ltr'><strong>v.</strong></span> <span class='ocrx_word' id='word_1_386' title='bbox 705 3227 755 3260; x_wconf 89' lang='lat'><strong>14.</strong></span> <span class='ocrx_word' id='word_1_387' title='bbox 771 3244 813 3251; x_wconf 93' lang='lat'><em>-</em></span> <span class='ocrx_word' id='word_1_388' title='bbox 833 3225 987 3259; x_wconf 77' lang='lat' dir='ltr'><strong>²Psalm.</strong></span> <span class='ocrx_word' id='word_1_389' title='bbox 1018 3235 1113 3266; x_wconf 77' lang='lat' dir='ltr'><strong>cxxi,</strong></span> <span class='ocrx_word' id='word_1_390' title='bbox 1140 3235 1171 3259; x_wconf 76' lang='lat' dir='ltr'><strong>v.</strong></span> <span class='ocrx_word' id='word_1_391' title='bbox 1203 3229 1234 3261; x_wconf 79' lang='lat'><strong>3.</strong></span> <span class='ocrx_word' id='word_1_392' title='bbox 1252 3245 1294 3252; x_wconf 91' lang='lat'>—</span> <span class='ocrx_word' id='word_1_393' title='bbox 1364 3227 1536 3261; x_wconf 74' lang='lat' dir='ltr'><strong>veritatis.</strong></span> <span class='ocrx_word' id='word_1_394' title='bbox 1558 3246 1597 3251; x_wconf 97' lang='lat'><strong>—</strong></span> <span class='ocrx_word' id='word_1_395' title='bbox 1612 3227 1733 3267; x_wconf 72' lang='lat' dir='ltr'><strong>‘Quod</strong></span> <span class='ocrx_word' id='word_1_396' title='bbox 1747 3228 1779 3262; x_wconf 77' lang='lat' dir='ltr'><strong>si</strong></span> <span class='ocrx_word' id='word_1_397' title='bbox 1794 3229 1970 3262; x_wconf 82' lang='lat' dir='ltr'><strong>delendum</strong></span> <span class='ocrx_word' id='word_1_398' title='bbox 1991 3238 2064 3263; x_wconf 83' lang='lat' dir='ltr'><strong>esse</strong></span> <span class='ocrx_word' id='word_1_399' title='bbox 2083 3229 2224 3262; x_wconf 84' lang='lat' dir='ltr'><strong>videtur.</strong></span> <span class='ocrx_word' id='word_1_400' title='bbox 2240 3245 2282 3252; x_wconf 92' lang='lat'>—</span> <span class='ocrx_word' id='word_1_401' title='bbox 2295 3227 2407 3268; x_wconf 83' lang='lat' dir='ltr'><strong>⁷sap.‚</strong></span> 
     </span>
     <span class='ocr_line' id='line_1_37' title="bbox 254 3279 2043 3325; baseline 0.003 -14"><span class='ocrx_word' id='word_1_402' title='bbox 254 3280 265 3299; x_wconf 79' lang='lat'><strong>³</strong></span> <span class='ocrx_word' id='word_1_403' title='bbox 282 3279 533 3321; x_wconf 82' lang='lat' dir='ltr'><strong>Psalm,v1n,v.</strong></span> <span class='ocrx_word' id='word_1_404' title='bbox 549 3284 627 3314; x_wconf 86' lang='lat'><strong>8.-</strong></span> <span class='ocrx_word' id='word_1_405' title='bbox 639 3281 740 3321; x_wconf 79' lang='lat' dir='ltr'><strong>⁴Aug.</strong></span> <span class='ocrx_word' id='word_1_406' title='bbox 756 3281 795 3313; x_wconf 88' lang='lat' dir='ltr'><strong>de</strong></span> <span class='ocrx_word' id='word_1_407' title='bbox 807 3280 1002 3321; x_wconf 78' lang='lat' dir='ltr'><strong>Civit.Dei,</strong></span> <span class='ocrx_word' id='word_1_408' title='bbox 1016 3281 1073 3313; x_wconf 85' lang='lat' dir='ltr'><strong>lib.</strong></span> <span class='ocrx_word' id='word_1_409' title='bbox 1090 3279 1133 3320; x_wconf 87' lang='lat'><strong>11,</strong></span> <span class='ocrx_word' id='word_1_410' title='bbox 1145 3289 1295 3321; x_wconf 80' lang='lat' dir='ltr'><strong>cap.xtv.</strong></span> <span class='ocrx_word' id='word_1_411' title='bbox 1370 3291 1443 3324; x_wconf 85' lang='lat' dir='ltr'><strong>cap.</strong></span> <span class='ocrx_word' id='word_1_412' title='bbox 1459 3292 1481 3324; x_wconf 90' lang='lat'><strong>1,</strong></span> <span class='ocrx_word' id='word_1_413' title='bbox 1499 3292 1530 3316; x_wconf 81' lang='lat' dir='ltr'><strong>v.</strong></span> <span class='ocrx_word' id='word_1_414' title='bbox 1546 3285 1629 3317; x_wconf 88' lang='grc'><strong>2.-</strong></span> <span class='ocrx_word' id='word_1_415' title='bbox 1644 3284 1656 3304; x_wconf 80' lang='grc'><em>·</em></span> <span class='ocrx_word' id='word_1_416' title='bbox 1668 3283 1807 3325; x_wconf 76' lang='lat' dir='ltr'><strong>Ephes„</strong></span> <span class='ocrx_word' id='word_1_417' title='bbox 1821 3292 1893 3325; x_wconf 80' lang='lat' dir='ltr'><strong>cap.</strong></span> <span class='ocrx_word' id='word_1_418' title='bbox 1909 3293 1942 3324; x_wconf 82' lang='lat' dir='ltr'><strong>v,</strong></span> <span class='ocrx_word' id='word_1_419' title='bbox 1960 3292 1992 3317; x_wconf 88' lang='lat' dir='ltr'><strong>v.</strong></span> <span class='ocrx_word' id='word_1_420' title='bbox 2012 3285 2043 3317; x_wconf 83' lang='lat'><strong>3.</strong></span> 
     </span>
     <span class='ocr_line' id='line_1_38' title="bbox 257 3333 1300 3376; baseline 0.003 -11"><span class='ocrx_word' id='word_1_421' title='bbox 257 3350 295 3356; x_wconf 85' lang='lat'>—</span> <span class='ocrx_word' id='word_1_422' title='bbox 313 3335 325 3354; x_wconf 79' lang='lat'><strong>⁵</strong></span> <span class='ocrx_word' id='word_1_423' title='bbox 346 3333 379 3365; x_wconf 89' lang='lat' dir='ltr'><strong>ln</strong></span> <span class='ocrx_word' id='word_1_424' title='bbox 405 3344 482 3367; x_wconf 87' lang='lat' dir='ltr'><strong>mss.</strong></span> <span class='ocrx_word' id='word_1_425' title='bbox 510 3335 545 3369; x_wconf 90' lang='lat' dir='ltr'><strong>S.</strong></span> <span class='ocrx_word' id='word_1_426' title='bbox 573 3336 745 3375; x_wconf 83' lang='lat' dir='ltr'><strong>Augustini</strong></span> <span class='ocrx_word' id='word_1_427' title='bbox 766 3337 875 3376; x_wconf 82' lang='lat' dir='ltr'><strong>operis</strong></span> <span class='ocrx_word' id='word_1_428' title='bbox 892 3336 975 3368; x_wconf 80' lang='lat' dir='ltr'><strong>solet</strong></span> <span class='ocrx_word' id='word_1_429' title='bbox 997 3336 1060 3375; x_wconf 81' lang='lat' dir='ltr'><strong>legi</strong></span> <span class='ocrx_word' id='word_1_430' title='bbox 1077 3334 1300 3368; x_wconf 70' lang='lat' dir='ltr'><strong>Adversarios</strong></span> 
     </span>
    </p>
   </div>
   <div class='ocr_carea' id='block_1_4' title="bbox 415 3412 2244 3450">
    <p class='ocr_par' dir='ltr' id='par_1_5' title="bbox 415 3412 2244 3450">
     <span class='ocr_line' id='line_1_39' title="bbox 415 3412 2244 3450; baseline 0 -13"><span class='ocrx_word' id='word_1_431' title='bbox 415 3414 446 3437; x_wconf 87' lang='lat'><strong>11</strong></span> <span class='ocrx_word' id='word_1_432' title='bbox 2195 3412 2244 3450; x_wconf 77' lang='grc'><strong>53</strong></span> 
     </span>
    </p>
   </div>
  </div>
 </body>
</html>
