2638 3866
349 252 366 296 4
380 248 442 296 36
1139 240 1306 288 PETRI
1339 237 1645 286 ABAELARDI

344 364 399 396 ac
420 363 481 394 ne
504 348 553 393 in
577 342 879 411 putredinem
900 340 1185 389 dissolvatur
1207 339 1474 399 custodiat;
1501 340 1666 410 sicque
1689 355 1774 405 per
1793 341 2124 405 operationem
2145 345 2396 408 vegetandi
2417 363 2472 395 ac

344 425 578 474 sentiendi
601 423 796 488 singulis
819 420 1047 469 membris
1071 430 1173 468 tota
1192 419 1303 466 insit
1324 428 1377 466 ut
1399 419 1584 482 singula
1598 428 1804 484 vegetet,
1833 429 1880 467 et
1900 421 1949 468 in
1973 421 2170 486 singulis
2187 425 2380 487 sentiat;
2407 427 2471 474 ita

342 510 469 554 Deus
493 522 592 553 non
622 505 778 551 solum
812 503 862 549 in
887 500 1111 549 omnibus
1136 500 1281 560 locis,
1304 515 1474 547 verum
1500 500 1645 547 etiam
1672 499 1722 546 in
1757 499 1899 548 rebus
1926 502 2120 567 singulis
2153 521 2240 569 per
2263 505 2473 570 aliquam

339 604 431 634 suae
469 586 691 651 potentiae
721 582 979 631 efficaciam
1012 597 1199 646 semper
1229 596 1330 628 esse
1362 579 1596 627 dicendus
1628 589 1727 628 est:
1759 591 1804 628 et
1826 597 1938 629 cum
1960 584 2181 633 universa
2203 595 2395 635 moveat
2413 587 2472 650 ‘in

338 666 512 730 quibus
542 675 640 727 est,
675 681 764 712 nec
801 672 960 711 tamen
987 662 1036 709 in
1070 661 1137 708 eis
1167 661 1270 725 ipse
1304 669 1524 708 movetur
1540 696 1553 720 ,
1580 661 1702 708 sicut
1726 677 1816 709 nec
1840 663 1999 710 anima
2023 664 2072 711 in
2097 680 2303 730 corpore
2320 701 2334 726 ,
2360 683 2472 715 cum

336 745 519 809 singula
541 754 732 793 moveat
755 743 996 804 membra,
1017 751 1063 789 et
1086 740 1283 804 singulis
1305 750 1430 801 tota,
1459 750 1513 787 ut
1534 740 1717 788 dictum
1740 750 1833 804 est,
1861 742 2003 790 simul
2026 753 2199 808 praesto
2223 746 2301 793 sit.
2325 747 2472 794 Deni-

336 842 429 890 que
452 825 586 890 quod
605 825 847 889 objectum
865 833 934 871 est
947 826 1102 870 Deum
1118 821 1260 867 fuisse
1280 829 1535 883 mutatum,
1553 837 1666 893 cum
1682 821 1832 869 homo
1853 822 2003 871 factus
2020 834 2107 885 est,
2126 834 2180 872 ut
2194 825 2326 873 aliud
2338 825 2474 875 fieret

337 922 481 970 quam
513 906 645 971 prius
677 915 820 966 esset,
862 920 916 951 ac
960 903 1026 950 sic
1062 910 1250 949 motum
1290 900 1426 948 illum
1465 901 1730 949 maximum
1764 901 2038 951 substantiae
2069 905 2357 966 incurrisse,
2388 907 2473 972 qui

336 986 577 1049 generatio
601 985 790 1046 dicitur,
814 984 947 1031 facile
969 981 1087 1030 illud
1110 980 1278 1042 refelli,
1297 981 1336 1028 si
1358 998 1550 1029 sensum
1574 983 1723 1047 magis
1742 982 2001 1031 verborum
2020 1000 2167 1049 quam
2183 985 2331 1034 verba
2353 1003 2473 1052 pen-

335 1083 509 1114 semus.
533 1065 661 1123 Quid
696 1075 765 1112 est
797 1064 925 1111 enim
962 1062 1120 1110 dicere
1143 1065 1302 1109 Deum
1333 1060 1436 1109 fieri
1466 1062 1744 1124 hominem,
1777 1064 1870 1111 nisi
1896 1063 2110 1112 divinam
2131 1065 2470 1128 substantiam,

333 1163 436 1211 quae
462 1146 712 1211 spiritualis
736 1154 826 1206 est,
852 1144 1135 1203 humanam,
1163 1159 1268 1207 quae
1289 1159 1526 1208 corporea
1547 1153 1634 1205 est,
1662 1142 1914 1193 sibiunire
1943 1161 2202 1210 personam
2225 1146 2276 1195 in
2299 1147 2474 1194 unam?

332 1229 437 1273 Non
461 1227 589 1273 enim
618 1224 750 1290 quod
780 1224 1044 1290 spirituale,
1072 1239 1366 1289 corporeum
1398 1223 1504 1271 fieri
1541 1233 1720 1289 potest3
1746 1224 1831 1272 sed
1858 1225 1907 1272 in
1942 1225 2022 1273 illa
2044 1226 2224 1274 unione
2257 1243 2474 1292 personae

329 1305 527 1365 Christi,
552 1306 600 1352 in
625 1322 722 1370 quo
746 1303 885 1351 simul
909 1303 1134 1351 divinitas
1154 1302 1328 1365 Verbi,
1351 1313 1399 1351 et
1421 1304 1584 1351 anima
1607 1313 1654 1350 et
1676 1319 1791 1352 caro
1807 1340 1820 1365 ,
1854 1314 1948 1352 tres
1970 1306 2069 1353 istae
2090 1316 2272 1354 naturae
2294 1322 2474 1354 conve-

330 1385 491 1446 niunt,
515 1386 580 1432 ita
596 1401 895 1450 unaquaeque
916 1383 1092 1431 harum
1114 1384 1261 1431 trium
1283 1383 1658 1431 substantiarum
1681 1383 1749 1432 ibi
1768 1385 2014 1451 propriam
2036 1387 2208 1434 retinet
2230 1396 2470 1448 naturam,

328 1475 380 1512 ut
402 1465 532 1513 nulla
554 1482 718 1513 earum
740 1466 790 1512 in
815 1465 957 1513 aliam
979 1474 1326 1525 commutetur3
1349 1473 1404 1512 ut
1419 1480 1509 1512 nec
1525 1463 1748 1512 divinitas
1763 1502 1775 1526 ,
1798 1482 1903 1530 quae
1915 1465 2202 1515 humanitati
2217 1468 2476 1531 conjuncta

329 1555 423 1606 est,
455 1556 536 1593 aut
558 1546 716 1594 anima
738 1544 821 1593 fiat
844 1554 926 1593 aut
948 1561 1085 1607 caro,
1113 1545 1234 1592 sicut
1258 1561 1348 1593 nec
1372 1545 1533 1593 anima
1555 1561 1770 1610 unquam
1785 1555 1942 1611 potest
1967 1545 2068 1594 fieri
2091 1544 2233 1607 caro,
2257 1547 2476 1612 quamvis

327 1627 374 1671 in
398 1626 592 1689 singulis
620 1625 899 1673 hominibus
918 1642 1015 1673 una
1040 1642 1247 1692 persona
1269 1634 1382 1673 sunt
1403 1626 1564 1673 anima
1587 1635 1635 1673 et
1662 1642 1794 1674 caro.
1822 1627 1992 1675 Anima
2015 1627 2195 1693 quippe
2219 1627 2476 1693 spiritualis

327 1705 545 1769 quaedam
568 1716 614 1753 et
637 1706 838 1772 simplex
862 1706 1065 1754 essentia
1084 1715 1177 1767 est,
1205 1721 1318 1754 caro
1342 1715 1504 1753 autem
1526 1706 1741 1754 humana
1765 1723 1863 1766 res,
1887 1723 2120 1773 corporea
2136 1744 2148 1768 ,
2171 1717 2220 1755 et
2242 1724 2300 1755 ex
2322 1723 2475 1756 mem-

325 1784 422 1832 bris
445 1787 736 1852 composita3
767 1787 975 1851 ideoque
1003 1802 1309 1851 nequaquam
1342 1785 1444 1833 haec
1469 1786 1549 1833 illa
1580 1803 1682 1834 esse
1715 1796 1898 1852 potest,
1930 1804 2036 1852 quae
2072 1787 2228 1836 nullas
2271 1788 2474 1836 omnino

327 1875 484 1929 partes
504 1867 553 1913 in
578 1868 840 1931 quantitate
861 1868 935 1914 sui
956 1867 1169 1933 recipere
1198 1875 1372 1931 potest.
1400 1866 1546 1925 Quod
1569 1876 1616 1914 et
1638 1867 1740 1932 ipse
1761 1867 1999 1915 Dominus
2022 1877 2240 1933 patenter
2256 1869 2476 1934 aperiens

327 1945 459 1993 dicit¹
479 1965 489 1994 :
522 1966 545 1991 «
571 1947 760 2013 Palpate
781 1957 826 1995 et
848 1947 1006 1995 videte
1022 1983 1034 2007 ,
1061 1947 1172 2011 quia
1197 1947 1392 2012 spiritus
1414 1963 1611 1995 carnem
1634 1957 1681 1994 et
1701 1963 1807 1995 ossa
1830 1964 1930 1995 non
1955 1947 2102 1996 habet
2116 1986 2128 2010 ,
2151 1949 2271 1996 sicut
2295 1965 2372 1995 me
2394 1949 2476 1995 vi-

327 2025 445 2073 detis
469 2026 664 2076 habere.
694 2049 715 2071 ›>
744 2028 877 2075 Sicut
908 2044 1022 2092 ergo
1049 2028 1210 2075 anima
1235 2036 1281 2075 et
1314 2044 1428 2075 caro
1457 2028 1507 2074 in
1531 2044 1681 2075 unam
1703 2027 1975 2076 adinvicem
2011 2033 2285 2094 conjunctae
2310 2045 2470 2094 perso·

326 2122 465 2166 nam,
494 2107 543 2153 in
571 2109 777 2174 propriis
807 2109 989 2155 naturis
1025 2109 1092 2156 sic
1125 2107 1337 2155 discretae
1370 2117 1683 2173 permanent,
1717 2117 1770 2155 ut
1794 2124 2102 2174 nequaquam
2133 2109 2235 2156 haec
2269 2108 2476 2157 inillam

325 2197 674 2250 commutetur,
705 2188 919 2253 alioquin
945 2188 1051 2236 duae
1074 2204 1148 2235 res
1175 2204 1483 2253 nequaquam
1506 2187 1783 2236 dicerentur
1804 2206 1815 2235 ε
1841 2188 1908 2236 ita
1929 2198 1977 2236 et
1999 2188 2223 2236 divinitas
2247 2188 2473 2236 humani-

329 2267 410 2312 tati
433 2268 720 2330 conjuncta,
740 2268 834 2315 hoc
852 2279 922 2316 est
937 2268 1162 2316 humanae
1178 2268 1349 2315 animae
1365 2267 1507 2315 simul
1531 2278 1577 2316 et
1601 2268 1735 2316 carni
1760 2268 1810 2314 in
1830 2285 1978 2316 unam
1997 2284 2255 2334 personam
2276 2269 2473 2326 sociata,

325 2361 631 2410 nequaquam
654 2348 704 2394 in
737 2348 837 2412 ejus
870 2359 1096 2396 naturam
1120 2348 1444 2410 convertitur,
1469 2357 1523 2395 ut
1543 2348 1770 2396 videlicet
1806 2348 2064 2413 spiritualis
2097 2348 2180 2396 illa
2211 2348 2477 2396 substantia

326 2426 434 2486 Dei,
462 2443 566 2489 quae
600 2427 850 2476 hominem
886 2429 1170 2494 assumpsit,
1197 2428 1249 2474 in
1283 2428 1414 2476 illam
1448 2445 1737 2494 corpoream
1768 2437 2103 2475 commutetur>
2125 2428 2442 2476 substantiam
2460 2464 2471 2486 ‚

324 2521 436 2551 cum
463 2506 557 2554 hoc
590 2508 784 2572 penitus
821 2509 977 2574 ipsum
1008 2517 1289 2574 permaneat
1323 2508 1427 2573 ipsa
1461 2508 1594 2573 quod
1617 2509 1750 2573 prius
1773 2516 1890 2555 erat.
1914 2508 1991 2554 Sic
2017 2508 2196 2573 quippe
2223 2507 2476 2572 assumpsit

326 2595 511 2645 nostra,
534 2595 586 2632 ut
610 2604 707 2634 non
735 2588 996 2636 dimitteret
1020 2605 1121 2635 sua.
1146 2588 1345 2635 Mutatio
1370 2598 1531 2635 autem
1566 2589 1614 2634 in
1649 2587 1780 2635 aliud
1801 2586 1905 2634 fieri
1927 2603 2027 2634 non
2048 2597 2238 2653 potest,
2258 2587 2354 2635 nisi
2375 2603 2477 2635 esse

328 2665 511 2712 desinat
532 2667 664 2730 quod
693 2668 828 2733 prius
853 2668 1022 2716 fuerat.
1051 2668 1186 2715 Prius
1211 2677 1373 2715 autem
1396 2668 1652 2734 spiritualis
1683 2666 1946 2715 substantia
1969 2677 2100 2728 erat,
2126 2684 2235 2733 quae
2261 2667 2477 2732 corporis

330 2755 506 2792 naturae
547 2749 806 2811 conjuncta
829 2763 927 2811 est,
958 2759 1004 2796 et
1038 2766 1169 2796 nunc
1194 2765 1390 2813 quoque
1431 2759 1484 2795 ut
1523 2747 1779 2814 spiritualis
1812 2757 2087 2813 permanet,
2113 2765 2215 2795 non
2242 2763 2477 2813 corporea

331 2823 452 2871 facta
468 2836 551 2872 est.
572 2828 694 2874 Cum
710 2844 842 2892 ergo,
859 2838 906 2875 et
929 2845 1060 2876 nunc
1076 2829 1198 2876 sicut
1220 2838 1349 2890 ante,
1362 2829 1498 2893 juxta
1516 2829 1671 2894 ipsam
1695 2828 1915 2877 Veritatis
1931 2828 2266 2889 assertionem,
2285 2827 2478 2892 spiritus

332 2903 390 2948 sit
423 2906 577 2966 Deus,
602 2923 692 2954 nec
726 2924 942 2972 unquam
973 2908 1106 2973 quod
1142 2908 1339 2973 spiritus
1376 2918 1447 2956 est
1482 2925 1772 2975 corporeum
1794 2907 1906 2968 fiat,
1941 2918 2024 2956 aut
2056 2917 2217 2973 partes
2245 2907 2472 2971 recipiat,

331 2984 577 3046 quomodo
617 2988 810 3051 proprie
830 2988 906 3035 vel
930 2988 1145 3036 Verbum
1179 2988 1354 3035 dicitur
1379 2987 1483 3035 fieri
1505 3006 1618 3037 caro
1635 3028 1647 3052 ,
1677 2990 1752 3037 vel
1774 2992 1903 3037 Deus
1925 2989 2102 3049 homo,
2128 3004 2240 3035 cum
2260 2985 2476 3034 Verbum

331 3062 485 3126 ipsum
512 3079 641 3110 nunc
666 3066 808 3112 etiam
826 3068 884 3113 sit
909 3068 1124 3133 spiritus,
1148 3068 1260 3132 quia
1285 3077 1356 3115 est
1377 3071 1528 3129 Deus,
1552 3070 1675 3117 sicut
1695 3079 1742 3117 et
1759 3078 1871 3117 ante
1894 3068 2274 3116 incarnationem
2294 3067 2476 3115 suerat?

332 3142 488 3188 Homo
511 3143 689 3208 quippe
714 3161 788 3191 res
815 3163 1047 3211 corporea
1074 3158 1166 3208 est,
1189 3158 1236 3196 et
1257 3147 1485 3196 membris
1505 3149 1771 3214 composita
1799 3158 1847 3196 et
1872 3147 2180 3196 dissolubilis.
2208 3150 2338 3195 Deus
2359 3163 2475 3195 vero

379 3328 384 3346 ¹
405 3326 499 3368 Luc„
518 3335 588 3367 cap.
606 3335 696 3367 xxlv,
710 3336 739 3361 v.
757 3329 808 3360 39.
