2638 3866
233 241 328 289 532
1039 235 1212 282 PETRI
1246 235 1559 282 ABAELARD!

233 340 385 387 Multo
409 338 569 384 minus
592 351 700 382 cum
728 338 866 380 Pater
894 343 941 380 et
963 334 1106 380 Filius
1133 333 1308 381 diversi
1331 334 1391 381 ab
1416 335 1622 382 invicem
1646 337 1762 396 sint,
1797 347 1894 385 tam
1921 336 2206 385 diffinitione
2228 356 2376 403 quam

232 419 551 486 proprietate,
583 415 694 462 licet
720 414 815 461 sint
841 413 971 461 idem
1004 414 1331 474 essentialiter,
1360 431 1462 462 non
1491 426 1562 463 est
1591 433 1802 475 necesse,
1837 427 1889 465 ut
1921 435 2032 465 cum
2058 418 2201 466 Filius
2233 420 2294 466 sit
2317 437 2375 468 ex

234 503 384 556 Patre,
403 497 478 544 vel
503 504 757 559 generetur
774 511 831 541 ex
856 498 1011 555 Patre,
1031 494 1162 542 idem
1181 495 1240 542 sit
1263 512 1320 542 ex
1344 512 1411 555 se,
1427 496 1502 543 vel
1529 507 1785 560 generetur
1808 515 1864 545 ex
1883 514 1951 545 se.
1975 498 2070 545 Sed
2090 497 2207 546 dicis
2229 499 2370 555 mihi,

234 580 344 643 quia
371 581 500 623 Deus
522 575 583 623 de
606 577 710 622 Deo
736 584 830 632 est,
856 591 968 622 cum
996 574 1142 621 Filius
1165 575 1224 622 sit
1250 592 1307 623 ex
1333 579 1488 637 Patre,
1521 577 1652 625 unde
1684 587 1732 625 et
1754 577 2043 625 confitemur
2064 594 2154 625 nos
2178 578 2375 626 credere

233 659 281 704 in
312 657 483 703 Filium
510 656 617 716 Dei,
648 658 803 702 Deum
827 655 888 702 de
911 658 1033 716 Deo,
1060 656 1223 703 lumen
1253 656 1314 703 de
1345 655 1557 717 lumine;
1581 674 1695 705 cum
1718 659 1901 722 itaque,
1929 655 2133 723 inquies,
2161 661 2290 706 Deus
2316 660 2376 707 sit

234 739 293 785 de
318 741 439 798 Deo,
468 747 516 783 et
540 739 671 783 Deus
691 736 788 783 hoc
812 753 992 783 nomen
1015 737 1268 801 proprium
1291 737 1350 784 sit
1369 738 1513 785 unius
1541 748 1589 786 et
1606 738 1863 786 individuae
1889 739 2237 804 singularisque
2261 739 2378 787 sub·

232 818 434 878 stantiae,
470 834 561 864 nec
585 816 685 863 ullo
710 815 859 863 modo
884 819 1012 863 Deus
1035 833 1063 863 a
1086 819 1190 864 Deo
1219 817 1279 864 sit
1300 817 1587 866 diffinitione
1615 818 1852 879 diversus,
1879 819 1963 867 sed
1991 820 2183 884 penitus
2212 819 2341 867 idem
2359 857 2372 879 ,

234 907 425 963 oportet
444 896 648 944 concedi
668 895 797 943 idem
818 913 920 943 esse
939 913 998 943 ex
1018 913 1068 943 se
1088 897 1212 962 ipso.
1238 897 1309 944 Ad
1328 898 1461 963 quod
1487 899 1778 964 respondeo,
1805 899 1938 964 quod
1959 898 2375 963 quemadmodum

232 978 438 1026 dicimus
475 977 728 1024 hominem
767 976 829 1023 ab
866 976 1067 1024 homine
1099 994 1202 1025 esse
1243 978 1487 1026 diversum
1522 978 1811 1027 diffinitione
1852 980 1952 1027 sive
1985 979 2302 1044 proprietate,
2337 980 2377 1026 si

230 1058 329 1106 hoc
363 1058 540 1106 scilicet
582 1057 640 1104 ad
676 1057 1002 1105 diversitatem
1042 1074 1388 1123 personarum,
1425 1075 1531 1123 quae
1562 1060 1610 1106 in
1646 1058 1844 1107 homine
1878 1069 2017 1120 sunt,
2053 1059 2373 1123 accipiamus,

232 1148 284 1185 ut
311 1138 531 1186 videlicet
553 1153 651 1184 una
678 1153 885 1202 persona
909 1137 1121 1184 hominis
1146 1138 1332 1186 diversa
1361 1140 1420 1186 sit
1441 1138 1503 1186 ab
1525 1139 1634 1199 alia,
1666 1149 1836 1205 utpote
1866 1142 2083 1187 Socrates
2105 1156 2133 1186 a
2159 1139 2375 1200 Platone,

231 1236 320 1266 nec
340 1228 502 1266 tamen
531 1217 642 1264 ideo
670 1217 838 1265 eadem
869 1235 945 1265 res
970 1217 1159 1266 diversa
1185 1229 1257 1266 est
1280 1236 1309 1267 a
1331 1237 1380 1266 se
1401 1220 1521 1284 ipsa,
1547 1236 1661 1266 cum
1689 1219 1791 1267 haec
1814 1237 2021 1286 persona
2044 1237 2146 1267 non
2169 1220 2230 1266 sit
2256 1219 2337 1267 illa
2362 1237 2375 1267 z

231 1299 296 1346 ita
325 1310 370 1345 et
393 1298 597 1344 dicimus
615 1300 772 1345 Deum
792 1314 821 1345 a
844 1301 948 1345 Deo
971 1298 1215 1345 diversum
1238 1315 1340 1346 esse
1363 1299 1651 1347 diffinitione
1670 1300 1747 1347 vel
1768 1301 2080 1366 proprietate,
2108 1299 2378 1346 secundum

230 1379 383 1444 ipsam
405 1395 725 1444 personarum
750 1378 1093 1437 diversitatem,
1122 1395 1327 1443 quarum
1350 1396 1654 1445 unaquaeque
1677 1383 1806 1428 Deus
1828 1391 1916 1440 est,
1942 1398 2054 1428 cum
2077 1381 2117 1427 is
2143 1381 2226 1444 qui
2247 1383 2377 1427 Deus

231 1470 325 1520 est,
364 1460 461 1507 hoc
483 1470 554 1507 est
588 1462 740 1521 Pater,
777 1459 837 1506 ab
861 1476 920 1506 eo
944 1460 1027 1524 qui
1050 1462 1180 1507 Deus
1202 1470 1289 1518 est,
1316 1460 1412 1508 hoc
1438 1471 1508 1508 est
1535 1462 1679 1522 Filio,
1715 1462 1774 1509 sit
1804 1462 2097 1527 proprietate
2131 1461 2345 1509 diversus
2362 1498 2375 1522 ,

231 1558 320 1588 nec
351 1551 512 1588 tamen
544 1540 654 1587 ideo
685 1539 907 1587 eamdem
929 1557 1031 1587 rem
1063 1557 1091 1588 a
1114 1558 1164 1588 se
1186 1542 1289 1607 ipsa
1317 1542 1556 1590 diversam
1588 1559 1689 1590 esse
1712 1543 1965 1605 contingit,
1999 1559 2112 1590 cum
2138 1542 2241 1589 haec
2273 1560 2379 1608 per-

231 1637 352 1668 sona
380 1638 481 1668 non
506 1621 564 1667 sit
590 1620 684 1668 illa.
718 1621 908 1668 Falsum
938 1631 1008 1668 est
1029 1623 1190 1685 itaque
1213 1622 1347 1686 quod
1376 1622 1561 1670 dictum
1583 1633 1677 1684 est,
1704 1623 1840 1670 nullo
1871 1623 2020 1670 modo
2052 1626 2207 1670 Deum
2228 1639 2257 1670 a
2275 1626 2381 1671 Deo

232 1701 518 1748 diffinitione
541 1701 617 1748 vel
647 1701 936 1766 proprietate
969 1702 1212 1749 diversum
1245 1720 1365 1762 esse,
1399 1721 1511 1750 cum
1540 1704 1577 1750 is
1605 1705 1688 1769 qui
1721 1707 1849 1751 Deus
1867 1714 1954 1765 est,
1978 1703 2040 1751 ab
2069 1720 2128 1751 eo
2148 1705 2232 1769 qui
2253 1706 2381 1752 Deus

232 1793 317 1841 est,
355 1783 415 1828 sit
443 1782 734 1847 proprietate
760 1781 993 1842 diversus,
1020 1781 1117 1828 hoc
1146 1793 1216 1829 est
1254 1799 1348 1829 una
1375 1799 1582 1847 persona
1601 1784 1663 1830 ab
1683 1784 1791 1842 alia,
1818 1793 1986 1849 utpote
2012 1787 2151 1831 Pater
2182 1800 2211 1832 a
2232 1783 2370 1832 Filio.

231 1863 377 1920 Quod
406 1880 522 1910 vero
556 1862 776 1909 additum
808 1872 901 1921 est,
932 1862 1065 1926 quod
1094 1862 1190 1909 hoc
1213 1879 1392 1909 nomen
1421 1884 1443 1906 ε(
1461 1866 1591 1910 Deus
1610 1882 1634 1909 n
1661 1865 1913 1929 proprium
1946 1865 2005 1910 sit
2028 1865 2172 1911 unius
2203 1865 2378 1912 indivi-

231 1943 338 1990 duae
362 1942 658 2002 substantiae,
689 1959 744 1990 ac
763 1960 850 2008 per
871 1942 985 2001 hoc,
1015 1943 1053 1989 si
1078 1946 1207 1990 Deus
1229 1942 1290 1990 de
1314 1946 1419 1990 Deo
1442 1944 1518 2002 sit,
1543 1943 1674 1991 idem
1697 1955 1768 1991 est
1789 1961 1818 1991 a
1836 1961 1887 1991 se
1911 1944 2034 2008 ipso,
2065 1943 2184 1990 nihil
2208 1945 2336 2009 cogit
2364 1963 2378 1991 r

229 2024 341 2088 quia
374 2026 531 2070 Deum
566 2023 626 2069 de
647 2025 751 2069 Deo
781 2039 884 2069 esse
914 2023 1118 2069 dicimus
1142 2035 1339 2088 propter
1364 2040 1595 2088 personas
1617 2025 1761 2089 ipsas,
1789 2041 1994 2089 quarum
2019 2041 2130 2071 cum
2152 2022 2379 2088 unaquae-

230 2121 324 2168 que
353 2107 482 2150 Deus
506 2103 582 2163 sit,
619 2118 719 2151 una
743 2113 902 2150 tamen
927 2113 998 2150 est
1025 2120 1083 2150 ex
1108 2104 1273 2163 altera,
1299 2120 1390 2151 nec
1417 2104 1517 2151 ullo
1544 2104 1694 2151 modo
1720 2114 1790 2151 est
1814 2105 1978 2151 altera.
2003 2104 2143 2152 Unde
2177 2120 2278 2152 non
2310 2115 2380 2152 est

228 2201 439 2243 necesse,
476 2194 532 2230 ut
556 2201 667 2231 cum
693 2200 790 2252 una
812 2200 1020 2249 persona
1049 2201 1155 2248 quae
1186 2187 1315 2231 Deus
1338 2195 1426 2246 est,
1461 2185 1520 2232 sit
1542 2201 1600 2231 ex
1629 2201 1729 2232 una
1759 2201 1967 2250 persona
1996 2201 2102 2249 quae
2124 2187 2254 2232 Deus
2276 2195 2346 2232 est
2363 2224 2378 2247 ,

230 2265 364 2329 quod
393 2274 464 2312 est
487 2267 644 2311 Deum
674 2281 776 2311 esse
799 2264 860 2310 de
883 2267 1006 2322 Deo,
1034 2263 1145 2311 ideo
1169 2264 1299 2312 idem
1321 2266 1381 2312 sit
1409 2282 1466 2312 ex
1487 2282 1554 2325 se,
1581 2282 1692 2313 cum
1723 2265 1858 2313 nullo
1880 2265 2029 2312 modo
2051 2282 2148 2312 una
2172 2282 2380 2330 persona

230 2363 336 2410 quae
364 2355 432 2392 est
456 2362 513 2392 ex
538 2345 684 2392 altera
705 2345 765 2391 sit
790 2345 868 2392 illa
890 2361 946 2391 ex
969 2361 1068 2409 qua
1093 2354 1192 2405 est3
1220 2362 1275 2392 ac
1298 2346 1514 2393 similiter
1536 2347 1634 2393 istae
1664 2362 1883 2412 personae
1905 2363 2011 2410 quae
2042 2347 2092 2392 in
2117 2348 2221 2393 Deo
2244 2357 2376 2407 sunt,

231 2426 326 2472 sint
344 2442 371 2473 a
394 2443 444 2472 se
456 2442 543 2491 per
563 2425 954 2491 praedicationem
973 2425 1237 2488 disjunctae,
1254 2427 1373 2472 sicut
1393 2436 1440 2473 et
1459 2427 1549 2473 illae
1563 2443 1669 2490 quae
1682 2436 1793 2474 sunt
1817 2425 1907 2473 sub
1923 2426 2121 2473 nomine
2139 2437 2185 2473 et
2198 2429 2374 2492 specie.

297 2506 443 2564 Quod
478 2523 594 2553 vero
638 2506 884 2568 objectum
921 2515 1019 2567 est,
1056 2506 1093 2552 si
1131 2508 1261 2552 Deus
1296 2509 1452 2553 Deum
1491 2516 1710 2571 generet,
1749 2508 1826 2554 vel
1863 2504 2072 2571 seipsum
2114 2509 2272 2553 Deum
2305 2507 2379 2554 vel

232 2586 380 2633 alium
409 2590 585 2647 Deum,
622 2585 758 2633 facile
792 2595 862 2633 est
892 2585 1042 2633 refelli
1068 2586 1336 2633 secundum
1369 2587 1615 2634 inductam
1643 2586 1862 2652 superius
1894 2586 2214 2650 generationis
2246 2586 2379 2634 simi-

231 2665 509 2726 litudinem,
538 2666 598 2713 de
626 2682 737 2713 cera
758 2665 983 2713 videlicet
1011 2676 1058 2713 et
1081 2666 1288 2730 imagine
1312 2684 1467 2715 cerea.
1494 2670 1613 2714 Cera
1639 2668 1817 2732 quippe
1838 2662 2092 2730 cujuslibet
2114 2683 2233 2714 cerae
2254 2684 2380 2731 quo-

231 2761 438 2809 cumque
475 2746 623 2793 modo
656 2746 871 2793 formatae
904 2746 1102 2793 materia
1134 2756 1222 2801 est,
1248 2757 1297 2794 et
1327 2747 1694 2811 quodammodo
1728 2746 1979 2811 quodlibet
2013 2764 2155 2794 suum
2184 2757 2377 2810 generat

234 2826 537 2872 materiatum
566 2826 700 2890 quod
726 2843 783 2873 ex
812 2827 913 2891 ipsa
941 2835 1028 2885 est,
1063 2836 1114 2872 ut
1141 2826 1365 2874 diximus.
1402 2830 1525 2875 Cum
1547 2829 1707 2892 itaque
1730 2844 1840 2875 cera
1861 2828 1987 2874 hanc
2011 2844 2171 2875 ceram
2194 2828 2261 2874 sic
2285 2828 2378 2874 for-

237 2913 410 2950 matam
447 2907 582 2969 quasi
606 2907 808 2954 materia
840 2907 1099 2954 constituat
1131 2916 1274 2971 atque
1304 2917 1524 2971 generet,
1559 2909 1726 2973 utique
1755 2925 1865 2955 cera
1893 2907 2153 2971 quamdam
2183 2917 2376 2972 generat

235 2998 411 3029 ceram.
441 2986 579 3032 Unde
599 2996 791 3051 oportet
809 2986 1077 3033 secundum
1100 2990 1455 3052 suprapositam
1476 2989 1732 3045 rationem,
1756 2998 1810 3035 ut
1824 2989 1900 3035 vel
1923 2989 2127 3052 seipsam
2152 2997 2370 3051 generet,

233 3062 309 3109 vel
340 3063 482 3110 aliam
506 3082 686 3112 ceram.
723 3067 818 3112 Sed
846 3083 936 3113 nec
962 3066 1132 3113 eadem
1166 3084 1276 3115 cera
1298 3085 1355 3115 ex
1381 3085 1430 3116 se
1459 3070 1561 3133 ipsa
1590 3078 1861 3132 generatur,
1887 3068 1961 3115 vel
1988 3085 2045 3115 ex
2074 3084 2124 3114 se
2158 3068 2262 3131 ipsa
2284 3076 2373 3125 est,

233 3144 453 3207 quamvis
477 3161 585 3191 cera
609 3146 674 3191 sic
696 3145 899 3192 formata
926 3146 1055 3193 idem
1079 3148 1138 3194 sit
1156 3149 1465 3196 essentialiter
1488 3166 1600 3196 cum
1627 3165 1735 3195 cera
1763 3149 1867 3212 ipsa
1888 3165 1944 3195 ex
1969 3163 2065 3211 qua
2087 3157 2174 3207 est,
2203 3163 2294 3193 nec
2317 3147 2375 3193 sit

229 3223 360 3270 idem
391 3223 694 3271 diffinitione.
721 3225 858 3271 Unde
890 3242 1033 3289 supra
1063 3229 1373 3275 meminimus
1405 3229 1624 3276 relativas
1654 3228 1887 3274 dictiones
1913 3244 2013 3274 non
2043 3227 2238 3292 proprie
2261 3244 2378 3292 sup—

227 3303 366 3368 poni,
392 3303 483 3350 nisi
500 3303 561 3350 ad.
583 3303 879 3352 identitatem
902 3322 1096 3369 quoque
1122 3306 1438 3355 diffinitionis.
1459 3311 1538 3355 Est
1555 3309 1715 3371 itaque
1736 3323 1846 3354 cera
1863 3307 2058 3354 materia
2079 3323 2197 3354 cerae
2219 3306 2374 3370 cujus-
