2638 3866
364 173 460 220 282
1162 165 1333 212 PETRI
1367 163 1679 212 ABAELARDl

364 269 621 334 adoptivo3
650 266 734 314 sed
764 285 786 310 (ι
803 264 999 312 tradidit
1020 263 1173 323 illum,
1196 283 1219 306 »
1247 261 1465 309 videlicet
1485 261 1547 308 ad
1572 270 1777 307 mortem
1801 275 1888 324 pro
1918 259 2060 307 nobis
2084 261 2331 322 omnibus,
2359 261 2486 309 scili·

363 360 437 397 cet
459 365 581 412 quos
598 345 848 411 praescivit,
869 362 971 404 seu,
991 354 1044 391 ut
1066 343 1250 390 dictum
1273 352 1359 402 est,
1386 340 1762 406 praedestinavit3
1785 339 1907 386 utin
1931 339 2034 403 ejus
2049 341 2280 404 sanguine
2298 351 2486 390 nostro-

364 445 470 473 rum
493 425 702 474 maculas
724 424 928 471 dilueret
952 433 1278 488 peccatorum.
1305 420 1449 479 Quod
1465 436 1581 467 vero
1603 420 1688 478 ait,
1714 439 1739 465 «
1761 419 1902 467 etiam
1923 420 2122 485 proprio
2144 419 2260 482 filio,
2279 441 2301 464 »
2329 421 2487 468 innuit

361 510 516 553 Deum
548 512 595 552 et
616 504 720 552 aliis
748 504 986 570 adoptivis
1010 502 1116 549 filiis
1147 512 1286 549 antea
1319 517 1408 566 pro
1443 499 1583 547 nobis
1618 516 1716 546 non
1742 499 2034 564 pepercisse,
2063 500 2185 547 sicut
2217 500 2344 547 lsaiae
2362 537 2375 561 ,
2403 517 2483 548 seu

362 585 589 642 Jeremiae‚
615 584 690 631 vel
713 583 960 631 nonnullis
982 582 1085 630 aliis
1116 580 1462 646 Prophetarum
1491 579 1574 643 qui
1602 577 1666 626 ad
1695 579 1929 643 populum
1957 580 2047 626 Dei
2070 579 2224 639 missi,
2257 588 2486 643 tanquam

361 674 590 727 martyres
618 680 708 728 pro
731 663 880 711 salute
901 662 1157 709 hominum
1180 670 1292 708 sunt
1315 659 1478 707 occisi.
1515 678 1538 703 «
1561 658 1821 717 Quomodo
1845 676 1945 706 non
1977 659 2138 718 etiam,
2163 677 2187 704 »
2222 659 2273 706 id
2302 668 2372 706 est
2392 675 2487 722 qua

359 743 544 790 ratione
571 752 730 808 potest
758 743 852 790 dici
888 752 941 789 ut
970 742 1020 788 in
1051 751 1183 789 tanto
1219 740 1280 787 de
1314 738 1569 786 traditione
1604 737 1687 785 filii
1719 739 1792 785 sui
1822 738 1955 786 dono
1989 755 2089 786 non
2125 738 2310 786 dederit
2345 737 2487 786 nobis

361 824 551 883 onmia,
595 832 767 869 nostrae
800 822 978 869 scilicet
1007 820 1146 868 saluti
1189 819 1487 868 necessaria?
1524 818 1687 876 «Quis
1724 817 2039 865 accusabit?»
2074 817 2480 882 Quandoquidem

359 904 486 948 Deus
507 902 568 949 de
583 911 747 949 nostra
765 902 846 960 ita,
874 910 926 948 ut
949 900 1131 948 dictum
1156 909 1241 960 est,
1267 898 1496 946 sollicitus
1519 906 1590 944 est
1607 897 1776 955 salute,
1803 896 1938 960 cujus
1957 898 2196 944 accusatio
2219 897 2483 961 quidquam

359 981 584 1028 adversus
607 997 697 1028 nos
719 981 935 1028 obtinere
953 979 1161 1045 poterit?
1178 977 1421 1043 Numquid
1440 977 1679 1024 accusatio
1702 976 1850 1040 ipsius
1872 977 1960 1024 Dei
1982 977 2066 1040 qui
2088 993 2188 1024 non
2205 977 2361 1024 solum
2384 992 2482 1024 non

358 1067 567 1118 accusat,
589 1074 756 1104 verum
777 1058 938 1118 etiam,
966 1066 1017 1103 ut
1040 1056 1224 1103 dictum
1247 1065 1335 1115 est,
1355 1053 1615 1118 justificat?
1640 1069 1695 1100 ac
1717 1053 1756 1099 si
1779 1052 1958 1100 diceret
1983 1071 1993 1098 ε
2022 1056 2147 1101 Non.
2175 1055 2265 1100 Aut
2282 1054 2322 1101 si
2341 1054 2482 1101 etiam

357 1146 602 1184 accusator
621 1147 739 1183 esset
757 1137 863 1200 qui¹
880 1136 929 1182 in
952 1145 1113 1182 nostra
1137 1134 1539 1182 condemnatione
1564 1133 1836 1198 perstiterit,
1869 1132 2105 1197 numquid
2126 1133 2228 1198 ipse
2250 1132 2479 1192 Christus,

357 1217 438 1279 qui
463 1226 643 1264 tantam
664 1215 804 1262 nobis
826 1214 1039 1262 exhibuit
1066 1214 1389 1274 dilectionem,
1417 1214 1539 1260 sicut
1562 1213 1662 1277 ipse
1686 1211 1752 1259 ait
1769 1214 1783 1236 ²
1809 1229 1819 1257 ι
1851 1231 1873 1256 ι(
1897 1212 2126 1276 Majorem
2154 1212 2246 1259 hac
2269 1212 2484 1260 dilectio·

355 1312 486 1357 nem,
512 1306 664 1355 etc.‚»
691 1304 743 1341 ut
765 1311 853 1359 pro
889 1304 1052 1342 nostra
1086 1304 1353 1342 moreretur
1376 1292 1562 1341 salute?
1586 1308 1641 1339 ac
1669 1292 1709 1339 si
1737 1291 1914 1339 diceret
1936 1310 1948 1339 ι
1978 1295 2103 1339 Non.
2142 1312 2164 1336 <c
2191 1296 2293 1340 lmo
2329 1293 2428 1357 qui.
2454 1311 2479 1337 υ

355 1375 500 1432 Quasi
522 1374 764 1438 corrigens
785 1373 917 1438 quod
940 1373 1138 1434 dixerat,
1169 1373 1293 1437 «qui
1316 1382 1534 1419 mortuus
1559 1380 1646 1432 est,
1666 1389 1690 1414 n
1716 1370 1850 1435 quod
1871 1380 1940 1418 est
1969 1370 2273 1431 infirmitatis,
2307 1388 2483 1438 suppo-

356 1453 516 1501 nendo
554 1453 914 1507 resurrectionis
945 1452 1144 1516 gloriam
1175 1452 1222 1498 in
1256 1453 1361 1517 ipso
1388 1451 1529 1499 nobis
1561 1449 1846 1512 exhibitam,
1879 1460 2022 1515 atque
2050 1451 2349 1516 promissam,
2378 1467 2482 1515 quae

356 1550 444 1580 nos
476 1534 526 1580 in
561 1535 695 1581 omni
723 1533 1030 1580 tribulatione
1060 1533 1265 1579 maxime
1288 1531 1583 1590 consolatur,
1612 1541 1659 1578 et
1687 1530 1920 1594 quoniam
1953 1532 2238 1579 resurrectio
2270 1532 2481 1580 nonnul·

354 1611 512 1659 lorum
553 1613 639 1660 suit
674 1614 847 1660 iterum
878 1622 1183 1659 mortuorum
1215 1612 1336 1658 sicut
1359 1611 1539 1671 Lazari,
1575 1619 1628 1657 ut
1652 1611 1795 1658 etiam
1817 1610 2138 1675 reproborum
2162 1611 2249 1658 erit
2274 1611 2335 1658 ad
2367 1612 2481 1659 sini-

357 1700 502 1739 stram
535 1692 1001 1750 constituendorum,
1027 1689 1215 1738 subdit:
1247 1690 1381 1747 «Qui
1412 1700 1482 1736 est
1505 1689 1567 1736 ad
1596 1688 1840 1736 dexteram
1862 1691 1968 1751 Dei,
1989 1710 2011 1734 ›>
2040 1690 2091 1737 id
2114 1701 2184 1738 est
2214 1690 2479 1739 secundum

354 1771 509 1834 ipsam
536 1772 884 1819 humanitatem
911 1771 1254 1829 resuscitatam,
1287 1769 1335 1815 in
1358 1777 1534 1816 aeterna
1555 1768 1850 1816 beatitudine
1873 1780 2159 1834 perseverat,
2186 1770 2254 1818 ibi
2287 1787 2481 1836 quoque

354 1866 453 1898 non
490 1853 741 1899 immemor
775 1860 948 1899 nostrae
977 1850 1155 1908 salutis,
1195 1848 1280 1896 ubi
1318 1858 1545 1912 tanquam
1576 1848 1834 1896 advocatus
1869 1852 2056 1897 Patrem
2090 1849 2356 1915 interpellat
2389 1867 2478 1915 pro
2550 1838 2551 1842 Ἰ

355 1929 518 1990 nobis,
558 1931 728 1995 ipsam,
753 1930 974 1978 videlicet
998 1930 1047 1975 in
1072 1945 1170 1992 quo
1194 1938 1326 1975 tanta
1349 1944 1438 1992 pro
1471 1927 1612 1974 nobis
1636 1943 1804 1993 passus
1833 1937 1926 1985 est,
1953 1927 2299 1976 humanitatem
2329 1930 2481 1978 oculis

355 2010 502 2057 Patris
538 2027 726 2075 semper
761 2007 1122 2074 praesentandO,
1165 2017 1211 2054 et
1252 2007 1319 2054 sic
1350 2023 1440 2053 nos
1478 2008 1521 2054 ei
1557 2017 1787 2071 tanquam
1827 2007 2063 2055 mediator
2100 2009 2473 2057 reconciliando.

355 2088 625 2154 Interpellat
645 2089 803 2153 igitur,
825 2098 878 2136 ut
901 2087 1084 2135 dictum
1112 2096 1208 2146 est,
1234 2096 1461 2150 tanquam
1477 2087 1601 2133 inter
1625 2103 1714 2133 nos
1733 2096 1779 2133 et
1801 2089 1957 2133 Deum
1979 2087 2164 2135 medius
2185 2089 2446 2137 intercedat
2464 2127 2475 2148 ‚

354 2183 439 2230 per
460 2168 629 2232 ipsam,
655 2178 708 2216 ut
726 2169 905 2216 dictum
932 2175 1018 2226 est,
1044 2175 1218 2213 nostrae
1239 2175 1418 2212 naturae
1440 2165 1770 2212 substantiam.
1795 2168 1994 2213 Sanctos
2016 2167 2160 2215 etiam
2181 2169 2311 2233 ipsos
2332 2170 2478 2219 inter-

356 2246 523 2294 cedere
547 2258 594 2295 et
619 2264 755 2295 orare
777 2265 865 2313 pro
889 2246 1030 2294 nobis
1054 2245 1257 2292 dicimus
1276 2245 1449 2293 affectu
1470 2246 1630 2310 potius
1652 2245 1859 2294 caritatis
1878 2246 1953 2293 vel
1978 2248 2260 2295 meritorum
2281 2266 2476 2297 suorum

354 2325 601 2389 suffragiis,
622 2342 766 2390 quam
786 2327 1055 2391 prolatione
1073 2326 1218 2371 vocis.
1242 2323 1381 2371 Unde
1402 2334 1448 2371 et
1471 2340 1583 2371 cum
1606 2325 1809 2372 dicimus
1828 2344 1838 2371 ε
1871 2344 1894 2370 «
1913 2328 2082 2374 Sancte
2108 2330 2259 2385 Petre‚
2281 2345 2365 2379 ora
2387 2346 2475 2394 pro

354 2404 511 2466 nobis,
536 2426 556 2448 ›>
574 2406 666 2452 tale
682 2415 751 2452 est
767 2422 822 2452 ac
838 2406 878 2451 si
899 2405 1130 2463 dicamus,
1151 2422 1173 2447 «
1194 2403 1413 2449 Miserere
1437 2404 1604 2463 nostri,
1632 2406 1777 2463 Deus,
1803 2414 1999 2469 propter
2023 2407 2188 2455 merita
2212 2411 2263 2454 B.
2290 2408 2431 2456 Petri.
2450 2428 2472 2452 »

422 2503 446 2528 «
465 2485 583 2542 Quis
605 2501 718 2549 ergo
739 2500 844 2532 nos.
869 2503 891 2528 »
916 2481 1322 2546 Quandoquidem
1342 2482 1482 2528 tantis
1500 2481 1742 2529 beneficiis
1766 2492 1944 2531 tantam
1969 2484 2110 2531 nobis
2133 2487 2330 2549 gratiam
2348 2490 2475 2535 Deus

353 2562 585 2623 exhibuit,
615 2574 661 2611 et
690 2564 740 2610 in
765 2563 920 2628 seipso
941 2561 1263 2619 confirmavit,
1293 2577 1397 2624 quae
1419 2577 1495 2608 res
1528 2577 1618 2608 nos
1646 2562 1839 2609 ulterius
1862 2564 2037 2627 poterit
2059 2564 2260 2612 avellere
2287 2565 2349 2613 ab
2376 2566 2476 2631 ejus

354 2641 639 2690 dilectione?
659 2645 722 2691 Ac
743 2642 783 2690 si
805 2641 1012 2690 diceret:
1033 2640 1187 2688 Nulla.
1219 2642 1368 2704 Atque
1391 2639 1442 2687 id
1467 2641 1623 2687 statim
1646 2641 1932 2705 comprobat
1956 2660 2041 2707 per
2064 2660 2120 2691 ea
2141 2660 2246 2707 quae
2271 2646 2473 2693 maxime

351 2721 572 2769 videntur
607 2739 745 2787 posse
767 2721 988 2769 homines
1011 2737 1037 2768 a
1060 2723 1162 2767 Deo
1187 2729 1416 2767 avertere.
1445 2722 1511 2766 Ac
1541 2720 1698 2784 primo
1724 2720 1783 2767 de
1815 2722 2025 2770 adversis
2050 2724 2116 2771 sic
2145 2725 2239 2771 ait:
2270 2725 2473 2772 «Tribu-

353 2798 532 2846 latio?»
559 2817 615 2849 ac
646 2802 683 2847 si
706 2801 916 2847 diceret:
945 2802 1068 2846 Non.
1095 2798 1356 2846 Tribulatio
1388 2798 1563 2846 dicitur
1598 2816 1894 2864 quaecunque
1930 2804 2144 2868 corporis
2178 2803 2369 2851 afflictio
2401 2805 2472 2852 vel

355 2876 644 2939 verberati03
676 2880 909 2941 angustia,
938 2879 1111 2925 mentis
1138 2878 1365 2939 anxietas,
1396 2888 1450 2925 ut
1478 2887 1663 2941 metus;
1697 2882 1989 2945 persecutio,
2016 2882 2076 2929 de
2098 2882 2206 2930 loco
2228 2883 2289 2930 ad
2310 2883 2470 2931 Iocum

352 2957 626 3020 propulsi03
655 2958 936 3022 periculum,
964 2958 1131 3004 mortis
1158 2967 1439 3022 apparatus;
1467 2958 1667 3022 gladius,
1696 2960 1798 3024 ipsa
1829 2977 1975 3010 mors.
2006 2963 2177 3009 «Sicut
2199 2964 2465 3028 scriptum»

352 3036 400 3082 in
423 3036 615 3082 Psalmo
637 3039 777 3085 xL111³
804 3055 813 3082 :
838 3053 892 3084 ac
916 3037 954 3083 si
974 3037 1151 3084 diceret
1172 3055 1181 3081 :
1211 3037 1384 3100 Utique
1408 3055 1574 3086 verum
1598 3050 1666 3087 est
1691 3040 1823 3103 quod
1848 3041 1965 3088 nihil
1990 3042 2164 3091 horum
2187 3045 2359 3107 poterit
2381 3061 2469 3092 nos

392 3217 487 3250 ¹Male
500 3217 651 3250 Ambocs.
671 3219 736 3251 Aut
753 3219 783 3249 si
801 3218 903 3250 etiam
920 3222 1001 3251 esset
1015 3221 1188 3251 accusator
1204 3219 1300 3260 quis,
1317 3220 1353 3251 in
1368 3225 1498 3261 nostra,
1517 3227 1577 3254 etc.
1592 3238 1631 3245 —-
1647 3222 1771 3262 ²Joa==.,
1782 3232 1852 3263 cap.
1865 3232 1916 3262 xv,
1927 3233 1956 3255 v.
1979 3226 2026 3257 13.
2040 3226 2098 3248 ..a
2113 3223 2242 3257 Psalm.
2259 3232 2349 3264 nm,
2364 3234 2392 3257 v.
2411 3227 2463 3257 22.
