2638 3866
689 195 747 243 ΙΝ
781 194 1109 243 EPISTOLAM
1143 196 1221 243 AD
1256 196 1541 246 ROMANOS
1575 197 1684 244 LlB.
1723 198 1844 245 SEC.
2250 200 2346 248 203

207 311 261 342 os
288 292 583 355 obstruatur,
605 304 652 342 et
676 294 911 355 subditus,
935 304 1050 357 etc.,
1078 315 1100 339 >2
1130 296 1258 344 istud
1280 296 1526 362 subjungit
1547 315 1557 344 ε
1585 318 1607 342 «
1626 300 1716 346 Per
1737 297 1891 362 legem
1914 299 2061 346 enim.
2084 316 2105 343 ιο
2136 298 2206 346 Ad
2229 298 2347 347 illud

204 390 321 422 vero
346 373 507 421 aliud:
529 374 696 432 «Quia
718 391 775 422 ex
798 375 1042 440 operibus,
1060 385 1173 438 etc.,
1191 395 1215 421 »
1236 377 1363 424 istud
1387 377 1619 443 supponit
1643 394 1653 423 ε
1679 397 1702 421 α
1726 381 1864 426 Nunc
1887 389 2049 426 autem
2075 378 2191 441 sige,
2213 389 2303 426 etc.
2319 399 2342 423 »

204 454 281 501 Sic
313 455 583 502 continuat.
610 458 770 514 Quare
802 472 888 522 per
921 455 1075 520 legem
1110 458 1352 522 compesci
1385 474 1412 505 a
1442 474 1527 505 sua
1553 457 1834 521 gloriatione
1862 458 2085 507 homines
2107 459 2315 507 debeant
2333 497 2344 519 ,

203 535 318 600 quia
354 552 440 600 per
474 551 582 583 eam
616 536 961 585 inexcusabiles
992 554 1021 585 a
1044 538 1251 603 peccatis
1287 539 1385 586 suis
1415 539 1624 586 maxime
1655 539 1941 602 redduntur,
1984 557 2088 604 quae
2115 557 2201 605 per
2240 556 2346 587 eam

204 626 536 680 cognoverunt
569 617 729 682 potius
758 634 905 682 quam
934 618 1212 680 amiserunt,
1240 619 1391 667 immo
1419 620 1563 667 etiam
1588 630 1841 680 auxerunt,
1874 630 1922 667 et
1952 621 2001 668 in
2035 620 2346 684 sequentibus

203 695 418 744 dicturus
457 698 555 744 est¹
590 715 600 744 ι
631 717 654 742 «
686 701 747 745 Ut
778 697 859 747 fiat
892 715 1039 764 supra
1069 698 1273 747 modum
1305 716 1511 764 peccans
1543 709 1814 766 peccatum.
1837 719 1859 742 »
1888 721 1911 743 α
1940 703 2076 747 Nunc
2117 710 2294 748 autem.
2320 720 2342 745 υ

203 776 311 824 Dixi
340 794 396 824 ex
429 777 658 842 operibus
688 779 895 844 propriis
926 778 1041 844 legis
1069 780 1273 846 scriptae,
1303 780 1352 827 id
1373 791 1443 828 est
1466 781 1730 845 figurativis
1754 780 1844 827 illis
1868 780 2114 845 praeceptis
2147 797 2252 844 quae
2274 781 2347 828 lex

205 856 434 905 naturalis
458 857 664 922 ignorat,
690 859 935 907 neminem
953 859 1201 924 justificari
1227 861 1358 926 apud
1383 864 1562 924 Deum3
1589 860 1673 908 sed
1695 877 1844 922 nunc,
1867 860 1917 907 id
1939 870 2027 920 est,
2052 860 2102 906 in
2131 870 2347 925 tempore

204 931 384 993 gratiae,
410 933 591 996 justitia
614 934 727 993 Dei,
754 934 805 982 id
827 944 897 982 est
930 951 1077 999 quam
1100 938 1231 982 Deus
1256 935 1497 1001 approbat
1521 945 1569 984 et
1588 953 1674 1001 per
1696 953 1843 1000 quam
1870 935 2001 999 apud
2027 938 2184 982 Deum
2210 935 2350 998 justi-

204 1009 422 1072 ficamur,
448 1012 499 1060 id
522 1023 592 1061 est
615 1015 803 1075 caritas,
826 1025 897 1063 est
917 1015 1184 1074 manifesta,
1214 1033 1300 1081 per
1322 1017 1658 1081 Evangelicam
1677 1016 1858 1064 scilicet
1876 1015 2170 1077 doctrinam,
2201 1035 2223 1060 «
2246 1016 2349 1062 sine

202 1091 323 1156 lege,
341 1111 364 1138 »
391 1093 440 1141 id
465 1103 535 1142 est
557 1094 828 1143 carnalibus
850 1095 942 1143 illis
963 1106 1011 1145 et
1033 1097 1239 1162 propriis
1263 1096 1580 1145 observantiis
1603 1098 1738 1162 legis,
1766 1097 1847 1145 illa
1870 1107 2051 1158 tamen,
2079 1096 2208 1154 dico,
2238 1119 2260 1141 «
2272 1098 2349 1160 ju-

204 1172 328 1220 stitia
344 1172 593 1223 testificata
615 1191 644 1222 a
659 1174 763 1239 lege
780 1185 828 1223 et
845 1176 1115 1242 prophetis,
1137 1195 1159 1222 »
1182 1178 1265 1242 qui
1289 1193 1397 1225 eam
1416 1194 1612 1243 quoque
1631 1178 1931 1244 praecipiunt.
1951 1176 2089 1224 Unde
2110 1193 2225 1224 vero
2249 1176 2349 1224 haec

195 1253 379 1316 justitia
402 1253 627 1319 pendeat,
659 1256 820 1303 statim
856 1257 1069 1305 annectit
1102 1257 1302 1306 dicens:
1335 1277 1358 1303 «
1379 1259 1566 1306 ,Iustitia
1596 1268 1757 1306 autem
1792 1258 1938 1304 Dei.»
1977 1257 2141 1304 Fidem
2177 1257 2349 1304 Christi

200 1331 319 1381 dicit
339 1350 487 1398 quam
513 1334 575 1383 de
598 1336 703 1400 ipso
726 1335 991 1398 habemus3
1018 1354 1148 1399 eum,
1175 1339 1274 1386 sive
1309 1339 1353 1386 ei
1373 1339 1449 1385 vel
1478 1339 1526 1384 in
1560 1355 1670 1386 eum
1699 1337 1963 1385 credendo.
2000 1336 2139 1385 Unde
2162 1346 2209 1384 et
2236 1353 2347 1384 cum

197 1412 397 1477 adjecit,
434 1415 563 1480 «qui
601 1417 834 1478 credunt,
860 1439 884 1461 2>
913 1434 1013 1465 non
1048 1418 1235 1466 addidit
1266 1418 1445 1465 horum
1483 1419 1709 1482 aliquem,
1747 1427 1801 1465 ut
1828 1434 1962 1481 aeque
1997 1417 2059 1464 ad
2097 1417 2261 1464 omnia
2298 1434 2347 1465 se

202 1493 418 1542 haberet.
446 1498 517 1542 Ex
532 1495 648 1557 fide,
671 1514 820 1561 quam
838 1497 899 1544 de
919 1498 1110 1546 Christo
1132 1498 1386 1560 habemus,
1412 1499 1583 1546 caritas
1601 1499 1651 1544 iu
1672 1497 1816 1545 nobis
1838 1507 1908 1544 est
1930 1508 2212 1562 propagata,
2234 1498 2348 1560 quia

200 1589 287 1639 per
309 1575 405 1623 hoc
428 1576 564 1640 quod
585 1587 804 1626 tenemus
830 1581 989 1626 Deum
1013 1579 1063 1626 in
1087 1578 1279 1626 Christo
1304 1589 1520 1626 nostram
1544 1589 1767 1626 naturam
1790 1577 1881 1630 sibi
1907 1578 2086 1638 unisse,
2110 1579 2224 1625 etin
2247 1579 2349 1644 ipsa

200 1655 448 1719 patiendo,
472 1674 713 1706 summam
733 1659 863 1707 illam
882 1659 1129 1707 caritatem
1147 1659 1289 1707 nobis
1310 1659 1603 1717 exhibuisse,
1624 1658 1686 1706 de
1703 1674 1800 1722 qua
1823 1658 1925 1722 ipse
1942 1658 2056 1705 ait²z
2077 1679 2099 1702 <c
2117 1658 2347 1722 Majorem

198 1735 290 1782 hac
310 1735 619 1786 dilectionem
640 1755 785 1786 nemo
805 1739 970 1800 habet,
988 1750 1103 1800 etc.,
1129 1759 1151 1785 υ
1175 1750 1274 1788 tam
1293 1741 1383 1806 ipsi
1400 1756 1547 1804 quam
1570 1739 1792 1804 proximo
1813 1747 2012 1803 propter
2036 1738 2197 1803 ipsum
2216 1739 2347 1786 inso-

196 1814 334 1864 lubili
365 1819 545 1865 amoris
578 1836 706 1867 nexu
740 1820 1056 1868 cohaeremus.
1088 1819 1226 1868 Unde
1260 1831 1307 1868 et
1341 1821 1391 1868 in
1427 1819 1739 1885 sequentibus
1773 1818 2005 1883 scriptum
2037 1828 2109 1866 est
2145 1839 2156 1866 ε
2189 1820 2349 1877 «Quis

199 1913 311 1962 ergo
333 1914 423 1946 nos
445 1899 685 1965 separabit
705 1917 731 1949 a
748 1902 943 1949 caritate
962 1902 1085 1949 Dei?
1107 1901 1373 1959 tribulatio,
1395 1910 1527 1948 etc.»
1549 1903 1606 1947 Et
1625 1916 1843 1946 rursum:
1865 1919 1886 1942 α
1906 1901 2073 1946 Certus
2094 1916 2202 1946 sum
2217 1900 2348 1947 enim

198 1978 312 2041 quia
334 1995 491 2044 neque
515 1988 665 2042 mors,
689 1991 782 2029 etc.
799 2001 821 2024 >2
845 1982 1051 2044 Jusfflia,
1078 1981 1207 2040 dico,
1226 1981 1392 2030 habita
1414 1998 1560 2047 supra
1578 1997 1748 2028 omnes
1769 1979 1952 2040 fideles,
1972 1979 2022 2026 id
2045 1990 2115 2027 est
2137 1979 2187 2026 in
2210 1996 2349 2045 supe-

195 2058 311 2107 riori
334 2075 505 2107 eorum
527 2070 687 2125 parte,
716 2061 767 2108 id
791 2071 862 2109 est
884 2062 932 2110 in
958 2063 1138 2125 anima,
1168 2062 1252 2110 ubi
1276 2073 1465 2110 tantum
1489 2061 1682 2109 dilectio
1706 2076 1807 2108 esse
1828 2069 2010 2125 potest,
2038 2076 2138 2107 non
2163 2059 2347 2106 exhibi-

198 2139 328 2187 tione
348 2157 551 2206 operum
574 2142 887 2190 exteriorum.

267 2240 290 2264 «
306 2222 413 2267 Non
439 2231 510 2268 est
533 2222 681 2269 enim.
705 2243 727 2265 »
755 2227 882 2270 Bene
902 2223 1000 2270 dixi
1024 2240 1168 2289 super
1189 2240 1360 2271 omnes
1383 2223 1577 2289 pariter,
1611 2232 1710 2270 tam
1734 2221 1947 2269 Gentiles
1970 2220 2166 2280 scilicet,
2199 2236 2345 2284 quam

197 2300 403 2361 Judaeos,
431 2302 543 2366 quia
567 2302 699 2351 nulla
720 2314 791 2351 est
813 2321 986 2352 eorum
1008 2305 1277 2352 differentia
1316 2321 1373 2351 ex
1394 2304 1487 2351 hac
1514 2303 1697 2368 justitia
1726 2303 1815 2350 Dei
1852 2319 1939 2368 per
1971 2301 2116 2349 fidem
2151 2299 2342 2368 Christi,

197 2380 319 2428 sicut
341 2380 457 2428 olim
473 2392 574 2430 erat
594 2400 653 2432 ex
672 2384 901 2450 operibus
919 2386 1053 2449 legis.
1078 2385 1203 2444 Quia
1225 2385 1350 2432 sicut
1371 2401 1541 2432 omnes
1563 2392 1903 2450 peccaverunt,
1930 2383 1996 2430 ita
2017 2381 2346 2428 indifferenter

194 2460 440 2524 justificati
461 2473 572 2510 sunt
593 2481 680 2529 per
713 2464 840 2512 hanc
872 2482 1112 2514 summam
1151 2467 1352 2529 gratiam
1380 2481 1410 2512 a
1444 2468 1549 2512 Deo
1588 2464 1731 2511 nobis
1767 2463 2046 2511 exhibitam.
2082 2464 2139 2507 Et
2158 2461 2253 2508 hoc
2276 2471 2346 2508 est

197 2541 332 2605 quod
350 2543 417 2590 ait
440 2561 450 2590 :
477 2564 499 2588 <‹
520 2546 703 2593 Omnes
727 2546 857 2593 enim
882 2555 1203 2611 peccaverunt
1238 2556 1286 2594 et
1320 2555 1462 2610 egent
1490 2545 1641 2608 gratia
1667 2545 1771 2606 Dei,
1793 2563 1812 2588 »ι
1837 2544 1887 2590 id
1905 2553 1975 2590 est
1997 2559 2120 2606 opus
2144 2540 2340 2598 habent,

198 2622 334 2684 quasi
352 2639 411 2670 ex
430 2623 614 2687 debito,
641 2627 908 2674 Dominum
932 2626 1215 2691 glorificare.
1246 2646 1269 2670 «
1286 2625 1535 2673 Justificati
1555 2625 1714 2688 gratis,
1745 2644 1767 2667 >2
1800 2623 1851 2670 id
1870 2632 1956 2682 est,
1982 2622 2093 2686 quia
2102 2619 2346 2684 justificati

196 2711 327 2763 sunt,
350 2719 450 2750 non
477 2707 880 2769 praevenientibus
901 2708 1081 2754 meritis
1104 2723 1292 2767 eorum,
1319 2706 1403 2752 sed
1429 2722 1516 2769 per
1536 2705 1736 2768 gratiam
1759 2704 1925 2768 ipsius,
1957 2702 2007 2749 id
2036 2711 2106 2748 est
2133 2700 2239 2762 Dei,
2262 2701 2344 2764 qui

199 2782 333 2846 prior
358 2782 522 2831 dilexit
542 2801 649 2832 nos.
678 2789 795 2844 Quae
823 2804 940 2834 vero
975 2788 1036 2834 sit
1074 2786 1155 2834 illa
1187 2786 1351 2849 gratia,
1388 2784 1440 2831 id
1458 2794 1528 2832 est
1551 2784 1810 2847 gratuitum
1844 2793 1890 2830 et
1925 2780 2171 2847 spirituale
2200 2780 2346 2846 ipsius

198 2861 405 2922 donum,
434 2864 666 2928 supponit
687 2865 853 2913 dicens
877 2883 887 2911 :
917 2869 1048 2913 «Per
1078 2865 1462 2929 redemptionem
1498 2872 1716 2910 nostram
1753 2862 1925 2910 factam
1962 2878 2048 2927 per
2081 2860 2341 2920 Christum,

200 2958 344 3006 quem
368 2945 619 3008 proposuit
648 2944 792 2992 nobis
815 2947 945 2992 Deus
970 2949 1108 2993 Pater
1128 2945 1511 3010 propitiatorem,
1533 2965 1556 2987 »
1592 2943 1644 2990 id
1667 2953 1735 2991 est
1764 2942 2195 2990 reconciliatorem.
2232 2960 2255 2986 «
2292 2943 2344 2987 In

202 3023 435 3087 sanguine
459 3041 566 3083 suo,
594 3045 616 3068 >2
643 3025 693 3072 id
717 3035 803 3087 est,
831 3043 918 3091 per
936 3036 1144 3074 mortem
1183 3041 1338 3085 suam,
1367 3034 1417 3073 et
1439 3025 1555 3090 quia
1581 3041 1682 3071 non
1716 3022 1960 3083 omnibuS,
1982 3022 2065 3070 sed
2096 3021 2210 3068 solis
2241 3036 2347 3068 cre-

200 3102 425 3152 dentibus
434 3104 536 3152 haec
546 3106 823 3172 propitiatio
839 3107 1169 3172 proponitura
1184 3109 1307 3164 Deo,
1329 3105 1378 3153 id
1392 3116 1462 3154 est
1475 3105 1797 3166 constituitur,
1814 3103 1972 3152 addit:
1998 3105 2124 3150 «Per
2137 3100 2300 3161 fidem,
2321 3118 2343 3142 »

253 3285 381 3328 ¹R0m.,
402 3295 472 3327 cap.
495 3296 558 3328 vn,
577 3297 609 3322 v.
629 3289 677 3321 13.
697 3305 737 3312 -
757 3289 767 3307 ²
781 3288 891 3331 Joan.‚
914 3298 987 3331 cap.
1010 3298 1067 3331 xv,
1094 3299 1123 3322 v.
1151 3293 1198 3323 ¹3.
