2638 3866
958 226 1302 276 THEOLOGlA
1336 227 1701 278 CHRISTIANA.
2303 231 2397 279 363

267 324 504 385 intellexi3
525 343 551 370 »
585 325 667 385 ait,
702 325 916 389 inquam,
946 322 1303 374 distinctionem
1334 327 1571 375 Trinitatis
1605 336 1823 392 patenter
1854 328 2124 377 insinuans¹
2151 346 2162 376 ε
2193 330 2398 378 «Verbo

267 404 463 453 Domini
485 403 593 453 coeli
624 403 797 452 firmati
824 410 950 461 sunt,
988 413 1035 451 et
1060 404 1236 470 Spiritu
1270 407 1366 454 oris
1400 423 1571 454 eorum
1601 407 1759 454 omnis
1794 407 1943 456 virtus
1971 416 2164 469 eorum,
2193 429 2216 454 υ
2245 411 2329 475 qui
2354 420 2400 458 et

267 482 381 532 alibi
411 484 643 532 unitatem
677 483 854 550 pariter
882 499 995 531 cum
1022 484 1249 533 Trinitate
1278 487 1491 534 insinuat
1522 486 1712 535 dicens’
1737 505 1749 534 :
1787 487 2085 536 «Benedicat
2120 506 2211 536 nos
2245 492 2395 546 Deus,

269 564 399 611 Deus
421 573 583 613 noster
607 599 620 625 ‚
648 562 899 612 benedicat
921 579 1010 610 nos
1033 565 1179 624 Deus,
1202 574 1250 613 et
1277 575 1495 614 metuant
1514 582 1624 615 eum
1650 582 1820 613 omnes
1845 565 1963 614 fines
1986 577 2137 616 terrae.
2162 588 2185 614 υ

334 643 669 692 Cassiodorus:
689 663 712 688 α
729 646 859 691 Deus
880 659 1034 692 sermo
1059 660 1246 707 graecus.
1260 655 1346 705 est,
1374 646 1458 710 qui
1479 645 1624 694 latine
1647 646 1988 711 interpretatur
2010 650 2170 695 timor.
2192 652 2285 695 Pro
2307 665 2402 713 qua

271 739 339 784 re,
373 733 426 772 ut
455 723 684 786 arbitror,
708 722 913 787 majores
945 724 1097 771 nostri
1133 727 1289 773 Deum
1323 741 1351 774 a
1383 727 1556 774 timore
1591 725 1932 791 appellandum
1965 743 2067 774 esse
2103 728 2359 775 voluerunt
2387 747 2397 775 z

272 801 403 851 unde
423 803 624 869 quidam
649 804 714 852 ait
731 804 1016 852 Gentilium⁸
1033 814 1286 869 poetarum
1314 823 1325 852 ε
1355 825 1376 851 «
1407 807 1591 853 Primus
1612 806 1661 853 in
1687 805 1806 853 orbe
1828 809 1956 853 Deos
1979 807 2087 854 fecit
2118 808 2280 854 timor.
2313 829 2334 851 »

335 883 476 931 Trina
500 884 680 950 quippe
706 883 941 932 consessio
963 883 1069 944 Dei,
1095 884 1359 933 trinitatem
1388 886 1609 951 exprimit
1629 902 1965 951 personarum,
1992 886 2138 933 Patris
2162 886 2398 947 videlicet,

272 961 390 1023 Filii,
425 972 474 1011 et
494 964 695 1029 Spiritus
726 964 894 1012 sancti.
930 966 1057 1012 Bene
1089 973 1249 1012 autem
1273 965 1445 1014 Filium
1471 965 1727 1029 designans
1762 965 1947 1013 addidit
1973 985 1996 1010 «
2018 974 2198 1028 noster,
2220 987 2243 1010 >2
2270 969 2403 1031 quasi

272 1058 385 1090 eum
414 1058 444 1092 a
473 1046 608 1092 Patre
629 1043 770 1092 nobis
801 1060 902 1092 esse
930 1043 1096 1092 datum
1117 1044 1392 1103 ostendens,
1419 1062 1531 1093 cum
1555 1062 1641 1111 per
1664 1046 2049 1093 Incarnationem
2072 1045 2218 1094 Verbi
2241 1046 2403 1094 divina

272 1139 362 1170 nos
383 1124 625 1190 Sapientia
646 1124 1000 1173 illuminaverit.
1022 1127 1095 1173 De
1113 1142 1211 1190 quo
1235 1126 1380 1174 etiam
1400 1124 1562 1174 Verbo
1591 1125 1846 1191 Apostolus
1881 1126 1970 1173 ait*
1988 1118 2007 1173 ε’
2029 1144 2052 1171 «
2075 1127 2277 1191 Proprio
2307 1126 2404 1174 filio

272 1219 360 1251 suo
386 1220 486 1252 non
510 1206 739 1271 pepercit,
765 1205 849 1254 sed
871 1223 960 1272 pro
984 1205 1125 1254 nobis
1148 1206 1373 1254 omnibus
1398 1206 1594 1254 tradidit
1619 1207 1773 1254 illum.
1793 1225 1817 1251 n

338 1284 625 1348 Augustinus
665 1287 986 1346 Quaestionum
1012 1288 1214 1348 LXXIV,
1247 1302 1353 1351 cap.
1389 1303 1499 1334 xuv
1518 1287 1536 1312 ⁵
1562 1305 1573 1334 t
1603 1307 1625 1330 «
1647 1290 1701 1334 ln
1728 1286 1964 1352 principio
1995 1296 2095 1334 erat
2125 1286 2356 1334 Verbum.
2381 1308 2402 1330 »

272 1363 417 1421 Quod
442 1381 590 1429 graece
615 1368 769 1430 Logos
790 1365 983 1427 dicitur,
1007 1366 1152 1414 latine
1176 1376 1336 1414 autem
1360 1375 1408 1414 et
1438 1367 1677 1415 rationem
1707 1376 1755 1415 et
1779 1365 1982 1414 verbum
2017 1366 2251 1430 significat
2267 1403 2280 1425 ,
2320 1367 2403 1415 sed

271 1444 367 1492 hoc
397 1445 507 1493 loco
538 1446 707 1494 melius
734 1446 948 1494 Verbum
975 1447 1331 1513 interpretatur.
1365 1447 1664 1512 Significetur
1692 1464 1793 1495 non
1829 1446 1987 1495 solum
2022 1446 2085 1494 ad
2117 1450 2304 1495 Patrem
2335 1464 2409 1495 re-

272 1534 478 1589 spectuS,
499 1526 583 1574 sed
606 1526 668 1575 ad
690 1526 769 1574 illa
792 1527 934 1575 etiam
959 1544 1064 1592 quae
1082 1543 1169 1593 per
1183 1526 1396 1575 Verbum
1419 1527 1542 1576 facta
1562 1537 1690 1575 sunt.
1711 1528 1847 1575 Ratio
1870 1535 2050 1588 autem,
2070 1528 2157 1575 etsi
2180 1527 2299 1574 nihil
2322 1544 2408 1591 per

272 1602 403 1652 illam
438 1606 538 1667 fiat,
575 1617 703 1656 recte
734 1609 855 1655 ratio
875 1608 1069 1656 dicitur.
1095 1626 1120 1653 »
1145 1610 1262 1673 Cap.
1303 1624 1391 1655 va
1419 1626 1431 1656 ε
1459 1609 1583 1655 «Dei
1611 1608 1854 1673 Sapientia
1875 1606 2089 1654 Christus
2118 1617 2166 1654 et
2190 1609 2238 1654 in
2273 1616 2408 1655 utero

274 1686 443 1733 MAmAE
466 1686 571 1748 fuit,
598 1697 647 1735 et
679 1688 729 1735 in
753 1687 899 1750 coelis,
928 1704 1029 1753 quo
1052 1687 1201 1736 modo
1222 1686 1439 1735 Verbum
1465 1687 1697 1750 hominis,
1733 1686 1867 1751 quod
1892 1686 1978 1732 etsi
2004 1687 2142 1734 multi
2175 1687 2404 1747 audiunt,

273 1773 428 1812 totum
452 1766 657 1814 audiunt
678 1767 870 1831 singuli.
893 1788 917 1813 n

338 1846 580 1894 Unitatem
602 1863 718 1894 vero
740 1847 913 1895 divinae
935 1847 1210 1896 substantiae
1233 1848 1481 1896 Psalmista
1499 1848 1549 1895 in
1578 1847 1754 1896 eodem
1773 1850 1943 1914 aperit,
1969 1865 2083 1897 cum
2104 1857 2214 1914 post
2236 1848 2410 1894 trinam

272 1924 423 1972 divini
456 1926 667 1975 nominis
698 1926 1039 1993 prolationem,
1074 1944 1229 1977 unum
1263 1927 1604 1977 tantummodo
1638 1931 1794 1976 Deum
1824 1929 1872 1976 in
1906 1928 2056 1976 tribus
2085 1928 2301 1993 personis
2334 1929 2409 1974 in-

274 2004 506 2071 telligenS,
545 2023 644 2055 non
683 2007 930 2073 subjunxit
974 2025 1058 2058 eos
1091 2008 1358 2075 pluraliter,
1399 2007 1481 2056 sed
1533 2024 1646 2056 eum
1683 2009 1999 2073 singulariter.
2039 2009 2163 2056 Huic
2205 2017 2253 2055 et
2292 2006 2410 2054 illud

271 2096 509 2135 consonat
528 2088 675 2150 Isaiae,
701 2089 785 2152 qui
807 2089 923 2138 dicit
952 2105 1004 2138 se
1027 2089 1204 2138 vidisse
1234 2088 1487 2155 Seraphim
1509 2098 1555 2136 et
1579 2088 1766 2138 audisse
1790 2089 2070 2142 clamantia⁶
2091 2108 2102 2135 ε
2133 2107 2157 2133 «
2181 2090 2403 2146 Sanctus,

271 2168 488 2229 Sanctus,
513 2169 717 2216 Sanctus
740 2169 975 2217 Dominus
997 2172 1126 2217 Deus
1149 2169 1379 2218 Sabaoth.
1404 2190 1428 2214 n

339 2249 481 2295 Recte
509 2257 670 2296 autem
696 2249 935 2297 vocabulo
962 2249 1200 2296 «Domini
1223 2268 1245 2294 »
1273 2265 1387 2297 usus
1413 2258 1484 2297 est
1512 2249 1750 2315 propheta
1774 2248 1838 2296 ad
1861 2249 2123 2314 potentiam
2149 2247 2410 2310 designan-

273 2327 403 2389 dam,
445 2329 558 2393 quia
588 2329 901 2377 dominorum
936 2339 1007 2378 est
1041 2345 1270 2395 praeesse3
1305 2346 1412 2394 quae
1441 2329 1662 2378 videlicet
1695 2330 1911 2395 potentia
1948 2328 2234 2394 plerumque
2268 2328 2409 2374 etiam

272 2406 367 2456 hoc
396 2410 596 2457 nomine
634 2430 657 2454 α
678 2412 809 2458 Deus
824 2429 847 2455 »
873 2410 1155 2474 assignatur,
1190 2425 1249 2457 eo
1284 2408 1507 2458 videlicet
1531 2409 1665 2475 quod
1687 2409 1843 2458 Theos
1873 2425 2040 2473 graece,
2080 2408 2131 2456 id
2164 2418 2235 2455 est
2262 2410 2406 2464 Deus,

274 2498 391 2537 teste
426 2489 630 2552 Isidoro,
666 2491 810 2540 timor
838 2490 1199 2556 interpretatur,
1233 2500 1280 2538 et
1306 2498 1517 2555 potestas
1539 2489 1762 2554 quaelibet
1790 2490 1936 2537 timor
1968 2499 2038 2537 est
2062 2488 2404 2552 subjectorum.

1167 2728 1383 2784 CAPUT
1428 2731 1514 2781 IV·

338 2881 552 2931 Verbum
579 2881 690 2929 ideo
717 2882 957 2947 Sapientia
978 2891 1194 2941 vocatur,
1220 2880 1452 2929 translato
1475 2879 1653 2927 scilicet
1677 2879 1738 2927 de
1763 2878 1935 2927 effectu
1959 2877 2021 2926 ad
2044 2893 2238 2925 causam
2263 2893 2408 2925 voca—

272 2962 407 3024 bulo,
434 2962 567 3028 quod
589 2961 796 3010 maxime
817 2978 875 3010 ex
898 2961 1056 3011 verbis
1081 2961 1457 3027 uniuscujusque
1476 2959 1788 3024 intelligentia
1810 2959 1957 3024 ipsius
1980 2968 2028 3006 et
2047 2959 2182 3023 cujus
2206 2959 2411 3006 scientiae

256 3044 336 3093 -sit
359 3043 705 3092 manifestatur.
745 3042 885 3091 Unde
916 3042 1149 3108 scriptum
1179 3051 1250 3090 est
1272 3042 1321 3089 in
1355 3040 1710 3089 Ecclesiastico⁷
1734 3057 1748 3087 ε
1777 3059 1802 3085 «
1822 3042 1875 3087 In
1906 3038 2069 3103 lingua
2092 3039 2223 3086 enim
2245 3055 2413 3103 agnos·

320 3215 328 3234 ¹
350 3213 479 3247 Psalm.
503 3222 616 3257 xxxn,
639 3223 670 3249 v·
692 3216 722 3249 6.
740 3234 782 3241 —
799 3218 812 3237 ²
831 3215 962 3250 Psalm.
979 3224 1076 3257 mvl,
1095 3224 1126 3248 v.
1147 3217 1177 3249 Ἰ.
1193 3233 1232 3239 -
1246 3215 1307 3249 ³1n
1380 3214 1529 3261 tionibus
1560 3213 1744 3255 LXXXIII,
1782 3223 1854 3255 cap.
1884 3221 1981 3253 Lxm,
2010 3212 2114 3255 opp..
2139 3217 2163 3246 t.
2194 3212 2249 3253 v1,
2274 3212 2335 3245 col.
2359 3214 2408 3245 38.

272 3266 371 3298 editis
394 3267 571 3308 Geraram,
607 3278 679 3311 quae
714 3277 779 3303 vox
813 3279 854 3303 ne
884 3270 981 3303 latina
1011 3270 1143 3311 quidem
1177 3274 1238 3302 est.
1266 3286 1308 3293 -
1380 3287 1420 3294 —
1437 3269 1451 3290 ⁸
1465 3269 1559 3311 lsai.,
1582 3278 1656 3310 cap.
1674 3277 1718 3310 vt,
1732 3278 1762 3302 v.
1782 3271 1812 3302 3.
1832 3286 1871 3294 —
1887 3269 1898 3289 ⁷
1915 3266 2034 3309 Eccli„
2051 3276 2124 3309 cap.
2142 3276 2186 3306 iv,
2203 3275 2235 3300 v.
2254 3268 2305 3300 29.

277 3320 416 3362 ⁴R0m.,
434 3332 506 3364 cap.
533 3332 608 3364 vm,
639 3332 671 3358 v.
703 3326 758 3359 32.
776 3341 814 3349 —
830 3324 924 3358 ⁵Lib.
955 3325 995 3358 de
1027 3324 1174 3358 dirersis
1201 3324 1314 3364 Quaes-
