2638 3866
318 168 411 214 422
1121 161 1291 210 PETRt
1326 158 1642 208 ABAELARDI

313 267 473 331 aliquo
496 265 643 312 modo
667 264 840 312 dicitur
858 281 967 330 quae
989 281 1079 313 nos
1101 265 1255 312 facere
1278 261 1407 322 facit,
1434 259 1554 307 sicut
1593 258 1727 306 dives
1756 255 1926 322 aliquis
1956 267 2138 306 turrem
2157 272 2453 324 componere

315 362 402 411 per
418 344 613 410 opifices
635 360 759 408 quos
779 345 996 408 adhibet,
1012 355 1060 393 et
1077 359 1220 411 posse
1237 340 1398 389 omnia
1419 338 1607 386 efficere
1623 337 1798 385 dicitur
1812 339 1914 403 qui,
1934 337 2033 386 sive
2055 353 2142 404 per
2163 340 2231 398 se,
2247 339 2349 388 sive
2366 355 2453 405 per

315 422 577 486 subjectam
592 431 865 469 creaturam
889 423 1051 470 omnia
1074 437 1179 486 quae
1200 418 1300 467 vult
1324 427 1371 465 et
1391 415 1644 480 quomodo
1664 413 1764 463 vult
1785 426 2025 481 operatur.
2045 435 2070 461 22
2096 418 2215 464 Nam
2238 417 2326 464 etsi
2350 432 2451 464 non

315 511 473 567 potest
491 500 763 560 ambulare,
790 511 950 550 tamen
984 503 1139 550 facer-e
1174 508 1332 566 potest
1359 507 1411 544 ut
1447 495 1746 559 ambuletur,
1777 495 1873 544 hoc
1891 507 1966 545 est
1991 506 2043 544 ut
2069 496 2190 545 alius
2211 496 2448 556 ambulet,

316 598 428 629 cum
450 582 550 646 ipse
578 580 640 628 ad
670 580 765 629 hoc
787 583 860 629 sui
881 584 1124 631 creatione
1148 594 1388 646 quemque
1408 586 1580 642 aptum
1594 586 1859 643 praeparet„
1891 587 1938 625 et
1961 578 2009 624 in
2045 577 2152 644 ipso
2176 577 2318 625 etiam
2341 586 2452 625 actu

316 663 473 726 ipsum
505 671 754 708 conservet
790 671 835 708 et
866 672 1119 721 sustentet,
1159 670 1207 708 et
1238 658 1373 706 hunc
1408 657 1486 704 ille
1522 666 1685 704 actum
1710 657 1913 724 expleat.
1953 660 2097 706 Posse
2127 658 2291 723 itaque
2321 658 2452 706 Deus

315 742 477 788 omnia
495 740 684 801 dicitur,
715 758 813 789 non
840 743 972 807 quod
998 757 1166 790 omnes
1191 739 1430 804 suscipere
1454 739 1604 804 possit
1625 739 1863 799 actiones,
1888 737 1972 786 sed
1995 737 2130 804 quod
2153 739 2202 785 in
2226 737 2454 786 omuibus

314 838 418 886 quae
437 820 540 868 fieri
562 821 695 881 velit,
720 822 839 869 nihil
864 823 968 886 ejus
984 821 1220 870 voluntati
1242 819 1462 867 resistere
1486 828 1648 884 queat.
1674 819 1795 867 Hinc
1813 818 1932 867 illud
1954 828 2024 867 est
2045 817 2180 884 quod
2204 819 2255 866 in
2278 819 2452 866 Enchi·

314 900 470 948 rz'dion
489 900 661 949 beatus
682 912 1029 950 commemorat
1054 900 1341 965 Augustinus
1358 901 1371 925 ¹
1390 918 1400 946 :
1431 918 1456 944 α
1478 902 1643 963 Neque
1667 899 1795 947 enim
1816 898 1883 947 ob
1905 898 2038 947 aliud
2061 899 2293 947 veraciter
2313 914 2454 947 voca-

316 990 391 1027 tur
412 982 739 1047 omnipotens,
771 983 861 1029 nisi
899 982 1128 1047 quoniam
1157 979 1395 1046 quidquid
1428 979 1554 1039 vult,
1592 989 1774 1045 potest,
1802 995 1892 1028 nec
1918 980 2168 1028 voluntate
2187 979 2454 1045 cujuspiam

314 1071 554 1122 creaturae,
576 1061 833 1109 voluntatis
852 1062 1199 1127 omnipotentis
1214 1061 1476 1127 impeditur
1488 1060 1705 1108 eftectus.
1723 1081 1746 1105 »
1764 1060 1962 1108 Idemin
1980 1058 2104 1107 libro
2123 1058 2181 1106 de
2204 1061 2389 1124 Spiritu
2409 1070 2459 1107 et

315 1140 473 1187 littera
490 1158 504 1188 .·
522 1144 663 1188 «Non
681 1152 836 1207 potest
854 1142 1007 1190 facere
1023 1142 1215 1206 injusta,
1233 1142 1346 1207 quia
1366 1151 1436 1189 est
1453 1157 1642 1189 summa
1655 1140 1838 1206 justitia
1849 1149 1896 1188 et
1909 1140 2119 1188 bonitas,
2137 1140 2456 1206 Omnipotens

314 1238 426 1268 vero
450 1231 516 1268 est
532 1259 544 1281 ,
567 1238 665 1269 non
702 1223 835 1287 quod
859 1222 1010 1288 possit
1033 1223 1198 1270 omnia
1219 1222 1401 1285 facere,
1428 1222 1513 1270 sed
1533 1223 1644 1287 quia
1669 1232 1827 1288 potest
1855 1221 2043 1270 efficere
2066 1220 2305 1286 quidquid
2327 1220 2451 1281 vult,

310 1301 371 1348 ita
396 1311 448 1347 ut
477 1301 543 1348 nii
568 1303 717 1350 valeat
750 1304 965 1350 resistere
1000 1304 1101 1367 ejus
1129 1303 1390 1362 voluntati,
1416 1303 1534 1368 quin
1563 1303 1883 1369 compleatur,
1913 1303 1987 1350 vel
2012 1302 2180 1367 aliquo
2205 1300 2354 1348 modo
2370 1301 2457 1349 im-

307 1380 470 1445 pedire
503 1398 626 1429 eam.
656 1403 678 1426 »
712 1386 920 1431 Joannes
942 1383 1316 1447 Chrysostomus
1353 1383 1566 1430 Homile'a
1594 1400 1743 1431 xxvm
1777 1383 1839 1432 de
1869 1383 2171 1450 expositione
2210 1381 2453 1447 Symboli,

309 1477 411 1524 quae
445 1462 513 1508 sic
542 1463 709 1528 incipit
736 1484 746 1510 :
785 1465 939 1530 Super
979 1463 1209 1512 fabricam
1251 1464 1394 1512 totius
1435 1463 1654 1512 Ecclesiae
1684 1482 1694 1511 ε
1735 1485 1758 1508 «
1793 1463 1950 1513 Credo
1989 1464 2039 1511 in
2072 1466 2228 1512 Deum
2266 1466 2457 1511 Patrem

311 1543 708 1607 omnipotentem.
754 1545 1075 1611 Omnipotens
1116 1545 1293 1593 dicitur
1308 1583 1319 1605 ‚
1367 1545 1480 1610 quia
1527 1562 1669 1611 posse
1716 1545 1843 1593 illius
1893 1562 1993 1593 non
2044 1553 2204 1610 potest
2255 1543 2459 1591 inveniri

310 1638 406 1669 non
440 1639 602 1688 posse,
631 1623 820 1673 dicente
853 1625 1124 1692 Propheta:
1153 1626 1368 1674 «Omnia
1395 1643 1694 1691 quaecunque
1715 1625 1868 1674 voluit
1893 1624 2002 1674 fecit
2017 1628 2047 1673 ².
2073 1644 2095 1669 v>
2123 1627 2229 1690 lpse
2251 1633 2321 1671 est
2343 1639 2457 1689 ergo

312 1703 687 1768 omnipotentia,
725 1715 776 1752 ut
811 1716 967 1754 totum
1012 1707 1148 1772 quod
1194 1707 1319 1767 vult,
1364 1708 1530 1773 possit.
1574 1706 1716 1754 Unde
1753 1716 1802 1755 et
1835 1706 2089 1772 Apostolus
2123 1722 2133 1751 :
2164 1725 2187 1748 «
2211 1703 2458 1752 Voluntati

311 1783 411 1846 ejus
454 1785 561 1847 quis
595 1786 833 1833 resistit³?
859 1806 883 1831 υ
909 1790 967 1835 Et
1001 1787 1283 1836 Psalmista:
1319 1806 1341 1833 ι(
1370 1790 1682 1852 Quaecunque
1710 1787 1863 1835 voluit
1899 1787 2048 1834 fecit'·.
2078 1804 2101 1831 »
2139 1785 2232 1833 Sed
2272 1794 2319 1833 et
2346 1801 2460 1833 cum

310 1861 423 1912 alibi
457 1864 584 1912 dicat
627 1866 879 1930 Apostolus
906 1886 916 1914 z
949 1889 971 1913 cc
993 1870 1124 1916 Deus
1149 1868 1253 1915 vult
1292 1885 1460 1916 omnes
1489 1869 1645 1916 salvos
1666 1867 1800 1930 fieri,
1830 1877 1878 1916 et
1913 1867 2157 1915 neminem
2189 1865 2346 1932 perire
2364 1866 2401 1924 ⁵,
2432 1886 2455 1909 »

303 1943 434 2006 juxta
477 1944 594 1992 illud
625 1946 822 2010 quidem
861 1948 1110 2015 Prophetoe
1135 1966 1145 1995 :
1178 1968 1199 1994 (ι
1228 1949 1352 1997 Nolo
1379 1958 1586 1997 mortem
1621 1949 1913 2015 peccatoriS,
1941 1947 2026 1996 sed
2056 1947 2205 2011 magis
2245 1956 2299 1994 ut
2338 1962 2460 1994 con-

310 2032 520 2071 vertatur
548 2035 596 2073 et
629 2027 803 2088 vivat⁶3
836 2049 858 2072 n
884 2040 931 2077 et
960 2047 1047 2095 per
1075 2030 1382 2096 semetipsam
1412 2030 1597 2078 Veritas
1631 2028 1881 2077 obstinatae
1921 2038 1969 2077 et
2005 2025 2292 2076 damnandae
2333 2025 2462 2075 dicat

309 2104 483 2152 civitati
502 2123 512 2151 :
539 2126 560 2149 «
578 2108 777 2165 Quoties
799 2109 930 2158 volui
953 2127 1246 2175 congregare
1270 2109 1394 2158 filios
1416 2120 1545 2172 tuos,
1573 2099 1905 2176 quasi'gallina
1929 2109 2089 2176 pullos
2111 2110 2264 2168 suos',
2290 2116 2404 2170 etc.,
2433 2127 2456 2152 n

312 2193 438 2248 patet
463 2185 622 2250 itaque
652 2187 824 2237 divinae
846 2190 1107 2239 voluntatis
1128 2190 1423 2240 vocabulum
1456 2190 1651 2239 duobus
1679 2190 1838 2239 modis
1859 2206 1962 2239 esse
1986 2188 2297 2238 sumendum.
2326 2187 2463 2235 Alio-

313 2264 428 2328 quin
448 2282 559 2313 cum
580 2269 708 2315 Deus
727 2271 890 2319 omnia
913 2289 1215 2338 quaecunque
1235 2272 1389 2320 voluit
1411 2272 1576 2330 faciat,
1602 2275 1650 2320 et'
1671 2288 1842 2320 omnes
1864 2272 2022 2319 salvos
2044 2268 2151 2318 fieri
2163 2269 2294 2329 velit,
2323 2284 2464 2333 coge-

313 2361 421 2392 mur
445 2347 607 2411 utique
630 2348 841 2413 profiteri
867 2368 1035 2400 omnes
1057 2353 1353 2418 quandoque
1376 2352 1764 2401 salvandos‘esse.
1785 2351 1918 2400 Velle
1942 2351 2107 2416 itaq-ue
2121 2353 2251 2397 Deus
2269 2348 2464 2396 duobus

314 2425 470 2473 modis
501 2427 692 2489 dicitur,
725 2441 807 2478 aut
835 2433 1106 2497 secundum
1126 2433 1304 2481 scilicet
1327 2432 1643 2499 providentiae
1667 2449 1765 2481 suae
1785 2431 2167 2490 ordinationem,
2195 2429 2461 2477 secundum

313 2505 444 2568 quod
465 2507 643 2557 scilicet
666 2510 844 2575 aliquid
862 2513 1077 2578 disponit
1098 2513 1230 2579 apud
1251 2530 1304 2561 se
1324 2530 1380 2562 ac
1399 2512 1634 2562 deliberat
1646 2513 1903 2578 statuitque
1931 2512 1981 2559 in
2015 2526 2102 2559 sua
2126 2509 2430 2577 providentia
2445 2546 2458 2570 ,

316 2593 366 2631 ut
387 2585 454 2633 sic
477 2590 790 2651 postmodum
812 2593 1052 2658 compleat
1066 2629 1078 2653 ‚
1102 2603 1188 2641 aut
1206 2593 1477 2641 secundum
1501 2593 1689 2641 consilii
1711 2593 2102 2641 adhortationem
2125 2590 2204 2638 vel
2227 2589 2466 2656 approba-

316 2661 494 2713 tionem
516 2684 610 2731 qua
626 2687 1027 2738 unumquemque
1050 2673 1111 2721 ad
1132 2673 1228 2722 hoc
1249 2674 1497 2737 admonet,
1517 2673 1653 2740 quod
1672 2690 1759 2739 per
1780 2674 1976 2738 gratiam
2002 2688 2138 2720 suam
2156 2685 2465 2731 remunerare

318 2754 506 2808 paratus
536 2758 620 2795 est.
658 2753 714 2797 Et
745 2752 877 2815 juxta
910 2755 1123 2819 priorem
1146 2754 1347 2820 quidem
1370 2754 1593 2816 modum,
1619 2772 1718 2820 quo
1738 2757 1872 2803 ⁴Deus
1894 2754 2014 2802 velle
2037 2750 2217 2817 aliquid
2235 2753 2248 2778 ⁸
2270 2751 2461 2809 dicitur,
2478 2794 2490 2805 χ

318 2822 413 2871 hoc
443 2836 512 2872 est
544 2845 600 2874 ex
624 2832 767 2893 gratia
793 2850 879 2882 sua
904 2834 1151 2896 ordinare,
1178 2846 1324 2900 atque
1347 2836 1477 2902 apud
1509 2853 1560 2884 se
1581 2845 1788 2884 sta-tuere
1824 2845 1876 2883 ut
1902 2834 2019 2882 fiant
2043 2834 2222 2899 aliqua,
2244 2842 2342 2880 tam
2374 2846 2469 2878 uos

319 2918 465 2966 ‘luam
495 2908 707 2971 Apostoli
741 2912 790 2960 in
825 2914 900 2961 his
930 2932 1036 2979 quae
1058 2915 1162 2963 fieri
1186 2916 1310 2977 vult,
1337 2918 1404 2964 nil
1427 2917 1528 2980 ejus
1550 2916 1790 2965 voluntati
1824 2916 2036 2963 resistere
2067 2930 2210 2980 posse
2233 2913 2459 2971 dicimus,

319 2999 409 3033 nec
437 3001 543 3034 eam
565 2987 724 3052 aliquo
748 2992 971 3058 impediri
993 3013 1104 3044 casu
1120 3034 1133 3057 ,
1160 2998 1239 3044 cui
1258 2997 1428 3045 omnia
1452 3014 1647 3045 necesse
1669 2997 1729 3044 sit
1752 2996 1966 3044 obedire.
1992 2994 2269 3043 Secundum
2301 3002 2462 3040 autem

364 3194 463 3235 '0³1'-
494 3204 580 3229 ¹⁶¹V·
610 3197 711 3239 opp„
731 3205 753 3232 t.
773 3200 825 3241 Vl,
842 3204 902 3235 ool.
925 3206 997 3237 232.
1018 3223 1055 3228 -
1074 3207 1084 3224 ²
1099 3206 1229 3239 Psalm.
1258 3215 1350 3246 exin,
1427 3224 1463 3230 -
1482 3206 1520 3239 ⁵1
1538 3207 1637 3248 Tim„
1652 3215 1724 3248 cap.
1744 3215 1766 3238 ιι
1779 3230 1787 3243 ,
1806 3215 1833 3238 v.
1852 3207 1883 3238 4.
1902 3223 1938 3229 -
1955 3203 2114 3243 ⁶Ezech„
2136 3211 2208 3243 cap.
2225 3209 2342 3242 xxxin,
2360 3209 2390 3232 v.
2410 3201 2460 3233 11.

320 3255 337 3277 v
368 3249 399 3280 3.
417 3265 456 3273 -
473 3250 485 3269 ³
500 3250 610 3292 Rom„
626 3260 696 3291 cap.
715 3261 761 3293 ix,
777 3263 807 3287 v.
831 3257 879 3290 19.
898 3273 935 3280 -
952 3259 1102 3294 ⁴Psazm.
1122 3271 1251 3303 cxxxw,
1270 3273 1300 3296 v.
1318 3264 1348 3296 6.
1426 3278 1464 3285 —
1492 3262 1501 3281 ⁷
1522 3261 1653 3300 Hatth„
1682 3269 1754 3301 cap.
1778 3268 1871 3299 xxm,
1888 3268 1917 3290 v.
1934 3262 1985 3293 37.
2002 3277 2039 3283 —
2059 3259 2071 3279 ⁸
2085 3257 2200 3291 Aliud.
2219 3254 2314 3289 Δηὼ.
