2638 3866
237 203 332 253 736
1046 201 1218 249 PETRI
1253 197 1570 247 ABAELARDI

236 304 456 352 videmus
491 302 752 365 intelligere
787 316 1097 349 cessaremus.
1133 301 1227 349 Sed
1254 310 1302 348 et
1337 317 1449 348 cum
1471 299 1541 353 de⁴
1556 299 1726 348 eadem
1758 317 1809 349 re
1840 317 2007 350 sensus
2039 314 2086 352 et
2111 306 2382 365 ,intellectus

237 386 379 432 simul
408 383 677 440 habentur,
711 381 902 428 diversa
925 391 1075 444 agunt
1105 382 1154 429 in
1189 381 1308 447 ipsa,
1346 397 1459 428 cum
1494 380 1665 444 longe,
1701 391 1755 429 ut
1784 399 1844 430 ex
1868 385 2180 450 suprapositis
2213 386 2379 452 liquet,

236 466 361 512 actio
396 462 632 510 sentiendi
657 471 704 508 et
725 461 1021 526 intelligendi
1048 462 1142 509 sint
1173 461 1388 520 diversae,
1428 477 1540 508 cum
1571 460 1672 508 haec
1705 461 1927 510 videlicet
1953 464 2003 510 in
2039 464 2384 514 deliberatione

237 546 323 604 sit,
351 543 429 590 illa
454 542 671 589 minime.
698 540 791 588 Sed
815 551 862 589 et
886 542 1060 589 diversi
1089 558 1277 601 sensus,
1305 557 1420 588 cum
1441 541 1492 588 in
1523 541 1694 590 eadem
1719 559 1771 590 re
1795 543 1937 590 simul
1969 554 2144 607 agunt,
2172 545 2321 593 veluti
2347 547 2385 593 si

237 624 376 670 simul
425 632 586 686 tangat
623 621 808 685 lignum
847 632 894 669 et
930 621 1108 684 videat,
1151 637 1180 669 a
1219 620 1594 687 proprietatibus
1627 623 1724 669 suis
1756 639 1856 670 non
1895 624 2150 686 excidunt;
2190 625 2387 673 diversis

236 702 457 750 eamdem
489 719 591 750 rem
623 702 940 767 percipientes
974 701 1160 760 modis;
1197 702 1326 750 unde
1349 711 1396 749 et
1418 712 1622 767 uterque
1648 703 1751 750 sine
1776 704 1927 752 altero
1961 704 2103 770 plene
2132 706 2382 753 retinetur.

236 784 312 831 Sic
348 784 492 831 etiam
520 782 787 830 intellectus
818 783 919 830 sine
954 799 1097 830 sensu
1123 782 1207 846 qui
1233 799 1346 829 cum
1386 799 1445 830 eo
1478 792 1604 843 erat,
1641 784 1842 830 omnino
1871 785 2055 849 integer
2083 785 2385 850 permanebit

238 864 284 909 in
312 863 480 911 eadem
512 862 688 910 scilicet
718 863 786 909 rei
810 862 1159 910 deliberatione
1182 879 1288 926 quae
1316 871 1456 911 antea
1478 872 1596 911 erat.
1624 862 1769 920 Quod
1800 880 1916 911 vero
1949 881 2061 912 cum
2089 866 2387 930 imaginatio-

238 960 350 990 nem
382 942 712 990 describemus
751 943 1055 1008 suppositum
1089 944 1192 990 sine
1230 960 1400 1005 sensu,
1436 943 1498 991 ad
1532 942 1628 990 hoc
1664 952 1845 1008 spectat
1880 943 2043 1009 quod,
2079 962 2190 992 cum
2220 962 2388 993 sensus

237 1041 432 1089 quoque
458 1024 660 1071 confusa
685 1024 745 1070 sit
777 1025 948 1071 animae
972 1024 1246 1089 perceptio,
1275 1024 1396 1071 nihil
1422 1022 1645 1071 videlicet
1674 1040 1730 1071 ex
1762 1025 1948 1072 ratione
1978 1024 2248 1088 dijudicans
2265 1063 2277 1087 ,
2304 1042 2389 1073 ne-

238 1121 368 1153 cesse
391 1115 493 1152 erat
520 1104 582 1152 ad
613 1104 942 1152 exclusionem
972 1121 1139 1153 sensus
1171 1104 1294 1152 illud
1323 1104 1552 1169 supponi.
1577 1103 1668 1151 Ubi
1703 1104 1834 1152 enim
1865 1121 2034 1152 sensus
2064 1106 2187 1169 agit,
2225 1106 2391 1171 imagi-

238 1186 370 1233 natio
413 1186 555 1232 simul
589 1185 638 1232 in
674 1185 835 1249 ipsum
865 1202 1004 1248 agere
1039 1202 1140 1233 non
1183 1194 1369 1251 potest;
1414 1184 1517 1247 sed,
1555 1183 1844 1232 abscedente
1892 1202 2061 1245 sensu,
2098 1186 2263 1233 locum
2292 1186 2392 1250 ejus

238 1265 451 1330 supplet,
499 1282 599 1312 non
640 1265 838 1330 quidem
876 1266 1158 1328 sentiendo,
1201 1265 1286 1313 sed
1325 1282 1430 1313 rem
1465 1264 1715 1313 absentem
1765 1265 1947 1330 absque
1984 1266 2081 1313 ulla
2115 1265 2391 1314 discernens

239 1346 599 1410 dijudicatione,
630 1347 750 1393 sicut
782 1356 829 1394 et
852 1347 1031 1408 [sensus
1065 1347 1175 1395 facit
1197 1345 1540 1412 percipiendo,
1569 1356 1620 1393 ut
1643 1345 1744 1409 Jam
1774 1346 1885 1393 satis
1915 1347 2386 1411 supermeminimus.

241 1429 320 1473 Est
345 1427 506 1491 itaque
530 1426 806 1490 imaginatio
827 1427 887 1474 de
906 1444 959 1475 re
980 1427 1176 1475 absente
1195 1436 1398 1488 tantum,
1426 1427 1562 1491 cujus
1581 1426 1805 1475 videlicet
1826 1427 2075 1492 praesentia
2105 1427 2267 1474 sensui
2290 1443 2392 1497 non

242 1507 477 1569 occurrit,
506 1523 674 1554 sensus
707 1523 820 1555 vero
852 1507 913 1554 de
945 1517 1177 1572 praesente
1201 1516 1404 1555 tantum.
1439 1507 1711 1555 Intellectus
1731 1523 1848 1555 vero
1881 1511 2019 1573 aequ'e
2044 1516 2092 1555 et
2114 1506 2175 1554 de
2198 1505 2394 1555 absente

241 1597 288 1634 et
323 1587 383 1634 de
417 1598 650 1652 praesente
684 1589 852 1653 surgit.
891 1591 949 1636 Et
982 1588 1254 1636 notandum
1290 1588 1423 1654 quod
1456 1588 1753 1653 ubicumque
1788 1605 1955 1636 sensus
1990 1605 2091 1636 esse
2126 1597 2312 1654 potest,
2346 1597 2394 1634 et

242 1667 533 1730 imaginatio.
568 1671 689 1716 Nam
723 1678 770 1715 et
799 1668 941 1716 bruta
963 1670 1216 1731 animalia,
1251 1669 1396 1718 rebus
1426 1686 1546 1735 quas
1577 1678 1824 1717 senserant
1846 1668 2245 1730 abscedentibus,
2278 1668 2393 1715 ima-

243 1748 537 1810 ginationem
567 1765 750 1809 earum,
780 1758 895 1795 teste
926 1750 1109 1811 Boetio,
1137 1751 1371 1810 retinent,
1397 1751 1512 1815 ipsis
1531 1749 1691 1798 adhuc
1722 1749 1867 1798 rebus
1890 1767 2008 1815 quas
2034 1758 2280 1797 senserant
2309 1764 2396 1813 per

244 1828 504 1892 quamdam
540 1828 928 1875 recordationem
959 1828 1251 1877 adhaerentia
1285 1847 1341 1876 ex
1377 1830 1747 1892 imaginatione,
1774 1831 1896 1877 sicut
1930 1839 2071 1877 antea
2099 1829 2309 1876 fecerant
2337 1844 2395 1874 ex

243 1925 414 1968 sensu;
439 1918 502 1968 et,
532 1925 621 1974 pro
642 1918 696 1955 ut
714 1908 892 1968 valent,
919 1909 1140 1974 quaedam
1163 1911 1373 1974 longius,
1399 1909 1619 1973 quaedam
1641 1908 1834 1956 brevius
1857 1909 1984 1956 hanc
2002 1908 2395 1973 imaginationem

245 1990 484 2050 deferunt,
511 2005 659 2054 quam
689 2006 854 2037 sensus
876 1991 926 2037 in
952 1991 1018 2037 eis
1042 1991 1234 2054 reliquit
1262 1991 1562 2056 impressam.
1591 1990 1870 2037 Notandum
1901 2005 2097 2054 quoque
2125 1988 2261 2053 quod
2284 2004 2395 2035 cum

245 2069 444 2133 quidam
465 2086 634 2117 omnes
657 2070 1023 2134 imaginationes
1053 2071 1289 2135 quasdam
1317 2086 1566 2131 sensuum,
1592 2079 1647 2116 ut
1668 2069 1894 2131 diximus,
1917 2068 2275 2116 recordationes
2295 2083 2397 2115 esse

243 2150 409 2210 velint,
438 2151 534 2197 hoc
557 2160 628 2197 est
652 2166 731 2198 eas
755 2167 812 2202 ex
836 2150 981 2198 rebus
1003 2152 1187 2198 sentitis
1217 2152 1375 2198 solum
1397 2150 1548 2198 modo
1570 2149 1758 2210 baberi,
1779 2149 2056 2198 Aristoteles
2081 2158 2258 2207 tamen,
2281 2156 2398 2194 teste

244 2233 410 2279 Boetio
446 2248 589 2297 super
610 2233 965 2279 Periermenz'as
979 2236 1009 2293 ¹,
1038 2233 1306 2280 intellectus
1329 2242 1520 2279 nostros
1543 2230 1725 2296 absque
1748 2230 2175 2295 imaginationibus
2198 2229 2398 2276 minime

244 2310 412 2359 haberi
432 2311 678 2376 prohibet.
703 2311 842 2359 Unde
863 2329 976 2359 cum
994 2313 1248 2377 plerosque
1263 2312 1324 2359 de
1341 2311 1641 2377 incorporeis
1659 2310 1804 2359 rebus
1825 2310 2092 2358 habeamus
2109 2309 2393 2367 intellectus,

246 2401 358 2439 sunt
392 2392 452 2439 de
475 2392 549 2439 his
572 2408 770 2457 quoque
789 2395 1037 2458 corporeis
1060 2411 1166 2458 quae
1195 2392 1332 2440 nullo
1352 2408 1570 2457 unquam
1603 2409 1746 2440 sensu
1772 2392 2146 2440 attractavirnus·
2171 2393 2392 2456 Oportet,

241 2473 375 2535 juxta
402 2472 717 2530 Aristotelem,
754 2473 1150 2536 imaginationem
1184 2473 1279 2520 dici
1312 2489 1461 2537 quam
1497 2489 1588 2520 nos
1619 2488 1764 2538 supra
1795 2472 2163 2537 descripsimus,
2201 2485 2397 2517 omnem

246 2551 468 2600 videlicet
500 2553 751 2600 confusam
774 2554 944 2600 animae
972 2554 1338 2619 perceptionem
1365 2554 1468 2600 sine
1495 2570 1664 2614 sensu,
1691 2554 1788 2600 sive
1820 2552 1900 2600 illa
1929 2551 2126 2616 quidem
2151 2549 2398 2615 perceptio

248 2648 304 2679 ex
327 2650 468 2680 sensu
496 2634 770 2696 surrexerit,
798 2634 897 2682 sive
921 2635 1139 2681 minime.
1167 2634 1312 2692 Quod
1336 2651 1452 2682 vero
1478 2633 1751 2683 Aristoteles
1775 2633 1893 2680 dicit
1916 2631 2184 2680 intellectus
2207 2638 2398 2677 nostros

249 2714 447 2761 minime
473 2714 657 2779 absque
690 2715 1112 2778 imaginationibus
1143 2715 1336 2778 haberi,
1379 2716 1445 2763 ita
1473 2714 1808 2780 accipiendum
1845 2723 1933 2775 est,
1971 2712 2199 2770 arbitror,
2242 2709 2395 2775 quod,

251 2793 369 2840 dum
397 2795 447 2841 in
478 2795 640 2860 aliqua
673 2812 725 2842 re
748 2812 834 2861 per
862 2795 1159 2843 intellectum
1180 2796 1390 2860 aliquam
1418 2796 1518 2860 ejus
1548 2805 1771 2843 naturam
1800 2804 1882 2842 aut
1910 2794 2256 2860 proprietatem
2285 2789 2402 2838 deli-

251 2872 419 2921 berare
459 2875 687 2936 nitimur,
726 2891 931 2940 eamque
975 2876 1129 2923 solam
1174 2875 1421 2923 attendere
1455 2892 1707 2935 curamus,
1745 2875 1849 2940 ipsa
1885 2890 2052 2922 sensus
2098 2869 2399 2920 consuetudo

253 2968 281 2999 a
312 2970 410 3016 quo
437 2956 596 3002 omnis
617 2955 833 3003 humana
861 2956 1034 3003 notitia
1057 2956 1224 3019 surgit,
1248 2955 1468 3020 quaedam
1498 2973 1584 3021 per
1605 2955 1996 3020 imaginationem
2019 2952 2192 3017 ingerit
2214 2950 2396 3011 animo,

254 3049 361 3096 quae
394 3034 528 3081 nullo
564 3035 715 3082 modo
748 3035 1061 3083 attendimus.
1087 3036 1234 3083 Verbi
1269 3036 1448 3100 gratia,
1483 3036 1602 3083 dum
1635 3036 1685 3083 in
1716 3035 1916 3084 homine
1948 3034 2044 3082 hoc
2071 3032 2234 3081 solum
2265 3027 2397 3094 quod

256 3112 315 3160 ad
358 3112 670 3162 humanitatis
707 3125 931 3163 naturam
975 3116 1142 3163 attinet
1177 3116 1439 3180 intelligere
1476 3117 1694 3176 nitimur,
1731 3125 1899 3181 utpote
1947 3113 2125 3163 animal
2165 3108 2398 3159 rationale

300 3305 308 3319 ¹
328 3298 443 3333 Boeth.
459 3300 492 3333 in
510 3300 584 3334 libr.
606 3301 646 3335 de
657 3301 837 3344 Interpret.
849 3327 858 3345 ,
877 3311 912 3344 p.
929 3304 1004 3338 298.
