2638 3866
34 1147 111 1272 uzi

0 2998 46 3110 ll<l

834 176 1228 229 INTRODUCTIO
1262 176 1346 226 AD
1377 175 1791 225 THEOLOGlAM.
1815 164 1827 172 ’
2357 180 2389 226 9

243 274 384 335 mini,
407 284 454 323 et
477 274 768 340 quibusdam
798 278 1046 327 sententiis
1078 276 1212 326 Pauli
1242 276 1474 343 apostoli,
1501 278 1732 324 Sermone
1761 277 2040 342 octogesimo
2062 295 2077 324 .·
2099 297 2122 321 α
2149 277 2310 324 Justus
2332 293 2390 326 ex

246 374 268 398 α
287 353 383 404 fide
404 355 560 417 vivit¹,
581 377 604 400 »
631 357 745 422 quia
765 358 921 406 credit
945 357 1079 424 quod
1104 374 1207 405 non
1226 356 1373 405 videt.
1401 376 1425 402 «
1443 357 1546 405 Filii
1562 357 1651 404 Dei
1666 372 1849 417 sumuS,
1867 365 1915 404 et
1928 355 2149 404 nondum
2170 358 2390 423 apparuit

245 435 404 498 «quid
445 437 657 485 erimus’.
697 439 943 496 Quamdiu
978 439 1108 486 enim
1139 455 1305 486 sumus
1345 438 1394 485 in
1429 453 1636 503 corpore
1677 437 2039 502 peregrinamur
2072 453 2099 484 a
2134 440 2261 496 De03
2303 453 2390 503 per

245 533 269 559 «
287 514 434 563 fidem
457 518 588 564 enim
612 517 933 577 ambulamus,
959 535 1060 567 non
1082 535 1168 585 per
1181 519 1428 585 speciem’.
1451 537 1474 562 »
1502 521 1640 565 Nunc
1661 517 1880 564 videmus
1903 517 1952 564 in
1973 516 2200 574 tenebris,
2225 527 2271 565 et
2290 517 2390 582 Jam

240 595 361 644 visio
381 597 489 658 erit,
517 613 619 644 non
640 597 783 659 fides;
811 609 859 647 et
876 599 976 664 jam
996 616 1091 657 res,
1118 616 1219 647 non
1237 616 1345 664 spes
1360 601 1391 646 ⁸.
1414 597 1693 646 Amabimus
1715 596 1926 644 videndo
1947 607 1994 645 et
2017 597 2248 645 tenendo.
2266 599 2390 663 Ergo

240 675 448 725 charitas
473 677 681 743 perfecta
704 680 825 742 erit,
858 681 981 727 sicut
1004 681 1068 728 ait
1095 678 1401 746 Apostolus⁶z
1445 698 1467 724 α
1506 676 1668 738 Fides,
1705 693 1839 742 spes,
1872 676 2098 735 charitas,
2133 678 2221 726 tria
2252 677 2354 726 haec
2373 715 2385 737 ,

244 776 267 799 α
284 757 440 821 major
457 767 619 805 autem
635 759 813 807 horum
831 770 902 808 est
925 760 1151 808 charitas.
1169 779 1192 805 ›,
1210 760 1377 807 Securi
1401 758 1483 806 illo
1501 757 1762 822 adjuvante
1778 768 2138 823 perseverantes
2161 759 2208 805 in
2233 775 2293 806 eo
2316 757 2390 807 di-

240 839 425 885 camus‘
451 855 461 884 τ
492 857 515 883 t<
542 839 661 897 Quis
685 856 776 888 nos
798 840 1040 907 separabit
1056 857 1084 889 a
1100 840 1331 889 charitate
1350 838 1557 887 Christi?
1581 837 1875 898 Tribulatio,
1903 854 1964 885 an
1990 838 2223 902 angustia,
2246 847 2337 886 etc.
2364 859 2386 882 »

241 917 375 966 Idem
414 918 543 967 libro
579 920 797 969 secundo
836 923 1159 982 Quaestionum
1198 924 1241 968 E
1245 920 1597 987 vangele'earum
1634 937 1646 966 ε
1676 937 1699 963 u
1737 910 1925 966 Jusiitia
1956 918 2043 965 Dei
2078 919 2126 965 in
2162 935 2222 966 eo
2255 935 2390 967 reve·

243 997 410 1047 «latur
434 1016 490 1047 ex
515 999 611 1049 fide
633 1002 683 1048 in
716 1000 862 1050 fidem
873 1004 902 1064 ⁷,
926 1022 948 1046 »
975 1002 1255 1066 intelligitur
1276 1001 1472 1066 quidem
1500 999 1619 1048 fides
1653 1016 1747 1065 qua
1771 998 2036 1047 ereduntur
2064 1014 2120 1046 ea
2149 1014 2256 1063 quae
2289 1015 2388 1047 non

242 1078 479 1128 videntur.
503 1099 528 1127 υ

304 1161 400 1210 Sed
423 1173 585 1212 tamen
609 1175 681 1214 est
704 1166 824 1216 fides
846 1169 992 1217 etiam
1015 1185 1198 1229 rerum,
1226 1166 1427 1233 quando
1453 1183 1554 1214 non
1576 1163 1759 1225 verbiS,
1785 1164 1868 1212 sed
1893 1163 2037 1212 rebus
2060 1164 2174 1230 ipsis
2191 1177 2392 1229 praesen·

239 1241 384 1303 tibus,
412 1244 624 1293 creditur
645 1248 780 1312 quod
804 1249 1020 1297 futurum
1045 1259 1139 1310 est,
1163 1266 1316 1314 quum
1331 1248 1431 1312 jam
1454 1263 1542 1313 per
1559 1245 1769 1312 speciem
1787 1245 2088 1293 manifestam
2103 1261 2153 1292 se
2172 1251 2390 1292 contem—

229 1323 469 1390 plandam
492 1327 722 1392 praebebit
746 1331 921 1378 sanctis
941 1332 1044 1397 ipsa
1060 1331 1148 1378 Dei
1171 1329 1422 1396 sapientia.
1452 1331 1523 1376 De
1553 1344 1651 1392 qua
1684 1326 1779 1374 fide
1811 1342 1971 1374 rerum
1994 1325 2210 1390 lucisque
2243 1323 2390 1390 ipsius

238 1407 488 1470 praesentia
515 1408 715 1457 forsitan
743 1411 916 1459 Paulus
941 1411 1059 1459 dicit
1086 1429 1097 1459 :
1124 1431 1147 1457 «
1176 1411 1360 1458 Justitia
1399 1409 1530 1456 enim
1562 1410 1648 1456 Dei
1686 1409 1733 1455 in
1766 1424 1825 1455 eo
1858 1407 2097 1455 revelatur
2128 1422 2186 1452 ex
2211 1404 2306 1452 fide
2339 1404 2387 1452 in

239 1485 403 1536 fidem.
436 1507 460 1533 »
485 1489 611 1536 Dicit
633 1491 766 1538 enim
781 1491 877 1539 alio
902 1492 1036 1539 loco⁸
1062 1510 1073 1539 :
1106 1511 1130 1536 «
1158 1495 1254 1538 Nos
1274 1491 1405 1538 enim
1425 1490 1634 1538 revelata
1658 1489 1775 1537 facie
1795 1488 1995 1553 gloriam
2015 1486 2104 1534 Dei
2121 1494 2388 1552 spectantes

239 1570 288 1617 in
321 1571 545 1619 eamdem
577 1573 836 1637 imaginem
858 1575 1312 1623 transformabimur
1332 1590 1361 1621 a
1388 1573 1539 1638 gloria
1562 1573 1611 1620 in
1642 1571 1863 1636 gloriam.
1895 1590 1919 1615 »
1944 1570 2076 1617 Sicut
2109 1568 2240 1616 enim
2277 1566 2391 1616 dicit

238 1649 317 1698 hic
340 1667 367 1698 a
391 1652 542 1716 gloria
563 1654 610 1700 in
637 1654 864 1717 gloriam,
903 1656 970 1703 ita
1000 1665 1048 1703 et
1079 1654 1146 1702 ibi
1170 1671 1227 1702 ex
1253 1654 1349 1701 fide
1375 1654 1425 1701 in
1449 1653 1615 1700 fidem.
1644 1656 1715 1700 De
1738 1652 1889 1716 gloria
1911 1650 2088 1699 scilicet
2113 1647 2387 1712 Evangelii,

236 1745 343 1798 quo·
365 1747 497 1779 nunc
531 1733 783 1781 credentes
813 1734 1146 1783 illuminantur
1171 1735 1220 1781 in
1247 1734 1451 1799 gloriam
1476 1733 1737 1782 manifestae
1763 1731 1988 1780 veritatis.
2016 1728 2155 1796 Apud
2183 1728 2392 1776 Philoso-

235 1810 362 1876 phos
395 1828 590 1877 quoque
615 1813 678 1861 de
700 1815 1042 1881 apparentibus
1064 1816 1207 1864 etiam
1237 1814 1358 1863 fides
1392 1814 1488 1863 dici
1523 1814 1742 1877 videtur3
1772 1829 1868 1878 qua
1896 1812 2040 1859 etiam
2068 1808 2290 1858 videlicet
2314 1825 2390 1857 res

222 1891 460 1956 -quaelibet
483 1894 550 1941 ita
571 1895 735 1943 animo
761 1906 976 1958 tenetur,
997 1907 1051 1945 ut
1073 1897 1134 1946 de
1158 1898 1263 1965 ipsa
1286 1914 1388 1945 non
1411 1895 1687 1956 dubitetur,
1727 1896 1826 1944 sive
1851 1911 1938 1962 per
1962 1892 2268 1959 opinionem,
2292 1890 2390 1939 sive

234 1989 321 2038 per
337 1975 721 2040 experimentum
743 1994 938 2043 quoque
960 1995 1206 2026 sensuum.
1233 1978 1375 2026 Unde
1397 1977 1625 2026 Boethius
1646 1995 1789 2043 super
1809 1977 1983 2041 Topica
2005 1971 2248 2021 Ciceronis
2265 1969 2389 2019 libro

233 2054 392 2118 primo
423 2073 433 2102 :
463 2074 488 2100 «
510 2057 862 2120 Argumentum
891 2068 963 2107 est
993 2060 1118 2107 ratio
1142 2077 1248 2125 quae
1278 2059 1349 2107 rei
1374 2059 1534 2107 dubiae
1565 2059 1676 2107 facit
1704 2058 1867 2105 fidem.
1895 2076 1917 2100 υ
1953 2054 2103 2103 Multa
2126 2052 2282 2111 enim,
2314 2052 2388 2100 in-

232 2150 406 2200 quam,
433 2146 547 2183 sunt
569 2153 675 2201 quae
695 2138 875 2186 faciunt
899 2139 1075 2202 fidem,
1101 2140 1187 2189 sed
1211 2141 1326 2197 quia
1344 2140 1557 2188 rationes
1583 2156 1684 2187 non
1706 2148 1842 2200 sunt,
1866 2153 1956 2184 nec
1983 2143 2264 2199 argumenta
2287 2147 2389 2180 esse

233 2225 465 2281 possunt,
491 2226 546 2264 ut
566 2218 696 2266 visus
722 2219 834 2267 facit
855 2218 1002 2267 fidem
1025 2221 1102 2269 his
1125 2238 1232 2286 quae
1257 2221 1501 2269 videntur.
1525 2220 1620 2268 Sed
1643 2220 1758 2285 quia
1779 2219 1901 2266 ratio
1918 2233 2021 2264 non
2035 2223 2106 2264 est
2125 2213 2274 2274 visuS,
2299 2228 2389 2261 nec

233 2307 572 2360 argumentum
590 2299 787 2362 quidem
811 2317 914 2348 esse
935 2311 1111 2367 potest.
1139 2302 1224 2350 His
1246 2302 1408 2367 itaque
1431 2301 1714 2349 testimoniis
1736 2308 1869 2366 patet
1890 2297 2004 2345 fidei
2033 2310 2212 2343 nomen
2236 2292 2387 2341 modo

232 2377 455 2442 proprie,
491 2378 643 2427 modo
666 2380 932 2447 improprie
957 2383 1103 2448 poni,
1145 2400 1259 2431 cum
1291 2382 1516 2431 videlicet
1548 2398 1650 2430 non
1679 2381 1837 2429 solum
1868 2378 1930 2427 de
1953 2375 2178 2437 occultiS,
2217 2389 2384 2421 verum

232 2457 378 2504 etiam
402 2457 463 2505 de
482 2454 751 2508 manifestis
773 2460 894 2510 fides
931 2462 1136 2512 dicatur.
1163 2466 1286 2511 Sunt
1311 2473 1475 2511 autem
1497 2462 1636 2529 plura
1664 2461 1726 2510 ad
1764 2464 1923 2508 Deum
1957 2454 2247 2523 pertinentia
2279 2469 2385 2519 quae

231 2537 364 2585 credi
385 2538 461 2586 vel
480 2556 580 2587 non
601 2541 734 2590 credi
754 2553 918 2591 nostra
942 2546 1063 2591 non⁹
1085 2545 1296 2604 interest,
1327 2545 1442 2609 quia
1464 2545 1563 2592 sive
1584 2542 1844 2591 credantur
1866 2541 1964 2588 sive
1988 2554 2089 2585 non
2105 2534 2380 2594 credantur,

231 2616 421 2666 nullum
442 2619 734 2669 incurrimus
757 2623 1027 2688 periculum
1042 2661 1054 2685 ,
1080 2624 1227 2672 veluti
1249 2626 1288 2672 si
1311 2625 1566 2672 credamus
1590 2627 1745 2671 Deum
1769 2638 1874 2669 cras
1903 2618 2115 2686 pluviam
2148 2615 2383 2662 facturum

229 2698 306 2746 vel
327 2715 430 2746 non
448 2699 684 2750 facturum
700 2739 714 2764 ,
739 2702 816 2750 vel
839 2703 954 2751 huic
974 2706 1268 2770 nequissimo
1294 2705 1484 2752 homini
1514 2702 1893 2751 misericordiam
1917 2700 2279 2763 impensurum,
2308 2693 2382 2741 vel

230 2793 349 2825 non.
379 2780 435 2827 Ei
459 2783 610 2829 vero¹⁰
632 2783 717 2847 qui
739 2783 801 2831 de
823 2783 919 2832 fide
941 2786 1003 2833 ad
1025 2786 1393 2833 aedificationem
1413 2786 1646 2850 loquitur,
1675 2799 1732 2830 ea
1765 2781 1867 2829 sola
1893 2788 2093 2827 tractare
2122 2793 2179 2824 ac
2205 2775 2381 2824 docere

230 2858 430 2922 sufficit,
458 2878 563 2925 quae
588 2863 750 2910 sinon
775 2865 1034 2914 credantur
1055 2867 1421 2915 damnationem
1444 2865 1656 2931 pariunt.
1702 2866 1811 2909 Haec
1847 2870 2007 2908 autem
2039 2867 2151 2906 sunt
2180 2873 2285 2923 quae
2319 2855 2381 2903 ad

229 2936 377 2986 fidem
397 2940 694 3003 Catholicam
717 2945 978 3008 pertinent.

297 3018 544 3069 Catholica
566 3022 747 3089 quippe
769 3034 841 3072 est
863 3024 1005 3089 fides,
1031 3025 1083 3074 id
1101 3037 1173 3074 est
1194 3027 1502 3087 universalis,
1528 3043 1634 3092 quae
1652 3026 1717 3073 ita
1736 3022 1965 3072 omnibus
1991 3018 2257 3068 necessaria
2275 3025 2370 3073 est,

273 3168 406 3210 ¹Rom.,
422 3180 493 3213 cap.
513 3180 538 3214 ι,
554 3181 584 3206 r.
600 3173 651 3208 17.
663 3175 721 3198 —2
736 3173 763 3215 1,
776 3173 886 3217 Joan.,
903 3185 975 3218 cap.
995 3185 1044 3218 m,
1059 3187 1090 3212 v.
1109 3179 1139 3211 2.
1153 3179 1214 3202 —³
1229 3177 1272 3217 Π,
1345 3179 1356 3199 ⁷
1368 3177 1480 3218 Rom„
1493 3185 1567 3217 cap.
1589 3184 1614 3217 1,
1633 3184 1664 3208 v.
1683 3173 1866 3214 17.Quoest.
1880 3172 1931 3206 39.
1952 3170 2084 3213 opp-‚t
2098 3167 2155 3208 ΠΙ,
2167 3167 2228 3200 ⁰⁰¹-
2248 3166 2320 3199 ²⁶⁶·
2338 3180 2381 3190 ··“

232 3220 408 3265 Corinth.,
431 3234 503 3266 cap.
522 3235 556 3267 v,
570 3235 602 3260 v.
620 3229 651 3261 6.
669 3246 712 3253 —
728 3231 739 3249 ⁴
753 3228 781 3269 1,
796 3229 967 3271 Corinth„
981 3240 1054 3272 cap.
1076 3240 1150 3274 xm,
1168 3241 1199 3265 v.
1220 3234 1269 3266 12.
1344 3233 1357 3253 ⁸
1376 3231 1418 3272 11,
1440 3230 1609 3270 Corinth..
1626 3239 1698 3271 cap.
1715 3239 1761 3268 ιιι,
1779 3239 1810 3262 v.
1831 3229 1881 3261 18.
1904 3243 1946 3250 —
1968 3226 1981 3246 ⁹
1996 3222 2103 3259 Nihil.
2130 3221 2211 3255 Cod.
2239 3220 2319 3252 vict.
2339 3235 2379 3242 -—-

232 3275 289 3298 -⁵
305 3273 331 3315 1,
351 3275 507 3311 Corinth.
528 3287 600 3321 1111,
618 3281 721 3316 13.·-
734 3282 748 3302 ⁸
763 3281 871 3321 Rom„
902 3291 976 3325 cap.
1005 3291 1084 3325 vm,
1105 3293 1135 3317 v.
1166 3286 1216 3319 34.
1231 3302 1272 3310 —
1347 3288 1370 3307 ¹·
1381 3285 1436 3319 Sic
1447 3285 1527 3319 Cod.
1547 3285 1629 3319 vict.
1649 3285 1693 3318 Ei
1704 3293 1762 3318 vos
1777 3283 1872 3316 Amb.

395 3350 426 3375 11
2193 3338 2217 3374 2
