2638 3866
793 261 1186 311 INTRODUCTIO
1223 263 1304 311 AD
1340 262 1749 312 THEOLOGIAM.
2279 271 2339 316 25

206 357 479 406 Haecetiam
503 359 744 426 sapientiae
772 362 1069 411 coaeternitas
1096 379 1207 410 cum
1232 366 1369 410 Patre
1392 361 1534 427 plane
1566 363 1615 409 in
1651 362 1915 411 Proverbiis
1950 373 2242 412 monstratur
2270 365 2344 414 his

203 436 382 485 verbis¹
405 456 416 485 t
447 457 470 484 «
500 428 603 505 Ego·
621 441 850 506 sapientia
873 441 1040 490 habito
1074 443 1123 489 in
1154 442 1381 504 consilio,
1414 441 1654 489 Dominus
1677 442 1889 507 possedit
1913 460 1991 492 me
2014 444 2064 491 in
2087 444 2226 492 initio
2247 446 2345 493 via-

203 533 311 564 rum
334 534 545 580 suarum,
568 530 827 586 antequam
850 522 1113 589 quidquam
1133 522 1306 570 faceret
1325 521 1386 570 ab
1409 522 1573 581 initio;
1596 521 1658 569 ab
1675 531 1852 571 aeterno
1874 524 2096 572 ordinata
2113 540 2238 587 sum,
2260 541 2345 573 an·

205 606 398 663 tequam
420 609 545 648 terra
571 599 719 649 fieret.
746 602 960 650 Necdum
983 613 1118 650 erant
1134 603 1318 667 abyssi,
1355 612 1402 650 et
1426 618 1516 667 ego
1546 602 1645 666 jam
1675 613 1909 669 concepta
1939 619 2094 664 eram3
2136 603 2345 653 necdum

205 676 361 726 fontes
375 717 387 741 ,
410 679 620 728 necdum
643 691 849 730 montes.
877 685 996 731 Ante
1018 683 1164 732 colles
1189 699 1279 749 ego
1301 682 1615 748 parturiebar.
1646 682 1816 731 Adhuc
1839 693 2013 731 terram
2035 701 2135 732 non
2151 685 2343 745 fecerat,

205 766 251 806 et
266 758 486 808 cardines
509 760 641 809 orbis
663 771 815 811 terrae.
841 763 1047 821 Quando
1064 762 1365 830 praeparabat
1385 764 1550 825 coelos,
1577 762 1801 825 aderam;
1822 763 2019 828 quando
2043 763 2347 829 appendebat

204 836 514 887 fundamenta
547 850 706 904 terrae,
745 859 855 890 cum
878 859 937 890 eo
960 860 1093 892 eram
1115 855 1286 891 cuncta
1310 859 1633 909 componens,
1666 853 1714 890 et
1735 843 2010 892 delectabar
2027 860 2115 910 per
2137 845 2348 908 singulos

204 916 305 966 dies
340 919 512 968 ludens
557 938 722 970 coram
754 939 813 971 eo
843 924 978 971 omni
1009 933 1245 989 tempore.
1278 942 1301 968 »
1328 924 1457 982 Quid
1496 924 1625 971 enim
1662 924 1873 989 apertius
1909 923 1971 971 ad
2004 933 2228 972 aeternam
2269 940 2348 988 ge·

202 999 505 1048 nerationem
515 1001 697 1063 -Verbi,
723 1019 867 1067 quam
891 1003 941 1051 id
960 1003 1093 1069 quod
1118 1004 1219 1069 ipsa
1243 1004 1485 1069 Sapientia
1503 1002 1726 1069 perhibet
1749 1020 1800 1051 se
1824 1013 1935 1052 ante
1954 1004 2350 1051 constitutionem

204 1078 373 1126 mundi
398 1092 684 1147 conceptam
718 1099 821 1131 esse
857 1093 903 1132 et
926 1084 1179 1150 parturiri,
1215 1094 1261 1131 et
1298 1101 1348 1131 se
1376 1101 1488 1131 cum
1518 1086 1656 1131 Patre
1679 1083 1964 1131 aeternaliter
1985 1093 2350 1150 permanentem

203 1174 392 1224 semper
434 1160 601 1210 ludere
631 1161 792 1211 coram
817 1164 909 1212 eo?
938 1165 1130 1230 Quippe
1153 1164 1287 1230 quod
1319 1173 1609 1229 conceptum
1628 1164 1918 1229 parturitur,
1959 1165 2125 1229 utiquc
2159 1165 2208 1211 in
2245 1165 2349 1230 ipso

204 1248 274 1285 est
296 1255 323 1287 a
342 1257 441 1305 quo
466 1253 735 1306 generatur,
762 1254 809 1292 et
833 1245 1066 1310 sapientia
1089 1246 1138 1292 in
1159 1245 1263 1310 ipsa
1285 1243 1551 1292 substantia
1572 1245 1669 1292 sive
1693 1245 1742 1291 in
1765 1246 1966 1292 essentia
1996 1245 2223 1310 potentiae
2248 1253 2346 1292 est:

204 1334 316 1366 cum
340 1320 442 1385 ipsa
473 1322 651 1370 scilicet
670 1324 891 1388 quaedam
916 1326 974 1372 sit
997 1325 1235 1391 potentia,
1266 1325 1388 1372 sicut
1408 1325 1645 1390 posterius
1663 1324 1990 1372 ostendemus.
2013 1324 2124 1372 Tale
2144 1334 2215 1372 est
2237 1340 2350 1388 ergo

205 1399 489 1464 sapientiam
517 1414 801 1470 conceptam
827 1406 1050 1471 parturiri
1070 1422 1096 1453 a
1118 1409 1250 1465 Deo,
1289 1421 1345 1452 ac
1382 1406 1420 1451 si
1454 1405 1638 1452 dictum
1677 1405 1760 1463 sit,
1792 1405 1946 1469 ipsam
1986 1404 2268 1470 sapientiam
2295 1421 2351 1451 ex

205 1478 307 1544 ipsa
323 1482 474 1529 Patris
496 1482 759 1532 substantia
781 1503 838 1533 ex
860 1501 956 1550 qua
986 1495 1057 1533 est
1090 1485 1234 1550 gigni.
1270 1485 1380 1533 Tale
1408 1494 1479 1532 est
1508 1485 1788 1550 sapientiam
1814 1484 1980 1532 ludere
2005 1500 2171 1532 coram
2191 1486 2347 1542 Patre,

205 1568 253 1605 et
273 1576 387 1607 cum
405 1562 512 1627 ipso
532 1574 705 1612 cuncta
731 1582 1051 1631 componere,
1075 1582 1131 1613 ac
1150 1567 1188 1612 si
1211 1565 1383 1612 dixerit
1405 1566 1556 1630 ipsam
1586 1564 1800 1612 divinam
1825 1565 2086 1630 potentiam
2116 1565 2281 1612 omnia
2302 1566 2351 1612 in

205 1640 439 1705 sapientia
461 1660 551 1708 pro
577 1643 805 1693 bonitatis
832 1663 928 1693 suae
949 1645 1148 1693 arbitrio
1186 1645 1472 1711 disponere,
1498 1655 1549 1691 ut
1573 1645 1621 1691 in
1647 1645 1753 1710 ipso
1784 1644 1902 1692 ludo
1937 1645 2094 1709 ipsum
2125 1643 2354 1691 bonitatis

206 1719 429 1768 effectum
452 1723 789 1788 intelligamus,
821 1725 882 1773 de
909 1743 1008 1790 quo
1031 1726 1259 1791 scriptum
1286 1727 1407 1773 est²z
1438 1745 1461 1768 <c
1495 1725 1675 1790 Spiritu
1710 1725 1807 1772 oris
1842 1725 1970 1789 ejus,
2008 1725 2167 1771 omnis
2207 1724 2354 1770 virtus

207 1816 395 1849 eorum.
422 1822 449 1845 -»
476 1804 618 1861 Quod
643 1816 806 1853 autem
829 1807 927 1854 ait:
960 1826 984 1852 «
1013 1806 1305 1872 Sapientiam
1336 1822 1502 1854 coram
1526 1808 1630 1852 Deo
1658 1807 1797 1852 Patre
1831 1822 2020 1870 semper
2050 1805 2297 1862 assistere,
2329 1824 2350 1847 ι)

207 1880 298 1928 tale
321 1892 392 1929 est
410 1884 818 1950 omnipotentiam
841 1888 995 1953 ipsam
1021 1887 1085 1934 nil
1110 1886 1299 1934 efficere
1322 1886 1413 1933 nisi
1439 1896 1682 1952 praeeunte
1697 1885 1881 1934 ratione
1906 1894 1952 1932 et
1972 1885 2151 1932 ducatu
2171 1884 2355 1949 sapien-

205 1961 296 2008 tiae.
323 1965 441 2010 Item
461 1965 514 2012 in
538 1966 719 2014 eisdem
749 1967 1018 2016 Proverbiis
1054 1968 1114 2016 de
1142 1967 1261 2015 Filio
1285 1967 1374 2015 Dei
1407 1977 1452 2014 et
1484 1966 1714 2015 ineffabili
1748 1967 1947 2015 nomine
1979 1967 2125 2032 ipsius
2160 1981 2355 2031 quoque

205 2041 307 2089 Filii
330 2045 708 2095 manifestissime
732 2050 936 2115 scripsit,
962 2049 1097 2115 quasi
1120 2048 1357 2096 inducens
1369 2064 1627 2113 personam
1650 2046 1944 2095 admirabilis
1966 2046 2218 2111 cujusdam
2242 2063 2355 2111 pro-

205 2121 382 2186 phetae,
409 2124 932 2176 hanc‘inenarrabilem
959 2129 1318 2194 generationem
1342 2128 1678 2194 prophetantis
1713 2137 1854 2192 atque
1892 2127 2192 2175 admirantis.
2228 2125 2351 2172 Dicit

205 2203 384 2269 quippe
405 2205 491 2252 sic³
515 2225 530 2253 r:
560 2226 583 2252 «
605 2208 738 2256 Visio
759 2226 905 2274 quam
929 2210 1119 2258 locutus
1146 2218 1218 2256 est
1240 2209 1318 2256 vir
1336 2225 1450 2255 cum
1473 2224 1573 2272 quo
1602 2217 1672 2255 est
1700 2210 1854 2267 Deus,
1883 2216 1929 2254 et
1951 2207 2035 2271 qui
2062 2209 2166 2254 Deo
2194 2220 2355 2252 secum

207 2294 426 2332 morante
460 2286 786 2351 confortatus,
825 2290 926 2338 ait:
958 2310 980 2335 «
1009 2290 1128 2348 Quis
1163 2289 1407 2336 suscitavit
1438 2305 1606 2336 omnes
1645 2287 1878 2335 terminos
1910 2287 2078 2335 terrae?
2107 2285 2238 2351 quod
2265 2301 2357 2332 no-

209 2383 232 2407 «
260 2379 372 2411 men
397 2366 498 2429 ejus
513 2404 525 2428 ‚
558 2378 641 2416 aut
658 2369 797 2433 quod.
815 2386 996 2418 nomen
1020 2370 1104 2418 filii
1127 2370 1256 2434 ejus?
1279 2388 1303 2414 »
1334 2371 1492 2427 Quam
1516 2368 1710 2415 firmum
1729 2368 1872 2416 etiam
1891 2377 1939 2415 et
1962 2383 2108 2432 quam
2133 2375 2353 2431 apertum

206 2442 320 2491 fidei
336 2455 509 2493 nostrae
524 2449 859 2498 testimonium
879 2451 928 2498 in
953 2451 1284 2498 Ecclesiastico
1310 2449 1539 2508 occurrit,
1560 2447 1645 2495 ubi
1666 2447 1861 2513 quidem
1879 2447 2111 2513 sapientia
2130 2447 2218 2494 Dei
2236 2455 2282 2492 et
2305 2462 2355 2493 se

205 2524 576 2589 primogenitam
615 2540 728 2578 ante
759 2531 925 2578 omnia
956 2530 1074 2578 dicit
1106 2529 1376 2578 secundum
1401 2528 1662 2576 divinitatis
1693 2538 1940 2589 naturam,
1968 2537 2014 2574 et
2036 2525 2349 2592 postmodum

205 2613 413 2652 creatam
437 2609 706 2657 secundum
725 2621 908 2659 nat-urae
938 2620 1114 2659 nostrae
1151 2594 1697 2675 assumptionem,cum
1730 2609 1833 2673 ipsa
1863 2607 2084 2655 videlicet
2115 2606 2174 2653 ad
2199 2606 2354 2668 impe-

206 2684 328 2731 rium
353 2687 504 2735 Patris
538 2705 625 2753 per
648 2691 997 2739 incarnationis
1031 2689 1252 2738 habitum
1281 2689 1542 2738 visitaverit
1568 2687 1751 2734 'Israeli‘
1785 2687 2026 2750 Scriptum
2056 2682 2236 2747 quippe
2279 2692 2352 2730 est

207 2762 298 2810 ibi*
321 2783 338 2812 <z
365 2785 388 2808 «
411 2767 652 2831 Sapientia
674 2770 724 2816 in
749 2770 1053 2818 multitudine
1077 2769 1339 2817 electorum
1361 2767 1560 2815 habebit
1584 2766 1801 2822 laudem,
1842 2771 1890 2808 et
1922 2762 2046 2808 inter
2067 2760 2372 2814 benedictos,

208 2843 522 2893 benedicetur
546 2847 712 2896 dicens
739 2869 750 2895 :
781 2869 804 2895 a
829 2853 896 2897 Ex
922 2866 1005 2897 ore
1026 2848 1245 2896 Altissimi
1271 2847 1428 2911 prodii
1450 2843 1768 2909 primogenita
1798 2851 1911 2889 ante
1937 2857 2134 2889 omnem
2164 2852 2351 2890 creatu-

212 2943 235 2965 «
263 2939 384 2985 ram,
407 2941 497 2988 ego
520 2926 569 2972 in
590 2927 720 2974 coelis
744 2929 833 2975 feci
852 2938 904 2975 ut
923 2929 1127 2976 oriretur
1141 2928 1304 2973 lumen
1321 2922 1622 2984 indeficiens,
1641 2931 1687 2969 et
1701 2921 1824 2969 sicut
1835 2921 2013 2968 nebula
2038 2921 2132 2969 texi
2154 2938 2350 2969 omnem

212 3022 234 3046 «
263 3013 453 3052 terram.
496 3009 596 3069 Ego
626 3007 674 3054 in
713 3007 949 3055 altissimis
982 3007 1174 3067 habito;
1211 3015 1261 3054 et
1293 3004 1498 3052 thronus
1519 3003 1568 3050 in
1601 3002 1828 3049 columna
1851 3000 2013 3048 nubis.
2043 3001 2214 3048 Girum
2243 3001 2351 3049 coeli

213 3102 237 3127 «
267 3084 463 3132 circuivi
488 3085 618 3148 sola,
655 3096 745 3134 etc.
784 3107 807 3132 »
842 3090 899 3133 Et
921 3097 1031 3152 post
1053 3088 1226 3151 pauca‘
1253 3103 1263 3132 ε
1306 3104 1329 3130 «
1355 3087 1487 3130 Tunc
1522 3082 1746 3148 praecepit
1780 3091 1827 3128 et
1864 3080 1980 3128 dixit
2014 3081 2132 3127 mihi
2165 3091 2351 3128 creator

211 3164 456 3226 omnium,
484 3176 529 3213 et
553 3167 635 3230 qui
655 3168 833 3215 creavit
853 3184 946 3228 me,
973 3167 1205 3231 requievit
1227 3166 1277 3212 in
1301 3162 1615 3212 tabernaculo
1641 3178 1750 3209 meo
1768 3199 1778 3218 ‚
1811 3171 1857 3208 et
1887 3161 2005 3208 dixit
2032 3160 2149 3208 mihi
2185 3178 2195 3206 :
2238 3181 2259 3203 «
2297 3162 2349 3207 ln

258 3338 265 3355 ¹
282 3337 400 3377 P·rov.,
417 3347 488 3380 cap.
508 3349 576 3380 vni,
595 3350 623 3372 v.
647 3343 738 3375 12.-—
757 3344 767 3362 ²
783 3342 896 3376 Psalm,
916 3351 1020 3381 xxxii,
1039 3351 1066 3373 v.
1080 3344 1110 3374 6.
1128 3342 1182 3364 -3
1196 3342 1312 3378 Prot„
1325 3348 1396 3379 cap.
1416 3346 1500 3378 xxx,
1518 3339 1658 3371 v.1.—⁴
1671 3335 1790 3375 Eccli.‚
1809 3344 1897 3374 xxiv,
1911 3337 1940 3368 [ι.
1965 3352 1997 3357 -
2017 3335 2027 3353 ⁵
2040 3333 2144 3371 lbid·‚
2161 3341 2192 3363 V·
2219 3335 2264 3365 ¹2·

377 3410 407 3433 11
2165 3394 2186 3429 [ι
