2638 3866
206 243 303 291 594
1013 241 1187 288 PETRI
1222 241 1540 290 ABAELARDI

205 342 355 402 nisque
371 343 566 386 libertate
591 343 634 384 in
661 342 835 385 scientia
857 340 1010 383 morali
1032 355 1082 382 ac
1108 340 1154 383 in
1184 341 1402 402 theologia
1435 358 1560 386 usum
1581 357 1693 398 esse,
1716 343 1967 402 opinionem
1988 344 2113 387 istam
2130 346 2244 388 certe
2266 361 2357 389 non

206 406 355 451 fefellit
395 408 504 451 liber
542 407 596 450 ab
633 406 918 450 eruditissimo
960 406 1054 449 viro
1084 406 1129 449 in
1161 405 1303 450 lucem
1334 407 1491 451 editus.
1533 407 1754 467 Nusquam
1782 409 1899 452 enim
1925 408 2178 453 Abaelardus
2209 411 2353 455 curio-

205 488 299 515 sum
326 489 370 516 se
402 474 552 533 magis,
592 488 803 532 sagacem,
840 471 1158 531 indocilemque
1192 473 1399 532 praebuit,
1433 489 1646 533 nusquam
1673 490 1699 517 a
1730 474 1924 534 priorum
1954 476 2140 535 vestigiis
2169 476 2357 521 discessit

204 537 392 592 liberius,
418 554 547 597 quam
567 539 614 580 in
628 549 755 598 >parte
775 539 901 596 hujus
925 538 1065 598 operis
1086 554 1176 581 non
1199 539 1298 582 satis
1322 539 1495 600 cognita
1514 540 1561 583 in
1582 555 1667 599 qua
1689 550 1806 583 actus
1833 539 1890 583 ad
1925 541 2231 584 conscientiam
2251 557 2353 585 vere

205 614 440 661 spectantes
462 604 644 647 secernit
663 615 915 664 separatque
939 620 965 647 a
992 603 1156 647 caeten‘s
1183 605 1315 647 animi
1337 605 1576 660 affectibus,
1605 605 1666 649 ita
1686 616 1737 649 ut
1764 616 1990 666 peccatum
2017 621 2110 650 non
2134 607 2181 650 in
2213 608 2355 666 pravis

208 668 261 710 de
299 669 480 712 honesto
507 669 743 726 judicando
774 670 1051 730 opinionibus
1081 670 1236 729 quibus
1257 671 1392 714 homo
1415 671 1640 732 abripitur,
1663 687 1805 731 neque
1826 671 1956 715 etiam
1976 671 2023 714 111
2045 672 2138 731 ipso
2165 671 2357 716 facinore

208 744 333 792 atque
358 745 470 788 actu,
498 735 573 779 sed
598 736 644 779 in
676 746 795 780 certa
815 746 986 779 tantum
1004 734 1227 780 voluntate
1247 736 1406 780 versari
1427 735 1678 793 contendat,
1710 753 1851 797 neque
1882 737 2011 781 aliam
2030 752 2121 781 esse
2157 752 2358 781 normam

207 815 291 857 qua
324 800 449 843 liceat
482 812 599 844 actus
620 801 747 844 ullius
777 802 1051 844 honestatem
1072 817 1147 844 seu
1176 803 1431 862 pravitatem
1454 803 1611 847 metiri.
1642 804 1820 846 Constat
1840 818 1944 846 vero
1979 818 2080 846 eum
2112 802 2232 847 illam
2257 804 2355 863 opi·

204 865 380 908 nionem
407 867 588 921 tuendo,
611 867 723 909 ultra
744 883 875 927 quam
908 868 1006 910 satis
1029 878 1091 910 est
1112 868 1379 927 processisse,
1405 879 1448 912 et
1479 870 1525 911 in
1554 884 1719 913 errores
1746 868 1944 912 incidisse
1973 869 2047 928 qui
2080 880 2123 912 et
2156 869 2212 912 D.
2248 870 2355 913 Ber-

206 930 329 974 nardi
352 943 395 974 et
416 934 613 975 omnium
634 934 874 976 christianae
895 932 996 976 fidei
1030 933 1342 978 adhaerentium
1361 935 1721 995 vituperationem
1741 935 1895 978 merito
1915 945 2160 978 moverunt.
2184 935 2358 978 Etenim

204 1010 338 1054 usque
362 997 472 1040 adeo
495 1014 747 1058 persuasum
765 998 914 1054 habet,
931 1014 1065 1058 quum
1087 998 1142 1042 de
1163 999 1293 1043 rebus
1306 1000 1358 1043 iis
1375 1001 1514 1061 agitur
1534 1015 1631 1060 quae
1649 1000 1702 1044 ad
1723 1001 1953 1044 honestum
1972 1001 2205 1060 pertinent,
2224 1016 2355 1044 omne

201 1074 471 1106 momentum
492 1080 581 1107 esse
605 1065 651 1106 in
672 1065 910 1118 voluntate,
936 1064 1103 1107 nullum
1124 1080 1228 1108 vero
1250 1066 1296 1108 in
1325 1076 1421 1108 actu
1442 1067 1553 1126 ipso,
1575 1077 1639 1121 ut,
1664 1066 1697 1109 si
1729 1066 1771 1110 ei
1793 1065 2040 1120 credideris,
2066 1066 2357 1110 abominanda

202 1126 303 1170 alias
326 1129 518 1172 facinora
540 1129 644 1172 fiant
663 1147 754 1173 non
776 1131 1020 1185 inhonesta,
1040 1130 1280 1174 dummodo
1299 1147 1350 1175 ea
1364 1132 1562 1175 homines
1581 1131 1702 1175 bona
1721 1142 1867 1175 mente
1882 1132 1952 1175 vel
1973 1148 2051 1191 per
2071 1133 2359 1192 ignorantiam

200 1195 483 1251 patraverint,
526 1207 568 1238 et
605 1217 621 1232 ιι
642 1197 723 1255 ipsi
756 1197 1033 1240 insectatores
1064 1198 1219 1240 Christi
1258 1207 1590 1257 sanctorumque
1629 1213 1739 1257 quos
1767 1198 2090 1258 persequendos
2123 1197 2359 1241 credebant

200 1261 381 1317 gravius,
407 1262 560 1320 inquit,
587 1273 849 1321 peccassent,
875 1263 910 1305 si
931 1273 1080 1306 contra
1105 1263 1410 1307 conscientiam
1426 1264 1477 1306 iis
1498 1265 1802 1324 pepercissent.
1826 1284 1844 1303 u

262 1327 311 1369 B.
339 1328 489 1370 Pezius
519 1344 610 1370 non
642 1339 784 1371 totum
818 1344 927 1388 opus
956 1327 1178 1371 Abaelardi
1198 1345 1288 1388 prae
1317 1329 1517 1373 manibus
1536 1329 1719 1385 habuit;
1744 1345 1845 1374 nam
1865 1330 1911 1372 in
1934 1344 1985 1372 ea
2006 1339 2127 1388 parte
2151 1344 2282 1388 quam
2311 1330 2358 1372 in

204 1391 344 1436 lucem
384 1393 541 1449 edidit,
567 1410 658 1436 non
681 1409 832 1438 omnes
867 1394 1121 1453 quaestiones
1143 1394 1422 1438 instituuntur
1450 1411 1555 1455 quas
1576 1396 1623 1439 in
1649 1395 1967 1439 Commentario
1992 1395 2046 1438 de
2068 1396 2201 1438 Beato
2223 1393 2358 1437 Paulo

204 1469 348 1501 noster
379 1475 422 1502 se
453 1460 498 1502 in
528 1460 731 1504 Ethicam
752 1475 968 1504 reservare
990 1459 1237 1504 declaravit.
1270 1461 1483 1505 Praeterea
1501 1460 1730 1522 Catalogus
1750 1461 1977 1505 Librorum
2001 1460 2104 1504 Mss.
2127 1459 2294 1521 Angliae
2316 1471 2360 1504 et

205 1524 445 1568 Hiberniae¹
493 1526 782 1587 fragmentum
823 1527 996 1570 alterius
1034 1526 1135 1570 libri
1175 1538 1405 1583 memorat,
1446 1544 1535 1587 quo
1575 1527 1852 1571 manifestum
1886 1538 1950 1571 est
1993 1542 2102 1586 opus
2144 1526 2253 1570 illud
2290 1525 2361 1571 vel

207 1589 391 1644 duobus,
431 1592 500 1635 vel
519 1592 713 1652 pluribus
749 1592 880 1636 etiam
908 1592 1029 1636 libris
1063 1593 1316 1638 constitisse.
1346 1594 1444 1637 Hoc
1467 1593 1758 1654 fragmentum
1778 1593 1907 1636 nobis
1928 1592 2285 1652 comparavimus,
2311 1603 2360 1635 ut

204 1666 449 1699 truncatum
468 1657 663 1701 libellum
684 1659 895 1718 possimus
911 1659 1131 1714 resarcire,
1154 1670 1198 1703 et
1218 1659 1439 1703 Abaelardi
1461 1675 1593 1720 opera
1613 1660 1697 1703 hac
1713 1659 1866 1703 saltem
1887 1669 2010 1718 parte
2030 1674 2161 1717 quam
2181 1657 2360 1702 minime

205 1721 496 1766 claudicarent
519 1740 530 1767 ε
555 1734 698 1767 10111111
717 1740 820 1768 vero
851 1741 939 1767 una
973 1735 1141 1768 tantum
1177 1727 1334 1786 pagina
1363 1726 1664 1770 continebatur
1684 1726 1731 1769 in
1753 1724 1903 1769 codice
1924 1725 1998 1784 qui
2019 1723 2359 1784 supplementum

203 1786 542 1832 Introductionis
577 1790 825 1849 Theologiae
845 1790 971 1833 1101115
990 1789 1350 1850 suppeditaverat.
1376 1792 1477 1834 Non
1497 1791 1786 1836 dubitavimus
1812 1801 1958 1835 tamen
1983 1790 2091 1834 illud
2120 1789 2247 1834 edere
2264 1801 2363 1849 post

204 1851 364 1897 librum
386 1855 575 1915 primum
598 1872 623 1898 a
645 1857 695 1900 B.
718 1856 846 1899 Pezio
868 1855 1031 1916 publici
1046 1857 1152 1914 juris
1169 1857 1345 1912 factum,
1370 1857 1478 1900 nihil
1506 1857 1813 1918 negligendum
1834 1857 1917 1900 rati
1936 1867 1986 1899 ut
2009 1855 2230 1899 Abaelardi
2261 1855 2361 1915 opi-

205 1919 408 1964 nionibus
428 1921 569 1965 lucem
589 1937 810 1982 possemus
833 1922 1002 1965 afferre.

266 1985 413 2040 Quum
441 1988 483 2030 E
486 1988 648 2031 thicam
670 1989 968 2032 commentarii
999 1987 1053 2032 de
1073 1988 1129 2032 D.
1154 1987 1290 2032 Paulo
1307 1990 1399 2047 jam
1418 1987 1725 2050 polliceantur,
1756 1989 1871 2033 hanc
1899 1997 2048 2048 postea
2079 1986 2362 2046 compositam

206 2051 333 2095 fuisse
354 2054 454 2096 satis
474 2053 622 2113 liquet.
645 2055 714 2098 An
746 2054 1030 2114 Theologiam
1060 2054 1358 2097 Christianam
1388 2065 1585 2114 tempore
1611 2055 1775 2115 pariter
1796 2064 1942 2098 secuta
1967 2053 2021 2096 sit
2034 2085 2047 2106 ,
2079 2063 2130 2095 ut
2150 2052 2362 2096 existimat

205 2117 335 2161 Dom.
382 2118 620 2174 Clemens²,
660 2135 752 2162 non
782 2135 1009 2179 possumus
1041 2118 1277 2175 affirmare;
1319 2136 1477 2180 nempe
1508 2119 1627 2164 locus
1659 2121 1706 2163 in
1729 2136 1826 2181 cap.
1859 2135 1975 2163 xxn1
2008 2118 2176 2161 Etkicae
2210 2116 2362 2161 allatus

205 2198 291 2242 quo
323 2185 504 2244 scriptor
527 2185 794 2229 doctissimus
816 2186 1028 2242 innititur,
1055 2202 1147 2229 non
1163 2185 1219 2228 ad
1248 2186 1533 2247 Theologiam
1556 2186 1871 2241 Christianam,
1897 2196 1948 2229 ut
1966 2184 2037 2228 ille
2056 2183 2360 2237 arbitrabatur,

207 2249 284 2292 sed
304 2250 359 2293 ad
381 2251 743 2295 Introductionem
772 2252 1019 2312 Theologiae
1040 2263 1104 2296 est
1122 2251 1390 2296 referendus.

1091 2562 1508 2623 PROLOGUS.

275 2741 434 2788 Mores
453 2740 660 2799 dicimus
681 2741 831 2788 animi
847 2741 962 2788 vitia
979 2740 1055 2789 vel
1078 2741 1275 2789 virtutes
1290 2757 1397 2807 quae
1415 2756 1507 2789 nos
1528 2738 1592 2789 ad
1615 2738 1741 2787 mala
1760 2737 1838 2786 vel
1858 2736 1988 2786 bona
2007 2752 2157 2802 opera
2178 2750 2362 2802 pronos

212 2818 442 2867 efficiunt.
475 2823 595 2868 Sunt
623 2831 785 2870 autem
813 2822 929 2869 vitia
951 2839 1039 2870 seu
1059 2821 1193 2870 bona
1221 2839 1322 2870 non
1353 2831 1544 2870 tantum
1566 2819 1741 2883 animi,
1767 2818 1854 2867 sed
1879 2818 2025 2866 etiam
2045 2817 2281 2882 corporis,
2308 2823 2362 2865 ut

212 2898 429 2948 debilitas
454 2903 687 2968 corporis,
720 2902 798 2950 vel
831 2902 1064 2951 fortitudo
1088 2920 1236 2969 quam
1263 2904 1389 2951 vires
1413 2901 1738 2969 appellamus3
1765 2899 1968 2967 pigredo
1998 2899 2076 2947 vel
2102 2897 2356 2955 velocitas3

210 2979 493 3029 claudicatio
528 2983 605 3030 vel
627 2982 892 3045 rectitud03
918 2985 1102 3033 caecitas
1130 2984 1204 3033 vel
1235 2985 1374 3032 visio.
1409 2983 1551 3031 Unde
1585 2982 1649 3031 ad
1677 2981 1996 3030 differentiam
2023 2979 2210 3040 talium,
2245 2992 2358 3025 cum

212 3058 417 3108 dicimus
448 3064 578 3124 vitia,
613 3064 930 3128 praemisimus
963 3084 975 3112 :
1011 3067 1180 3112 animi.
1218 3068 1329 3113 Haec
1362 3073 1524 3113 autem
1551 3063 1669 3112 vitia
1700 3062 1881 3111 scilicet
1911 3060 2085 3122 animi,
2118 3056 2358 3107 contraria

211 3148 325 3186 sunt
358 3141 629 3204 virtutibus,
670 3153 724 3190 ut
753 3143 981 3207 injustitia
1010 3145 1227 3208 justitiae,
1266 3145 1453 3210 ignavia
1487 3144 1791 3205 constantiae,
1828 3138 2198 3206 intemperantia
2229 3145 2354 3186 tem-

213 3220 473 3285 perantiae..

266 3344 273 3363 1
290 3342 423 3376 oxoniae
439 3344 533 3385 1692,
549 3343 654 3377 in-sol.
684 3362 722 3369 -
743 3345 755 3366 ²
769 3344 860 3379 Hist.
879 3344 1000 3388 litter„
1016 3351 1042 3379 t.
1060 3344 1131 3388 ΧΠ,
1148 3354 1224 3388 pag.
1245 3349 1317 3382 126.
