2638 3866
1145 236 1458 287 DIALOGUS.
2271 246 2368 296 689

228 330 367 379 Hunc
396 328 524 378 enim
556 347 760 397 operum
788 343 1088 397 nostrorum,
1115 347 1168 385 ut
1195 354 1338 404 supra
1361 356 1557 406 quoque
1584 343 1917 404 meminimus,
1946 344 2092 394 finem
2116 362 2217 395 esse
2241 364 2371 395 con-

226 411 374 473 venit,
413 422 468 459 ut
497 428 597 460 non
635 422 733 461 tam
769 415 966 480 propria
1000 433 1146 481 quam
1181 421 1459 469 communia
1498 433 1678 487 quaerat
1711 425 1915 489 quisque
1949 427 2238 488 commoda,
2279 445 2370 477 nec

226 502 326 541 tam
371 492 460 541 sibi
504 510 648 559 quam
687 495 913 544 omnibus
950 498 1102 559 vivat,
1138 499 1274 563 juxta
1304 500 1423 550 illud
1457 502 1705 563 videlicet,
1747 506 1881 570 quod
1917 507 1964 554 in
2000 507 2142 557 laude
2176 510 2371 557 Catonis

229 575 449 622 Lucanus
475 573 721 623 decantat¹
749 594 760 622 :

737 714 823 756 Uni
848 715 1006 774 quippe
1022 727 1145 759 vacat
1166 717 1316 762 studiis
1338 719 1532 780 odiisque
1554 722 1731 777 carenti,

735 783 986 826 Humanum
1006 783 1152 845 lugere
1170 801 1338 845 genus..
1350 822 1358 830 .
1370 822 1379 832 .

836 853 893 895 Hi
912 868 1069 909 mores,
1092 854 1186 897 haec
1203 853 1300 898 duri
1322 856 1502 900 immota
1523 859 1698 902 Catonis

737 921 859 965 Secta
880 922 974 976 fuit,
996 938 1164 966 servare
1183 923 1363 967 modum
1388 925 1602 992 finemque
1619 938 1780 983 tenere,

735 990 1031 1051 Naturamque
1048 992 1185 1050 sequi,
1208 994 1442 1053 patriaeque
1460 996 1710 1055 impendere
1725 997 1873 1048 vitam,

739 1059 831 1103 Nec
854 1060 935 1103 sibi
959 1060 1035 1104 sed
1056 1061 1141 1104 toti
1157 1061 1350 1121 genitum
1365 1079 1410 1107 se
1430 1063 1603 1108 credere
1627 1065 1808 1109 mundo.

232 1135 287 1180 Et
310 1142 418 1198 post
441 1133 600 1198 aliqua
625 1152 634 1180 :

845 1215 955 1258 Urbi
977 1227 1099 1276 pater
1118 1226 1201 1270 est,
1225 1217 1407 1277 urbique
1425 1219 1602 1263 maritus

745 1309 1636 1324 nnnnnnnnnnnn

735 1345 788 1388 In
810 1360 1039 1389 commune
1061 1345 1218 1390 bonus.

293 1481 484 1547 Quippe
517 1481 650 1548 quod
681 1481 888 1548 propriis
915 1481 1121 1531 intendit
1154 1483 1426 1531 commodis
1455 1494 1635 1532 naturae
1663 1495 1733 1533 est
1768 1484 1993 1548 infirmae,
2028 1486 2163 1553 quod
2186 1486 2374 1549 alienis,

228 1563 415 1611 virtutis
450 1563 665 1627 egregiae.
710 1566 768 1610 Et
801 1563 937 1629 parvi
970 1579 1106 1611 suam
1144 1564 1377 1612 aestimare
1412 1564 1557 1612 vitam
1593 1563 1764 1625 debet,
1801 1567 1884 1630 qui
1923 1567 2066 1615 unius
2103 1569 2174 1615 sui
2213 1584 2379 1615 curam

227 1660 438 1708 gerens,
460 1642 670 1709 propriis
693 1653 950 1691 contentus
973 1654 1043 1691 est
1071 1643 1370 1706 commodis,
1408 1660 1498 1692 nec
1527 1643 1733 1692 aliorum
1759 1646 1849 1694 sibi
1878 1657 2089 1695 meretur
2112 1648 2310 1712 gratiam
2334 1658 2380 1696 et

228 1724 440 1772 laudem.
470 1723 648 1771 Imitari
677 1723 882 1789 quisque
911 1741 1001 1789 pro
1027 1723 1230 1772 modulo
1259 1741 1348 1772 suo
1372 1727 1529 1771 Deum
1554 1724 1723 1786 debet,
1752 1727 1836 1790 qui
1866 1744 1979 1775 cum
2012 1726 2191 1775 nullius
2213 1738 2376 1792 egeat,

227 1805 300 1852 sui
322 1804 521 1852 minime
544 1819 729 1866 curam,
758 1803 842 1851 sed
864 1804 1082 1851 omnium
1108 1804 1222 1868 agit,
1245 1820 1335 1852 nec
1358 1803 1449 1851 sibi
1475 1805 1743 1853 necessaria
1765 1805 1850 1853 sed
1874 1806 2103 1854 omnibus
2125 1807 2375 1867 ministrat,

229 1885 375 1933 totius
408 1884 668 1932 mundanae
701 1882 893 1931 fabricae
937 1893 1168 1948 tanquam
1209 1884 1355 1931 unius
1386 1900 1570 1949 magnae
1610 1884 1883 1950 reipublicae
1915 1896 2219 1952 procurator.
2258 1889 2379 1934 Sunt

228 1965 312 2031 qui
340 1974 501 2031 partes
529 1963 723 2029 justitiae
755 1962 978 2029 ampliori
1003 1980 1211 2011 numero
1244 1980 1345 2011 non
1380 1981 1561 2024 rerum,
1600 1964 1684 2011 sed
1713 1966 1970 2013 nominum
2001 1966 2371 2031 distinguentes,

227 2044 480 2110 plerasque
512 2061 539 2091 a
569 2043 712 2091 nobis
746 2060 847 2090 uno
876 2043 1250 2109 comprehensas
1278 2043 1520 2091 vocabulo
1549 2043 1768 2108 pluribus
1800 2044 2129 2109 distinguunt,
2166 2055 2214 2092 et
2245 2046 2378 2110 quod

229 2126 278 2173 in
317 2135 421 2172 toto
455 2124 735 2172 conclusum
768 2132 854 2181 est,
893 2124 941 2170 in
977 2132 1138 2187 partes
1173 2123 1475 2185 discernunt,
1508 2124 1734 2188 pietatem
1767 2124 1946 2172 scilicet
1985 2141 2096 2189 erga
2134 2134 2375 2190 parentes,

230 2205 489 2253 amicitiam
516 2204 565 2251 id
588 2213 657 2251 est
675 2202 1064 2251 benevolentiam
1088 2219 1199 2266 erga
1220 2219 1304 2250 eos
1326 2204 1408 2268 qui
1434 2219 1525 2250 nos
1547 2202 1769 2267 diligunt,
1797 2204 2013 2269 ipsorum
2046 2221 2192 2253 causa
2228 2207 2377 2269 magis

227 2301 374 2350 quam
410 2284 636 2351 sperandi
671 2284 869 2347 alicujus
898 2283 1170 2343 commodi,
1195 2300 1307 2331 cum
1338 2283 1443 2348 pari
1474 2299 1646 2330 eorum
1678 2300 1789 2348 erga
1824 2300 1916 2331 nos
1940 2285 2204 2347 voluntate,
2229 2286 2378 2350 gratia

231 2367 279 2413 in
317 2365 707 2413 remuneratione
749 2363 1117 2411 beneficiorum.
1163 2363 1259 2412 Sed
1288 2364 1377 2411 tria
1412 2363 1513 2411 haec
1554 2363 1770 2429 profecto
1806 2363 2132 2412 beneficentiae
2169 2366 2377 2430 supponi

228 2456 446 2507 constat,
488 2462 575 2511 per
611 2460 758 2509 quam
790 2443 1011 2491 videlicet
1053 2445 1242 2492 animus
1275 2444 1338 2492 ad
1375 2442 1602 2509 quaelibet
1636 2443 1797 2491 debita
1838 2443 2154 2493 beneficentia
2189 2446 2376 2510 impen-

227 2527 392 2576 denda
416 2536 513 2575 tam
536 2524 818 2592 parentibus
840 2525 1038 2585 scilicet,
1067 2541 1214 2589 quam
1238 2525 1408 2573 ceteris
1434 2533 1690 2590 promptus
1707 2534 1794 2572 est.

896 2647 961 2690 De
982 2645 1165 2689 naturali
1184 2656 1312 2705 atque
1334 2646 1515 2705 pusitiva
1525 2645 1702 2703 justitia.

296 2755 500 2817 Oportet
520 2761 680 2799 autem
705 2752 754 2799 in
777 2752 870 2812 his,
894 2769 1000 2817 quae
1017 2751 1080 2799 ad
1097 2750 1331 2814 justitiam
1349 2751 1607 2815 pertinent,
1631 2766 1732 2797 non
1756 2749 1912 2797 solum
1937 2751 2180 2814 naturalis,
2207 2770 2373 2802 verum

222 2832 376 2880 etiam
414 2831 627 2897 positivae
653 2831 846 2895 justitiae
877 2832 1115 2879 tramitem
1144 2846 1246 2878 non
1273 2829 1458 2878 excedi.
1487 2832 1570 2877 Jus
1602 2829 1781 2894 quippe
1811 2829 1944 2877 aliud
1975 2832 2216 2893 naturale,
2243 2833 2374 2881 aliud

230 2911 492 2977 positivum
523 2910 715 2958 dicitur.
742 2910 963 2958 Naturale
987 2909 1183 2975 quidem
1207 2911 1285 2973 jus
1308 2919 1401 2971 est,
1426 2908 1562 2973 quod
1594 2925 1740 2974 opere
1770 2909 2118 2975 complendum
2145 2928 2248 2960 esse
2272 2913 2374 2979 ipsa

232 3009 342 3057 quae
375 2992 604 3039 omnibus
636 2991 916 3039 naturaliter
953 2991 1076 3038 inest
1113 2989 1235 3037 ratio
1273 2988 1555 3055 persuadet,
1597 2998 1644 3036 et
1674 2988 1856 3037 idcirco
1896 2989 2027 3055 apud
2061 3007 2231 3040 omnes
2264 3010 2372 3058 per-

232 3083 413 3134 manet,
451 3082 504 3119 ut
527 3075 684 3119 Deum
718 3072 895 3133 colere,
930 3079 1149 3136 parentes
1183 3086 1362 3131 amare,
1400 3081 1651 3135 perversos
1679 3070 1868 3134 punire,
1902 3079 1950 3117 et
1973 3087 2373 3138 quorumcunque

224 3153 537 3202 observantia
571 3151 802 3201 omnibus
830 3161 901 3199 est
935 3152 1227 3212 necessaria,
1258 3160 1312 3199 ut
1342 3150 1475 3198 nulla
1506 3165 1736 3215 umquam
1772 3150 1874 3198 sine
1910 3150 2001 3199 illis
2037 3153 2205 3201 merita
2237 3154 2371 3202 suffi-

273 3328 280 3346 ¹
301 3326 480 3370 Pharsal.,
501 3329 554 3361 lib.
571 3326 611 3368 11,
626 3336 656 3361 v.
675 3330 735 3362 377
753 3332 785 3361 et
800 3335 886 3369 sqq.;
902 3329 962 3362 388
975 3332 1009 3361 et
1023 3335 1097 3369 sqq.

385 3402 416 3426 u
2158 3390 2206 3426 87
