2638 3866
968 247 1302 295 TI-IEOLOGIA
1341 249 1705 298 CHRISTIANA.
2315 249 2402 296 444

268 347 483 395 secundo
507 345 629 394 libro
653 346 712 394 de
733 345 914 394 Ordine
942 345 1241 396 dialecticam
1272 349 1616 398 commendare
1645 365 1790 397 ausus
1815 358 1903 410 est,
1931 357 1985 396 ut
2007 365 2111 398 eam
2137 348 2287 397 solam
2312 366 2413 398 esse

266 427 514 475 scientiam
539 426 750 493 profiteri
771 426 1004 488 videatur,
1031 444 1144 475 cum
1170 445 1277 476 eam
1301 428 1454 477 solam
1480 446 1621 495 posse
1646 429 1798 477 sacere
1821 430 2024 477 scientes
2047 429 2190 477 dicat.
2221 451 2243 473 α
2264 431 2411 478 Disci-

265 506 476 573 plinam,
514 508 694 573 inquit,
733 506 1116 572 disciplinarum,
1154 525 1301 573 quam
1337 509 1638 558 dialecticam
1674 520 1863 558 vocant.
1893 513 2003 557 Haec
2038 509 2181 558 docet
2215 511 2408 571 docere,

267 587 370 635 haec
393 587 537 636 docet
560 587 759 636 discere.
784 590 837 634 In
861 586 956 634 hac
979 587 1185 653 seipsam
1214 589 1335 637 ratio
1357 589 1657 637 demonstrat
1680 599 1825 654 atque
1857 591 2025 656 aperit,
2051 607 2157 655 quae
2185 591 2260 650 sit,
2295 591 2410 655 quid

265 668 396 717 velit.
435 670 531 716 Scit
560 670 699 729 scire,
735 667 838 716 sola
871 668 1073 716 scientes
1107 669 1261 717 facere
1290 686 1390 717 non
1412 670 1569 718 solum
1595 670 1714 732 vult,
1749 670 1835 717 sed
1867 680 1913 717 et
1948 680 2117 736 potest.
2145 690 2168 716 »
2196 671 2328 719 ldem
2363 672 2410 719 in

266 748 482 797 secundo
518 748 577 796 de
609 750 840 796 Doctrina
866 748 1133 796 christiana
1167 766 1279 797 cum
1314 750 1440 798 inter
1470 767 1641 799 omnes
1678 760 1803 798 artes
1838 751 2076 816 praecipue
2113 751 2412 799 dialecticam

267 839 314 877 et
352 829 704 878 arithmeticam
741 847 884 879 sacrae
921 830 1106 897 paginae
1138 832 1428 880 necessarias
1454 849 1556 880 esse
1592 830 1914 898 profiteretur,
1959 831 2088 879 illam
2124 832 2320 897 quidem
2352 833 2412 880 ad

265 909 598 959 dissolvendas
644 912 963 977 quaestiones,
1007 910 1131 959 hanc
1174 911 1237 960 ad
1277 912 1617 977 allegoriarum
1659 912 1884 977 mysteria
1934 911 2262 973 discutienda,
2310 930 2413 977 quae

265 991 541 1056 frequenter
572 993 622 1040 in
657 993 842 1041 naturis
872 1009 1187 1040 numerorum
1220 993 1577 1058 investigamus,
1612 1002 1747 1041 tanto
1778 993 1983 1059 amplius
2009 992 2306 1041 dialecticam
2341 1010 2415 1040 ex-

267 1072 391 1135 tulit,
427 1082 612 1139 quanto
649 1073 855 1140 amplius
887 1074 1203 1122 necessariam
1234 1090 1342 1122 eam
1377 1075 1632 1139 assignavit
1657 1073 1722 1123 ad
1752 1090 1922 1121 omnes
1958 1074 2180 1121 videlicet
2200 1074 2414 1138 quastio-

265 1169 384 1200 num
413 1153 736 1202 dubitationes
767 1153 1112 1202 terminandas.
1140 1155 1214 1202 Ait
1238 1165 1399 1202 autem
1418 1155 1508 1202 sic¹
1534 1172 1545 1201 ι
1577 1174 1599 1199 α
1623 1157 1819 1202 Restant
1855 1170 1909 1201 ea
1942 1171 2048 1218 quae
2080 1171 2178 1202 non
2213 1154 2273 1202 ad
2307 1171 2414 1203 cor-

265 1234 397 1298 poris
434 1251 617 1296 sensus,
662 1234 747 1283 sed
781 1235 843 1282 ad
883 1236 1121 1284 rationem
1162 1236 1423 1301 pertinent,
1462 1235 1548 1283 ubi
1582 1235 1833 1300 disciplina
1872 1243 2040 1299 regnat
2079 1235 2414 1301 disputationis

265 1324 311 1360 et
341 1315 548 1362 numeri.
587 1315 681 1363 Sed
712 1315 1051 1382 disputationis
1084 1315 1337 1382 disciplina
1363 1315 1425 1364 ad
1458 1316 1624 1363 omnia
1653 1332 1826 1378 genera
1861 1316 2201 1380 quaestionum,
2229 1333 2334 1381 quae
2363 1317 2411 1363 in

264 1395 439 1442 sanctis
477 1394 642 1444 litteris
665 1407 776 1444 sunt
800 1396 1115 1462 penetranda,
1143 1396 1407 1463 plurimum
1428 1396 1555 1444 valet
1581 1414 1590 1443 :
1620 1406 1805 1444 tantum
1836 1395 1903 1443 ibi
1928 1396 2141 1444 cavenda
2165 1406 2236 1443 est
2263 1395 2412 1443 libido

264 1475 482 1536 rixandi,
531 1487 579 1525 et
619 1477 817 1543 puerilis
858 1477 1078 1543 quaedam
1118 1478 1375 1526 ostentatio
1418 1476 1692 1543 decipiendi
1740 1475 2082 1524 adversarium.
2124 1478 2246 1524 Sunt
2284 1477 2413 1524 enim

267 1555 546 1622 multaquae
576 1559 881 1624 appellantur
914 1558 1226 1624 sophismata,
1263 1558 1389 1606 falsae
1415 1558 1751 1606 conclusiones
1773 1558 2035 1616 rationum,
2060 1567 2108 1604 et
2129 1557 2414 1623 plerumque

264 1637 326 1683 ita
362 1653 497 1685 veras
528 1639 789 1701 imitantes,
817 1650 870 1687 ut
900 1655 1000 1686 non
1036 1638 1193 1686 solum
1216 1638 1397 1701 tardos,
1423 1638 1508 1686 sed
1543 1638 1819 1702 ingeniosos
1847 1638 1991 1685 etiam
2021 1637 2180 1684 minus
2207 1647 2415 1684 attentos

264 1716 522 1783 decipiant.
553 1720 699 1777 Quod
731 1736 880 1784 genus
909 1719 1231 1784 captiosarum
1264 1718 1634 1767 conclusionum
1657 1718 1901 1784 Scriptura
1932 1728 2167 1783 quantum
2197 1718 2414 1765 existimo

264 1797 527 1846 detestatur
555 1799 638 1847 illo
670 1799 798 1861 loco,
827 1799 911 1847 ubi
940 1799 1123 1847 dictum
1159 1801 1254 1847 est²
1282 1817 1292 1846 ε
1324 1799 1455 1858 «Qui
1491 1798 1753 1865 sophistice
1786 1798 2019 1863 loquitur,
2058 1797 2249 1846 odibilis
2283 1809 2411 1846 est.»

265 1878 361 1935 Qui
399 1896 562 1927 rursus
591 1881 639 1927 in
675 1880 848 1928 eodem
879 1897 991 1928 cum
1023 1880 1072 1927 in
1097 1881 1211 1946 ipsis
1232 1879 1641 1946 philosophorum
1664 1879 1802 1927 dictis
1832 1896 2058 1944 magnam
2082 1896 2275 1926 morum
2311 1879 2416 1926 aedi·

266 1957 560 2023 ficationem,
600 1971 656 2009 et-
675 1961 961 2009 nonnullam
996 1960 1058 2009 de
1091 1961 1185 2009 fide
1219 1971 1266 2008 et
1299 1961 1433 2009 cultu
1465 1961 1607 2008 unius
1637 1961 1726 2008 Dei
1761 1961 2032 2008 doctrinam
2066 1959 2409 2019 consideraret,

263 2039 436 2104 adjecit
468 2052 613 2107 atque
634 2042 701 2090 ait
737 2061 748 2089 ε
791 2062 813 2087 «
840 2042 1124 2107 Philosophi
1157 2042 1239 2107 qui
1263 2052 1520 2103 vocantur,
1547 2043 1587 2089 si
1619 2058 1716 2106 qua
1739 2042 1862 2089 forte
1885 2057 1999 2088 vera
2028 2051 2074 2089 et
2105 2040 2214 2088 fidei
2241 2051 2412 2087 nostiae

264 2122 631 2170 accommodata
644 2122 868 2183 dixerint,
897 2123 1103 2170 maxime
1128 2122 1375 2181 Platonici,
1402 2138 1502 2168 non
1528 2121 1685 2168 solum
1710 2121 2015 2168 formidanda
2036 2137 2134 2168 non
2161 2130 2301 2177 sunt3
2328 2120 2412 2167 sed

264 2201 405 2249 etiam
449 2202 511 2249 ab
550 2203 618 2250 eis
669 2212 915 2266 tamquam
950 2202 1137 2266 injustis
1176 2200 1532 2268 possessoribus
1566 2201 1615 2247 in
1652 2217 1794 2248 usum
1830 2210 2054 2248 nostrum
2099 2199 2406 2248 vindicanda.

265 2281 395 2329 Sicut
416 2283 546 2329 enim
570 2286 802 2349 AEgyptus
825 2299 926 2330 non
951 2292 1135 2330 tantum
1158 2282 1287 2330 idola
1309 2281 1518 2330 habebat
1543 2297 1649 2345 quae
1678 2280 1888 2346 populus
1916 2280 2056 2328 lsrael
2078 2280 2409 2340 detestaretur,

264 2361 347 2408 sed
381 2362 527 2410 etiam
549 2379 663 2411 vasa
693 2372 837 2428 atque
874 2372 1160 2411 ornamenta
1194 2363 1256 2410 de
1291 2379 1410 2410 auro
1443 2372 1491 2409 et
1523 2371 1722 2427 argento
1758 2371 1805 2409 et
1837 2371 2049 2420 vestem,
2087 2377 2193 2425 quae
2223 2362 2301 2409 ille
2332 2379 2415 2426 po·

266 2441 406 2505 pultis
445 2444 608 2492 exiens
643 2443 704 2492 de
739 2445 947 2509 AEgypto
979 2442 1068 2491 sibi
1106 2445 1285 2509 potius,
1329 2452 1578 2507 tamquam
1613 2441 1675 2489 ad
1715 2458 1853 2489 usum
1886 2441 2156 2504 meliorem,
2194 2441 2412 2489 clanculo

268 2523 526 2575 vindicavit
556 2537 797 2594 praecepto
833 2526 1093 2592 Dei,-ipsis
1119 2526 1352 2591 AEgyptiis
1387 2525 1655 2574 nescienter
1688 2525 2113 2573 commodantibus
2145 2541 2201 2572 ea
2238 2524 2414 2589 quibus

265 2622 364 2652 non
403 2606 528 2654 bene
569 2607 828 2655 utebantur
863 2626 874 2655 z
918 2607 986 2655 sic
1023 2606 1254 2654 doctrinae
1291 2622 1464 2654 omnes
1504 2605 1771 2670 gentilium,
1816 2615 1863 2653 et
1900 2604 2120 2652 liberales
2154 2605 2412 2669 disciplinae

268 2687 373 2733 usui
408 2688 617 2735 veritatis
654 2689 864 2754 aptiores
896 2688 1039 2735 etiam
1065 2703 1260 2734 morum
1293 2685 1515 2750 quaedam
1551 2695 1788 2751 praecepta
1812 2685 2080 2745 continent,
2115 2684 2273 2748 deque
2307 2684 2412 2750 ipso

265 2768 369 2813 Deo
406 2767 613 2814 colendo
655 2768 892 2815 nonnulla
927 2783 1040 2814 vera
1072 2766 1386 2814 inveniuntur
1421 2764 1553 2830 apud
1588 2781 1688 2812 eos.
1710 2785 1733 2809 >2
1771 2768 1888 2811 ltem
1911 2765 1961 2811 in
1986 2763 2159 2811 eodem
2178 2764 2239 2811 de
2259 2763 2414 2829 philo·

266 2846 431 2912 sophis
462 2865 472 2893 z
518 2847 820 2894 «Dederunt
854 2864 1028 2895 aurum
1049 2857 1096 2893 et
1122 2855 1375 2908 argentum
1400 2854 1447 2891 et
1471 2854 1654 2891 vestem
1696 2861 1833 2892 suam
1875 2844 2070 2892 exeunti
2110 2843 2172 2892 de
2209 2847 2412 2910 AEgypto

268 2926 450 2992 populo
491 2927 595 2989 Dei,
632 2927 899 2974 nescientes
935 2924 1351 2991 quemadmodum
1386 2925 1466 2972 illa
1495 2940 1601 2989 quae
1632 2923 1813 2972 dabant
1840 2924 1903 2971 in*
1923 2924 2099 2972 Christi
2127 2923 2412 2989 obsequium

270 3007 611 3055 redderentur.
646 3026 668 3052 n
690 3012 897 3055 Noverat
916 3007 1077 3071 itaque
1099 3005 1177 3053 ille
1203 3005 1632 3054 ecclesiasticorum
1674 3005 1908 3053 maximus
1940 3004 2131 3066 doctor,
2168 3015 2215 3053 et
2251 3021 2280 3053 a
2316 3005 2420 3071 phi-

266 3087 491 3154 losophia
522 3088 638 3135 olim
670 3087 836 3151 gentili
877 3086 939 3134 ad
982 3102 1147 3133 veram
1179 3102 1286 3151 quae
1319 3084 1536 3133 Christus
1565 3094 1634 3133 est
1668 3085 1891 3151 sophiam
1922 3101 2201 3148 conversus,
2238 3087 2414 3151 quaein

268 3166 618 3234 philosophicis
652 3167 713 3215 de
746 3170 850 3215 Deo
887 3167 1065 3231 legerat
1096 3166 1302 3232 scriptis,
1343 3175 1391 3214 et
1424 3182 1570 3231 quam
1612 3164 1863 3230 indignum
1904 3174 2027 3213 esset
2059 3165 2416 3231 philosophicas

316 3355 320 3372 ¹
341 3353 408 3386 Lib.
429 3354 468 3393 n,
493 3364 567 3396 cap.
591 3364 680 3389 xxxv.
702 3374 738 3381 -υ
757 3356 897 3395 ¹Eccli.,
914 3364 987 3397 cap.
1005 3364 1133 3395 xxxvii,
1159 3362 1188 3386 v.
1208 3356 1259 3388 23.

428 3429 459 3453 u
2205 3414 2254 3450 56
