2638 3866
294 246 353 293 «8
1091 235 1259 283 PETRI
1296 232 1609 282 ABAELARD!

290 351 362 389 est
381 357 541 405 operae.
557 338 864 388 auctoritates
879 334 1107 383 inducere
1128 332 1302 397 quibus
1322 330 1559 380 vocabulo
1580 331 1733 381 Patris
1762 329 1973 381 divinam
1998 331 2212 378 manuue
2229 340 2410 378 astrua-

292 437 399 467 mus
419 419 678 484 potentiam
702 414 918 480 exprimi.
951 412 1097 471 Quod
1130 413 1168 460 si
1195 413 1335 461 etiam
1360 418 1459 461 tam
1482 410 1764 475 Evangelica
1790 426 1936 475 quam
1959 409 2230 474 Apostoljea
2250 409 2409 457 discn-

292 500 462 546 tiamus
485 498 637 556 dicta,
674 495 990 558 intelligemus
1009 493 1142 556 juxta
1170 492 1316 557 ipsius
1338 490 1593 539 locutionis
1617 489 1994 555 proprietatem,
2025 505 2079 536 ea
2110 507 2217 554 quae
2237 489 2299 538 ad
2315 505 2411 554 po—

291 579 487 626 tentiam
517 577 753 642 pertinent
771 612 784 635 ,
814 574 939 623 Patri
969 572 1232 637 specialiter
1260 570 1460 630 ascribi,
1498 580 1551 618 ut
1579 570 1658 619 hic
1681 587 1877 636 quoque
1899 579 2060 636 aperte
2082 570 2243 634 colligi
2264 569 2413 635 possit

290 656 526 704 vocabulo
562 655 888 720 Patrisipsam
909 651 1176 717 specialiter·
1202 651 1603 716 omnipotentiam
1628 649 1883 714 designari.
1908 650 1980 698 Ait
2001 649 2180 714 quippe
2205 648 2407 696 Filius¹t

295 753 317 778 «
331 738 447 793 Quae
471 738 608 782 Pater
625 734 790 799 posuit.
803 733 850 786 in
874 748 958 779 sua
979 739 1226 796 potestate,
1246 749 1271 777 u
1282 746 1381 777 non
1393 746 1499 794 quae
1508 730 1609 794 ipse
1621 729 1848 777 Filiusvel
1863 730 2064 795 Spiritus
2079 739 2289 790 sanctus,
2300 727 2412 774 licet

291 814 458 862 eadem
474 815 532 861 sit
554 814 695 861 trium
717 827 1030 877 personarum
1044 820 1269 875 potes-tas.
1290 812 1346 856 Et
1365 809 1479 857 alibi
1492 811 1532 855 ²:
1554 829 1576 854 «
1594 809 1725 857 Sicut
1736 808 1988 875 disposuit,
2010 827 2031 853 υ
2053 809 2231 872 inquit,
2251 827 2273 852 (ι
2292 805 2411 854 mibi

292 896 443 941 Pater.
467 915 488 937 »
512 893 606 951 Qui
629 893 771 939 etiam
794 890 1008 938 videlicet
1030 890 1172 937 Filius
1196 889 1383 954 quoties
1410 888 1680 937 humanitas
1707 889 1807 952 ejus
1830 905 1974 954 opem
1996 889 2141 935 unitae
2171 886 2259 934 sibi
2282 885 2410 935 divi-

292 974 451 1020 nitatis
470 973 713 1038 implorat,
745 980 827 1018 aut
848 976 1156 1034 quascunque
1191 970 1237 1017 ei
1265 984 1429 1034 preces
1461 967 1638 1027 fundit,
1659 967 1762 1017 solo
1797 969 1946 1015 Patris
1980 969 2127 1015 utitur
2150 965 2408 1023 vocabule,

290 1052 437 1115 ipsam
475 1052 648 1099 scilicet
675 1049 1101 1098 commemorando
1133 1048 1400 1113 potentiam
1423 1064 1522 1112 qua·
1538 1057 1711 1112 potens
1735 1057 1806 1095 est
1828 1047 2023 1095 efficere
2040 1047 2175 1112 quod
2197 1056 2409 1109 rogatur,

290 1132 432 1178 veluti
449 1148 560 1178 cum
577 1131 718 1178 dicit:
741 1150 765 1175 «
784 1133 918 1177 Pater
936 1139 1114 1187 sancte,
1130 1144 1265 1176 serva
1277 1129 1394 1175 eos³.
1412 1130 1566 1187 Pater,
1583 1128 1632 1176 in
1658 1144 1829 1175 manus
1844 1138 1950 1176 tuas
1966 1126 2258 1175 commendo
2279 1125 2414 1190 spiri-

289 1220 390 1256 tum
407 1212 605 1269 meum‘,
622 1229 644 1254 »
663 1219 710 1257 et
725 1209 894 1257 similia
912 1226 1018 1273 quae
1034 1208 1094 1256 ad
1112 1208 1379 1256 orationem
1393 1207 1650 1272 pertinent.
1663 1207 1812 1265 Quod
1829 1218 1878 1255 et
1898 1207 2056 1255 adhuc
2078 1206 2285 1253 maxime
2308 1221 2413 1252 mos

286 1289 629 1336 ecclesiasticus*
644 1288 888 1347 observat,
915 1297 966 1334 ut
988 1288 1038 1334 in
1064 1287 1161 1335 illis,
1177 1287 1461 1353 specialibus
1486 1286 1783 1334 orationibus
1810 1303 1915 1350 quae
1937 1288 1989 1334 in
2012 1284 2412 1334 celebrationibus

284 1368 532 1414 missarum
554 1367 612 1414 ad
637 1367 782 1414 altare
802 1365 940 1427 fiunt,
966 1383 1075 1429 quae
1086 1367 1270 1414 scilicet
1287 1367 1528 1414 orationes
1551 1365 1612 1414 ad
1634 1366 1794 1413 solum
1816 1369 2004 1414 Patrem
2027 1366 2318 1413 locutionem
2345 1363 2414 1410 di-

284 1446 493 1508 rigentes
520 1446 794 1494 i'ntendunt.
830 1444 923 1492 Sed
955 1454 1002 1492 et
1021 1461 1137 1491 eum
1155 1445 1221 1493 ait
1245 1445 1498 1510 Apostolus
1518 1444 1760 1495 Christum
1779 1446 2034 1493 surrexisse
2056 1461 2085 1493 a
2107 1445 2309 1492 mortuis
2328 1460 2414 1509 per

283 1524 482 1588 gloriam
504 1525 592 1572 Dei
614 1526 778 1586 Patris,
806 1524 856 1573 id
880 1534 951 1573 est
974 1541 1059 1589 per
1081 1524 1306 1574 virtutem
1328 1524 1501 1573 divinae
1524 1525 1766 1590 potentiae,
1786 1525 1873 1574 vel*
1887 1529 2076 1572 Patrem
2096 1523 2209 1572 eum
2233 1540 2260 1570 a
2283 1539 2413 1570 mor·

283 1605 374 1651 tuis
394 1605 663 1663 suscitasse,
689 1614 735 1651 et
755 1602 1108 1651 vivificaturum
1130 1620 1230 1653 esse
1252 1620 1460 1670 corpora
1481 1614 1669 1664 nostra,
1693 1604 1774 1652 vel,
1787 1604 1848 1653 ab
1871 1622 1930 1653 eo
1953 1605 2148 1666 Filium,
2173 1603 2248 1650 vel
2266 1602 2416 1668 Spiri-

283 1693 381 1730 tum
408 1692 629 1731 sanctum
650 1683 845 1731 missum
868 1699 991 1741 esse,
1029 1683 1104 1730 vel
1127 1683 1172 1732 ei
1195 1683 1364 1731 Filium
1389 1682 1609 1732 obedisse
1624 1720 1636 1743 ‚
1664 1685 1804 1747 quasi
1825 1685 2020 1750 proprie
2043 1684 2118 1731 vel
2147 1682 2416 1748 specialiter

286 1763 408 1810 Patri
434 1763 622 1819 tribuit,
647 1779 752 1825 quae
775 1762 835 1810 ad
858 1763 1122 1827 potentiam
1142 1763 1378 1827 pertinere
1397 1762 1647 1822 videntur,
1677 1772 1727 1810 ut
1752 1780 1807 1810 ex
1832 1763 1908 1810 his
1930 1780 2126 1828 quoque
2148 1763 2421 1810 insinuetur

283 1843 486 1889 maxime
510 1842 574 1890 ad'
593 1858 847 1907 personam
869 1843 1033 1899 Patris,
1058 1843 1189 1906 juxta
1212 1842 1330 1905 ejuS,
1354 1851 1407 1889 ut
1427 1842 1616 1891 dictum.
1635 1852 1725 1902 est,
1750 1844 2098 1908 proprietatem,
2115 1859 2174 1890 ea
2199 1859 2304 1906 quae
2325 1858 2414 1906 po·

282 1922 438 1968 tentiae
459 1931 579 1968 sunt.
591 1921 870 1971 ascribenda
888 1937 989 1971 esse
1004 1956 1015 1976 ,
1042 1922 1168 1971 sicut
1186 1924 1219 1968 F
1220 1921 1300 1972 ilio
1321 1938 1501 1986 eaquae
1521 1921 1585 1969 ad
1606 1922 1753 1969 animi
1778 1923 2015 1970 rationem
2038 1923 2111 1970 vel
2132 1921 2415 1987 sapientiam

282 2001 541 2065 pertinent«,
580 2001 714 2049 sicust.
732 2011 800 2049 est
818 2001 1050 2065 judicare,
1072 2001 1206 2065 quod
1230 2000 1531 2050 discretionis
1555 2010 1641 2049 est.
1671 2001 1810 2049 Unde
1829 2003 2061 2067 scriptum
2084 2003 2206 2049 est⁶:
2239 2021 2261 2044 «
2278 2004 2417 2048 Pater

282 2079 817 2143 omne÷judicium1dedit
827 2080 961 2142 Filio,
976 2099 999 2125 n
1019 2081 1132 2144 quia
1152 2081 1364 2145 potentia
1377 2081 1504 2129 cedit
1522 2081 1764 2146 sapientiae
1777 2081 1826 2129 in
1841 2081 2126 2129 discretione
2135 2081 2321 2145 judicii,
2333 2080 2416 2127 ubi

281 2160 475 2223 aequitas
497 2161 651 2223 magis
669 2159 988 2209 examinanda
1008 2169 1101 2219 est,
1127 2175 1277 2224 quam
1299 2161 1368 2208 vis
1390 2161 1615 2226 potentiae
1637 2161 1918 2209 exercenda.
1951 2161 2096 2220 Quod
2120 2171 2281 2209 autem
2295 2177 2416 2227 ⁴sup·

281 2238 476 2301 ponitur
508 2240 626 2302 quia
654 2238 775 2288 filius
806 2239 1022 2307 hominis.
1044 2250 1114 2287 est
1137 2256 1192 2287 ex
1210 2256 1310 2303 quo
1334 2240 1552 2290 divinum
1576 2241 1783 2289 maxime
1804 2242 2011 2308 pendeat
2031 2241 2292 2305 judicium,
2328 2241 2416 2288 de-

281 2316 426 2364 clarat
442 2318 713 2366 secundum
723 2317 857 2382 quod
871 2318 971 2383 ipse
984 2319 1127 2365 Filius
1145 2328 1434 2382 protestatus
1451 2329 1521 2367 est
1535 2321 1574 2367 ⁸:
1597 2339 1619 2366 «
1639 2320 1803 2367 Sinon
1820 2322 2056 2368 venissem
2073 2331 2120 2367 et
2138 2321 2337 2367 locutus
2349 2320 2417 2367 eis

282 2396 475 2443 fuissem
489 2433 501 2455 ,
540 2407 790 2462 peccatum
811 2414 911 2444 non
940 2397 1193 2449 haberent.
1226 2402 1365 2467 Nunc.
1386 2407 1547 2447 autem
1570 2401 1926 2449 excusationem
1948 2400 2136 2447 nullam
2153 2400 2335 2446 habent
2355 2398 2418 2446 de

283 2486 495 2539 peccato.
512 2496 536 2522 u.
551 2480 616 2525 Aec
639 2478 686 2526 si,
697 2477 882 2545 dicatur
893 2493 948 2526 ex
963 2477 1993 2544 hoc-maximamimpioscondemnationem
2005 2480 2130 2542 juste
2149 2479 2412 2538 incurrere,

284 2555 391 2616 quia
427 2565 561 2604 tanto
597 2556 761 2606 (livino
795 2556 1029 2608 beneficio
1067 2549 1238 2621 ingrati
1265 2558 1611 2608 inexcusabiles
1639 2559 1941 2620 exstiterunt,
1984 2560 2180 2606 missum
2216 2559 2367 2606 etiam.
2388 2574 2417 2605 a

289 2634 420 2680 Patre
442 2635 933 2702 Filiumjrespuentes.
961 2635 1030 2688 Ad
1048 2635 1155 2687 >hoc
1186 2637 1337 2687 etiam·
1363 2637 1443 2688 illa
1467 2638 1715 2703 inscriptio
1742 2638 1915 2686 Psalmi
1937 2639 2055 2686 noni
2078 2639 2285 2704 pertinet
2313 2654 2417 2702 quae

287 2712 401 2758 ait⁷:
433 2735 456 2756 α.
472 2718 561 2763 Pro
580 2715 887 2766 occultisaefilii.
902 2715 1352 2779 scilicetjucticiisffl
1371 2716 1433 2768 de
1454 2718 1631 2781 quibus
1646 2719 1702 2767 in.
1716 2717 1891 2766 eodem
1903 2718 2094 2765 Psalmo·
2106 2718 2417 2781 subjunctum

286 2800 356 2836 est
370 2808 379 2837 z
397 2811 421 2833 «f
429 2794 753 2855 cognoscetur
763 2795 998 2846 Dominus
1008 2795 1188 2858 judicia
1197 2795 1432 2856 saci-ensa*
1440 2806 1487 2848 et
1495 2797 1636 2847 alibi8
1646 2816 1658 2843 ε
1668 2818 1696 2846 v«
1711 2800 1735 2845 J
1740 2798 1898 2846 udicia
1907 2797 2204 2862 tuaahyssus-
2214 2796 2415 2843 multa»

289 2870 670 2933 Quiaffvidelieet,
690 2874 827 2925 siout·
845 2874 1036 2926 dictum,
1061 2883 1132 2923 est
1142 2911 1157 2935 ⁴,
1177 2876 1438 2940 „sapientiae
1472 2887 1545 2928 est]
1566 2877 1812 2941 judicare,
1846 2878 1896 2926 id
1913 2877 2138 2942 estquod
2161 2894 2216 2924 ex
2236 2876 2421 2940 justitia

289 2949 458 3012 cuique
487 2950 714 3004 debeatur
731 2988 752 3012 ,.
781 2969 1085 3016 cognoscere.
1124 2954 1364 3005 Christum
1396 2966 1567 3022 autem·
1588 2958 1688 3008 Det
1707 2958 1989 3023 sapientiam
2011 2966 2063 3005 et
2081 2958 2178 3004 Dei.
2193 2957 2418 3003 virtutem

295 3029 842 3091 Apostolus-nominat⁹;
880 3033 1165 3096 sapientiam·
1190 3034 1395 3097 quidem
1417 3052 1503 3099 per
1528 3053 1684 3103 quam,
1704 3039 1866 3086 omnia
1895 3037 1960 3084 ad
1989 3038 2227 3100 integrum
2258 3034 2412 3093 novit,

333 3179 425 3210 1Αεε.
444 3179 575 3219 Apost.,
600 3189 669 3220 cap.
694 3189 716 3219 ι,
742 3190 769 3213 v.
789 3184 818 3214 Ἰ.
837 3198 876 3204 -
889 3182 999 3214 ²L11c..
1021 3191 1092 3223 cap.
1111 3192 1189 3224 xxu,
1209 3192 1239 3214 v.
1257 3186 1309 3217 29.
1387 3194 1433 3225 lx,
1451 3196 1481 3218 v.
1500 3189 1546 3219 17.
1570 3204 1604 3210 —
1624 3189 1634 3206 Β
1652 3186 1765 3219 Psalm.
1787 3196 1887 3228 xxxv,
1902 3197 1931 3220 ν.
1950 3190 1981 3220 ’1.
1996 3205 2032 3209 -
2047 3188 2058 3207 ⁹
2072 3187 2098 3227 1,
2120 3185 2288 3224 Corinth..
2303 3194 2374 3225 cap·
2389 3194 2413 3224 ¹2

295 3251 331 3256 -
343 3235 355 3253 ³
371 3232 477 3273 Joau„
495 3243 564 3274 cap.
583 3244 707 3275 Xylin'·
722 3237 845 3270 lla->⁴
862 3236 955 3277 tuo„
973 3246 1043 3278 cap.
1059 3246 1152 3278 xxm,
1170 3248 1198 3271 v-
1211 3240 1315 3272 46.-
1387 3250 1417 3275 v.
1433 3242 1486 3274 24.

297 3285 423 3326 6δοεη,
437 3296 508 3327 cap.
519 3297 549 3326 v,
561 3297 590 3321 v.
607 3291 709 3325 22,;-
722 3291 734 3309 ⁶
744 3289 937 3331 loanmzap.
947 3294 1114 3331 nv‚.v..22.
1127 3293 1310 3325 *⁷Psalm.
