2638 3866
1130 457 1628 533 MAGISTRI

529 692 1080 832 PETRI
1210 690 2209 834 ABAELARDI

610 994 1072 1054 FRAGMENTA
1115 995 1578 1054 THEOLOGIAE
1623 994 2130 1057 CHRISTIANAE.

343 1397 439 1435 Cum
473 1408 563 1447 pars
586 1395 722 1433 ultima
745 1394 955 1433 voluminis
978 1394 1097 1442 hujus
1123 1395 1352 1444 jamdudum
1382 1396 1485 1449 typis
1521 1394 1703 1434 mandata
1725 1403 1832 1443 erat,
1854 1394 2074 1434 inciderunt
2104 1395 2144 1433 in
2167 1407 2304 1434 manus
2327 1395 2439 1448 frag*

287 1467 416 1496 menta
441 1458 637 1509 quaedam,
662 1467 700 1496 et
725 1458 791 1495 illa
819 1457 977 1508 quidem
1005 1471 1084 1495 non
1108 1458 1312 1498 mediocris
1332 1459 1462 1512 pretii,
1487 1460 1692 1510 Theologiae
1712 1460 1938 1498 Christiana·
1958 1457 2082 1497 nostri
2105 1456 2314 1507 Abaelardi,
2339 1471 2427 1509 quae

283 1521 387 1572 apud
414 1521 686 1559 bibliothecam
710 1521 976 1559 Cassinensem
1004 1530 1156 1572 reperta
1179 1521 1240 1559 vir
1268 1522 1363 1561 clar.
1384 1522 1500 1574 Luigi
1529 1521 1633 1560 Tosti
1659 1521 1806 1573 primus
1830 1521 1872 1559 in
1891 1521 2019 1559 lucem
2040 1520 2182 1570 edidit,
2204 1519 2255 1558 ad
2285 1520 2431 1559 calcem

282 1584 373 1622 libri
389 1584 598 1622 doctissimi
622 1584 684 1622 cui
704 1584 838 1621 titulus
861 1592 917 1621 est
940 1587 1069 1623 Storia
1091 1586 1134 1621 di
1151 1584 1352 1622 Abaelardo
1377 1599 1398 1623 ε
1421 1587 1486 1622 dei
1510 1587 1593 1622 suoi
1618 1585 1747 1635 tempi,
1768 1584 1927 1636 Napoli,
1950 1583 2211 1631 1851‚in-8⁰‚
2234 1597 2325 1636 pag.
2349 1585 2428 1622 286

280 1654 319 1684 et
341 1659 428 1698 sqq.
451 1649 544 1695 Quae
567 1647 724 1698 quidem
746 1646 818 1684 etsi
845 1659 932 1684 sei-o
952 1646 1204 1694 innotuerint,
1225 1661 1298 1686 nec
1317 1648 1405 1686 ideo
1423 1656 1511 1700 apte
1541 1661 1611 1686 suo
1630 1649 1716 1685 loco
1736 1647 1934 1698 potuerint
1954 1646 2115 1699 apponi,
2137 1659 2182 1684 ea
2200 1654 2437 1698 praepostere¹

281 1708 400 1747 inseri
422 1723 537 1760 quam
558 1723 717 1760 prorsus
737 1709 861 1746 omitti
880 1709 1102 1756 maluimus,
1118 1710 1463 1762 producimusque‚
1479 1719 1522 1748 ut
1538 1710 1690 1748 occasio
1708 1709 1797 1748 data
1815 1718 1887 1758 est,
1907 1710 2018 1762 quasi
2037 1709 2079 1748 in
2097 1710 2296 1758 extremis,
2321 1718 2433 1748 ante-

279 1784 398 1823 quam
419 1772 588 1823 incoepto
611 1771 722 1823 operi
741 1772 858 1809 finem
876 1771 1137 1823 imponamus,

343 2170 394 2236 [α
414 2171 507 2218 Sed
549 2188 712 2218 rursus
746 2170 943 2233 singulis
985 2170 1086 2216 istis
1127 2168 1418 2216 difficillimae
1462 2179 1724 2216 occurrunt
1762 2168 2083 2233 objectiones,
2127 2179 2181 2216 ut
2217 2179 2425 2234 utroque

271 2269 424 2300 cornu
461 2252 666 2315 graviter
702 2251 849 2298 fldem
883 2261 1100 2298 nostram
1135 2260 1383 2315 oppugnet
1415 2249 1796 2315 complexio¹....
1820 2249 1870 2315 n]

338 2375 499 2418 Potest
542 2371 695 2418 facere
726 2373 855 2417 Deus
892 2381 946 2417 ut
980 2370 1058 2417 ille
1097 2370 1304 2417 salvetur
1339 2370 1423 2434 qui
1462 2386 1562 2416 non
1599 2380 1667 2416 est
1702 2369 1981 2428 salvandus,
2023 2370 2098 2418 vel
2137 2386 2284 2434 quem
2319 2386 2420 2417 non

270 2461 340 2500 est
357 2451 544 2498 bonum
566 2452 762 2510 salvari3
789 2468 902 2515 ergo
926 2460 1084 2516 potest
1108 2450 1262 2497 facere
1288 2449 1337 2496 id
1361 2450 1496 2514 quod
1523 2467 1622 2496 non
1646 2461 1715 2497 est
1737 2450 1925 2497 bonum
1948 2466 2058 2497 eum
2086 2450 2255 2497 facere.
2274 2449 2420 2507 Quod

270 2533 399 2579 enim
433 2549 533 2579 non
565 2532 698 2593 facit,
725 2548 825 2578 non
852 2541 921 2577 est
943 2531 1130 2577 bonum
1157 2547 1270 2576 eum
1296 2530 1481 2589 facere3
1512 2530 1725 2594 alioquin
1748 2530 2007 2577 dimitteret
2029 2529 2079 2576 id
2103 2529 2259 2576 facere
2282 2529 2418 2593 quod

269 2623 337 2659 est
371 2613 556 2659 bonum
591 2629 702 2659 eum
737 2612 907 2659 facere.
945 2612 994 2658 Si
1029 2610 1199 2658 melius
1229 2621 1351 2658 esset
1383 2627 1553 2657 omnes
1582 2610 1805 2657 homines
1839 2610 2009 2658 salvari
2042 2626 2190 2674 quam
2215 2609 2413 2674 aliquis,

268 2703 313 2740 et
347 2696 474 2740 Deus
508 2693 627 2740 illud
660 2703 821 2758 posset
855 2692 990 2757 quod
1028 2691 1199 2739 melius
1235 2701 1385 2750 esset,
1421 2701 1467 2738 et
1498 2691 1633 2755 quod
1669 2692 1826 2738 minus
1866 2690 2054 2738 bonum
2088 2699 2162 2737 est
2211 2690 2411 2752 faceret,

268 2774 431 2837 utique
462 2791 562 2820 non
597 2784 716 2820 esset
748 2773 954 2838 perfecte
986 2772 1161 2819 bonus.
1196 2772 1242 2818 Si
1275 2789 1376 2818 non
1410 2781 1568 2836 potest
1599 2774 1731 2819 Deus>
1758 2772 1912 2819 facere
1945 2772 2035 2818 nisi
2065 2770 2199 2835 quod
2223 2770 2414 2817 bonum

267 2863 338 2899 est
376 2871 487 2900 eum
519 2854 697 2912 facere,
729 2871 829 2900 non
861 2863 1019 2918 potest
1044 2853 1225 2899 salvare
1256 2868 1368 2898 eum
1400 2869 1545 2916 quem
1577 2869 1677 2899 non
1709 2851 1926 2910 salvabit,
1958 2852 2071 2916 quia
2102 2867 2214 2898 eum
2245 2851 2411 2915 utique

266 2950 366 2979 non
398 2943 467 2979 est
491 2933 680 2980 bonum
706 2933 893 2981 salvari.
924 2936 1034 2980 Duo
1066 2942 1179 2979 sun't
1206 2941 1414 2995 egenteS,
1446 2948 1654 2996 quorum
1680 2943 1882 2996 uterque
1911 2948 2045 2996 aeque
2071 2931 2245 2995 dignus
2277 2931 2412 2978 elee-

265 3030 493 3077 mosyna;
530 3014 663 3060 alteri
700 3014 778 3060 illa
814 3013 972 3072 datur,
1013 3014 1126 3077 quia
1156 3012 1307 3059 dividi
1341 3029 1442 3059 non
1477 3022 1657 3078 potest,
1691 3030 1780 3060 nec
1816 3013 2031 3076 utrisque
2065 3011 2283 3059 sufficere
2316 3027 2410 3076 po-

262 3105 354 3142 test
379 3111 390 3142 :
420 3093 504 3141 sed
538 3110 846 3158 nequaquam
875 3095 995 3140 ratio
1023 3104 1092 3140 est
1115 3111 1201 3140 cur
1224 3093 1292 3140 illi
1316 3093 1456 3140 detur
1480 3095 1642 3159 potius
1671 3111 1818 3159 quam
1842 3094 1940 3155 isti,
1967 3110 2057 3140 nec
2090 3093 2232 3157 igitur
2261 3091 2407 3142 ratio-

301 3282 309 3301 ¹
332 3280 415 3312 Vide
430 3287 541 3319 supra,
559 3286 635 3318 pag.
652 3279 709 3311 561
729 3278 826 3318 hujus
846 3278 1031 3310 voluminis.
1050 3276 1128 3315 Quae
1145 3278 1237 3309 uncis
1256 3277 1519 3309 intercluduntur
1535 3279 1603 3318 Jam
1620 3278 1707 3309 edita
1722 3282 1828 3310 erant.
