2638 3866
867 165 927 215 lN
962 165 1292 215 EPISTOLAM
1327 166 1407 215 AD
1440 164 1745 213 ROMANOS.
2283 166 2378 213 277

232 282 394 322 autem
427 268 530 330 filii,
557 287 580 314 »
606 266 787 316 scilicet
807 266 1103 334 adoptionis,
1139 267 1305 332 utique
1335 286 1358 314 «
1373 277 1418 315 et
1441 265 1683 314 heredes»
1711 266 1824 331 quia
1858 265 1920 315 ad
1942 265 2038 314 hoc
2063 264 2376 332 adoptantur,

231 353 284 403 id
320 362 390 402 est
421 350 565 418 gratis
610 349 868 414 eliguntur,
904 357 959 396 ut
991 348 1310 397 hereditatem
1339 357 1672 413 assequantur.
1711 347 1959 396 «Heredes
1990 346 2187 413 quidem
2219 348 2326 410 Dei,
2353 368 2376 393 η

231 435 283 484 id
308 443 380 483 est
399 433 568 494 Patris,
587 441 636 479 et
673 450 695 476 «
721 429 998 479 cohaeredes
1028 429 1220 491 Christi,
1244 449 1267 474 »
1300 429 1349 477 id
1371 439 1442 477 est
1473 428 1704 477 naturalis
1734 429 1836 493 ejus
1864 428 1967 491 filii,
2004 430 2051 476 in
2083 428 2163 477 illa
2195 428 2375 478 scilicet

230 514 542 565 beatitudinis
576 511 872 580 professione
906 521 1158 578 perpetua.
1204 511 1428 559 Ostendit
1462 520 1702 576 quantum
1736 510 1796 557 sit
1830 511 2019 575 assequi
2059 510 2191 558 illam
2233 509 2381 558 here-

233 597 435 646 ditatem
469 594 577 654 Dei,
609 609 694 659 per
724 610 871 658 quam
900 592 999 640 filio
1030 593 1133 657 ejus
1164 592 1354 640 Christo
1389 592 1565 639 similes
1588 590 1843 639 efficimur.
1886 612 1909 635 «
1927 592 1975 638 Si
2008 601 2187 639 tamen.
2212 612 2233 634 n
2272 591 2380 639 Dixi

233 699 257 726 κ
282 676 499 726 haeredes
526 691 709 734 sumuS,
730 694 753 719 »
781 673 874 722 hac
898 684 1060 721 tamen
1087 673 1376 734 intentione,
1407 692 1429 718 «
1458 672 1497 719 si
1520 671 1844 737 compatimur
1865 691 1887 715 ω
1918 672 2008 737 ipsi
2031 671 2243 732 Christo,
2269 673 2380 736 quia

230 775 331 807 non
357 755 677 806 coronabitur
700 755 807 820 quis
828 755 918 802 nisi
938 755 1022 820 qui
1050 754 1260 819 legitime
1279 753 1553 814 certaverit,
1577 752 1805 800 adversus
1824 751 2039 799 hostium
2060 750 2280 799 videlicet
2298 769 2381 800 seu

227 839 457 888 vitiorum
470 837 904 902 impugnationem.
924 839 980 884 Et
994 836 1126 901 quia,
1138 846 1191 883 ut
1208 835 1275 885 ait
1288 835 1576 900 Cyprianus,
1596 843 1856 899 martyrem
1877 850 1974 881 non
1995 832 2105 880 facit
2120 849 2281 898 poena,
2299 833 2382 881 sed

228 936 401 969 causa:
425 918 600 967 addit«
622 927 675 965 ut
690 916 1132 982 conglorificemur,
1148 936 1171 961 »
1192 916 1243 964 id
1263 926 1334 965 est
1353 917 1392 963 si
1415 916 1480 964 ita
1498 915 1708 981 patimur
1727 924 1780 962 ut
1796 931 1909 962 cum
1922 913 2110 962 Christo
2127 911 2380 977 glorificari

227 1000 362 1066 digni
382 1000 546 1048 simus.
571 997 718 1058 Quod
740 1008 856 1046 tunc
879 998 950 1060 fit,
980 998 1181 1063 quando
1204 999 1376 1045 caritas
1406 996 1468 1045 ad
1497 995 1784 1062 patiendum
1804 1004 2058 1061 praeparat,
2084 1010 2184 1041 non
2210 1010 2382 1042 neces-

226 1082 339 1131 sitas
362 1080 525 1142 trahit,
548 1090 595 1128 et
618 1095 708 1146 pro
729 1079 919 1128 Christo
944 1080 1085 1129 sicuti
1102 1096 1193 1146 pro
1217 1079 1360 1127 nobis
1381 1098 1393 1140 ;
1422 1087 1476 1125 ut
1493 1078 1561 1125 sic
1588 1078 1631 1125 ei
1654 1086 1879 1124 mutuum
1909 1075 2170 1124 solvamus,
2201 1077 2383 1123 Omnes

226 1163 388 1229 itaque
410 1172 651 1228 quantum
674 1161 723 1209 in
741 1162 855 1227 ipsis
874 1172 946 1210 est
963 1178 1053 1229 pro
1077 1178 1136 1210 eo
1159 1160 1543 1227 compatiuntur,
1565 1159 1862 1225 quicunque,
1891 1167 1944 1205 ut
1967 1156 2194 1219 diximus,
2211 1173 2302 1222 pro
2325 1174 2383 1205 eo

226 1245 325 1310 pati
348 1244 502 1311 parati
533 1252 663 1304 sunt,
700 1242 739 1290 si
769 1242 992 1291 videlicet
1024 1243 1114 1310 ipsi
1145 1242 1446 1309 persecutori
1484 1258 1586 1288 non
1623 1240 1817 1302 desunt,
1842 1239 1953 1287 licet
1980 1239 2048 1286 eis
2079 1237 2202 1286 desit
2224 1255 2383 1303 perse-

224 1334 382 1374 cutor.
419 1346 440 1368 α
467 1323 698 1372 Existimo
735 1324 884 1372 enim.
910 1343 931 1370 ι»
969 1326 1035 1373 Ac
1071 1324 1110 1372 si
1148 1324 1321 1389 aliquis
1353 1332 1619 1388 quaereret:
1658 1324 1804 1369 Estne
1838 1329 1969 1367 tanta
2002 1318 2082 1367 illa
2113 1318 2382 1380 haereditas,

227 1415 284 1454 ut
312 1423 404 1473 pro
437 1422 494 1454 ea
523 1404 849 1472 promerenda
886 1405 1170 1471 patiendum
1201 1405 1259 1452 sit
1291 1419 1445 1468 usque
1479 1402 1541 1450 ad
1574 1412 1781 1449 mortem
1815 1401 1940 1448 sicut
1971 1399 2188 1447 Christus
2220 1415 2385 1465 passus

223 1487 337 1535 est?
379 1486 656 1553 Respondet
696 1504 706 1533 ε
750 1489 906 1534 Immo
942 1496 1123 1534 tantam
1163 1502 1265 1550 esse
1303 1485 1549 1546 existimo,
1591 1492 1644 1530 ut
1687 1482 1853 1530 omnia
1893 1482 2062 1529 merita
2098 1480 2380 1538 hominum,

224 1575 656 1631 quantumcunque
679 1565 770 1630 ipsi
800 1564 1030 1631 patiendo
1067 1571 1362 1625 mereantur,
1389 1563 1533 1627 longe
1570 1560 1787 1609 excedat.
1821 1562 1878 1609 Et
1908 1559 2005 1607 hoc
2030 1568 2101 1607 est
2122 1558 2257 1624 quod
2281 1559 2345 1606 ait
2370 1578 2380 1605 ε

228 1647 380 1693 «Non
423 1655 538 1694 sunt
577 1644 832 1710 condignae
868 1646 1119 1711 passiones
1160 1644 1307 1709 hujus
1342 1643 1602 1709 temporis,
1625 1661 1648 1687 »
1688 1642 1739 1689 id
1782 1650 1852 1689 est
1887 1639 2178 1706 temporales
2214 1639 2302 1686 illae
2340 1649 2386 1687 et

223 1726 508 1774 transitoriae
544 1724 893 1788 tribulationes,
934 1735 1339 1791 quantaecumque
1369 1724 1567 1783 fuerint,
1599 1739 1702 1770 non
1736 1729 1847 1770 sunt
1869 1722 1989 1770 tanti
2027 1720 2203 1780 meriti,
2242 1729 2296 1766 ut
2319 1721 2386 1767 eis

223 1806 457 1856 debeatur
478 1806 557 1855 illa
582 1806 838 1854 ineffabilis
861 1817 906 1854 et
930 1816 1105 1855 aeterna
1139 1806 1290 1872 gloria
1323 1806 1492 1853 suturae
1521 1805 1645 1863 vitae,
1680 1821 1786 1870 quae
1806 1796 2099 1852 revelabitur
2128 1802 2177 1849 in
2207 1800 2350 1849 nobis
2372 1820 2380 1847 :

226 1889 341 1954 quia
374 1909 396 1933 (ι
412 1888 515 1953 Jam
547 1886 632 1935 filii
662 1887 751 1935 Dei
786 1905 953 1936 sumus
972 1924 984 1947 ,
1005 1908 1028 1931 2>
1068 1888 1191 1935 sicut
1226 1887 1460 1953 scriptum
1495 1895 1584 1948 est,
1624 1885 1743 1933 «sed
1783 1884 2003 1933 nondum
2035 1892 2235 1949 apparet
2267 1884 2385 1946 quid

222 1969 416 2016 erimus.
440 1987 464 2013 »
486 1967 612 2016 Nulli
638 1968 769 2015 enim
794 1969 1090 2030 transitorio,
1118 1969 1340 2033 quamvis
1362 1968 1421 2015 sit
1446 1967 1636 2015 bonum
1664 1983 1721 2014 ex
1751 1965 1930 2026 debito,
1965 1963 2184 2011 redditur
2214 1979 2385 2028 perpe-

222 2059 362 2097 tuum
386 2049 594 2111 bonum,
630 2048 716 2096 sed
743 2066 830 2115 per
853 2050 1054 2113 gratiam
1077 2051 1166 2097 Dei
1197 2049 1380 2097 meritis
1410 2048 1587 2096 nostris
1617 2046 1980 2112 superadditam
2004 2044 2055 2091 id
2082 2044 2379 2105 obtinemus,

222 2131 284 2180 ad
321 2130 454 2196 quod
494 2146 806 2196 nequaquam
840 2131 1025 2178 meritis
1058 2148 1116 2179 ex
1150 2130 1327 2178 nostris
1358 2128 1736 2177 sufficiebamus
1773 2130 1830 2173 Et
1864 2127 1903 2174 si
1935 2125 2190 2189 diligenter
2227 2133 2382 2171 atten-

229 2210 418 2268 damus,
456 2211 577 2258 nihil
600 2211 928 2258 transitorium
959 2211 1104 2259 etiam
1126 2210 1248 2259 boni
1277 2210 1666 2258 remuneratione
1690 2208 1894 2272 dignum
1928 2216 2013 2254 est.
2051 2204 2163 2252 Sola
2201 2205 2382 2270 quippe

221 2291 412 2352 caritas,
438 2308 543 2357 quae
565 2308 818 2357 nunquam
843 2292 1038 2351 excidit,
1063 2293 1211 2340 vitam
1235 2301 1542 2357 promeretur
1561 2299 1790 2338 aeternam
1815 2308 1825 2336 z
1853 2299 1898 2336 et
1925 2287 2203 2352 quicunque
2227 2302 2381 2351 aequa—

220 2372 288 2420 les
323 2383 435 2421 sunt
467 2373 689 2436 caritate,
718 2390 859 2439 pares
892 2374 1025 2441 apud
1050 2377 1207 2421 Deum
1239 2371 1425 2420 habent
1457 2371 1902 2430 remunerationes,
1930 2369 2018 2417 etsi
2053 2368 2172 2416 alter
2207 2366 2381 2415 effectu

220 2454 429 2502 caritatis
454 2453 669 2520 privetur
691 2454 855 2520 aliquo
875 2472 988 2504 casu
1007 2454 1314 2521 praepeditus.
1340 2453 1481 2501 Unde
1500 2462 1547 2499 et
1571 2452 1743 2500 merito
1762 2454 1815 2498 B.
1832 2450 2124 2516 Augustinus
2146 2447 2379 2512 aequalem

220 2535 282 2582 de
314 2535 546 2601 martyrio
575 2552 809 2584 coronam
841 2537 1008 2585 asserit
1037 2537 1218 2585 habere
1242 2539 1482 2584 Joannem
1513 2534 1598 2599 qui
1628 2549 1796 2599 passus
1823 2549 1924 2580 non
1954 2541 2046 2593 est,
2078 2539 2309 2594 quantam
2333 2538 2380 2575 et

221 2618 386 2663 Petrus
408 2615 556 2663 habet
583 2616 667 2680 qui
690 2633 856 2682 passus
884 2627 972 2678 est,
1000 2628 1053 2665 ut
1081 2635 1183 2666 non
1207 2627 1304 2665 tam
1326 2615 1568 2682 passionis
1587 2613 1813 2662 affectum
1832 2630 1980 2678 quam
2004 2611 2229 2659 effectum
2250 2611 2380 2656 Deus

220 2696 453 2744 attendat.

291 2797 313 2820 (ι
347 2780 470 2824 Nam
509 2779 797 2843 expectatio.
827 2798 851 2823 »
881 2783 1008 2827 Bene
1044 2779 1142 2827 dixi
1179 2780 1388 2827 futuram
1418 2777 1620 2842 gloriam
1655 2792 1763 2841 quae
1798 2774 2088 2822 revelabitur
2119 2773 2169 2819 in
2204 2770 2375 2830 nobis,

220 2857 400 2906 scilicet
428 2856 538 2905 filiis
557 2858 669 2918 Dei;
698 2859 812 2923 quia
835 2858 962 2907 hanc
982 2861 1328 2908 revelationem
1353 2858 1533 2906 scilicet
1556 2857 1719 2922 gloriae
1740 2855 1849 2904 filiis
1873 2856 1963 2903 Dei
1986 2853 2159 2902 debitae
2183 2869 2379 2919 exspec-

221 2938 340 2986 tatio
375 2937 594 2986 fidelium
633 2939 857 2987 omnium
893 2949 1153 3006 exspectat.
1184 2943 1249 2988 Ac
1283 2940 1322 2987 si
1355 2940 1570 2987 diceret:
1598 2940 1892 3003 Exspectans
1923 2934 2255 3001 unusquisque
2293 2944 2377 2981 ex—

220 3029 428 3085 spectat,
456 3019 580 3067 sicut
609 3019 804 3080 dicitur,
837 3040 860 3066 «
883 3031 1052 3069 euntes
1075 3020 1227 3084 ibant,
1254 3042 1276 3065 n
1302 3021 1400 3072 hoc
1423 3029 1494 3068 est
1520 3029 1884 3085 perseveranter
1907 3028 2052 3083 atque
2075 3014 2379 3064 confidenter

218 3110 440 3166 sperant,
485 3100 630 3148 bonis
676 3101 854 3149 scilicet
900 3102 1131 3168 operibus
1169 3119 1277 3151 eam
1320 3108 1671 3168 promerentes.
1718 3118 1742 3145 «
1763 3098 2122 3147 Revelationem
2166 3095 2375 3143 filiorum

219 3181 327 3243 Dei,
348 3199 371 3226 »
394 3181 445 3229 id
478 3191 548 3230 est
574 3183 1022 3231 remunerationem
1047 3183 1203 3245 illam,
1231 3185 1281 3232 in
1306 3199 1402 3249 qua
1430 3179 1725 3230 revelabitur
1752 3181 1838 3246 qui
1866 3179 1952 3228 filii
1986 3179 2075 3227 Dei
2104 3178 2216 3238 sint,
2243 3186 2291 3225 et
2314 3175 2374 3222 ad

219 3261 367 3309 vitam
399 3262 742 3328 praedestinati,
768 3264 903 3330 quod
936 3264 1096 3314 adhuc
1127 3264 1375 3314 occultum
1394 3273 1483 3313 est.
1511 3265 1792 3311 Creaturam
1828 3279 1912 3313 eos
1934 3261 2069 3322 dicit,
2105 3259 2217 3325 quia
2240 3271 2375 3305 crea-
