2638 3866
289 197 352 243 34
1089 181 1258 229 PETm
1294 177 1610 228 AssAELARm

290 304 422 343 tanto
457 293 669 358 pejores,
711 284 929 333 civilibus
960 282 1097 330 bellis
1131 280 1392 345 inquietare
1429 278 1684 326 Ecclesiam
1718 295 1815 325 non
1853 287 2054 326 cessant.
2095 281 2245 343 Atque
2276 287 2326 325 ut
2359 278 2421 324 ad

292 384 453 422 nostra
475 372 718 419 veniamus
754 376 999 430 tempora,
1031 362 1204 428 quibus
1228 365 1330 426 jam
1360 358 1495 405 aiunt
1518 357 1641 406 adeo
1673 375 1914 423 repressos
1940 375 2042 406 esse
2071 368 2126 406 ut
2153 359 2254 423 jam
2287 357 2421 405 nullo

294 454 404 501 fidei
427 451 736 499 fundamento
757 446 816 492 sit
835 461 957 510 opus
985 461 994 490 :
1022 442 1180 489 nullos
1202 442 1251 488 in
1274 449 1457 486 tantam
1481 438 1596 485 olim
1620 439 1854 487 insaniam
1880 440 2153 505 prorupisse
2175 439 2423 486 haereticos

294 534 543 598 quisquam
572 526 795 586 audierit,
831 533 1007 589 quanta
1031 521 1251 569 nonnulli
1275 529 1796 584 contemporaneorum
1830 530 2105 567 nostrorum
2140 518 2422 567 debacchati

294 622 403 659 sunt
424 629 433 656 z
459 607 774 671 Tanquelmus
808 603 1005 668 quidam
1037 603 1185 650 laicus
1209 616 1364 665 nuper
1388 599 1437 645 in
1468 598 1706 661 Flandria,
1733 602 1895 647 Petrus
1919 600 2167 666 presbyter
2193 612 2348 665 nuper
2373 599 2423 645 in

294 690 544 738 Provincia
559 726 571 749 ,
596 697 647 734 ut
665 703 722 734 ex
747 685 906 732 multis
928 684 1114 747 aliquos
1136 682 1185 728 in
1210 680 1423 728 medium
1449 679 1793 746 producamus.
1820 682 2041 738 Quorum
2062 680 2261 746 quidem
2287 675 2420 738 alter,

291 770 607 835 Tanquelmus
637 766 831 827 scilicet,
863 765 911 811 in
941 772 1120 810 tantam
1145 777 1194 808 se
1216 770 1428 808 erexerat
1454 760 1764 822 dementiam,
1791 771 1845 808 ut
1867 778 1917 808 se
1939 761 2026 809 Dei
2048 761 2199 808 filium
2224 759 2424 808 vocitari

293 860 434 916 atque
463 847 723 908 decantari,
750 855 795 893 et
817 861 845 892 a
867 843 1064 892 seducto
1092 841 1296 908 popuIO,
1322 850 1376 888 ut
1398 840 1589 904 dicitur,
1616 841 1850 908 templum
1874 841 2099 890 aedificari
2120 841 2209 889 sibi
2231 841 2421 889 faceret.

293 931 419 978 Alter
442 947 557 977 vero
579 930 643 976 ita
668 928 761 975 sere
784 942 979 973 omnem
1003 923 1296 982 divinorum,
1326 938 1572 970 sacrorum
1605 931 1652 970 et
1680 922 2005 970 ecclesiasticae
2025 923 2256 971 doctrinae
2282 922 2426 969 insti-

291 1012 524 1058 tutionem
541 1017 805 1067 enervarat,
821 1015 872 1052 ut
888 1005 1064 1051 multos
1083 1002 1367 1069 rebaptizari
1382 1012 1589 1068 cogeret,
1610 1012 1657 1050 et
1669 1002 1940 1051 venerabile
1955 1004 2220 1051 Dominicae
2237 1003 2424 1067 signum

291 1091 444 1138 crucis
481 1087 828 1137 removendum
864 1085 1053 1151 penitus
1086 1092 1301 1132 censeret
1320 1121 1332 1145 ,
1371 1093 1516 1148 atque
1560 1084 1717 1131 altaris
1764 1094 2117 1134 sacramentum
2155 1083 2426 1132 nullatenus

291 1169 629 1218 celebrandum
652 1184 751 1215 esse
774 1165 977 1231 amplius
997 1173 1243 1213 astrueret.

356 1250 449 1298 Sed
472 1266 560 1296 nec
583 1248 831 1311 magistros
848 1246 1126 1293 divinorum
1146 1243 1402 1307 librorum,
1417 1246 1501 1309 qui
1520 1262 1650 1292 nunc
1664 1246 1869 1293 maxime
1893 1247 2019 1293 circa
2036 1262 2125 1293 nos
2150 1244 2428 1310 pestilentiae

290 1330 538 1377 cathedras
582 1338 760 1387 tenent,
787 1325 1144 1392 praetereundos
1167 1325 1475 1387 arbitramur,
1513 1342 1724 1390 quorum
1762 1342 1888 1374 unus
1920 1327 1970 1374 in
1993 1326 2209 1387 Francia,
2236 1325 2353 1373 alter
2376 1325 2425 1371 in

290 1409 588 1474 Burgundia,
626 1408 790 1455 tertius
828 1408 877 1453 in
914 1423 1039 1471 pago
1082 1405 1407 1471 Andegavensi
1423 1444 1434 1466 ,
1476 1416 1677 1470 quartus
1710 1407 1759 1454 in
1803 1407 2107 1467 Bituricensi,
2150 1406 2299 1453 multa
2342 1421 2429 1452 ca-

290 1490 475 1537 tholicae
512 1488 622 1536 fidei
662 1488 737 1536 vel
777 1488 950 1535 sanctis
990 1486 1221 1534 doctrinis
1263 1487 1464 1535 adversa
1503 1503 1604 1535 non
1648 1486 1807 1535 solum
1847 1496 2040 1547 tenent,
2077 1503 2246 1534 verum
2286 1486 2427 1534 etiam

289 1571 480 1618 docent.
2449 1629 2452 1632 Δ

354 1652 538 1698 Primus
557 1650 751 1715 quidem
774 1650 867 1713 ille,
891 1668 1037 1715 quem
1061 1651 1285 1710 diximus,
1309 1651 1410 1698 sine
1431 1649 1526 1697 fide
1549 1650 1750 1698 Venturi
1772 1650 1966 1710 multos,
1985 1650 2067 1714 qui
2084 1659 2194 1697 ante
2210 1649 2427 1696 incarna-

289 1733 466 1779 tionem
490 1732 589 1795 ejus
611 1732 907 1792 exstiterunt,
935 1731 1190 1779 salvandos
1213 1730 1400 1791 asserit;
1425 1731 1689 1778 Dominum
1705 1739 1926 1793 nostrum
1936 1733 2098 1777 Jesum
2114 1730 2358 1778 Christum
2379 1729 2427 1774 in

289 1822 454 1876 aperto
478 1821 614 1860 utero
638 1812 831 1876 virginis
857 1811 1000 1859 fuisse
1022 1821 1208 1871 natum,
1234 1811 1355 1859 sicut
1378 1819 1426 1858 et
1449 1820 1644 1858 caeteros
1667 1810 1908 1872 homines,
1929 1809 2166 1875 nisiquod
2180 1810 2282 1874 ipse
2302 1807 2432 1855 solus

288 1892 390 1938 sine
410 1891 532 1939 virili
555 1892 734 1939 semine
758 1893 818 1939 sit
840 1902 1117 1957 conceptus.
1144 1895 1198 1938 In
1223 1892 1325 1957 ipsa
1342 1891 1542 1956 quidem
1571 1891 1831 1939 divinitatis
1860 1900 2049 1952 natura,
2077 1907 2134 1938 ac
2157 1889 2432 1936 divinarum
2494 1902 2498 1904 ·

288 1988 602 2037 personarum
617 1971 938 2034 distinctione,
955 1973 1022 2020 ita
1033 1981 1445 2038 praesumptuosus
1461 1982 1667 2019 assertor
1687 1972 1948 2032 invenitur,
1962 1981 2014 2019 ut
2026 1971 2138 2035 quia
2151 1972 2279 2019 Deus
2294 1971 2432 2016 Pater

289 2052 527 2115 generavit
551 2051 748 2110 Filium,
786 2051 1069 2118 profiteatur
1103 2055 1260 2099 Deum
1299 2052 1518 2117 genuisse
1555 2053 1783 2118 seipsum.
1824 2054 1982 2110 Quem
2005 2061 2168 2118 aperte
2199 2065 2431 2107 errorem,

288 2132 385 2179 imo
426 2132 643 2180 haeresim
682 2136 732 2179 B.
766 2134 1049 2197 Augustinus
1080 2134 1128 2180 in
1152 2133 1312 2198 primo
1336 2132 1393 2180 de
1422 2134 1655 2179 Trinitate
1677 2132 1849 2180 refellit
1872 2132 2051 2180 dioens¹
2077 2149 2087 2178 z
2125 2152 2148 2175 α
2179 2131 2274 2189 Qui
2298 2137 2437 2195 putat

289 2213 389 2275 ejus
414 2213 635 2277 potentiae
655 2215 809 2260 Deum
835 2224 887 2260 ut
908 2215 1119 2280 seipsum
1142 2215 1243 2280 ipse
1265 2215 1498 2278 genuerit,
1524 2230 1583 2261 eo
1603 2213 1712 2279 plus
1729 2223 1871 2275 errat,
1893 2213 2028 2278 quod
2053 2229 2154 2260 non
2179 2211 2338 2260 solum
2368 2210 2434 2256 ita

288 2293 416 2339 Deus
438 2308 538 2339 non
565 2301 652 2353 est,
679 2291 763 2339 sed
785 2294 1039 2358 spiritualis
1062 2304 1281 2343 creatura
1299 2311 1389 2343 nec
1412 2294 1702 2359 corporalis;
1729 2294 1862 2343 nulla
1885 2295 2017 2342 enim
2036 2311 2111 2342 res
2134 2303 2206 2341 est
2231 2290 2433 2339 omnino

294 2388 400 2437 quae
423 2373 629 2438 seipsam
652 2373 830 2437 gignat.
862 2393 883 2417 υ

357 2452 513 2500 Alter²
546 2469 744 2517 quoque
773 2453 973 2500 totidem
1003 2454 1247 2502 erroribus
1282 2456 1551 2515 involutus,
1578 2464 1674 2502 tres
1697 2456 1746 2502 in
1769 2458 1872 2502 Deo
1898 2456 2237 2520 proprietates,
2262 2469 2432 2500 secun·

293 2531 408 2579 dum
428 2548 546 2596 quas
570 2542 662 2579 tres
686 2531 1043 2596 distinguuntur
1062 2552 1303 2600 personae,
1332 2546 1425 2583 tres
1444 2536 1672 2583 essentias
1703 2535 1914 2583 diversas
1938 2535 2000 2583 ab
2021 2535 2134 2600 ipsis
2155 2533 2372 2599 personis
2387 2542 2436 2579 et

293 2606 352 2652 ab
385 2608 487 2671 ipsa
521 2606 779 2654 divinitatis
809 2618 980 2656 natura
1011 2610 1281 2671 constituit,
1316 2620 1370 2658 ut
1404 2610 1581 2658 scilicet
1616 2611 1875 2676 paternitas
1906 2611 2012 2671 Dei,
2043 2609 2117 2657 vel
2150 2609 2334 2667 filiatio,
2362 2613 2435 2656 vel

294 2681 551 2744 processio,
579 2698 656 2729 res
686 2682 902 2746 quaedam
933 2684 1028 2731 sint
1057 2695 1155 2732 tam
1180 2684 1242 2733 ab
1261 2686 1375 2751 ipsis
1397 2685 1633 2751 personis,
1660 2701 1806 2749 quam
1841 2685 1903 2732 ab
1935 2686 2040 2751 ipso
2063 2688 2165 2731 Deo
2206 2683 2431 2740 diversae,

295 2759 377 2822 qui
425 2761 564 2807 etiam
609 2762 874 2809 Dominum
917 2767 1079 2811 Jesum
1114 2766 1163 2812 in
1218 2782 1449 2831 corpore,
1495 2782 1632 2812 more
1689 2765 1895 2813 aliorum
1935 2765 2191 2812 hominum
2234 2764 2436 2811 crevisse

296 2834 526 2898 denegat,
567 2847 613 2884 et
653 2839 752 2901 ejus
792 2839 1105 2904 longitudinis
1148 2859 1325 2908 corpus
1363 2843 1412 2889 in
1447 2851 1584 2890 utero
1617 2843 1780 2890 matris
1821 2843 1895 2890 vel
1935 2843 1983 2889 in
2021 2843 2157 2890 cunis
2189 2841 2432 2900 exstitisse,

295 2914 430 2977 cujus
471 2917 782 2979 postmodum
818 2920 905 2966 suit
943 2922 992 2968 in
1035 2938 1192 2990 cruce.
1236 2922 1504 2970 Monachos
1543 2933 1703 2971 autem
1730 2932 1873 2988 atque
1906 2923 2168 2983 moniales,
2209 2930 2318 2986 post
2352 2936 2437 2984 pu-

295 2992 474 3041 blicum
524 2995 666 3042 etiam
717 3013 809 3043 suae
851 3000 1161 3062 professionis
1209 3011 1399 3063 votum,
1450 3015 1497 3050 et
1543 3003 1895 3051 benedictionis
1937 3003 2012 3050 vel
2068 2999 2438 3048 consecrationis

338 3149 344 3166 ¹
363 3145 434 3180 Lib.
459 3144 486 3187 l,
504 3156 576 3188 cap.
601 3157 622 3186 ι,
642 3148 741 3189 ορρ.,
764 3152 789 3180 t.
809 3147 895 3189 vul,
912 3151 974 3182 col.
998 3152 1070 3184 749.
1087 3168 1125 3174 —
1147 3153 1158 3171 ²
1183 3150 1329 3191 Queree-
1402 3155 1620 3194 conjecturam
1643 3156 1751 3187 neseio
1770 3164 1810 3187 an
1825 3157 1900 3195 jure
1929 3153 2146 3194 reprehendat
2162 3151 2255 3185 Dom.
2275 3152 2433 3193 Clemens,

294 3206 390 3233 tanus
406 3202 439 3233 in
458 3200 553 3233 Notis
579 3202 625 3233 ad
648 3201 836 3234 Historiam
858 3204 1097 3239 calamitatum
1116 3207 1210 3248 (Vide
1230 3217 1329 3249 supra
1400 3208 1548 3241 Histoire
1566 3209 1745 3249 litteraire,
1768 3214 1793 3241 t.
1816 3209 1887 3248 xil,
1907 3217 1982 3249 pag.
2010 3210 2078 3240 122.

298 3255 346 3287 t.1
363 3278 371 3295 ,
389 3263 463 3295 pag.
488 3252 553 3296 51),
573 3256 761 3287 sententiam
772 3255 929 3291 Roscelini
941 3261 991 3291 hic
1008 3263 1095 3300 carpi
1109 3266 1327 3303 putat3quam
