2638 3866
353 246 447 295 296
1156 248 1325 295 PETRI
1362 247 1675 297 ABAELARDI

355 348 400 392 in
424 346 655 393 sententia
671 346 730 391 sit
745 345 1015 410 perfectius,
1035 357 1081 394 et
1102 348 1150 394 in
1172 348 1329 396 verbis
1347 348 1558 397 brevius,
1582 369 1604 392 α
1623 353 1679 395 Et
1692 347 1814 395 sicut
1830 345 2046 412 praedixit
2067 345 2197 393 idem
2211 346 2370 404 1saias,
2394 345 2481 392 nisi

355 426 587 472 Dominus
600 424 819 483 sabaoth,
841 446 863 470 ³>
882 426 928 474 id
946 439 1014 474 est
1029 429 1340 491 exercituum,
1361 430 1443 494 qui
1460 429 1716 477 adversum
1734 444 1935 492 regnum
1951 422 2130 474 diaboli
2143 441 2255 473 suos
2269 426 2485 491 quotidie

355 505 796 568 dirigitbellatores,
824 508 945 555 sicut
970 510 1198 574 scriptum
1222 521 1292 557 est
1320 530 1328 558 :
1356 510 1633 558 «Terribilis
1660 519 1713 556 ut
1735 519 2001 556 castrorum
2030 507 2155 555 acies
2181 507 2438 554 ordinata¹.
2458 525 2479 549 »

358 607 379 630 «
409 586 689 648 Reliquisset
712 586 853 634 nobis
875 605 1058 650 semen,
1082 610 1103 632 »
1132 589 1181 636 id
1206 601 1275 638 est
1303 608 1413 638 cum
1435 607 1524 655 pro
1548 590 1687 655 culpa
1713 605 1798 636 sua
1820 598 2036 637 nostrum
2061 586 2320 653 populum,
2343 586 2485 633 idest

350 666 600 713 Judaicum
631 677 887 715 excaecaret
910 679 956 716 et
979 686 1006 717 a
1030 671 1177 734 gratia
1202 687 1287 718 sua
1308 680 1592 729 removeret,
1621 681 1667 718 et
1690 670 1826 735 quasi
1861 669 1921 716 ab
1954 686 2065 717 arca
2094 684 2180 716 sua
2207 675 2485 737 corruptam

351 763 594 794 annonam
618 748 888 812 projiceret,
915 751 1277 815 retinuissetque
1302 751 1390 798 sibi
1413 752 1599 817 aliquos
1625 762 1851 816 tanquam
1876 767 2057 809 semen,
2084 749 2204 796 sicut
2236 746 2485 813 Apostolos

350 837 396 873 et
432 837 624 875 caeteros
664 829 878 876 Ecclesiae
917 832 1165 895 primitivae
1201 831 1381 879 fideles.
1425 852 1448 878 «
1481 833 1611 879 Sicut
1645 832 1857 879 Sodoma
1890 831 2143 878 fuissemus
2167 837 2215 876 et
2243 829 2364 875 sicut
2385 829 2487 874 Go-

355 925 529 955 morra.
554 928 576 952 »
606 909 698 957 Ubi
721 911 898 975 pariter
917 929 1026 959 cum
1052 914 1187 977 prole
1210 930 1292 960 sua
1319 924 1540 980 parentes
1563 923 1672 960 sunt
1701 913 2016 973 exterminati,
2043 921 2095 958 ut
2117 926 2207 957 nec
2225 925 2385 956 semen
2411 925 2486 955 re-

350 990 639 1054 linquerent.
669 993 721 1035 In
744 991 924 1038 semine
942 1003 1254 1040 conservatur
1276 994 1450 1041 utilitas
1471 994 1646 1059 prioris
1667 1010 1888 1053 annonae,
1914 1002 1961 1039 et
1986 992 2182 1055 antiqua
2200 989 2487 1037 reviviscunt

352 1080 398 1115 et
423 1079 733 1127 renovantur,
760 1080 805 1117 et
828 1088 884 1118 ex
908 1074 1072 1137 paucis
1090 1075 1238 1121 multa
1257 1084 1590 1140 procreantur.
1619 1074 1694 1120 Sic
1718 1075 1767 1120 in
1801 1073 2036 1139 Apostolis
2057 1081 2105 1119 et
2126 1070 2304 1118 caeteris
2325 1069 2486 1135 primi-

353 1151 456 1196 tivae
477 1150 690 1197 Ecclesiae
714 1152 941 1200 membris
971 1155 1343 1219 praecedentium
1364 1166 1552 1221 patrum
1580 1154 1751 1202 utilitas
1768 1163 1836 1201 est
1859 1161 2237 1218 recompensata,
2260 1161 2306 1199 et
2323 1151 2488 1198 revixit

352 1230 533 1294 religio,
562 1247 829 1295 magnaque
849 1232 968 1280 inibi
985 1234 1156 1282 divinae
1183 1237 1343 1283 messis
1367 1253 1450 1302 per
1469 1236 1747 1283 universum
1767 1234 2003 1281 mundum
2017 1233 2269 1299 pullulavit
2292 1231 2483 1280 utilitas.

355 1310 525 1368 «Quid
549 1327 678 1374 ergo.
706 1331 727 1354 υ
755 1313 1162 1378 Quandoquidem
1191 1333 1291 1363 non
1324 1317 1545 1364 dilectam
1574 1315 1683 1362 fecit
1707 1314 1946 1373 dilectam,
1980 1323 2025 1360 et
2050 1330 2180 1360 nunc
2205 1330 2230 1360 e
2253 1327 2488 1360 converso

353 1390 567 1438 videmus
587 1391 810 1439 dilectam
836 1393 1007 1441 factam
1037 1412 1135 1442 non
1162 1396 1404 1457 dilectam,
1439 1396 1489 1444 id
1521 1406 1591 1444 est
1620 1395 1773 1443 electo
1801 1395 1985 1460 populo
2020 1394 2185 1458 gentili
2209 1402 2365 1440 totum
2393 1391 2488 1440 sere

354 1471 491 1518 lsrael
515 1471 827 1537 reprobatum
850 1491 967 1535 esse,
995 1492 1090 1540 qua
1119 1493 1262 1525 causa
1284 1477 1331 1524 id
1364 1477 1590 1525 accidisse
1615 1476 1853 1535 dicemus,
1890 1474 1951 1522 de
1987 1473 2332 1540 reprobatione
2361 1472 2491 1520 vide-

352 1552 459 1599 licet
481 1553 649 1617 populi
672 1553 778 1600 sui?
815 1558 872 1601 Et
893 1555 989 1603 hoc
1021 1566 1117 1618 est,
1160 1558 1276 1621 quid
1310 1558 1524 1606 dicemus
1563 1574 1706 1623 super
1733 1556 1856 1616 hoc,
1889 1555 2066 1603 scilicet
2101 1553 2235 1619 quod
2272 1544 2485 1618 gentiles,

353 1634 436 1697 qui
460 1634 679 1698 primitus
714 1651 812 1681 non
846 1647 1082 1684 noverant
1113 1639 1360 1701 justitiam,
1394 1639 1443 1685 id
1478 1648 1547 1685 est
1578 1638 1722 1685 fidem
1757 1654 1862 1702 quae
1899 1637 1959 1684 ad
1989 1636 2217 1701 justitiam
2252 1632 2486 1700 perducit,

356 1731 485 1761 nunc
523 1715 894 1779 apprehendunt
926 1717 1184 1780 justitiam,
1231 1719 1360 1766 illam
1396 1719 1573 1766 scilicet
1619 1735 1781 1766 veram
1827 1718 1974 1765 animi
2015 1717 2246 1782 justitiam
2290 1730 2406 1780 quae·
2434 1730 2501 1762 ex.

356 1794 449 1841 tide
473 1804 558 1856 est,
586 1812 686 1842 non
710 1814 815 1861 quae
834 1798 883 1843 in
908 1799 1222 1846 exterioribus
1262 1800 1475 1847 consistit
1505 1799 1747 1865 operibus.
1793 1819 1814 1842 «
1839 1799 1979 1846 lsrael
2001 1815 2133 1858 vere,
2159 1817 2180 1840 υ
2220 1796 2270 1843 id
2308 1806 2377 1843 est
2404 1811 2491 1861 po-

355 1876 495 1939 pulus
519 1875 813 1936 Judaeorum,
845 1898 865 1920 «
884 1879 1114 1926 sectando
1136 1880 1288 1944 legem
1310 1880 1516 1944 justitiae,
1538 1901 1560 1924 »
1589 1879 1638 1926 id
1660 1890 1730 1927 est
1749 1878 2017 1926 exercendo
2040 1877 2373 1925 auctoritatem
2391 1891 2492 1922 cor-

356 1955 532 2019 poralis
555 1956 794 2016 vindictae,
826 1975 965 2005 «non
989 1961 1205 2024 pervenit
1226 1960 1274 2007 in
1299 1960 1470 2024 legem,
1489 1980 1510 2005 η
1534 1960 1583 2008 id
1608 1970 1693 2019 est,
1718 1977 1818 2007 non
1848 1959 2027 2023 recepit
2059 1958 2316 2023 perfectam
2342 1958 2493 2003 Evan-

356 2036 463 2098 gelii
479 2036 768 2100 doctrinam,
798 2055 902 2103 quae
933 2040 1035 2088 sola
1068 2040 1308 2103 justificat.
1347 2043 1506 2098 Quare
1538 2041 1650 2100 hoc,
1678 2041 1865 2105 inquit?
1890 2040 2120 2104 quianon
2155 2035 2488 2103 apprehendit,

354 2115 560 2164 subaudi
578 2117 827 2181 justitiam,
855 2136 960 2184 quae
977 2135 1034 2167 ex
1051 2120 1145 2168 fide
1167 2130 1254 2180 est,
1273 2120 1357 2168 sed
1379 2122 1515 2185 quasi
1530 2121 1763 2185 justitiam
1780 2138 1880 2168 non
1904 2119 2281 2183 verejustitiam‚
2305 2133 2412 2182 quae
2434 2132 2489 2164 ex

356 2197 599 2261 operibus,
626 2198 676 2245 id
702 2208 788 2261 est,
809 2200 924 2264 legis
947 2199 1153 2248 litteram
1174 2201 1473 2248 occidentem
1497 2218 1700 2266 sequens
1722 2201 1771 2248 in
1807 2199 2121 2248 exterioribus
2149 2209 2195 2245 et
2221 2196 2492 2246 carnalibus

358 2276 690 2340 observantiis,
716 2280 947 2345 spirituali
979 2290 1027 2328 et
1060 2282 1258 2345 mystica
1293 2282 1600 2346 intelligentia
1623 2298 1729 2347 quae
1753 2298 1809 2328 ex
1837 2280 1931 2328 fide
1955 2279 2126 2328 Christi
2151 2278 2368 2338 aedificat,
2390 2293 2491 2324 non

355 2367 425 2404 est
445 2358 743 2422 justificatus,
770 2370 816 2407 et
835 2360 1122 2424 justificatus
1141 2363 1264 2409 sicut
1284 2363 1514 2427 scriptum
1538 2373 1606 2409 est
1636 2381 1645 2408 z
1683 2383 1704 2405 ι(
1726 2365 1884 2408 Justus
1907 2378 1962 2408 ex
1995 2359 2089 2407 fide
2112 2359 2243 2406 vivit.
2265 2378 2288 2403 »
2317 2361 2373 2405 Et
2396 2357 2493 2406 hoc

358 2437 467 2485 ideo
491 2440 605 2503 quia
633 2459 656 2485 «
676 2440 985 2488 offenderunt
1007 2442 1055 2488 in
1081 2441 1290 2506 lapidem
1303 2442 1600 2500 offensionis,
1624 2461 1645 2485 n
1663 2442 1711 2488 id
1725 2452 1811 2500 est,
1833 2458 1918 2506 per
1931 2441 2172 2488 Christum
2189 2438 2491 2486 scandalizati

359 2529 485 2578 sunt,
512 2537 656 2585 quem
685 2531 885 2587 propter
918 2523 1142 2570 humanae
1178 2532 1358 2569 naturae
1396 2515 1723 2569 infirmitatem
1757 2525 1911 2569 Deum
1946 2522 2142 2568 minime
2167 2518 2489 2566 crediderunt.

357 2600 522 2647 Solent
544 2601 690 2665 pedes
723 2602 987 2667 impingere
1018 2613 1170 2666 atquev
1192 2602 1373 2650 offendi
1397 2604 1445 2649 in
1472 2603 1629 2668 parvis
1651 2601 1909 2668 lapidibus,
1934 2602 2014 2667 qui
2037 2617 2132 2666 prae
2157 2599 2386 2665 parvitate
2410 2614 2492 2645 sua

364 2681 433 2725 vix
456 2680 638 2728 adverti
659 2693 878 2746 possunt.
907 2683 983 2730 Sic
1006 2693 1054 2730 et
1080 2683 1293 2730 Christus
1317 2700 1408 2748 pro
1431 2684 1663 2748 parvitate
1696 2699 1793 2730 suae
1818 2681 2099 2729 humilitatis
2131 2695 2275 2745 quam
2307 2678 2495 2726 mundo

359 2759 587 2818 exhibuit,
615 2777 644 2809 a
669 2762 840 2810 Judaeis
856 2772 1180 2829 contemptus,
1206 2764 1328 2828 lapis
1353 2763 1454 2827 ejus
1479 2764 1758 2811 offensionis
1782 2763 1932 2810 factus
1950 2771 2038 2824 est,
2066 2770 2119 2807 ut
2136 2761 2186 2807 in
2212 2776 2324 2807 eum
2346 2758 2494 2806 Judaei

364 2854 460 2885 non
481 2841 743 2902 credentes,
770 2844 831 2890 ad
853 2861 908 2891 ea
931 2861 1036 2908 quae
1063 2844 1241 2894 diceret
1264 2844 1644 2907 indignarentur.
1677 2863 1698 2889 (ι
1725 2844 1855 2891 Sicut
1887 2843 2117 2908 scriptum
2149 2850 2219 2888 est
2248 2858 2269 2884 n
2304 2841 2353 2887 in
2389 2840 2494 2905 ipso

364 2918 579 2966 videlicet
596 2922 728 2969 lsaia.
749 2944 769 2966 c<
787 2927 907 2971 Ecce
926 2942 1078 2989 pono.
1098 2946 1120 2967 »
1135 2924 1292 2972 Verba
1309 2925 1456 2971 Patris
1471 2935 1580 2971 sunt
1594 2934 1639 2972 et
1656 2924 1910 2991 promissio
1930 2923 1990 2970 de
2008 2922 2123 2969 Filio
2137 2936 2224 2968 suo
2238 2919 2490 2992 mittendos.

368 3015 390 3040 τ(
412 3000 531 3045 Ecce
555 3017 704 3063 ponO,
724 3022 746 3045 »
774 3003 824 3050 id
847 3013 915 3050 est
930 3005 1028 3067 jam
1053 3005 1183 3069 apud
1203 3021 1279 3051 me
1303 3005 1586 3069 ponendum
1612 3005 1844 3065 delibero,
1875 3005 1924 3051 in
1954 3002 2161 3050 Ecclesia
2189 3000 2371 3047 humile
2394 3000 2496 3047 fun·
2520 3020 2521 3023 ¹

364 3075 660 3138 damentum,
695 3081 777 3127 sed
809 3082 946 3143 forte,
979 3083 1029 3131 id
1059 3094 1128 3131 est
1164 3084 1376 3131 Verbum
1414 3086 1731 3134 incarnatum.
1766 3085 1889 3142 Quia
1918 3084 2047 3130 enim
2073 3082 2191 3146 lapis
2220 3090 2307 3141 est,
2334 3080 2456 3127 Forte
2481 3099 2492 3125 :

352 3149 477 3220 'quia
505 3158 800 3220 offensionis,
821 3162 1019 3222 humile,
1048 3173 1092 3210 et
1117 3163 1175 3210 ab
1201 3164 1557 3213 offendentibus
1581 3167 1630 3212 in
1656 3182 1766 3212 eum
1788 3161 2187 3212 conculcandum.
2223 3180 2245 3206 «
2273 3161 2442 3208 Omnis
2471 3181 2492 3204 »

411 3343 415 3359 ¹
437 3339 532 3373 Cant.
552 3350 580 3374 c.
601 3350 644 3382 vt,
663 3352 692 3375 v.
712 3346 741 3376 3.
