2638 3866
890 154 950 203 ΙΝ
983 153 1313 202 EPISTOLAM
1346 153 1429 202 AD
1466 152 1766 203 ROMANOS.
2306 156 2400 203 225

248 254 607 320 justificantem,
624 255 723 302 sive
741 270 828 320 per
835 254 1068 319 justitiam
1087 271 1146 302 ex
1163 253 1258 302 fide
1274 254 1567 302 venientem.
1584 273 1608 299 «
1619 255 1708 301 Aut
1726 253 1898 302 semini
1914 252 2033 318 ejus.
2044 272 2066 297 ι)
2087 253 2144 302 ld
2160 264 2232 302 est
2249 271 2404 303 exem-

254 336 337 400 plo
366 336 468 400 ejus
495 334 732 383 instructi.
763 354 786 379 α
809 337 870 382 Ut
893 334 1044 383 haeres
1066 345 1191 383 esset
1214 334 1402 383 mundi.
1422 355 1445 379 ›>
1480 333 1534 382 Id
1557 343 1630 382 est
1651 344 1914 400 perpetuus
1937 351 2185 401 possessor
2207 335 2403 383 univer-

253 432 419 464 sorum
454 415 701 464 bonorum
731 432 838 481 quae
871 432 960 482 per
984 415 1349 464 foecunditatem
1371 425 1506 463 terrae
1528 415 1777 481 promissae
1796 414 2143 480 significantur.
2175 416 2403 464 Universa

253 497 433 563 quippe
455 496 671 563 possidet
692 495 843 558 bona,
870 497 955 561 qui
977 497 1142 546 omnia
1167 495 1627 558 habetnecessaria,
1653 505 1702 543 et
1724 495 1769 543 ei
1791 495 1912 543 nihil
1931 495 2097 544 deesse
2123 495 2299 545 dicitur
2321 500 2403 562 qui

255 575 390 624 nullo
422 577 622 642 indiget.
649 576 789 626 Unde
819 577 1077 644 Apostolus
1113 577 1174 625 de
1210 576 1286 626 his
1319 577 1403 642 qui
1433 576 1658 642 exemplo
1696 574 1895 624 Abrahae
1920 578 2279 641 peregrinantes
2311 588 2406 626 ter-

255 674 374 706 rena
395 657 709 725 despiciendo
732 658 942 706 coelestia
966 667 1219 724 appetunt,
1254 658 1343 706 ait¹
1366 676 1376 705 ε
1402 678 1425 702 «
1448 661 1699 723 Tanquam
1725 655 1847 704 nihil
1880 656 2131 718 habentes,
2163 669 2211 706 et
2242 660 2406 707 omnia

256 737 606 803 possidentes.»
621 738 704 787 Vel
720 759 743 784 «
763 749 886 788 esset
901 739 1052 787 haeres
1066 738 1255 800 mundi,
1267 759 1289 783 ›>
1305 738 1356 786 id
1368 749 1440 787 est
1459 738 1549 786 soli
1569 755 1623 786 ex
1640 738 1867 786 universo
1890 737 2076 785 mundo
2098 738 2404 802 eligerentur,

256 827 309 865 ut
330 817 501 867 fierent
523 819 756 868 haeredes.
786 841 810 863 <c
830 821 879 868 Si
901 821 1032 868 enim
1055 821 1154 885 qui.
1178 839 1201 865 »
1229 823 1358 868 Bene
1380 819 1492 868 dico
1516 836 1603 885 per
1625 834 1775 885 opera
1804 817 1921 883 legis
1948 834 2050 865 non
2083 820 2323 884 perveniri
2346 822 2406 868 ad

256 897 583 948 haereditatem
607 900 828 949 fidelibus
851 901 1154 968 promissam.
1181 901 1404 966 Alioquin
1428 920 1451 946 «
1470 900 1590 949 fides
1613 908 1738 948 esset
1761 899 2021 960 exinanita,
2043 918 2066 943 >2
2086 899 2136 947 id
2157 910 2243 962 est,
2266 903 2407 949 meri-

257 988 361 1027 tum
395 979 509 1029 fidei
543 992 845 1044 evacuatum,
884 999 999 1030 cum
1028 999 1163 1048 aeque
1198 981 1417 1030 infideles
1442 981 1567 1029 sicut
1601 979 1768 1028 fideles
1789 995 1939 1045 opera
1973 978 2054 1027 illa
2084 979 2200 1043 legis
2230 980 2409 1029 habere

258 1060 461 1125 possint,
500 1071 547 1109 et
581 1079 669 1129 per
697 1062 794 1111 hoc
828 1063 1041 1112 haeredes
1074 1063 1194 1112 fieri.
1232 1084 1255 1107 ι(
1273 1066 1329 1111 Et
1360 1062 1621 1129 promissio
1649 1060 1848 1123 abolita,
1871 1079 1893 1106 »
1918 1059 1971 1108 id
2004 1070 2076 1108 est
2107 1060 2327 1110 inefficax
2363 1073 2409 1110 et

256 1141 388 1189 irrita
420 1141 561 1191 facta.
601 1146 692 1192 Per
727 1160 875 1210 quam
907 1144 1106 1210 quidem
1144 1143 1519 1211 promissionem
1558 1144 1608 1191 in
1647 1143 1832 1191 semine
1867 1141 2069 1191 Abrahae
2099 1152 2264 1208 gentes
2302 1154 2410 1190 sunt

256 1220 618 1286 benedicendae,
656 1242 763 1290 quae
796 1225 913 1290 legis
944 1242 1094 1292 opera
1127 1242 1228 1273 non
1265 1224 1465 1273 habeut.
1505 1227 1565 1272 Et
1598 1224 1696 1272 hoc
1734 1233 1821 1286 est,
1860 1224 1898 1271 si
1930 1224 2014 1288 qui
2049 1241 2107 1272 ex
2139 1224 2245 1288 lege
2279 1234 2408 1283 sunt,

257 1301 488 1352 subaudis
523 1316 637 1353 sunt
669 1306 903 1367 haeredes,
944 1306 995 1355 id
1031 1317 1119 1370 est,
1157 1307 1242 1373 qui
1275 1322 1427 1373 opera
1458 1305 1574 1371 legis
1605 1304 1807 1364 habent,
1834 1321 1925 1370 pro
1949 1303 2046 1352 hoc
2082 1304 2411 1354 haereditatem

256 1395 521 1448 merentur,
548 1397 641 1436 etc.

304 1478 306 1481 ·
340 1486 363 1510 «
379 1469 472 1516 Lex
497 1470 646 1517 enim.
665 1490 688 1517 »
716 1474 896 1521 lterum
919 1471 1095 1539 probat
1122 1490 1209 1540 per
1229 1473 1388 1540 legem
1403 1511 1416 1537 ,
1444 1473 1495 1522 id
1518 1481 1588 1521 est
1611 1488 1761 1539 opera
1783 1470 1863 1519 illa
1886 1469 2004 1534 legis
2025 1470 2281 1531 exteriora,
2309 1485 2414 1534 quae

257 1545 334 1593 lex
356 1549 588 1614 praecipit,
625 1568 726 1599 non
752 1554 936 1618 acquiri
957 1554 1287 1604 haereditatem
1303 1593 1316 1617 ,
1344 1556 1498 1603 immo
1524 1554 1676 1618 magis
1698 1569 1808 1601 reos
1830 1551 2058 1599 constitui
2079 1550 2305 1597 homines
2328 1567 2415 1615 per

258 1624 431 1691 legem,
459 1639 513 1678 ut
535 1629 863 1681 haereditatem
882 1636 1124 1683 amittant.
1147 1637 1297 1684 Multa
1318 1636 1500 1701 quippe
1524 1645 1637 1683 sunt
1660 1651 1809 1700 opera
1833 1634 1951 1698 legis
1973 1633 2039 1679 ita
2059 1631 2238 1695 gravia,
2262 1641 2315 1678 ut
2335 1646 2418 1678 eos

258 1722 287 1753 a
317 1707 493 1772 quibus
517 1711 593 1758 vel
621 1712 672 1760 in
705 1713 880 1778 quibus
910 1715 1036 1763 fiunt
1064 1715 1188 1764 adeo
1218 1716 1449 1781 affligant,
1486 1725 1539 1763 ut
1571 1716 1648 1762 vix
1680 1715 1748 1763 eis
1779 1725 1862 1762 aut
1890 1730 2145 1778 nunquam
2179 1720 2417 1778 praecepta

257 1803 429 1836 eorum
454 1789 693 1856 placeant,
721 1811 813 1842 nec
836 1795 1107 1844 voluntarie
1140 1797 1329 1861 possint
1351 1796 1560 1862 impleri,
1588 1796 1711 1843 sicut
1734 1806 1822 1859 est,
1849 1795 2047 1843 dentem
2082 1810 2173 1860 pro
2203 1792 2348 1840 dente
2373 1802 2419 1839 et

258 1868 456 1917 oculum
483 1889 576 1936 pro
608 1873 753 1922 oculo
787 1875 974 1937 tollere,
1007 1886 1055 1925 et
1084 1877 1333 1926 nonnullis
1360 1887 1570 1929 mortem
1599 1876 1794 1925 inferre.
1816 1877 1939 1938 Quis
1967 1876 2098 1924 enim
2125 1875 2175 1923 in
2203 1873 2280 1921 his
2299 1889 2421 1939 quos

257 1947 410 2015 diligit
443 1951 546 2000 haec
582 1953 791 2004 libenter
827 1968 1065 2019 exerceat,
1098 1969 1183 2007 aut
1220 1957 1282 2007 in‘
1308 1976 1359 2007 se
1394 1975 1451 2008 ea
1487 1958 1697 2006 libenter
1731 1958 1968 2024 excipiat?
1994 1956 2134 2004 Unde
2172 1959 2338 2003 Petrus
2370 1954 2417 2001 in

258 2030 454 2079 Actibus
482 2036 825 2098 Apostolorum
859 2055 944 2087 eos
976 2039 1218 2101 refellenS,
1245 2041 1332 2106 qui
1361 2040 1645 2088 Christianis
1681 2056 1831 2105 opera
1864 2039 1980 2103 legis
2013 2039 2264 2103 imponere
2293 2035 2421 2083 vole-

256 2110 402 2173 bant,
441 2123 493 2161 ut
526 2131 584 2164 ea
614 2116 838 2166 videlicet
866 2120 958 2186 ipsi
993 2137 1192 2186 quoque
1223 2130 1487 2182 servarent,
1523 2121 1616 2168 ait²
1642 2140 1653 2167 :
1685 2120 1826 2167 «Viri
1857 2119 2044 2179 fratres,
2077 2117 2194 2183 quid
2230 2117 2421 2164 tentatis

258 2194 523 2242 Dominum
553 2197 808 2263 imponere
836 2200 1009 2265 jugum
1042 2218 1189 2268 super
1221 2203 1459 2250 cervicem
1493 2201 1865 2266 discipulorum,
1905 2199 2040 2265 quod
2069 2215 2228 2263 neque
2262 2207 2421 2263 patres

258 2274 436 2336 nostri,
473 2292 633 2341 neque
669 2281 761 2326 nos
797 2290 992 2345 portare
1027 2282 1320 2348 potuimus?
1344 2282 1430 2330 sed
1465 2298 1553 2348 per
1585 2282 1786 2346 gratiam
1822 2280 2021 2328 Domini
2045 2282 2156 2327 Iesu
2181 2278 2422 2326 credimus

175 2370 180 2375 ·
258 2352 446 2415 salvari,
474 2358 893 2420 quemadmodum
917 2372 965 2410 et
995 2362 1080 2411 illi.
1104 2383 1127 2407 »
1157 2367 1253 2411 Lex
1282 2363 1445 2428 itaque
1470 2363 1715 2410 carnalem
1742 2372 1789 2409 et
1813 2361 1946 2408 durae
1967 2360 2166 2409 cervicis
2184 2359 2421 2426 populum

258 2449 315 2480 ex
329 2435 558 2500 operibus
575 2438 692 2502 legis
705 2442 857 2506 magis
873 2460 1012 2491 reum
1027 2443 1202 2507 effecit,
1220 2461 1366 2510 quam
1383 2443 1631 2510 purgavit;
1656 2442 1986 2509 spiritualibus
2001 2458 2119 2489 vero
2141 2440 2258 2488 nihil
2278 2439 2422 2503 justi—

259 2514 334 2562 tiae
356 2517 580 2581 contulit,
610 2536 698 2584 per
726 2521 808 2570 illa
836 2523 1056 2572 videlicet
1083 2525 1282 2591 propria
1302 2541 1387 2573 sua
1414 2541 1564 2590 opera
1594 2524 1851 2572 exteriora.
1875 2526 1934 2570 Et
1964 2522 2061 2569 hoc
2090 2530 2160 2569 est
2178 2519 2309 2585 quod
2326 2519 2417 2566 ait:

262 2597 354 2642 Lex
370 2598 519 2659 enim,
535 2599 716 2648 scilicet
733 2602 814 2650 illa
829 2603 996 2668 legalia
1014 2622 1181 2670 opera,
1205 2606 1326 2653 iram
1348 2606 1438 2653 Dei
1454 2608 1503 2652 in
1525 2622 1610 2653 eos
1630 2605 1790 2670 potius
1814 2613 2043 2669 operatur
2065 2618 2212 2667 quam
2229 2600 2419 2647 veniam

260 2677 338 2724 vel
356 2677 569 2743 aliquam
587 2681 1000 2745 justificationem.
1022 2689 1078 2733 Et
1098 2703 1247 2751 quare
1269 2686 1421 2734 iram?
1442 2686 1568 2743 Quia
1587 2696 1960 2748 transgressores
1980 2684 2055 2731 sui
2075 2683 2186 2730 facit
2202 2698 2303 2743 eos,
2321 2698 2420 2729 non

262 2755 382 2804 alios
405 2758 603 2822 scilicet,
625 2771 674 2809 et
690 2761 787 2810 hoc
805 2774 876 2812 est
895 2783 906 2812 z
930 2765 1061 2812 «Ubi
1078 2767 1208 2813 enim
1229 2783 1331 2814 non
1355 2775 1426 2813 est
1448 2765 1541 2826 lex,
1560 2774 1653 2811 etc.
1669 2783 1693 2809 υ
1716 2764 1851 2812 Idem
1874 2763 1942 2810 illi
1964 2762 2142 2827 quibus
2163 2762 2244 2810 illa
2255 2761 2422 2827 legalia

265 2847 499 2903 praecepta
519 2855 620 2887 non
645 2852 759 2889 sunt
782 2843 911 2906 data,
937 2846 1347 2911 praevaricationis
1366 2856 1413 2893 et
1439 2844 1827 2908 transgressionis
1856 2854 2042 2891 reatum
2062 2860 2150 2909 per
2167 2843 2298 2892 illam
2312 2860 2422 2890 -non

262 2918 535 2982 incurrunt,
553 2937 666 2969 cum
681 2922 748 2970 eis
766 2925 1039 2975 voluntarie
1057 2944 1159 2974 non
1176 2926 1427 2974 obediunt.
1444 2946 1466 2970 «
1483 2926 1598 2973 Ideo
1614 2941 1675 2972 ex
1692 2923 1806 2985 fide,
1824 2943 1848 2969 »
1866 2924 2046 2972 scilicet
2062 2934 2173 2971 sunt
2188 2923 2419 2985 haeredes,

263 2998 667 3065 quandoquidem
702 3020 803 3051 non
829 3022 885 3052 ex
907 3007 1028 3070 lege.
1056 3008 1144 3054 Vel
1166 3007 1230 3054 ita
1255 3008 1489 3055 continua
1517 3025 1528 3052 :
1555 3006 1663 3053 Dixi
1691 3022 1792 3052 non
1821 3021 1909 3071 per
1933 3004 2088 3069 legem
2123 3021 2225 3052 esse
2252 3005 2423 3053 factam

266 3080 641 3143 promissionem
665 3082 971 3148 haereditatis,
995 3086 1081 3135 sed
1098 3105 1186 3153 per
1202 3087 1438 3152 justitiam
1461 3086 1591 3134 fidei.
1620 3086 1754 3146 Ideo,
1781 3103 1837 3134 ex
1865 3085 1961 3133 fide
1980 3095 2093 3134 sunt
2111 3085 2342 3134 haeredes,
2367 3086 2423 3132 Et

315 3264 366 3297 ¹11
388 3267 559 3310 Corinth„
585 3279 658 3311 cap.
679 3280 728 3313 vi,
751 3282 780 3303 v.
804 3276 850 3306 10.
874 3291 917 3297 ·-—
933 3275 943 3293 ²
961 3275 1031 3307 Act.
1050 3276 1178 3316 Apost.,
1211 3284 1282 3316 cap.
1314 3283 1369 3315 xv,
1398 3283 1428 3306 v.
1448 3274 1497 3307 10.

436 3342 466 3365 11
2213 3329 2261 3365 29
