2638 3866
744 246 1137 295 lNTRODUCTlO
1171 248 1253 295 AD
1287 246 1694 296 THEOLOGIAM.
2200 244 2294 292 ⁴23

143 351 458 420 posteriorem
475 349 697 411 modum,
714 347 868 396 multa
882 346 1059 395 dicitur
1076 347 1197 396 velle
1214 348 1318 397 fieri
1338 365 1446 414 quae
1460 363 1560 396 non
1581 346 1726 409 fiunt,
1741 347 1837 395 hoc
1858 355 1928 395 est
1945 346 2098 394 multa
2113 344 2300 393 adhor-

142 433 232 482 tari
255 448 366 498 quae
385 441 572 480 certum
597 441 669 479 est
687 446 746 479 ex
767 428 917 493 gratia
937 429 1042 494 ejus
1065 430 1380 493 remunerari,
1403 430 1444 478 si
1469 428 1657 488 fierent,
1692 444 1804 493 quae
1821 428 2025 475 minime
2051 425 2192 474 fiunt.
2221 426 2299 474 Sic

142 514 324 581 quippe
349 514 607 580 unicuique
638 511 826 560 homini
849 509 1058 559 consulit
1080 510 1142 559 de
1164 511 1316 559 salute
1338 527 1448 571 sua,
1471 520 1519 559 et
1543 509 1605 558 ad
1626 509 1753 557 hanc
1777 526 1889 557 eum
1912 509 2151 569 hortatur,
2184 523 2298 555 cum

143 593 375 643 obediant
391 595 550 662 pauci.
575 593 690 641 Vult
713 593 874 658 itaque
899 594 1028 640 Deus
1047 601 1353 658 peccatorem
1376 592 1618 652 converti,
1641 590 1755 656 quia
1771 590 1815 638 ei
1839 590 1889 637 id
1912 590 2141 650 consulit,
2165 588 2299 653 quod

141 682 263 724 esset
278 674 484 741 benigne
495 683 906 733 remuneraturus,
922 672 1340 739 quemadmodum
1353 674 1397 721 ei
1410 682 1599 739 gratum
1617 671 1795 719 dicitur
1806 671 1858 718 in
1871 687 1972 735 quo
1984 670 2086 734 ejus
2101 669 2300 734 gratiam

142 757 383 821 experturi
417 772 652 818 essemus3
678 756 800 804 sicut
825 754 1125 803 econtrario
1159 754 1290 803 nolle
1320 753 1403 803 illa
1433 754 1609 803 dicitur
1640 768 1747 819 quae
1770 751 2038 812 dissuadet,
2067 761 2147 799 aut
2172 765 2302 815 quae·

142 852 337 902 cunque
359 837 533 903 punire
557 838 706 902 magis
729 836 899 896 debet,
926 852 1076 901 quam
1111 835 1246 884 dono
1281 835 1443 901 aliquo
1466 850 1800 891 remunerare,
1838 842 1886 881 et
1908 833 1958 879 in
1982 830 2159 896 quibus
2179 831 2299 878 iram

144 917 291 982 ipsius
306 919 468 984 potius
483 935 630 984 quam
651 919 852 984 gratiam
867 918 1170 977 sentiremus,
1190 917 1288 965 hoc
1304 927 1395 978 est,
1408 916 1672 965 vindictam
1688 915 1850 982 potius
1866 929 2012 979 quam
2027 912 2296 978 praemium.

207 999 535 1058 Quaerendum
559 999 769 1048 arbitror
795 1009 955 1047 utrum
979 998 1121 1064 plura
1141 998 1298 1046 facere
1317 999 1468 1064 possit
1489 1001 1620 1046 Deus
1646 996 1721 1045 vel
1747 995 1948 1044 meliora
1973 1010 2120 1059 quam
2143 992 2299 1054 faciat,

140 1089 225 1127 aut
252 1080 316 1129 ab
339 1080 415 1129 his
437 1081 582 1130 etiam
611 1098 719 1146 quae
745 1080 880 1141 facit,
911 1079 1011 1127 ullo
1039 1079 1190 1127 modo
1224 1095 1410 1128 cessare
1431 1079 1606 1145 possit,
1634 1095 1724 1126 nec
1755 1094 1812 1126 ea
1842 1091 2058 1142 unquam
2082 1073 2301 1122 videlicet

143 1159 322 1223 facere3
349 1162 485 1226 quod
508 1162 609 1210 sive
631 1161 976 1223 concedamUS,
1008 1161 1107 1208 sive
1141 1177 1394 1226 negemus,
1422 1160 1598 1209 multas
1631 1160 1828 1208 fortasse
1854 1156 2303 1206 inconvenientium

142 1242 402 1291 anxietates
430 1243 753 1291 incurremus.
778 1243 827 1290 Si
848 1243 979 1290 enim
1010 1258 1248 1306 ponamus
1271 1242 1406 1307 quod
1429 1242 1567 1309 plura
1589 1242 1662 1290 vel
1693 1241 1925 1307 pauciora
1947 1239 2102 1287 facere
2121 1237 2299 1303 possit,

144 1322 218 1370 vel
240 1322 303 1371 ab
323 1323 399 1372 his
422 1341 529 1389 quae
550 1324 668 1373 facit
682 1340 883 1384 cessare,
902 1323 1123 1390 profecto
1147 1323 1353 1382 multum
1376 1339 1575 1371 summae
1595 1323 1697 1387 ejus
1718 1321 1922 1370 bonitati
1941 1318 2297 1383 derogabimus.

142 1406 340 1453 Constat
358 1405 540 1471 quippe
555 1421 663 1454 eam
685 1422 787 1453 non
811 1405 902 1453 nisi
921 1404 1053 1453 bona
1074 1404 1230 1453 facere
1255 1421 1411 1470 posse.
1441 1405 1490 1451 Si
1512 1413 1674 1452 autem
1697 1403 1846 1462 bona,
1870 1419 1981 1450 cum
2005 1402 2174 1467 possit,
2201 1415 2302 1446 non

143 1484 300 1547 faciat,
326 1496 374 1533 et
394 1485 456 1534 ab
475 1486 713 1552 aliquibus
739 1503 845 1551 quae
875 1485 1093 1534 facienda
1116 1495 1274 1534 essent
1295 1503 1345 1533 se
1369 1485 1597 1546 retrahat,
1626 1485 1732 1550 quis
1757 1501 1868 1532 eum
1898 1493 2131 1548 tanquam
2155 1497 2302 1528 aemu-

143 1564 244 1613 lum
258 1567 333 1615 vel
354 1568 576 1631 iniquum
599 1584 701 1615 non
718 1568 915 1632 arguat?
933 1567 1194 1615 Praesertim
1214 1576 1326 1615 cum
1353 1567 1514 1614 nullus
1529 1583 1641 1614 eum
1660 1565 1798 1613 labor
1817 1566 1867 1612 in
1886 1563 2107 1611 faciendo
2121 1562 2303 1627 aliquid

144 1657 325 1710 gravet,
342 1649 479 1713 cujus
500 1665 637 1714 aeque
655 1649 824 1697 omnia
844 1649 1081 1696 voluntati
1101 1659 1214 1697 sunt
1234 1648 1467 1712 subjecta,
1491 1647 1760 1695 secundum
1780 1646 1914 1711 quod
1939 1646 2170 1711 scripturn
2190 1653 2261 1691 est
2290 1661 2299 1689 :

147 1749 169 1771 ι(
188 1728 333 1788 Dixit,
357 1738 404 1776 et
420 1729 543 1777 facta
562 1740 691 1790 sunt,
716 1729 979 1786 mandavit,
1007 1739 1054 1777 et
1072 1739 1230 1777 creata
1254 1739 1368 1777 sunt
1380 1731 1408 1776 ².
1429 1748 1452 1773 »
1478 1730 1603 1776 Hinc
1626 1737 1698 1776 est
1720 1727 1799 1775 illa
1822 1727 2039 1774 ¹Platonis
2063 1724 2306 1772 verissima

144 1809 411 1874 ratio„qua
438 1809 618 1858 scilicet
643 1810 820 1876 probat
845 1813 1005 1859 ¹De‘um
1025 1810 1301 1858 nullatenus
1330 1810 1572 1858 mundum
1601 1809 1854 1857 meliorem
1883 1808 2097 1875 potuisse
2123 1806 2301 1865 facere,

143 1905 290 1952 quam
307 1889 488 1938 fecerit.
504 1890 580 1939 Sic
593 1891 783 1958 quippe
794 1892 844 1939 in
866 1892 1040 1939 Timaeo
1058 1909 1148 1939 suo
1166 1893 1231 1939 ait
1249 1909 1260 1938 z
1278 1913 1300 1935 (ε
1317 1891 1609 1950 Dicendum,
1627 1891 1802 1956 inquit,
1818 1907 1909 1937 cur
1922 1888 2304 1937 conditor-fabri-

143 1979 374 2036 catorque
397 1972 633 2036 geniturae
649 1989 795 2020 omne
826 1972 924 2021 hoc
956 1973 1308 2021 instituendum
1330 1973 1590 2039 putaverit.
1620 1973 1844 2037 Optimus
1868 1981 1987 2019 erat.
2024 1969 2094 2018 Ab
2117 1970 2304 2036 optimo

143 2067 292 2115 porro
317 2051 501 2101 invidia
523 2054 667 2119 longe
690 2055 897 2119 relegata
924 2064 1017 2115 est;
1047 2054 1209 2119 itaque
1232 2063 1587 2119 consequenter
1619 2055 1693 2101 sui
1722 2053 1895 2101 sim-ilia
1932 2061 2134 2112 cuncta,
2160 2061 2306 2117 prout

143 2132 377 2197 cujusque
396 2143 570 2182 natura
594 2151 746 2201 capax
770 2133 1084 2183 beatitudinis
1106 2152 1210 2183 esse
1236 2136 1462 2201 potuerit,
1480 2135 1605 2183 effici
1628 2134 1801 2182 voluit.
1829 2137 1987 2192 Quam
2015 2132 2212 2199 quidem
2227 2149 2306 2180 vo·

143 2212 377 2260 luntatem
396 2215 486 2261 Dei
511 2215 748 2280 originem
773 2233 936 2263 rerum
963 2216 1275 2271 certissimam
1299 2216 1466 2282 siquis
1491 2225 1660 2283 ponat,
1693 2226 1827 2264 recte·
1854 2233 1965 2263 eum
1997 2224 2164 2281 putare
2190 2231 2308 2262 con·

144 2294 364 2341 sentiam.
404 2294 589 2343 Volens
618 2295 861 2361 siquidem*
893 2300 1024 2344 Deus
1063 2296 1197 2345 bona
1242 2297 1405 2345 omnia
1447 2297 1732 2364 provenire,
1771 2297 1884 2344 mali
1919 2313 2070 2363 porro
2108 2296 2301 2355 nulliuS,

144 2385 290 2439 prout
318 2392 494 2423 eorum
514 2393 623 2442 quae
653 2387 926 2426 nascuntur
941 2389 1116 2426 natura
1132 2379 1247 2439 sert,
1275 2379 1466 2445 reliquit
1491 2379 1827 2445 propaginem.
1850 2398 1874 2424 η
1905 2382 1963 2425 Et
1983 2378 2086 2426 haec
2109 2377 2308 2442 quidem

146 2455 358 2504 Platonis
383 2456 526 2505 verba
549 2458 693 2523 plane
724 2460 891 2507 omnia
924 2476 952 2507 a
977 2462 1084 2508 Deo
1107 2469 1206 2508 tam
1237 2459 1369 2508 bona
1392 2460 1498 2508 fieri
1520 2459 1778 2527 perhibere
1799 2459 2043 2519 videntur,
2071 2467 2307 2523 quantum

145 2534 246 2583 lieri
268 2536 402 2585 bona
425 2548 654 2604 possunt3
670 2539 746 2589 vel
764 2550 1002 2606 quantum
1015 2541 1125 2606 ipse
1134 2558 1192 2590 ea
1204 2541 1336 2590 bona
1359 2542 1515 2590 facere
1534 2550 1707 2607 potest.
1729 2543 1886 2599 Quam
1904 2541 2047 2587 etiam
2071 2539 2307 2586 rationem

144 2618 296 2664 sancti
319 2619 469 2666 secuti
484 2619 729 2680 videntur,
752 2638 864 2669 cum
888 2625 1047 2669 Deum
1068 2625 1262 2671 Patrem
1280 2622 1544 2688 probarent
1564 2622 1735 2669 Filium
1758 2631 1861 2669 tam
1879 2620 2068 2668 bonum·
2090 2620 2308 2683 genuisse

144 2708 382 2761 quantum
401 2700 575 2764 potuit,
593 2711 646 2749 ut
662 2703 705 2749 ei
721 2703 916 2766 aequalis
935 2713 1074 2751 esset.
1094 2703 1235 2751 Unde
1247 2704 1555 2768 Augustinus,
1572 2702 1698 2750 libro
1717 2703 2037 2762 Quaestionam
2059 2702 2303 2762 Lxxxffl,

145 2793 252 2844 cap.
264 2781 456 2827 1⁴x111’2«
469 2783 806 2848 Deus,‘inquit,
822 2800 966 2849 quem
983 2785 1165 2850 genuit,
1182 2784 1417 2849 quoniam
1433 2784 1683 2830 meliorem
1699 2799 1750 2830 se
1764 2799 1992 2848 generare
2007 2798 2106 2830 non
2124 2782 2302 2847 potuit3

146 2858 211 2905 nil
235 2859 368 2907 enim
383 2863 491 2908 Deo
510 2862 698 2925 melius,
726 2880 956 2928 generare
978 2863 1147 2912 debuit
1164 2864 1416 2928 aequalem.
1439 2864 1489 2911 Si
1513 2864 1645 2911 enim
1668 2863 1841 2923 voluit,
1863 2873 1912 2911 et
1930 2880 2029 2912 non
2042 2864 2217 2929 potuit,
2234 2864 2306 2910 in·

146 2938 312 2988 firmus
330 2951 424 3002 est;
444 2942 485 2990 si
501 2944 659 3008 potuit
674 2952 724 2991 et
747 2943 902 2992 noluit
917 2980 929 3004 ,
955 2945 1148 2992 invidus
1166 2954 1253 2994 est.
1276 2964 1299 2990 n
1329 2945 1399 2993 Ad
1425 2944 1521 2993 hoc
1542 2954 1589 2992 et
1611 2944 1731 2992 illud
1753 2945 1962 3010 pertinet
1983 2945 2160 2993 Nicaeni
2182 2960 2304 2992 con-

146 3020 264 3082 cilii,
302 3022 460 3088 quod,
489 3024 611 3072 sicut
634 3026 682 3072 in
708 3025 871 3091 primo
899 3025 1024 3073 libro
1056 3026 1236 3092 praesati
1273 3043 1468 3087 sumus,
1494 3025 1662 3074 beatus
1683 3035 2034 3075 commemorat
2067 3026 2305 3090 Hierony·-

147 3117 255 3149 mus
266 3102 509 3152 dicens⁸:«
526 3105 659 3154 Absit
672 3123 788 3172 ergo
801 3107 850 3153 in
867 3106 989 3154 Filio
1001 3107 1084 3154 Dei
1095 3107 1228 3155 aliud
1245 3108 1353 3174 plus
1367 3109 1590 3156 minusve
1607 3107 1748 3155 autin
1760 3107 1889 3169 loco,
1907 3107 2052 3155 autin
2067 3117 2302 3173 tempore,

147 3191 229 3229 aut
254 3182 303 3229 in
329 3185 567 3248 potentia,
594 3197 677 3235 aut
704 3187 753 3235 in
778 3188 993 3249 scientia,
1010 3198 1089 3236 aut
1107 3189 1155 3236 in
1174 3189 1463 3253 aequalitate,
1490 3189 1632 3236 autin
1649 3187 1963 3252 subjectione,
1980 3206 2092 3237 cum
2111 3188 2302 3246 dicitur,

195 3370 200 3386 ¹
218 3368 497 3413 Psalm.cx1.vm,
518 3381 547 3403 v.
577 3375 607 3407 5.
625 3391 666 3398 —
680 3376 690 3393 ²
711 3375 835 3413 Qusoet.
864 3377 915 3409 49.
938 3376 1039 3419 Opp.,
1055 3382 1077 3410 t.
1097 3376 1234 3418 V1‚col‚
1254 3377 1305 3410 19.
1325 3376 1386 3400 —³
1404 3376 1527 3418 Expos.
1543 3374 1619 3408 Fid.
1640 3374 1685 3408 ad
1703 3374 1827 3417 cyrill.
1846 3374 1954 3416 opp„
1972 3378 1995 3406 t.
2014 3372 2058 3413 V,
2087 3372 2150 3405 col.
2172 3372 2242 3405 125.
