<?xml version="1.0" encoding="UTF-8"?>
<!DOCTYPE html PUBLIC "-//W3C//DTD XHTML 1.0 Transitional//EN"
    "http://www.w3.org/TR/xhtml1/DTD/xhtml1-transitional.dtd">
<html xmlns="http://www.w3.org/1999/xhtml" xml:lang="en" lang="en">
 <head>
  <title>
</title>
<meta http-equiv="Content-Type" content="text/html;charset=utf-8" />
  <meta name='ocr-system' content='tesseract 3.04.00' />
  <meta name='ocr-capabilities' content='ocr_page ocr_carea ocr_par ocr_line ocrx_word'/>
</head>
<body>
  <div class='ocr_page' id='page_1' title='image "./operahactenusseo00abeluoft_0744.png"; bbox 0 0 2638 3866; ppageno 0'>
   <div class='ocr_carea' id='block_1_1' title="bbox 233 217 1570 270">
    <p class='ocr_par' dir='ltr' id='par_1_1' title="bbox 233 217 1570 270">
     <span class='ocr_line' id='line_1_1' title="bbox 233 217 1570 270; baseline -0.004 0"><span class='ocrx_word' id='word_1_1' title='bbox 233 222 331 270; x_wconf 75' lang='lat'>734</span> <span class='ocrx_word' id='word_1_2' title='bbox 1043 218 1216 265; x_wconf 84' lang='lat' dir='ltr'>PETRl</span> <span class='ocrx_word' id='word_1_3' title='bbox 1252 217 1570 267; x_wconf 85' lang='lat' dir='ltr'><strong>ABAELARDI</strong></span> 
     </span>
    </p>
   </div>
   <div class='ocr_carea' id='block_1_2' title="bbox 235 318 2386 628">
    <p class='ocr_par' dir='ltr' id='par_1_2' title="bbox 235 318 2386 628">
     <span class='ocr_line' id='line_1_2' title="bbox 235 318 2380 388; baseline 0.002 -18"><span class='ocrx_word' id='word_1_4' title='bbox 235 338 384 388; x_wconf 90' lang='lat' dir='ltr'>quam</span> <span class='ocrx_word' id='word_1_5' title='bbox 406 321 623 387; x_wconf 82' lang='lat' dir='ltr'>plerique</span> <span class='ocrx_word' id='word_1_6' title='bbox 646 319 725 367; x_wconf 89' lang='lat' dir='ltr'>alii</span> <span class='ocrx_word' id='word_1_7' title='bbox 748 318 1025 383; x_wconf 87' lang='lat' dir='ltr'>frequenter</span> <span class='ocrx_word' id='word_1_8' title='bbox 1045 329 1255 384; x_wconf 89' lang='lat' dir='ltr'>ponunt,</span> <span class='ocrx_word' id='word_1_9' title='bbox 1282 336 1342 368; x_wconf 89' lang='lat' dir='ltr'>eo</span> <span class='ocrx_word' id='word_1_10' title='bbox 1362 320 1575 370; x_wconf 84' lang='lat' dir='ltr'>fortassis</span> <span class='ocrx_word' id='word_1_11' title='bbox 1599 321 1734 386; x_wconf 90' lang='lat' dir='ltr'>quod</span> <span class='ocrx_word' id='word_1_12' title='bbox 1749 322 1893 387; x_wconf 86' lang='lat' dir='ltr'>hujus</span> <span class='ocrx_word' id='word_1_13' title='bbox 1917 322 2053 371; x_wconf 90' lang='lat' dir='ltr'>modi</span> <span class='ocrx_word' id='word_1_14' title='bbox 2072 340 2237 373; x_wconf 90' lang='lat' dir='ltr'>sensus</span> <span class='ocrx_word' id='word_1_15' title='bbox 2259 327 2380 374; x_wconf 90' lang='lat' dir='ltr'>simi·</span> 
     </span>
     <span class='ocr_line' id='line_1_3' title="bbox 236 399 2383 468; baseline 0 -16"><span class='ocrx_word' id='word_1_16' title='bbox 236 405 328 452; x_wconf 92' lang='lat' dir='ltr'>lior</span> <span class='ocrx_word' id='word_1_17' title='bbox 360 401 622 450; x_wconf 88' lang='lat' dir='ltr'>intellectui</span> <span class='ocrx_word' id='word_1_18' title='bbox 654 399 875 446; x_wconf 87' lang='lat' dir='ltr'>videatur</span> <span class='ocrx_word' id='word_1_19' title='bbox 907 414 1054 463; x_wconf 88' lang='lat' dir='ltr'>quam</span> <span class='ocrx_word' id='word_1_20' title='bbox 1085 400 1260 453; x_wconf 85' lang='lat' dir='ltr'>caeteri.</span> <span class='ocrx_word' id='word_1_21' title='bbox 1301 404 1420 449; x_wconf 91' lang='lat' dir='ltr'>Eam</span> <span class='ocrx_word' id='word_1_22' title='bbox 1451 403 1631 468; x_wconf 87' lang='lat' dir='ltr'>quippe</span> <span class='ocrx_word' id='word_1_23' title='bbox 1658 418 1763 450; x_wconf 91' lang='lat' dir='ltr'>rem</span> <span class='ocrx_word' id='word_1_24' title='bbox 1797 419 1945 468; x_wconf 90' lang='lat' dir='ltr'>quam</span> <span class='ocrx_word' id='word_1_25' title='bbox 1979 403 2285 467; x_wconf 82' lang='lat' dir='ltr'>intelligimus</span> <span class='ocrx_word' id='word_1_26' title='bbox 2317 407 2383 454; x_wconf 88' lang='lat' dir='ltr'>sic</span> 
     </span>
     <span class='ocr_line' id='line_1_4' title="bbox 238 479 2386 548; baseline 0.002 -18"><span class='ocrx_word' id='word_1_27' title='bbox 238 484 426 530; x_wconf 88' lang='lat' dir='ltr'>animus</span> <span class='ocrx_word' id='word_1_28' title='bbox 458 491 569 528; x_wconf 91' lang='lat' dir='ltr'>ante</span> <span class='ocrx_word' id='word_1_29' title='bbox 594 496 644 527; x_wconf 93' lang='lat' dir='ltr'>se</span> <span class='ocrx_word' id='word_1_30' title='bbox 675 479 905 538; x_wconf 88' lang='lat' dir='ltr'>collocat,</span> <span class='ocrx_word' id='word_1_31' title='bbox 936 496 1034 543; x_wconf 92' lang='lat' dir='ltr'>quo</span> <span class='ocrx_word' id='word_1_32' title='bbox 1060 479 1210 527; x_wconf 90' lang='lat' dir='ltr'>modo</span> <span class='ocrx_word' id='word_1_33' title='bbox 1233 497 1337 528; x_wconf 91' lang='lat' dir='ltr'>rem</span> <span class='ocrx_word' id='word_1_34' title='bbox 1363 481 1505 530; x_wconf 90' lang='lat' dir='ltr'>nobis</span> <span class='ocrx_word' id='word_1_35' title='bbox 1536 483 1851 548; x_wconf 83' lang='lat' dir='ltr'>antepositam</span> <span class='ocrx_word' id='word_1_36' title='bbox 1886 492 1969 531; x_wconf 91' lang='lat' dir='ltr'>aut</span> <span class='ocrx_word' id='word_1_37' title='bbox 2000 485 2271 548; x_wconf 86' lang='lat' dir='ltr'>proximam</span> <span class='ocrx_word' id='word_1_38' title='bbox 2302 496 2386 534; x_wconf 91' lang='lat' dir='ltr'>aut</span> 
     </span>
     <span class='ocr_line' id='line_1_5' title="bbox 238 560 2384 628; baseline 0.001 -18"><span class='ocrx_word' id='word_1_39' title='bbox 238 564 553 626; x_wconf 88' lang='lat' dir='ltr'>longinquam</span> <span class='ocrx_word' id='word_1_40' title='bbox 572 576 769 607; x_wconf 82' lang='lat' dir='ltr'>cernere</span> <span class='ocrx_word' id='word_1_41' title='bbox 791 560 1146 607; x_wconf 86' lang='lat' dir='ltr'>consuevimus.</span> <span class='ocrx_word' id='word_1_42' title='bbox 1175 562 1297 607; x_wconf 90' lang='lat' dir='ltr'>Cum</span> <span class='ocrx_word' id='word_1_43' title='bbox 1319 561 1481 627; x_wconf 88' lang='lat' dir='ltr'>itaque</span> <span class='ocrx_word' id='word_1_44' title='bbox 1501 572 1599 611; x_wconf 89' lang='lat' dir='ltr'>tam</span> <span class='ocrx_word' id='word_1_45' title='bbox 1623 563 1808 627; x_wconf 90' lang='lat' dir='ltr'>origine</span> <span class='ocrx_word' id='word_1_46' title='bbox 1826 579 1973 628; x_wconf 89' lang='lat' dir='ltr'>quam</span> <span class='ocrx_word' id='word_1_47' title='bbox 1995 563 2196 612; x_wconf 89' lang='lat' dir='ltr'>nomine</span> <span class='ocrx_word' id='word_1_48' title='bbox 2218 581 2384 613; x_wconf 91' lang='lat' dir='ltr'>sensus</span> 
     </span>
    </p>
   </div>
   <div class='ocr_carea' id='block_1_3' title="bbox 237 641 2383 771">
    <p class='ocr_par' dir='ltr' id='par_1_3' title="bbox 237 641 2383 771">
     <span class='ocr_line' id='line_1_6' title="bbox 237 641 2383 710; baseline 0.001 -19"><span class='ocrx_word' id='word_1_49' title='bbox 237 653 284 691; x_wconf 90' lang='lat' dir='ltr'>et</span> <span class='ocrx_word' id='word_1_50' title='bbox 324 641 592 690; x_wconf 89' lang='lat' dir='ltr'>intellectus</span> <span class='ocrx_word' id='word_1_51' title='bbox 623 641 871 704; x_wconf 87' lang='lat' dir='ltr'>conjuncti</span> <span class='ocrx_word' id='word_1_52' title='bbox 906 641 1025 702; x_wconf 92' lang='lat' dir='ltr'>sint,</span> <span class='ocrx_word' id='word_1_53' title='bbox 1063 642 1384 690; x_wconf 87' lang='lat' dir='ltr'>necessarium</span> <span class='ocrx_word' id='word_1_54' title='bbox 1420 643 1536 691; x_wconf 89' lang='lat' dir='ltr'>duxi</span> <span class='ocrx_word' id='word_1_55' title='bbox 1571 660 1744 692; x_wconf 89' lang='lat' dir='ltr'>eorum</span> <span class='ocrx_word' id='word_1_56' title='bbox 1773 644 2095 692; x_wconf 87' lang='lat' dir='ltr'>differentiam</span> <span class='ocrx_word' id='word_1_57' title='bbox 2125 645 2383 710; x_wconf 86' lang='lat' dir='ltr'>assignare,</span> 
     </span>
     <span class='ocr_line' id='line_1_7' title="bbox 240 720 1236 771; baseline -0.002 0"><span class='ocrx_word' id='word_1_58' title='bbox 240 734 354 771; x_wconf 87' lang='lat' dir='ltr'>tunc</span> <span class='ocrx_word' id='word_1_59' title='bbox 373 723 517 771; x_wconf 89' lang='lat' dir='ltr'>etiam</span> <span class='ocrx_word' id='word_1_60' title='bbox 537 739 650 770; x_wconf 88' lang='lat' dir='ltr'>cum</span> <span class='ocrx_word' id='word_1_61' title='bbox 674 720 817 769; x_wconf 92' lang='lat' dir='ltr'>simul</span> <span class='ocrx_word' id='word_1_62' title='bbox 839 722 889 769; x_wconf 92' lang='lat' dir='ltr'>in</span> <span class='ocrx_word' id='word_1_63' title='bbox 912 721 1076 770; x_wconf 89' lang='lat' dir='ltr'>anima</span> <span class='ocrx_word' id='word_1_64' title='bbox 1096 720 1236 769; x_wconf 88' lang='lat' dir='ltr'>fiunt.</span> 
     </span>
    </p>
   </div>
   <div class='ocr_carea' id='block_1_4' title="bbox 854 897 1762 963">
    <p class='ocr_par' dir='ltr' id='par_1_4' title="bbox 854 897 1762 963">
     <span class='ocr_line' id='line_1_8' title="bbox 854 897 1762 963; baseline 0.002 -19"><span class='ocrx_word' id='word_1_65' title='bbox 854 897 1151 963; x_wconf 74' lang='lat' dir='ltr'>Dzfferentc&#39;a</span> <span class='ocrx_word' id='word_1_66' title='bbox 1173 915 1344 945; x_wconf 80' lang='lat' dir='ltr'>sensas</span> <span class='ocrx_word' id='word_1_67' title='bbox 1365 898 1433 944; x_wconf 85' lang='lat' dir='ltr'>ad</span> <span class='ocrx_word' id='word_1_68' title='bbox 1454 898 1762 946; x_wconf 80' lang='lat' dir='ltr'>intellectum.</span> 
     </span>
    </p>
   </div>
   <div class='ocr_carea' id='block_1_5' title="bbox 238 1034 2402 2874">
    <p class='ocr_par' dir='ltr' id='par_1_5' title="bbox 238 1034 2402 2874">
     <span class='ocr_line' id='line_1_9' title="bbox 304 1034 2390 1104; baseline 0.002 -22"><span class='ocrx_word' id='word_1_69' title='bbox 304 1036 542 1084; x_wconf 85' lang='lat' dir='ltr'>Differunt</span> <span class='ocrx_word' id='word_1_70' title='bbox 571 1045 733 1083; x_wconf 90' lang='lat' dir='ltr'>autem</span> <span class='ocrx_word' id='word_1_71' title='bbox 763 1034 898 1100; x_wconf 93' lang='lat' dir='ltr'>quod</span> <span class='ocrx_word' id='word_1_72' title='bbox 929 1052 1094 1083; x_wconf 92' lang='lat' dir='ltr'>sensus</span> <span class='ocrx_word' id='word_1_73' title='bbox 1122 1036 1367 1102; x_wconf 87' lang='lat' dir='ltr'>perceptio</span> <span class='ocrx_word' id='word_1_74' title='bbox 1401 1036 1470 1083; x_wconf 92' lang='lat' dir='ltr'>rei</span> <span class='ocrx_word' id='word_1_75' title='bbox 1502 1035 1766 1101; x_wconf 90' lang='lat' dir='ltr'>corporalis</span> <span class='ocrx_word' id='word_1_76' title='bbox 1795 1047 1867 1085; x_wconf 91' lang='lat' dir='ltr'>est</span> <span class='ocrx_word' id='word_1_77' title='bbox 1900 1054 2137 1104; x_wconf 90' lang='lat' dir='ltr'>corporeo</span> <span class='ocrx_word' id='word_1_78' title='bbox 2169 1039 2390 1104; x_wconf 90' lang='lat' dir='ltr'>indigens</span> 
     </span>
     <span class='ocr_line' id='line_1_10' title="bbox 242 1115 2391 1185; baseline 0.002 -21"><span class='ocrx_word' id='word_1_79' title='bbox 242 1119 590 1177; x_wconf 88' lang='lat' dir='ltr'>instrumento,</span> <span class='ocrx_word' id='word_1_80' title='bbox 628 1116 725 1164; x_wconf 90' lang='lat' dir='ltr'>hoc</span> <span class='ocrx_word' id='word_1_81' title='bbox 761 1125 833 1163; x_wconf 87' lang='lat' dir='ltr'>est</span> <span class='ocrx_word' id='word_1_82' title='bbox 870 1115 976 1164; x_wconf 91' lang='lat' dir='ltr'>talis</span> <span class='ocrx_word' id='word_1_83' title='bbox 1007 1118 1178 1165; x_wconf 83' lang='lat' dir='ltr'>animae</span> <span class='ocrx_word' id='word_1_84' title='bbox 1212 1116 1470 1182; x_wconf 87' lang='lat' dir='ltr'>applicatio</span> <span class='ocrx_word' id='word_1_85' title='bbox 1506 1134 1655 1181; x_wconf 90' lang='lat' dir='ltr'>quam</span> <span class='ocrx_word' id='word_1_86' title='bbox 1690 1118 1741 1164; x_wconf 91' lang='lat' dir='ltr'>in</span> <span class='ocrx_word' id='word_1_87' title='bbox 1777 1134 1880 1166; x_wconf 89' lang='lat' dir='ltr'>rem</span> <span class='ocrx_word' id='word_1_88' title='bbox 1914 1119 2218 1184; x_wconf 87' lang='lat' dir='ltr'>corporalem</span> <span class='ocrx_word' id='word_1_89' title='bbox 2250 1120 2391 1185; x_wconf 86' lang='lat' dir='ltr'>dirigi</span> 
     </span>
     <span class='ocr_line' id='line_1_11' title="bbox 238 1196 2390 1265; baseline 0.001 -20"><span class='ocrx_word' id='word_1_90' title='bbox 238 1208 382 1263; x_wconf 89' lang='lat' dir='ltr'>atque</span> <span class='ocrx_word' id='word_1_91' title='bbox 405 1214 546 1261; x_wconf 89' lang='lat' dir='ltr'>agere</span> <span class='ocrx_word' id='word_1_92' title='bbox 567 1213 759 1245; x_wconf 92' lang='lat' dir='ltr'>necesse</span> <span class='ocrx_word' id='word_1_93' title='bbox 777 1196 848 1258; x_wconf 87' lang='lat' dir='ltr'>fit,</span> <span class='ocrx_word' id='word_1_94' title='bbox 871 1207 919 1245; x_wconf 92' lang='lat' dir='ltr'>et</span> <span class='ocrx_word' id='word_1_95' title='bbox 942 1214 1030 1263; x_wconf 88' lang='lat' dir='ltr'>per</span> <span class='ocrx_word' id='word_1_96' title='bbox 1048 1214 1339 1263; x_wconf 83' lang='lat' dir='ltr'>corporeum</span> <span class='ocrx_word' id='word_1_97' title='bbox 1361 1197 1559 1262; x_wconf 90' lang='lat' dir='ltr'>aliquod</span> <span class='ocrx_word' id='word_1_98' title='bbox 1573 1199 1783 1246; x_wconf 81' lang='lat' dir='ltr'>exerceri</span> <span class='ocrx_word' id='word_1_99' title='bbox 1803 1199 2194 1260; x_wconf 88' lang='lat' dir='ltr'>instrumentum,</span> <span class='ocrx_word' id='word_1_100' title='bbox 2218 1210 2390 1265; x_wconf 89' lang='lat' dir='ltr'>utpote</span> 
     </span>
     <span class='ocr_line' id='line_1_12' title="bbox 239 1277 2389 1346; baseline 0.001 -20"><span class='ocrx_word' id='word_1_101' title='bbox 239 1296 325 1343; x_wconf 90' lang='lat' dir='ltr'>per</span> <span class='ocrx_word' id='word_1_102' title='bbox 347 1279 531 1337; x_wconf 91' lang='lat' dir='ltr'>oculos,</span> <span class='ocrx_word' id='word_1_103' title='bbox 563 1278 638 1325; x_wconf 90' lang='lat' dir='ltr'>vel</span> <span class='ocrx_word' id='word_1_104' title='bbox 668 1295 756 1344; x_wconf 90' lang='lat' dir='ltr'>per</span> <span class='ocrx_word' id='word_1_105' title='bbox 777 1294 941 1338; x_wconf 87' lang='lat' dir='ltr'>aures,</span> <span class='ocrx_word' id='word_1_106' title='bbox 970 1278 1044 1324; x_wconf 92' lang='lat' dir='ltr'>vel</span> <span class='ocrx_word' id='word_1_107' title='bbox 1077 1294 1437 1343; x_wconf 89' lang='lat' dir='ltr'>quamcumque</span> <span class='ocrx_word' id='word_1_108' title='bbox 1458 1277 1603 1326; x_wconf 91' lang='lat' dir='ltr'>aliam</span> <span class='ocrx_word' id='word_1_109' title='bbox 1626 1279 1846 1345; x_wconf 90' lang='lat' dir='ltr'>corporis</span> <span class='ocrx_word' id='word_1_110' title='bbox 1868 1280 2068 1328; x_wconf 89' lang='lat' dir='ltr'>animati</span> <span class='ocrx_word' id='word_1_111' title='bbox 2089 1281 2389 1346; x_wconf 88' lang='lat' dir='ltr'>portionem,</span> 
     </span>
     <span class='ocr_line' id='line_1_13' title="bbox 238 1358 2393 1426; baseline 0.001 -20"><span class='ocrx_word' id='word_1_112' title='bbox 238 1361 339 1406; x_wconf 90' lang='lat' dir='ltr'>sine</span> <span class='ocrx_word' id='word_1_113' title='bbox 379 1376 474 1424; x_wconf 89' lang='lat' dir='ltr'>qua</span> <span class='ocrx_word' id='word_1_114' title='bbox 513 1358 787 1407; x_wconf 89' lang='lat' dir='ltr'>nullatenus</span> <span class='ocrx_word' id='word_1_115' title='bbox 822 1358 1009 1406; x_wconf 85' lang='lat' dir='ltr'>haberi</span> <span class='ocrx_word' id='word_1_116' title='bbox 1030 1359 1130 1424; x_wconf 92' lang='lat' dir='ltr'>ipse</span> <span class='ocrx_word' id='word_1_117' title='bbox 1161 1359 1328 1424; x_wconf 90' lang='lat' dir='ltr'>possit.</span> <span class='ocrx_word' id='word_1_118' title='bbox 1369 1358 1641 1407; x_wconf 86' lang='lat' dir='ltr'>Intellectus</span> <span class='ocrx_word' id='word_1_119' title='bbox 1679 1376 1815 1421; x_wconf 90' lang='lat' dir='ltr'>vero,</span> <span class='ocrx_word' id='word_1_120' title='bbox 1853 1360 1950 1408; x_wconf 91' lang='lat' dir='ltr'>hoc</span> <span class='ocrx_word' id='word_1_121' title='bbox 1986 1370 2058 1408; x_wconf 93' lang='lat' dir='ltr'>est</span> <span class='ocrx_word' id='word_1_122' title='bbox 2097 1362 2203 1426; x_wconf 92' lang='lat' dir='ltr'>ipsa</span> <span class='ocrx_word' id='word_1_123' title='bbox 2245 1361 2393 1408; x_wconf 77' lang='lat' dir='ltr'>animi</span> 
     </span>
     <span class='ocr_line' id='line_1_14' title="bbox 240 1440 2396 1506; baseline 0 -18"><span class='ocrx_word' id='word_1_124' title='bbox 240 1441 546 1505; x_wconf 87' lang='lat' dir='ltr'>excogitatio,</span> <span class='ocrx_word' id='word_1_125' title='bbox 579 1456 668 1488; x_wconf 89' lang='lat' dir='ltr'>nec</span> <span class='ocrx_word' id='word_1_126' title='bbox 691 1440 914 1506; x_wconf 90' lang='lat' dir='ltr'>corporei</span> <span class='ocrx_word' id='word_1_127' title='bbox 943 1440 1169 1487; x_wconf 85' lang='lat' dir='ltr'>exercitio</span> <span class='ocrx_word' id='word_1_128' title='bbox 1199 1440 1382 1504; x_wconf 88' lang='lat' dir='ltr'>indiget</span> <span class='ocrx_word' id='word_1_129' title='bbox 1408 1440 1712 1488; x_wconf 88' lang='lat' dir='ltr'>instrumenti</span> <span class='ocrx_word' id='word_1_130' title='bbox 1743 1458 1842 1506; x_wconf 93' lang='lat' dir='ltr'>quo</span> <span class='ocrx_word' id='word_1_131' title='bbox 1866 1441 2090 1489; x_wconf 82' lang='lat' dir='ltr'>videlicet</span> <span class='ocrx_word' id='word_1_132' title='bbox 2112 1441 2175 1489; x_wconf 92' lang='lat' dir='ltr'>ad</span> <span class='ocrx_word' id='word_1_133' title='bbox 2205 1442 2396 1505; x_wconf 83' lang='lat' dir='ltr'>excogi-</span> 
     </span>
     <span class='ocr_line' id='line_1_15' title="bbox 242 1522 2398 1587; baseline 0.001 -19"><span class='ocrx_word' id='word_1_134' title='bbox 242 1522 442 1569; x_wconf 85' lang='lat' dir='ltr'>tandum</span> <span class='ocrx_word' id='word_1_135' title='bbox 466 1531 642 1582; x_wconf 89' lang='lat' dir='ltr'>utatur,</span> <span class='ocrx_word' id='word_1_136' title='bbox 678 1538 767 1569; x_wconf 90' lang='lat' dir='ltr'>nec</span> <span class='ocrx_word' id='word_1_137' title='bbox 794 1522 938 1569; x_wconf 91' lang='lat' dir='ltr'>etiam</span> <span class='ocrx_word' id='word_1_138' title='bbox 958 1522 1133 1569; x_wconf 89' lang='lat' dir='ltr'>virtute</span> <span class='ocrx_word' id='word_1_139' title='bbox 1163 1522 1232 1569; x_wconf 91' lang='lat' dir='ltr'>rei</span> <span class='ocrx_word' id='word_1_140' title='bbox 1257 1522 1500 1569; x_wconf 92' lang='lat' dir='ltr'>existentis</span> <span class='ocrx_word' id='word_1_141' title='bbox 1523 1539 1629 1587; x_wconf 86' lang='lat' dir='ltr'>quae</span> <span class='ocrx_word' id='word_1_142' title='bbox 1661 1522 1974 1586; x_wconf 86' lang='lat' dir='ltr'>excogitetur,</span> <span class='ocrx_word' id='word_1_143' title='bbox 2002 1539 2115 1570; x_wconf 90' lang='lat' dir='ltr'>cum</span> <span class='ocrx_word' id='word_1_144' title='bbox 2149 1539 2284 1587; x_wconf 90' lang='lat' dir='ltr'>aeque</span> <span class='ocrx_word' id='word_1_145' title='bbox 2309 1522 2398 1569; x_wconf 87' lang='lat' dir='ltr'>sci·</span> 
     </span>
     <span class='ocr_line' id='line_1_16' title="bbox 240 1602 2391 1668; baseline 0 -19"><span class='ocrx_word' id='word_1_146' title='bbox 240 1602 351 1650; x_wconf 90' lang='lat' dir='ltr'>licet</span> <span class='ocrx_word' id='word_1_147' title='bbox 376 1612 421 1649; x_wconf 91' lang='lat' dir='ltr'>et</span> <span class='ocrx_word' id='word_1_148' title='bbox 452 1602 733 1649; x_wconf 86' lang='lat' dir='ltr'>existentem</span> <span class='ocrx_word' id='word_1_149' title='bbox 763 1612 811 1649; x_wconf 87' lang='lat' dir='ltr'>et</span> <span class='ocrx_word' id='word_1_150' title='bbox 834 1619 935 1649; x_wconf 90' lang='lat' dir='ltr'>non</span> <span class='ocrx_word' id='word_1_151' title='bbox 958 1602 1240 1650; x_wconf 88' lang='lat' dir='ltr'>existentem</span> <span class='ocrx_word' id='word_1_152' title='bbox 1268 1619 1396 1662; x_wconf 91' lang='lat' dir='ltr'>rem,</span> <span class='ocrx_word' id='word_1_153' title='bbox 1425 1603 1524 1651; x_wconf 90' lang='lat' dir='ltr'>sive</span> <span class='ocrx_word' id='word_1_154' title='bbox 1554 1602 1857 1668; x_wconf 88' lang='lat' dir='ltr'>corporalem</span> <span class='ocrx_word' id='word_1_155' title='bbox 1888 1603 1987 1650; x_wconf 85' lang='lat' dir='ltr'>sive</span> <span class='ocrx_word' id='word_1_156' title='bbox 2007 1602 2362 1667; x_wconf 90' lang='lat' dir='ltr'>incorporalem</span> <span class='ocrx_word' id='word_1_157' title='bbox 2379 1639 2391 1663; x_wconf 91' lang='lat'>,</span> 
     </span>
     <span class='ocr_line' id='line_1_17' title="bbox 242 1681 2396 1748; baseline -0 -18"><span class='ocrx_word' id='word_1_158' title='bbox 242 1683 432 1730; x_wconf 89' lang='lat' dir='ltr'>animus</span> <span class='ocrx_word' id='word_1_159' title='bbox 467 1681 558 1729; x_wconf 92' lang='lat' dir='ltr'>sibi</span> <span class='ocrx_word' id='word_1_160' title='bbox 596 1698 683 1747; x_wconf 90' lang='lat' dir='ltr'>per</span> <span class='ocrx_word' id='word_1_161' title='bbox 719 1682 1015 1730; x_wconf 88' lang='lat' dir='ltr'>intellectum</span> <span class='ocrx_word' id='word_1_162' title='bbox 1048 1682 1300 1744; x_wconf 87' lang='lat' dir='ltr'>conficiat,</span> <span class='ocrx_word' id='word_1_163' title='bbox 1344 1683 1419 1731; x_wconf 93' lang='lat' dir='ltr'>vel</span> <span class='ocrx_word' id='word_1_164' title='bbox 1442 1683 1795 1748; x_wconf 82' lang='lat' dir='ltr'>praeteritorum</span> <span class='ocrx_word' id='word_1_165' title='bbox 1831 1684 2011 1731; x_wconf 90' lang='lat' dir='ltr'>scilicet</span> <span class='ocrx_word' id='word_1_166' title='bbox 2040 1682 2396 1731; x_wconf 89' lang='lat' dir='ltr'>reminiscendo</span> 
     </span>
     <span class='ocr_line' id='line_1_18' title="bbox 244 1762 2396 1828; baseline 0 -18"><span class='ocrx_word' id='word_1_167' title='bbox 244 1763 321 1810; x_wconf 89' lang='lat' dir='ltr'>vel</span> <span class='ocrx_word' id='word_1_168' title='bbox 344 1764 560 1810; x_wconf 85' lang='lat' dir='ltr'>futurum</span> <span class='ocrx_word' id='word_1_169' title='bbox 579 1762 910 1826; x_wconf 71' lang='lat' dir='ltr'>praevidendo,</span> <span class='ocrx_word' id='word_1_170' title='bbox 932 1763 1008 1810; x_wconf 88' lang='lat' dir='ltr'>vel</span> <span class='ocrx_word' id='word_1_171' title='bbox 1029 1779 1085 1810; x_wconf 92' lang='lat' dir='ltr'>ea</span> <span class='ocrx_word' id='word_1_172' title='bbox 1105 1764 1248 1810; x_wconf 87' lang='lat' dir='ltr'>etiam</span> <span class='ocrx_word' id='word_1_173' title='bbox 1269 1780 1370 1810; x_wconf 92' lang='lat' dir='ltr'>non</span> <span class='ocrx_word' id='word_1_174' title='bbox 1395 1780 1648 1828; x_wconf 91' lang='lat' dir='ltr'>nunquam</span> <span class='ocrx_word' id='word_1_175' title='bbox 1670 1763 1999 1828; x_wconf 89' lang='lat' dir='ltr'>confingendo</span> <span class='ocrx_word' id='word_1_176' title='bbox 2017 1781 2123 1828; x_wconf 86' lang='lat' dir='ltr'>quae</span> <span class='ocrx_word' id='word_1_177' title='bbox 2143 1779 2396 1828; x_wconf 90' lang='lat' dir='ltr'>nunquam</span> 
     </span>
     <span class='ocr_line' id='line_1_19' title="bbox 242 1843 2399 1907; baseline -0.001 -16"><span class='ocrx_word' id='word_1_178' title='bbox 242 1861 344 1891; x_wconf 89' lang='lat' dir='ltr'>esse</span> <span class='ocrx_word' id='word_1_179' title='bbox 386 1843 644 1906; x_wconf 88' lang='lat' dir='ltr'>contingit,</span> <span class='ocrx_word' id='word_1_180' title='bbox 692 1852 862 1907; x_wconf 87' lang='lat' dir='ltr'>utpote</span> <span class='ocrx_word' id='word_1_181' title='bbox 903 1852 1218 1904; x_wconf 81' lang='lat' dir='ltr'>centaurum,</span> <span class='ocrx_word' id='word_1_182' title='bbox 1264 1843 1554 1902; x_wconf 89' lang='lat' dir='ltr'>chimeram,</span> <span class='ocrx_word' id='word_1_183' title='bbox 1598 1844 1958 1903; x_wconf 86' lang='lat' dir='ltr'>hircocervum,</span> <span class='ocrx_word' id='word_1_184' title='bbox 2001 1845 2180 1891; x_wconf 91' lang='lat' dir='ltr'>sirenes</span> <span class='ocrx_word' id='word_1_185' title='bbox 2222 1854 2270 1891; x_wconf 87' lang='lat' dir='ltr'>et</span> <span class='ocrx_word' id='word_1_186' title='bbox 2309 1843 2399 1890; x_wconf 89' lang='lat' dir='ltr'>alia</span> 
     </span>
     <span class='ocr_line' id='line_1_20' title="bbox 245 1922 2396 1988; baseline -0 -17"><span class='ocrx_word' id='word_1_187' title='bbox 245 1924 414 1971; x_wconf 90' lang='lat' dir='ltr'>multa.</span> <span class='ocrx_word' id='word_1_188' title='bbox 438 1927 497 1970; x_wconf 88' lang='lat' dir='ltr'>Et</span> <span class='ocrx_word' id='word_1_189' title='bbox 518 1923 620 1970; x_wconf 85' lang='lat' dir='ltr'>haec</span> <span class='ocrx_word' id='word_1_190' title='bbox 644 1922 840 1988; x_wconf 90' lang='lat' dir='ltr'>quidem</span> <span class='ocrx_word' id='word_1_191' title='bbox 864 1923 993 1971; x_wconf 92' lang='lat' dir='ltr'>clara</span> <span class='ocrx_word' id='word_1_192' title='bbox 1013 1933 1083 1971; x_wconf 91' lang='lat' dir='ltr'>est</span> <span class='ocrx_word' id='word_1_193' title='bbox 1107 1940 1275 1971; x_wconf 91' lang='lat' dir='ltr'>sensus</span> <span class='ocrx_word' id='word_1_194' title='bbox 1300 1934 1348 1971; x_wconf 91' lang='lat' dir='ltr'>et</span> <span class='ocrx_word' id='word_1_195' title='bbox 1371 1924 1638 1972; x_wconf 89' lang='lat' dir='ltr'>intellectus</span> <span class='ocrx_word' id='word_1_196' title='bbox 1662 1923 1952 1978; x_wconf 86' lang='lat' dir='ltr'>differentia.</span> <span class='ocrx_word' id='word_1_197' title='bbox 1978 1926 2210 1971; x_wconf 85' lang='lat' dir='ltr'>Praeterea</span> <span class='ocrx_word' id='word_1_198' title='bbox 2230 1940 2396 1971; x_wconf 89' lang='lat' dir='ltr'>sensus</span> 
     </span>
     <span class='ocr_line' id='line_1_21' title="bbox 245 2002 2398 2070; baseline -0.001 -18"><span class='ocrx_word' id='word_1_199' title='bbox 245 2004 428 2052; x_wconf 87' lang='lat' dir='ltr'>nullam</span> <span class='ocrx_word' id='word_1_200' title='bbox 459 2004 558 2052; x_wconf 85' lang='lat' dir='ltr'>vim</span> <span class='ocrx_word' id='word_1_201' title='bbox 597 2002 898 2051; x_wconf 88' lang='lat' dir='ltr'>deliberandi</span> <span class='ocrx_word' id='word_1_202' title='bbox 935 2003 1117 2068; x_wconf 89' lang='lat' dir='ltr'>aliquid</span> <span class='ocrx_word' id='word_1_203' title='bbox 1143 2003 1318 2065; x_wconf 85' lang='lat' dir='ltr'>habet,</span> <span class='ocrx_word' id='word_1_204' title='bbox 1356 2004 1452 2051; x_wconf 91' lang='lat' dir='ltr'>hoc</span> <span class='ocrx_word' id='word_1_205' title='bbox 1487 2014 1557 2052; x_wconf 87' lang='lat' dir='ltr'>est</span> <span class='ocrx_word' id='word_1_206' title='bbox 1594 2004 1878 2052; x_wconf 88' lang='lat' dir='ltr'>attendendi</span> <span class='ocrx_word' id='word_1_207' title='bbox 1913 2003 2094 2070; x_wconf 89' lang='lat' dir='ltr'>aliquid</span> <span class='ocrx_word' id='word_1_208' title='bbox 2130 2003 2398 2052; x_wconf 91' lang='lat' dir='ltr'>secundum</span> 
     </span>
     <span class='ocr_line' id='line_1_22' title="bbox 242 2083 2401 2151; baseline -0.001 -18"><span class='ocrx_word' id='word_1_209' title='bbox 242 2085 452 2150; x_wconf 87' lang='lat' dir='ltr'>aliquam</span> <span class='ocrx_word' id='word_1_210' title='bbox 496 2094 718 2132; x_wconf 89' lang='lat' dir='ltr'>naturam</span> <span class='ocrx_word' id='word_1_211' title='bbox 769 2093 853 2131; x_wconf 89' lang='lat' dir='ltr'>aut</span> <span class='ocrx_word' id='word_1_212' title='bbox 890 2084 1238 2150; x_wconf 88' lang='lat' dir='ltr'>proprietatem</span> <span class='ocrx_word' id='word_1_213' title='bbox 1275 2085 1440 2151; x_wconf 89' lang='lat' dir='ltr'>ipsius.</span> <span class='ocrx_word' id='word_1_214' title='bbox 1481 2085 1621 2133; x_wconf 89' lang='lat' dir='ltr'>Unde</span> <span class='ocrx_word' id='word_1_215' title='bbox 1673 2101 1808 2149; x_wconf 83' lang='lat' dir='ltr'>aeque</span> <span class='ocrx_word' id='word_1_216' title='bbox 1850 2094 1949 2131; x_wconf 90' lang='lat' dir='ltr'>tam</span> <span class='ocrx_word' id='word_1_217' title='bbox 1991 2083 2401 2132; x_wconf 88' lang='lat' dir='ltr'>irrationabilibus</span> 
     </span>
     <span class='ocr_line' id='line_1_23' title="bbox 244 2164 2401 2230; baseline -0 -18"><span class='ocrx_word' id='word_1_218' title='bbox 244 2183 393 2230; x_wconf 89' lang='lat' dir='ltr'>quam</span> <span class='ocrx_word' id='word_1_219' title='bbox 418 2164 784 2213; x_wconf 84' lang='lat' dir='ltr'>rationabilibus</span> <span class='ocrx_word' id='word_1_220' title='bbox 807 2164 1082 2212; x_wconf 89' lang='lat' dir='ltr'>communis</span> <span class='ocrx_word' id='word_1_221' title='bbox 1107 2174 1178 2212; x_wconf 91' lang='lat' dir='ltr'>est</span> <span class='ocrx_word' id='word_1_222' title='bbox 1202 2164 1506 2213; x_wconf 88' lang='lat' dir='ltr'>animalibus.</span> <span class='ocrx_word' id='word_1_223' title='bbox 1535 2167 1594 2212; x_wconf 92' lang='lat' dir='ltr'>At</span> <span class='ocrx_word' id='word_1_224' title='bbox 1617 2181 1732 2212; x_wconf 89' lang='lat' dir='ltr'>vero</span> <span class='ocrx_word' id='word_1_225' title='bbox 1756 2164 2026 2212; x_wconf 88' lang='lat' dir='ltr'>intellectus</span> <span class='ocrx_word' id='word_1_226' title='bbox 2047 2181 2150 2211; x_wconf 91' lang='lat' dir='ltr'>esse</span> <span class='ocrx_word' id='word_1_227' title='bbox 2180 2180 2280 2211; x_wconf 91' lang='lat' dir='ltr'>non</span> <span class='ocrx_word' id='word_1_228' title='bbox 2306 2180 2401 2229; x_wconf 91' lang='lat' dir='ltr'>po-</span> 
     </span>
     <span class='ocr_line' id='line_1_24' title="bbox 244 2243 2396 2311; baseline -0.001 -18"><span class='ocrx_word' id='word_1_229' title='bbox 244 2256 334 2294; x_wconf 90' lang='lat' dir='ltr'>test</span> <span class='ocrx_word' id='word_1_230' title='bbox 368 2247 460 2293; x_wconf 90' lang='lat' dir='ltr'>nisi</span> <span class='ocrx_word' id='word_1_231' title='bbox 489 2263 545 2293; x_wconf 86' lang='lat' dir='ltr'>ex</span> <span class='ocrx_word' id='word_1_232' title='bbox 569 2246 757 2293; x_wconf 89' lang='lat' dir='ltr'>ratione</span> <span class='ocrx_word' id='word_1_233' title='bbox 781 2245 964 2311; x_wconf 89' lang='lat' dir='ltr'>aliquid</span> <span class='ocrx_word' id='word_1_234' title='bbox 982 2246 1117 2310; x_wconf 85' lang='lat' dir='ltr'>juxta</span> <span class='ocrx_word' id='word_1_235' title='bbox 1147 2246 1356 2311; x_wconf 90' lang='lat' dir='ltr'>aliquam</span> <span class='ocrx_word' id='word_1_236' title='bbox 1386 2255 1609 2293; x_wconf 89' lang='lat' dir='ltr'>naturam</span> <span class='ocrx_word' id='word_1_237' title='bbox 1633 2255 1716 2293; x_wconf 92' lang='lat' dir='ltr'>aut</span> <span class='ocrx_word' id='word_1_238' title='bbox 1739 2246 2082 2310; x_wconf 84' lang='lat' dir='ltr'>proprietatem</span> <span class='ocrx_word' id='word_1_239' title='bbox 2106 2243 2396 2303; x_wconf 87' lang='lat' dir='ltr'>attendatur,</span> 
     </span>
     <span class='ocr_line' id='line_1_25' title="bbox 245 2324 2400 2392; baseline -0.001 -18"><span class='ocrx_word' id='word_1_240' title='bbox 245 2329 391 2374; x_wconf 85' lang='lat' dir='ltr'>etiam</span> <span class='ocrx_word' id='word_1_241' title='bbox 424 2327 462 2374; x_wconf 91' lang='lat' dir='ltr'>si</span> <span class='ocrx_word' id='word_1_242' title='bbox 486 2327 547 2374; x_wconf 88' lang='lat' dir='ltr'>sit</span> <span class='ocrx_word' id='word_1_243' title='bbox 576 2326 890 2390; x_wconf 88' lang='lat' dir='ltr'>intelligentia</span> <span class='ocrx_word' id='word_1_244' title='bbox 918 2343 1069 2375; x_wconf 87' lang='lat' dir='ltr'>cassa.</span> <span class='ocrx_word' id='word_1_245' title='bbox 1098 2327 1292 2392; x_wconf 89' lang='lat' dir='ltr'>Quippe</span> <span class='ocrx_word' id='word_1_246' title='bbox 1324 2343 1438 2374; x_wconf 91' lang='lat' dir='ltr'>cum</span> <span class='ocrx_word' id='word_1_247' title='bbox 1466 2337 1750 2373; x_wconf 89' lang='lat' dir='ltr'>centaurum</span> <span class='ocrx_word' id='word_1_248' title='bbox 1782 2325 1874 2372; x_wconf 91' lang='lat' dir='ltr'>sibi</span> <span class='ocrx_word' id='word_1_249' title='bbox 1903 2325 2092 2372; x_wconf 90' lang='lat' dir='ltr'>animus</span> <span class='ocrx_word' id='word_1_250' title='bbox 2128 2324 2265 2389; x_wconf 88' lang='lat' dir='ltr'>fingit</span> <span class='ocrx_word' id='word_1_251' title='bbox 2296 2334 2400 2372; x_wconf 90' lang='lat' dir='ltr'>tan-</span> 
     </span>
     <span class='ocr_line' id='line_1_26' title="bbox 244 2404 2400 2473; baseline -0.001 -19"><span class='ocrx_word' id='word_1_252' title='bbox 244 2425 390 2473; x_wconf 88' lang='lat' dir='ltr'>quam</span> <span class='ocrx_word' id='word_1_253' title='bbox 431 2407 607 2455; x_wconf 89' lang='lat' dir='ltr'>animal</span> <span class='ocrx_word' id='word_1_254' title='bbox 630 2408 805 2472; x_wconf 88' lang='lat' dir='ltr'>partim</span> <span class='ocrx_word' id='word_1_255' title='bbox 838 2424 895 2454; x_wconf 87' lang='lat' dir='ltr'>ex</span> <span class='ocrx_word' id='word_1_256' title='bbox 919 2406 1142 2467; x_wconf 89' lang='lat' dir='ltr'>homine,</span> <span class='ocrx_word' id='word_1_257' title='bbox 1169 2408 1344 2473; x_wconf 87' lang='lat' dir='ltr'>partim</span> <span class='ocrx_word' id='word_1_258' title='bbox 1376 2424 1429 2454; x_wconf 88' lang='lat' dir='ltr'>ex</span> <span class='ocrx_word' id='word_1_259' title='bbox 1457 2424 1584 2471; x_wconf 89' lang='lat' dir='ltr'>equo</span> <span class='ocrx_word' id='word_1_260' title='bbox 1613 2406 1966 2472; x_wconf 90' lang='lat' dir='ltr'>compositum,</span> <span class='ocrx_word' id='word_1_261' title='bbox 1993 2406 2154 2470; x_wconf 89' lang='lat' dir='ltr'>itaque</span> <span class='ocrx_word' id='word_1_262' title='bbox 2181 2404 2400 2453; x_wconf 90' lang='lat' dir='ltr'>animalis</span> 
     </span>
     <span class='ocr_line' id='line_1_27' title="bbox 244 2486 2400 2553; baseline -0.001 -19"><span class='ocrx_word' id='word_1_263' title='bbox 244 2498 468 2536; x_wconf 90' lang='lat' dir='ltr'>naturam</span> <span class='ocrx_word' id='word_1_264' title='bbox 493 2504 548 2535; x_wconf 89' lang='lat' dir='ltr'>ac</span> <span class='ocrx_word' id='word_1_265' title='bbox 571 2504 658 2553; x_wconf 90' lang='lat' dir='ltr'>per</span> <span class='ocrx_word' id='word_1_266' title='bbox 680 2486 777 2534; x_wconf 92' lang='lat' dir='ltr'>hoc</span> <span class='ocrx_word' id='word_1_267' title='bbox 799 2488 1019 2552; x_wconf 85' lang='lat' dir='ltr'>corporis</span> <span class='ocrx_word' id='word_1_268' title='bbox 1045 2488 1144 2535; x_wconf 92' lang='lat' dir='ltr'>sive</span> <span class='ocrx_word' id='word_1_269' title='bbox 1168 2487 1446 2535; x_wconf 82' lang='lat' dir='ltr'>substantiae</span> <span class='ocrx_word' id='word_1_270' title='bbox 1469 2486 1714 2534; x_wconf 88' lang='lat' dir='ltr'>attendere</span> <span class='ocrx_word' id='word_1_271' title='bbox 1737 2503 1849 2533; x_wconf 90' lang='lat' dir='ltr'>eum</span> <span class='ocrx_word' id='word_1_272' title='bbox 1874 2502 2068 2533; x_wconf 90' lang='lat' dir='ltr'>necesse</span> <span class='ocrx_word' id='word_1_273' title='bbox 2092 2495 2180 2532; x_wconf 90' lang='lat' dir='ltr'>est.</span> <span class='ocrx_word' id='word_1_274' title='bbox 2208 2488 2267 2531; x_wconf 92' lang='lat' dir='ltr'>Et</span> <span class='ocrx_word' id='word_1_275' title='bbox 2288 2501 2400 2532; x_wconf 91' lang='lat' dir='ltr'>cum</span> 
     </span>
     <span class='ocr_line' id='line_1_28' title="bbox 247 2566 2402 2634; baseline -0.002 -18"><span class='ocrx_word' id='word_1_276' title='bbox 247 2569 458 2616; x_wconf 87' lang='lat' dir='ltr'>hominis</span> <span class='ocrx_word' id='word_1_277' title='bbox 480 2578 526 2616; x_wconf 92' lang='lat' dir='ltr'>et</span> <span class='ocrx_word' id='word_1_278' title='bbox 546 2569 659 2634; x_wconf 91' lang='lat' dir='ltr'>equi</span> <span class='ocrx_word' id='word_1_279' title='bbox 677 2569 813 2633; x_wconf 91' lang='lat' dir='ltr'>quasi</span> <span class='ocrx_word' id='word_1_280' title='bbox 836 2580 994 2634; x_wconf 88' lang='lat' dir='ltr'>partes</span> <span class='ocrx_word' id='word_1_281' title='bbox 1015 2569 1250 2633; x_wconf 91' lang='lat' dir='ltr'>quasdam</span> <span class='ocrx_word' id='word_1_282' title='bbox 1273 2568 1364 2616; x_wconf 91' lang='lat' dir='ltr'>sibi</span> <span class='ocrx_word' id='word_1_283' title='bbox 1381 2569 1572 2633; x_wconf 87' lang='lat' dir='ltr'>junctas</span> <span class='ocrx_word' id='word_1_284' title='bbox 1594 2568 1885 2628; x_wconf 91' lang='lat' dir='ltr'>consideret,</span> <span class='ocrx_word' id='word_1_285' title='bbox 1917 2576 1963 2614; x_wconf 91' lang='lat' dir='ltr'>et</span> <span class='ocrx_word' id='word_1_286' title='bbox 1980 2566 2181 2614; x_wconf 90' lang='lat' dir='ltr'>humani</span> <span class='ocrx_word' id='word_1_287' title='bbox 2205 2582 2402 2630; x_wconf 89' lang='lat' dir='ltr'>quoque</span> 
     </span>
     <span class='ocr_line' id='line_1_29' title="bbox 249 2644 2402 2712; baseline -0.001 -18"><span class='ocrx_word' id='word_1_288' title='bbox 249 2656 297 2693; x_wconf 88' lang='lat' dir='ltr'>et</span> <span class='ocrx_word' id='word_1_289' title='bbox 316 2648 481 2711; x_wconf 90' lang='lat' dir='ltr'>equini</span> <span class='ocrx_word' id='word_1_290' title='bbox 504 2647 722 2712; x_wconf 89' lang='lat' dir='ltr'>corporis</span> <span class='ocrx_word' id='word_1_291' title='bbox 757 2663 859 2693; x_wconf 91' lang='lat' dir='ltr'>non</span> <span class='ocrx_word' id='word_1_292' title='bbox 883 2647 1202 2712; x_wconf 74' lang='lat' dir='ltr'>praetermittit</span> <span class='ocrx_word' id='word_1_293' title='bbox 1224 2647 1588 2712; x_wconf 90' lang='lat' dir='ltr'>proprietatem.</span> <span class='ocrx_word' id='word_1_294' title='bbox 1615 2645 1756 2693; x_wconf 91' lang='lat' dir='ltr'>Unde</span> <span class='ocrx_word' id='word_1_295' title='bbox 1790 2644 2057 2693; x_wconf 90' lang='lat' dir='ltr'>intellectus</span> <span class='ocrx_word' id='word_1_296' title='bbox 2079 2645 2278 2691; x_wconf 85' lang='lat' dir='ltr'>minime</span> <span class='ocrx_word' id='word_1_297' title='bbox 2300 2660 2402 2691; x_wconf 89' lang='lat' dir='ltr'>esse</span> 
     </span>
     <span class='ocr_line' id='line_1_30' title="bbox 249 2724 2400 2792; baseline -0.002 -17"><span class='ocrx_word' id='word_1_298' title='bbox 249 2738 425 2792; x_wconf 89' lang='lat' dir='ltr'>potest,</span> <span class='ocrx_word' id='word_1_299' title='bbox 453 2728 749 2792; x_wconf 90' lang='lat' dir='ltr'>ubicumque</span> <span class='ocrx_word' id='word_1_300' title='bbox 776 2728 900 2776; x_wconf 87' lang='lat' dir='ltr'>ratio</span> <span class='ocrx_word' id='word_1_301' title='bbox 933 2744 1033 2775; x_wconf 90' lang='lat' dir='ltr'>non</span> <span class='ocrx_word' id='word_1_302' title='bbox 1065 2727 1228 2775; x_wconf 86' lang='lat' dir='ltr'>subest</span> <span class='ocrx_word' id='word_1_303' title='bbox 1263 2744 1321 2775; x_wconf 87' lang='lat' dir='ltr'>ex</span> <span class='ocrx_word' id='word_1_304' title='bbox 1344 2743 1442 2792; x_wconf 88' lang='lat' dir='ltr'>qua</span> <span class='ocrx_word' id='word_1_305' title='bbox 1465 2726 1760 2775; x_wconf 90' lang='lat' dir='ltr'>deliberetur</span> <span class='ocrx_word' id='word_1_306' title='bbox 1793 2725 2001 2790; x_wconf 85' lang='lat' dir='ltr'>aliquid,</span> <span class='ocrx_word' id='word_1_307' title='bbox 2026 2724 2122 2772; x_wconf 91' lang='lat' dir='ltr'>hoc</span> <span class='ocrx_word' id='word_1_308' title='bbox 2153 2734 2223 2772; x_wconf 90' lang='lat' dir='ltr'>est</span> <span class='ocrx_word' id='word_1_309' title='bbox 2246 2733 2400 2773; x_wconf 87' lang='lat' dir='ltr'>atten-</span> 
     </span>
     <span class='ocr_line' id='line_1_31' title="bbox 250 2805 2402 2874; baseline -0.002 -19"><span class='ocrx_word' id='word_1_310' title='bbox 250 2807 391 2855; x_wconf 87' lang='lat' dir='ltr'>datur</span> <span class='ocrx_word' id='word_1_311' title='bbox 421 2809 554 2873; x_wconf 87' lang='lat' dir='ltr'>juxta</span> <span class='ocrx_word' id='word_1_312' title='bbox 589 2818 810 2856; x_wconf 89' lang='lat' dir='ltr'>naturam</span> <span class='ocrx_word' id='word_1_313' title='bbox 848 2818 931 2856; x_wconf 91' lang='lat' dir='ltr'>aut</span> <span class='ocrx_word' id='word_1_314' title='bbox 960 2809 1307 2874; x_wconf 87' lang='lat' dir='ltr'>proprietatem</span> <span class='ocrx_word' id='word_1_315' title='bbox 1338 2808 1567 2873; x_wconf 87' lang='lat' dir='ltr'>aliquam.</span> <span class='ocrx_word' id='word_1_316' title='bbox 1595 2808 1847 2855; x_wconf 88' lang='lat' dir='ltr'>Rationem</span> <span class='ocrx_word' id='word_1_317' title='bbox 1874 2816 2037 2854; x_wconf 86' lang='lat' dir='ltr'>autem</span> <span class='ocrx_word' id='word_1_318' title='bbox 2071 2805 2275 2853; x_wconf 89' lang='lat' dir='ltr'>dicimus</span> <span class='ocrx_word' id='word_1_319' title='bbox 2302 2805 2402 2852; x_wconf 85' lang='lat' dir='ltr'>vim</span> 
     </span>
    </p>
   </div>
   <div class='ocr_carea' id='block_1_6' title="bbox 250 2886 2401 3018">
    <p class='ocr_par' dir='ltr' id='par_1_6' title="bbox 250 2886 2401 3018">
     <span class='ocr_line' id='line_1_32' title="bbox 250 2886 2401 2955; baseline -0 -21"><span class='ocrx_word' id='word_1_320' title='bbox 250 2889 403 2953; x_wconf 90' lang='lat' dir='ltr'>ipsam</span> <span class='ocrx_word' id='word_1_321' title='bbox 436 2906 521 2936; x_wconf 91' lang='lat' dir='ltr'>seu</span> <span class='ocrx_word' id='word_1_322' title='bbox 543 2889 815 2938; x_wconf 89' lang='lat' dir='ltr'>facilitatem</span> <span class='ocrx_word' id='word_1_323' title='bbox 840 2890 1032 2938; x_wconf 89' lang='lat' dir='ltr'>discreti</span> <span class='ocrx_word' id='word_1_324' title='bbox 1054 2891 1204 2938; x_wconf 90' lang='lat' dir='ltr'>animi</span> <span class='ocrx_word' id='word_1_325' title='bbox 1227 2906 1324 2955; x_wconf 88' lang='lat' dir='ltr'>qua</span> <span class='ocrx_word' id='word_1_326' title='bbox 1346 2907 1509 2938; x_wconf 89' lang='lat' dir='ltr'>rerum</span> <span class='ocrx_word' id='word_1_327' title='bbox 1539 2898 1735 2937; x_wconf 90' lang='lat' dir='ltr'>naturas</span> <span class='ocrx_word' id='word_1_328' title='bbox 1757 2888 2030 2955; x_wconf 90' lang='lat' dir='ltr'>perspicere</span> <span class='ocrx_word' id='word_1_329' title='bbox 2048 2903 2103 2934; x_wconf 93' lang='lat' dir='ltr'>ac</span> <span class='ocrx_word' id='word_1_330' title='bbox 2137 2886 2401 2952; x_wconf 88' lang='lat' dir='ltr'>dijudicare</span> 
     </span>
     <span class='ocr_line' id='line_1_33' title="bbox 251 2969 694 3018; baseline 0.007 -4"><span class='ocrx_word' id='word_1_331' title='bbox 251 2969 480 3016; x_wconf 88' lang='lat' dir='ltr'>veraciter</span> <span class='ocrx_word' id='word_1_332' title='bbox 503 2970 694 3018; x_wconf 88' lang='lat' dir='ltr'>sufficit.</span> 
     </span>
    </p>
   </div>
   <div class='ocr_carea' id='block_1_7' title="bbox 985 3078 1712 3127">
    <p class='ocr_par' dir='ltr' id='par_1_7' title="bbox 985 3078 1712 3127">
     <span class='ocr_line' id='line_1_34' title="bbox 985 3078 1712 3127; baseline -0.001 -1"><span class='ocrx_word' id='word_1_333' title='bbox 985 3081 1204 3127; x_wconf 81' lang='lat' dir='ltr'>Rationis</span> <span class='ocrx_word' id='word_1_334' title='bbox 1227 3078 1295 3126; x_wconf 88' lang='lat' dir='ltr'>ad</span> <span class='ocrx_word' id='word_1_335' title='bbox 1315 3079 1712 3127; x_wconf 76' lang='lat' dir='ltr'>rationalitatem.</span> 
     </span>
    </p>
   </div>
   <div class='ocr_carea' id='block_1_8' title="bbox 254 3209 2401 3360">
    <p class='ocr_par' dir='ltr' id='par_1_8' title="bbox 254 3209 2401 3360">
     <span class='ocr_line' id='line_1_35' title="bbox 321 3209 2399 3280; baseline -0.003 -19"><span class='ocrx_word' id='word_1_336' title='bbox 321 3215 427 3261; x_wconf 88' lang='lat' dir='ltr'>Non</span> <span class='ocrx_word' id='word_1_337' title='bbox 461 3212 590 3260; x_wconf 90' lang='lat' dir='ltr'>idem</span> <span class='ocrx_word' id='word_1_338' title='bbox 611 3230 728 3261; x_wconf 83' lang='lat' dir='ltr'>vero</span> <span class='ocrx_word' id='word_1_339' title='bbox 758 3224 829 3262; x_wconf 89' lang='lat' dir='ltr'>est</span> <span class='ocrx_word' id='word_1_340' title='bbox 859 3215 1153 3263; x_wconf 89' lang='lat' dir='ltr'>rationalitas</span> <span class='ocrx_word' id='word_1_341' title='bbox 1178 3216 1311 3279; x_wconf 91' lang='lat' dir='ltr'>quod</span> <span class='ocrx_word' id='word_1_342' title='bbox 1339 3217 1492 3277; x_wconf 90' lang='lat' dir='ltr'>ratio;</span> <span class='ocrx_word' id='word_1_343' title='bbox 1529 3215 1608 3263; x_wconf 90' lang='lat' dir='ltr'>illa</span> <span class='ocrx_word' id='word_1_344' title='bbox 1638 3215 1819 3280; x_wconf 90' lang='lat' dir='ltr'>quippe</span> <span class='ocrx_word' id='word_1_345' title='bbox 1845 3211 2076 3261; x_wconf 91' lang='lat' dir='ltr'>omnibus</span> <span class='ocrx_word' id='word_1_346' title='bbox 2104 3209 2330 3275; x_wconf 87' lang='lat' dir='ltr'>angelicis</span> <span class='ocrx_word' id='word_1_347' title='bbox 2354 3218 2399 3256; x_wconf 90' lang='lat' dir='ltr'>et</span> 
     </span>
     <span class='ocr_line' id='line_1_36' title="bbox 254 3290 2401 3360; baseline -0.001 -20"><span class='ocrx_word' id='word_1_348' title='bbox 254 3293 483 3342; x_wconf 89' lang='lat' dir='ltr'>humanis</span> <span class='ocrx_word' id='word_1_349' title='bbox 514 3293 757 3359; x_wconf 91' lang='lat' dir='ltr'>spiritibus</span> <span class='ocrx_word' id='word_1_350' title='bbox 789 3295 912 3343; x_wconf 88' lang='lat' dir='ltr'>inest</span> <span class='ocrx_word' id='word_1_351' title='bbox 936 3312 992 3343; x_wconf 88' lang='lat' dir='ltr'>ex</span> <span class='ocrx_word' id='word_1_352' title='bbox 1016 3312 1114 3360; x_wconf 89' lang='lat' dir='ltr'>qua</span> <span class='ocrx_word' id='word_1_353' title='bbox 1136 3296 1392 3345; x_wconf 88' lang='lat' dir='ltr'>rationales</span> <span class='ocrx_word' id='word_1_354' title='bbox 1414 3296 1529 3344; x_wconf 88' lang='lat' dir='ltr'>dicti</span> <span class='ocrx_word' id='word_1_355' title='bbox 1553 3304 1690 3355; x_wconf 93' lang='lat' dir='ltr'>sunt,</span> <span class='ocrx_word' id='word_1_356' title='bbox 1718 3294 1820 3342; x_wconf 90' lang='lat' dir='ltr'>haec</span> <span class='ocrx_word' id='word_1_357' title='bbox 1842 3310 1959 3343; x_wconf 87' lang='lat' dir='ltr'>vero</span> <span class='ocrx_word' id='word_1_358' title='bbox 1984 3290 2273 3357; x_wconf 88' lang='lat' dir='ltr'>quibusdam</span> <span class='ocrx_word' id='word_1_359' title='bbox 2296 3300 2401 3338; x_wconf 89' lang='lat' dir='ltr'>tan·</span> 
     </span>
    </p>
   </div>
  </div>
 </body>
</html>
