2638 3866
981 280 1039 330 ΙΝ
1075 279 1405 329 EPISTOLAM
1441 281 1518 328 AD
1553 279 1855 330 ROMANOS.
2397 284 2484 333 324

349 384 546 448 geritur.
574 381 771 431 Homini
795 382 973 447 itaque,
1003 398 1103 430 non
1125 385 1232 431 Deo
1253 383 1556 449 prohibitum
1578 392 1651 431 est
1673 383 1911 432 occidere.
1938 384 2018 432 Sic
2038 393 2087 432 et
2110 383 2310 433 fortasse
2332 396 2495 434 nostra

349 473 548 531 repente
576 461 910 531 prohibemur„
946 463 1061 529 quia
1094 462 1320 513 videlicet
1352 474 1518 514 nostra
1550 472 1686 523 sunt,
1712 463 1833 512 sicut
1865 473 1912 513 et
1946 464 2143 531 diligere
2167 480 2252 513 eos
2285 466 2370 531 qui
2405 482 2496 515 nos

349 544 574 610 diligunt,
603 543 655 593 id
676 553 748 593 est
773 544 889 610 quia
909 560 1002 592 nos
1024 543 1246 608 diligunt.
1273 546 1390 603 Quae
1413 546 1543 594 enim
1568 554 1768 612 propter
1787 561 1877 594 nos
1898 544 2078 595 habere
2104 562 2206 595 non
2233 545 2466 596 debemus
2481 584 2493 608 ,

353 636 404 674 ut
424 625 567 690 hujus
599 624 778 674 scilicet
800 626 1114 691 possessionis
1135 625 1185 674 in
1209 625 1351 673 nobis
1377 626 1524 675 finem
1547 626 1916 688 constituamuS‚
1940 627 2095 675 multo
2118 627 2278 676 minus
2301 637 2499 695 propter

354 707 674 773 nosmetipsos
706 716 921 773 repetere
956 706 1114 755 ablata
1145 705 1380 755 debemus
1407 725 1417 755 ε
1443 706 1579 773 quod
1617 704 1838 754 videlicet
1874 706 2072 755 sortasse
2105 710 2236 756 Deus
2269 725 2357 775 per
2381 709 2499 757 alios

354 786 524 836 melius
541 802 688 852 quam
705 804 793 853 per
814 804 905 836 nos
927 787 1186 854 disponere
1210 787 1330 848 vult,
1355 789 1430 836 vel
1449 787 1582 854 quod
1599 786 1743 835 nobis
1761 787 1982 835 nocitura
2003 788 2311 853 praevidebat.
2337 793 2499 855 Itaque

354 877 570 934 repetere
593 867 702 917 licet
734 885 826 917 nos
859 885 968 934 quae
998 868 1088 917 Dei
1114 879 1224 916 sunt
1247 870 1408 935 potius
1443 886 1589 935 quam
1623 885 1730 934 quae
1755 878 1920 916 nostra
1956 877 2084 930 sunt,
2119 868 2169 916 id
2203 879 2274 917 est
2306 880 2500 936 propter

353 951 511 997 Deum
529 949 708 1015 potius,
725 958 779 997 ut
796 949 1067 998 secundum
1084 948 1381 998 voluntatem
1399 966 1456 998 ea
1473 950 1806 1016 disponamus,
1824 966 1971 1014 quam
1988 959 2188 1015 propter
2204 966 2310 1012 nos,
2328 960 2374 998 et
2388 960 2500 998 tunc

354 1030 516 1095 potius
537 1032 668 1078 Deus
691 1030 742 1078 in
774 1029 918 1079 nobis
943 1046 1031 1080 sua
1061 1031 1252 1096 repetit,
1285 1047 1434 1096 quam
1462 1047 1552 1078 nos
1581 1040 1764 1093 nostra,
1798 1030 1918 1079 dum
1949 1030 2045 1079 hoc
2076 1029 2298 1079 videlicet
2320 1032 2501 1095 agimus

357 1120 409 1159 ut
432 1110 593 1175 potius
616 1110 706 1159 Dei
728 1111 957 1160 faciamus
980 1128 1082 1160 esse
1104 1129 1253 1177 quam
1279 1122 1463 1160 nostra.

425 1211 449 1237 «
470 1191 564 1240 Sed
591 1192 647 1240 si.
669 1211 693 1237 ι)
729 1193 839 1240 Dixi
866 1211 879 1240 ε
910 1195 1019 1241 Non
1054 1193 1310 1241 vindicetis
1342 1210 1448 1254 vos,
1486 1192 1572 1241 sed
1605 1193 1766 1259 potius
1798 1194 1948 1254 Deus,
1984 1201 2036 1239 ut
2074 1191 2257 1240 dictum
2294 1201 2381 1252 est,
2421 1194 2503 1240 sed

353 1290 382 1321 e
410 1275 654 1322 contrario
692 1273 961 1324 benefacite
996 1275 1120 1323 male
1161 1275 1460 1324 facientibus.
1506 1278 1563 1323 Et
1601 1274 1697 1322 hoc
1736 1284 1824 1337 est,
1869 1273 2005 1321 «sed
2049 1275 2105 1334 si,
2154 1283 2246 1322 etc.
2282 1294 2305 1317 n
2353 1295 2375 1318 (ι
2403 1277 2505 1322 Hoc

347 1354 504 1402 enim.
535 1375 558 1399 n
605 1354 778 1405 Reddit
812 1372 1007 1405 causam
1043 1373 1192 1422 quare
1231 1357 1299 1404 sic
1335 1356 1611 1404 faciendum
1643 1357 1703 1403 sit
1744 1356 1968 1417 inimiciS,
2008 1356 2121 1420 quia
2165 1364 2364 1421 propter
2410 1355 2505 1403 hoc

355 1434 490 1483 facile
530 1437 798 1502 poterimus
829 1436 893 1486 ad
931 1437 1134 1486 salutem
1165 1437 1372 1486 trahere.
1413 1440 1567 1503 Caput
1605 1436 1803 1502 quidem
1842 1437 2118 1503 principalis
2159 1452 2271 1501 pars
2311 1436 2359 1482 in
2400 1452 2507 1483 cor·

357 1533 496 1581 pore,
542 1527 775 1582 tanquam
809 1518 859 1565 in
907 1518 1135 1566 omnibus
1183 1518 1402 1567 sensibus
1443 1518 1664 1584 corporis
1711 1526 1957 1579 ornatum,
2005 1526 2219 1565 mentem
2266 1516 2366 1563 sive
2403 1517 2509 1563 ani-

358 1613 488 1644 mam
531 1607 746 1646 nostram
785 1597 1039 1664 significat.
1082 1598 1329 1647 Carbones
1366 1599 1488 1663 ignis
1524 1598 1750 1647 incendia
1787 1608 1900 1645 sunt
1936 1598 2162 1658 caritatis,
2190 1597 2265 1644 vel
2303 1597 2509 1644 lamenta

358 1677 650 1742 poenitentiae
681 1678 860 1744 quibus
890 1680 1050 1728 anima
1083 1680 1276 1746 penitus
1307 1680 1624 1738 excruciatur,
1661 1688 1708 1740 et
1739 1688 1910 1726 contra
1943 1678 2250 1743 semetipsam
2282 1676 2511 1742 indigna-

358 1757 501 1804 tionis
525 1757 733 1807 flammis
759 1758 1057 1809 accenditur.
1099 1763 1199 1808 Hos
1231 1760 1393 1825 itaque
1434 1759 1670 1808 carbones
1701 1775 1846 1824 super
1881 1768 2094 1806 mentem
2137 1758 2320 1806 inimici
2360 1759 2511 1805 nostri

357 1853 693 1901 congeramus,
737 1840 782 1888 ei
818 1839 1196 1902 benefaciend03
1237 1840 1357 1888 dum
1397 1858 1484 1906 per
1522 1840 1619 1888 hoc
1653 1856 1767 1888 eum
1805 1839 1868 1887 ad
1901 1855 2120 1887 amorem
2161 1856 2271 1904 erga
2306 1855 2396 1886 nos
2438 1840 2511 1885 vel

359 1918 422 1967 ad
457 1919 791 1984 poenitentiam
825 1920 1085 1983 malorum,
1122 1937 1228 1986 quae
1265 1921 1409 1970 nobis
1443 1922 1622 1984 intulit,
1664 1920 1990 1969 accendimus.
2027 1940 2050 1967 «
2083 1920 2191 1968 Noli
2225 1921 2370 1981 vinci,
2401 1940 2425 1965 »
2463 1920 2511 1967 id

360 2009 431 2048 est
460 2002 675 2066 superari
703 2018 732 2049 a
753 2002 871 2050 vitio
894 2012 1000 2065 tuo,
1031 2003 1071 2051 si
1103 2002 1329 2053 videlicet
1357 2003 1429 2051 ira
1453 2002 1543 2051 tibi
1567 2002 1691 2051 adeo
1715 2002 2013 2062 dominatur,
2048 2011 2101 2049 ut
2128 2001 2301 2049 reddas
2335 2001 2513 2049 malum

360 2097 452 2145 pro
475 2081 603 2129 malo
631 2100 642 2128 z
672 2082 758 2131 sed
779 2083 919 2131 vince
947 2094 996 2132 et
1023 2084 1230 2149 reprime
1259 2085 1413 2150 ipsam
1445 2083 1567 2131 iram
1588 2092 1721 2131 tuam
1752 2099 1841 2148 per
1866 2082 2055 2130 bonum
2077 2081 2205 2129 malo
2228 2097 2514 2146 recompen-

361 2171 536 2210 satum.
572 2165 683 2211 Non
706 2164 839 2212 enim
873 2163 1057 2213 malum
1087 2174 1159 2213 est
1192 2164 1369 2213 servire
1392 2163 1601 2224 homini,
1637 2163 1723 2211 sed
1742 2163 1881 2211 vitio.
1908 2161 2047 2210 Unde
2078 2163 2237 2209 statim
2263 2161 2510 2226 adjungit:

363 2261 390 2287 «
420 2243 595 2290 Omnis
627 2243 807 2305 anima,
841 2262 865 2289 »
899 2244 952 2293 id
983 2254 1055 2293 est
1089 2245 1313 2310 quaelibet
1349 2244 1597 2292 rationalis
1635 2253 1871 2305 creatura,
1909 2263 1932 2290 «
1964 2242 2155 2291 subdita
2189 2243 2267 2302 sit,
2305 2262 2327 2283 u
2363 2242 2413 2289 id
2446 2252 2515 2290 est

363 2320 571 2370 libenter
592 2322 806 2373 obediat.
830 2324 978 2383 Quod
1003 2325 1202 2391 quidem
1225 2324 1455 2373 adversus
1477 2325 1806 2389 quorumdam
1828 2324 2043 2373 fidelium
2067 2323 2350 2389 opinionem
2376 2322 2512 2380 dicit,

364 2401 542 2467 quibus
577 2404 780 2452 omnino
812 2405 1045 2470 injustum
1075 2416 1123 2455 et
1153 2406 1501 2454 inconveniens
1522 2405 1777 2454 videbatur
1809 2415 1862 2454 ut
1885 2405 2111 2471 quislibet
2136 2406 2238 2469 jam
2273 2403 2335 2451 ad
2372 2403 2516 2450 sidem

366 2481 543 2542 Christi
583 2500 848 2534 conversus
891 2496 1091 2535 terrenae
1133 2487 1359 2553 potestati
1395 2486 1601 2553 amplius
1639 2486 1902 2534 deserviret
1941 2503 2027 2534 seu
2070 2484 2290 2533 obediret
2330 2502 2340 2529 :
2382 2485 2515 2548 quasi

367 2562 485 2612 tales
516 2565 720 2614 omnino
758 2576 1019 2633 potestates
1047 2584 1077 2616 a
1098 2571 1203 2616 Deo
1239 2568 1510 2616 constitutae
1543 2584 1645 2616 non
1679 2577 1855 2615 essent.
1885 2566 2024 2614 Unde
2062 2576 2109 2613 et
2145 2565 2382 2612 Dominus
2418 2565 2517 2628 ipse

367 2660 458 2709 pro
490 2645 648 2711 seipso
680 2656 728 2695 et
762 2651 908 2696 Petro
942 2664 1143 2698 censum
1174 2649 1346 2697 Caesari
1378 2648 1652 2714 persolvere
1684 2647 1942 2711 dignatus¹,
1968 2647 2169 2712 proprio
2202 2645 2270 2715 ad*
2298 2644 2395 2692 hoc
2430 2662 2519 2692 nos

367 2723 588 2774 hortatus
610 2736 684 2774 est
703 2728 943 2794 exemplo.
974 2749 998 2773 «
1018 2727 1412 2789 Sublimioribus,
1428 2747 1452 2774 υ
1480 2728 1532 2776 id
1553 2738 1624 2776 est
1657 2728 1748 2775 sibi
1770 2727 1973 2792 praelatis
1995 2743 2024 2774 a
2046 2730 2169 2786 Deo,
2198 2725 2377 2772 scilicet
2399 2725 2520 2773 sicut

368 2805 527 2852 statim
549 2807 761 2855 annectit
786 2807 981 2856 dicens:
1015 2827 1041 2855 «
1068 2811 1176 2857 Non
1201 2817 1272 2855 est
1302 2809 1434 2856 enim
1464 2817 1692 2872 potestas,
1715 2827 1740 2854 »
1766 2808 1867 2855 sive
1898 2808 2032 2855 bona
2065 2806 2245 2854 scilicet
2272 2805 2371 2852 sive
2397 2804 2521 2852 mala

371 2883 606 2947 videatur,
644 2906 667 2930 «
687 2887 780 2934 nisi
809 2903 839 2935 a
869 2891 994 2950 Deo,
1014 2908 1039 2934 ιο
1064 2888 1116 2936 id
1146 2897 1217 2936 est
1248 2904 1336 2954 per
1370 2888 1472 2953 ejus
1496 2888 1901 2954 dispensationem
1932 2887 2210 2935 constituta.
2239 2888 2363 2933 Cum
2392 2887 2519 2933 enim

371 2965 612 3031 principes
640 2965 762 3015 boni
795 2977 927 3030 sunt,
964 2967 1118 3016 divini
1148 2969 1363 3017 muneris
1398 2979 1497 3029 est3
1537 2986 1650 3017 cum
1687 2978 1848 3017 autem
1879 2968 2011 3029 mali,
2049 2966 2128 3015 vel
2161 2966 2224 3014 ad
2260 2965 2519 3013 vindictam

370 3060 711 3109 perversorum
730 3048 1008 3110 hominum,
1040 3048 1117 3098 vel
1140 3049 1203 3098 ad
1233 3050 1572 3115 purgationem
1603 3066 1686 3098 seu
1719 3047 2059 3115 probationem
2086 3047 2331 3095 bonorum
2362 3063 2389 3093 a
2418 3049 2519 3094 Deo

370 3136 484 3175 sunt
515 3128 738 3190 instituti,
764 3129 849 3195 qui
873 3129 1140 3195 quamlibet
1170 3130 1468 3196 impietatem
1498 3131 1642 3179 etiam
1667 3129 1794 3179 bene
1826 3128 2058 3194 disponit.
2081 3127 2221 3176 Unde
2244 3137 2291 3175 et
2314 3136 2522 3192 potestas

373 3204 555 3256 diaboli
585 3209 660 3257 vel
685 3210 942 3275 cujuslibet
969 3211 1106 3277 impii
1136 3210 1269 3261 bona
1295 3211 1596 3277 perhibetur,
1624 3211 1735 3259 licet
1765 3209 1988 3259 voluntas
2018 3226 2189 3258 eorum
2217 3209 2275 3255 sit
2297 3206 2517 3272 pessima,

423 3388 572 3432 Ἥκω,
591 3400 664 3433 cap.
682 3401 763 3434 xxii,
781 3402 811 3426 v.
835 3395 871 3428 17
890 3399 922 3427 et
939 3403 988 3436 sq.

537 3465 568 3488 11
2312 3451 2356 3486 41
