2638 3866
954 236 1301 285 THEOLOGIA
1346 236 1716 287 CHRISTIANA.
2318 241 2413 289 533

254 336 543 402 damatque
577 336 680 400 ejus
705 344 874 393 mater,
908 333 1044 398 juxta
1070 335 1341 398 Platonem,
1376 337 1461 402 qui
1486 338 1738 386 materiam
1763 339 1896 403 quasi
1937 349 2138 387 matrem
2178 342 2414 389 materiati

254 417 519 480 constituit,
553 433 644 465 nec
676 425 836 463 tamen
882 414 995 462 ideo
1024 416 1101 463 vel
1131 418 1204 464 sui
1240 418 1390 483 ipsius
1423 419 1624 466 materia
1667 429 1738 466 est
1775 436 1860 467 seu
1899 431 2074 481 mater,
2110 421 2185 469 vel
2220 422 2415 470 alterius

254 514 390 546 cerae.
422 498 500 546 Sic
525 507 573 545 et
601 500 732 544 Deus
756 513 869 543 cum
891 498 1050 543 Deum
1076 507 1295 560 generet,
1327 497 1424 545 hoc
1457 507 1528 546 est
1559 499 1618 545 sit
1643 502 1780 547 Pater
1803 501 1919 562 Dei,
1947 518 2038 550 nec
2062 503 2272 569 seipsum
2302 503 2414 552 ideo

255 588 469 644 generat,
498 594 590 626 nec
611 577 760 625 alium
782 579 957 623 Deum.

320 662 393 707 De
420 659 683 708 aeternitate
716 668 878 706 autem
908 659 1231 723 generationis
1261 659 1395 724 quod
1426 660 1679 724 quaesitum
1701 671 1789 719 est,
1827 671 1989 711 utrum
2021 663 2245 712 videlicet
2267 664 2413 714 Filius

255 756 448 806 semper
479 741 718 804 gignatur,
746 755 806 786 an
837 755 1028 804 semper
1058 740 1118 786 sit
1147 740 1363 803 genitus3
1397 741 1445 787 in
1482 741 1588 806 ipso
1622 741 1718 790 fere
1751 743 1972 808 superius
1997 745 2151 791 nostri
2185 755 2415 794 tractatus

255 819 456 868 exordio
497 819 632 885 quod
666 819 899 867 sentimus
938 819 1315 883 assignavimus,
1358 837 1471 868 eum
1512 822 1694 870 scilicet
1727 832 1824 870 tam
1870 824 1999 888 gigni
2036 841 2228 889 semper
2267 841 2413 888 quam

255 901 474 964 genitum
498 918 599 949 esse
631 909 911 959 asserentes,
946 899 1045 948 hoc
1072 910 1143 948 est
1173 917 1364 967 semper
1396 918 1508 949 eum
1534 920 1591 950 ex
1615 906 1753 951 Patre
1777 921 1898 965 esse,
1925 914 1972 952 et
1994 904 2189 970 plenam
2221 922 2417 971 semper

253 991 301 1030 et
334 982 596 1048 perfectam
628 982 677 1030 in
713 981 810 1030 hoc
843 982 949 1047 ipso
977 983 1340 1046 generationem
1371 983 1473 1048 ejus
1496 1001 1632 1032 esse:
1669 1002 1775 1049 quae
1802 1002 2070 1050 numquam
2099 996 2182 1034 aut
2217 986 2415 1052 incoepit

254 1072 339 1111 aut
370 1063 545 1112 desinit
570 1081 580 1110 ι
609 1062 745 1128 quod
767 1072 838 1110 est
868 1079 981 1110 eum
1005 1079 1196 1129 semper
1219 1063 1348 1128 gigni
1375 1074 1423 1112 et
1445 1081 1635 1130 semper
1659 1065 1875 1129 genitum
1898 1082 2018 1129 esse,
2058 1083 2173 1114 cum
2198 1066 2331 1115 idem
2356 1069 2415 1115 sit

253 1143 298 1190 ei
333 1144 463 1208 gigni
493 1144 629 1210 quod
653 1154 723 1192 est
753 1145 969 1208 genitum
1001 1161 1118 1192 esse.
1151 1147 1317 1210 Neque
1345 1145 1478 1192 enim
1511 1162 1623 1193 cum
1649 1146 1873 1209 dicimus,
1909 1157 1993 1194 aut
2023 1146 2158 1212 quod
2195 1147 2336 1195 Filius
2361 1166 2416 1195 ex

253 1226 358 1272 Deo
394 1228 532 1273 Patre
567 1226 793 1290 gignitur,
831 1235 914 1273 aut
936 1225 1071 1290 quod
1095 1235 1165 1273 est
1193 1226 1400 1290 genitus,
1435 1226 1705 1274 secundum
1742 1237 2019 1293 temporum
2051 1227 2415 1276 distinctionem

253 1304 305 1352 id
341 1306 623 1371 accipimus,
662 1323 774 1354 cum
804 1306 882 1354 illa
913 1306 1135 1354 videlicet
1167 1317 1343 1355 aeterna
1375 1309 1620 1371 generatio
1653 1309 1861 1374 tempori
1897 1308 2032 1356 nullo
2067 1308 2217 1356 modo
2253 1309 2413 1370 cedat,

253 1403 361 1450 quae
394 1397 506 1434 ante
545 1398 765 1453 tempora
806 1405 1003 1452 quoque
1041 1388 1163 1435 sicut
1196 1404 1328 1435 nunc
1350 1387 1562 1453 perfecta
1596 1388 1903 1437 consistebat.
1942 1392 2010 1438 Ac
2042 1407 2130 1455 per
2166 1389 2263 1438 hoc
2296 1389 2415 1437 nihil

254 1467 433 1515 referre
471 1468 804 1533 intelligimus,
847 1468 947 1516 sive
982 1469 1112 1533 gigni
1137 1467 1331 1529 Filium,
1363 1468 1462 1516 sive
1487 1469 1703 1532 genitum
1741 1486 1841 1518 esse
1879 1479 2146 1519 teneamus.
2183 1473 2417 1519 Praeterea

255 1548 508 1612 quomodo
533 1549 629 1596 dici
653 1558 829 1614 potest,
858 1549 995 1614 quod
1018 1552 1156 1597 Pater
1180 1549 1343 1613 genuit
1365 1548 1555 1609 Filium,
1584 1550 1676 1598 nisi
1697 1551 1799 1616 ipse
1821 1550 1962 1598 suerit
1985 1551 2185 1616 gignens
2210 1551 2415 1599 Filium?

254 1628 384 1675 Nihil
419 1631 600 1695 quippe
630 1630 763 1678 aliud
793 1640 934 1678 sonat
955 1647 1103 1695 quam
1130 1630 1218 1678 fuit
1242 1630 1459 1695 gignens,
1494 1631 1617 1678 sicut
1640 1648 1731 1679 nec
1763 1632 1924 1695 gignet
1953 1631 2085 1679 aliud
2109 1641 2248 1679 sonat
2270 1648 2417 1696 quam

254 1709 346 1756 erit
378 1710 594 1774 gignens,
620 1711 697 1759 vel
728 1711 879 1776 gignit
911 1728 1059 1776 quam
1083 1721 1154 1758 est
1189 1711 1407 1776 gignens.
1436 1711 1583 1769 Quod
1611 1712 1651 1758 si
1674 1712 1872 1775 gignens
1895 1711 2038 1760 fuerit
2068 1715 2226 1771 Pater,
2253 1722 2300 1759 et
2317 1713 2417 1776 jam

255 1790 457 1854 gignens
494 1809 595 1839 non
633 1792 709 1851 sit,
752 1809 865 1839 cum
900 1792 1002 1856 jam
1039 1791 1263 1839 videlicet
1299 1792 1488 1856 genitus
1528 1791 1590 1839 ab
1628 1809 1688 1839 eo
1726 1792 1869 1840 Filius
1904 1809 2006 1840 esse
2044 1792 2220 1839 dicitur
2257 1793 2420 1858 potius

255 1887 403 1935 quam
428 1872 575 1936 gigni,
613 1871 830 1937 profecto
853 1871 1083 1921 inchoata
1115 1872 1356 1937 primitus,
1384 1882 1432 1920 et
1453 1881 1622 1938 postea
1641 1872 1853 1938 perfecta
1881 1890 1982 1920 esse
2002 1872 2150 1920 Verbi
2176 1874 2418 1936 generatio

254 1951 462 2001 dicenda
485 1963 573 2013 est,
599 1963 647 2001 et
667 1954 746 2001 ille
777 1954 862 2018 qui
890 1963 1034 2002 antea
1062 1953 1151 2001 fuit
1180 1954 1398 2017 gignens,
1425 1963 1592 2019 postea
1611 1970 1638 2001 a
1661 1953 1939 2019 generando
1957 1970 2160 2014 cessare,
2187 1970 2299 2000 cum
2317 1954 2419 2017 jam

254 2032 318 2080 ab
340 2049 400 2081 eo
432 2035 620 2098 genitus
646 2044 769 2082 esset
799 2035 960 2082 Filius.
991 2037 1045 2081 In
1071 2035 1333 2083 aeternitate
1361 2045 1523 2082 autem
1547 2034 1681 2082 nulla
1710 2034 2029 2100 imperfectio,
2058 2033 2190 2081 nulla
2215 2034 2418 2081 cessatio

256 2123 344 2161 aut
380 2116 662 2163 variationis
695 2115 974 2163 vicissitudo
1016 2115 1298 2178 contingere
1337 2124 1513 2180 potest.
1558 2117 1690 2161 Patet
1724 2115 1925 2179 itaque¹‚
1968 2124 2015 2161 et
2052 2131 2111 2161 ex
2150 2113 2246 2160 hoc
2285 2113 2415 2160 idem

255 2210 357 2242 esse
389 2196 518 2260 gigni
548 2196 723 2243 Filium
757 2196 847 2243 Dei
883 2205 929 2243 et
962 2195 1178 2260 genitum
1211 2212 1330 2257 esse,
1368 2213 1481 2243 cum
1512 2194 1736 2242 videlicet
1770 2195 1902 2243 nulla
1936 2195 2123 2243 ratione
2154 2193 2416 2258 intelligere

255 2276 497 2340 possimus
536 2276 719 2341 aliquid
756 2293 860 2324 esse
899 2276 1141 2341 genitum,
1179 2276 1218 2323 si
1255 2276 1528 2324 nullatenus
1570 2276 1730 2341 ipsum
1778 2276 1907 2340 gigni
1949 2275 2275 2339 contingeret;
2327 2291 2418 2321 nec

255 2356 466 2422 aliquem
491 2357 738 2421 genuisse,
772 2359 811 2404 si
835 2357 1029 2423 penitus
1052 2373 1165 2404 eum
1184 2373 1453 2422 numquam
1475 2357 1776 2420 contingeret
1799 2358 2010 2422 gignere.
2049 2376 2073 2401 «
2095 2359 2411 2420 Numquam»

255 2447 419 2485 autem
446 2437 542 2485 hoc
567 2439 677 2486 loco
704 2455 796 2504 pro
821 2438 1106 2486 aeternaliter
1134 2454 1236 2484 non
1259 2438 1588 2503 temporaliter
1610 2437 1860 2497 sumimuS,
1888 2454 2000 2485 cum
2028 2435 2126 2496 illa,
2156 2445 2209 2483 ut
2233 2434 2418 2482 dictum

256 2530 343 2578 est,
373 2520 619 2584 generatio
641 2530 819 2568 aeterna
843 2521 919 2580 sit,
948 2536 1050 2567 non
1074 2519 1369 2584 temporalis.
1397 2518 1636 2566 Videntur
1658 2527 1819 2565 tamen
1845 2518 2091 2565 nonnullae
2113 2516 2419 2563 auctoritates

257 2598 354 2646 hoc
393 2601 585 2665 penitus
623 2617 869 2666 respuere,
911 2600 1045 2666 quod
1073 2600 1218 2647 Filius
1251 2600 1341 2647 Dei
1379 2599 1513 2646 nasci
1551 2599 1626 2646 vel
1651 2599 1780 2663 gigni
1818 2598 2005 2646 dicatur
2043 2614 2099 2644 ex
2137 2599 2292 2655 Patre,
2333 2594 2418 2641 sed

256 2688 445 2727 tantum
470 2691 611 2728 natus
639 2698 741 2728 esse
768 2681 844 2728 vel
875 2682 1101 2745 genitus’.
1127 2679 1265 2726 Unde
1296 2680 1588 2742 Augustinus
1610 2678 1671 2726 de
1698 2678 1788 2726 hac
1809 2679 1913 2743 ipsa
1936 2676 2245 2741 generatione
2273 2675 2422 2722 disse·

258 2775 370 2806 rens
402 2760 451 2807 in
477 2759 602 2806 libro
625 2763 883 2808 LXXXIII
916 2762 1242 2821 Quaestionum
1272 2759 1484 2825 capitulo
1518 2759 1700 2818 xxx1x³,
1727 2758 1947 2805 meminit
1971 2757 2136 2804 dicens
2164 2773 2174 2801 :
2206 2774 2228 2800 «
2252 2755 2420 2802 Melius

259 2849 331 2887 est
364 2857 554 2905 semper
592 2850 733 2887 natus
768 2857 916 2904 quam
951 2842 1035 2905 qui
1069 2856 1260 2904 semper
1292 2840 1505 2886 nascitur
1531 2857 1542 2886 :
1573 2839 1687 2903 quia
1719 2839 1803 2903 qui
1832 2854 2022 2903 semper
2053 2836 2264 2884 nascitur
2293 2852 2420 2883 non—

258 2920 378 2968 dum
410 2931 483 2969 est
502 2930 670 2982 natus,
699 2930 747 2967 et
774 2937 1045 2985 numquam
1077 2930 1218 2968 natus
1244 2929 1316 2967 est
1335 2928 1417 2967 aut
1434 2928 1577 2967 natus
1601 2919 1707 2977 erit,
1735 2919 1775 2966 si
1799 2935 1989 2984 semper
2018 2917 2245 2978 nascitur.
2278 2916 2419 2964 Aliud

307 3130 313 3148 ¹
331 3126 385 3160 Sic
399 3127 481 3161 Cod.
494 3125 570 3159 Tur.
584 3145 624 3151 —
635 3127 647 3146 ²
665 3126 704 3159 ld
718 3127 816 3160 etiam
833 3127 951 3159 acriter
966 3126 999 3158 in
1012 3125 1181 3159 Abaelardo
1198 3126 1305 3166 arguit
1377 3124 1459 3158 Filio
1481 3125 1538 3158 Dei
1558 3125 1839 3166 imperfectionem
1856 3124 2115 3166 praetendehant,
2131 3132 2172 3156 eo
2186 3124 2276 3164 quod
2290 3132 2422 3163 semper

262 3182 374 3215 Abbas
402 3184 593 3221 Anonymus
628 3183 661 3213 in
692 3182 777 3213 libro
811 3182 909 3213 tertio
937 3181 1175 3212 dissertationis
1205 3188 1304 3221 quam
1378 3181 1420 3213 de
1436 3179 1531 3213 Patre
1548 3181 1751 3221 gigneretur,
1768 3189 1842 3212 cum
1864 3185 1979 3212 contra
2002 3180 2105 3212 sancti
2123 3179 2233 3211 Patres
2251 3188 2316 3211 non
2334 3187 2420 3210 sem—

263 3237 417 3268 adversus
439 3245 514 3268 eum
540 3236 747 3276 conscripsit,
770 3237 954 3276 probatque
971 3236 1170 3267 contrarium
1191 3240 1308 3267 aucto·
1378 3243 1439 3276 per
1480 3235 1588 3275 gigni,
1620 3235 1680 3267 sed
1709 3243 1840 3275 semper
1875 3235 2021 3273 genitum
2051 3242 2122 3266 esse
2161 3236 2355 3265 assererent.
2380 3248 2417 3255 —

265 3291 361 3321 ritate
390 3295 459 3321 tum
491 3291 525 3322 S.
549 3290 740 3330 Augustini,
767 3295 836 3321 tum
865 3288 901 3321 S.
928 3289 1060 3328 Hilarii,
1087 3294 1186 3330 atque
1209 3290 1307 3320 etiam
1379 3289 1391 3309 ³
1415 3287 1500 3330 Opp-
1526 3294 1550 3320 t.
1575 3287 1631 3322 vt.

262 3342 298 3375 S.
315 3341 452 3382 Leonis,
470 3345 625 3376 adversus
649 3344 843 3376 Arianorum
870 3345 1014 3384 argutias
1036 3344 1091 3384 qui
1119 3343 1260 3382 aiiquam
1275 3343 1308 3374 in
