2638 3866
749 186 1142 236 INTRODUCTIO
1178 187 1258 236 AD
1290 185 1701 234 THEOLOGiAM.
2244 188 2304 234 85

162 301 406 350 vinculum
422 336 435 361 ,
462 314 603 365 posse
630 295 994 346 matrimonium
1020 289 1324 352 contrahere,
1354 287 1455 346 ubi,
1483 287 1593 335 licet
1612 288 1673 334 sit
1697 288 1796 334 voti
1819 287 2151 352 transgressi0‚
2176 290 2306 337 nulla

156 393 317 432 tamen
354 380 435 428 fiet
471 379 600 428 initae
648 377 834 445 copulae
878 374 1116 442 separatio
1138 391 1149 418 ε
1177 371 1260 420 sed
1292 372 1342 419 in
1377 371 1482 435 ipso
1510 378 1846 435 permanentes
1882 370 2210 429 matrimoniO,
2248 371 2307 419 de

157 462 533 527 transgressione
555 459 887 526 poenitentiam
911 465 1077 521 agunt.

151 569 154 572 ⁴
220 543 405 591 Tertius
435 556 552 590 vero
575 539 932 607 praedictorum,
960 553 1064 584 non
1094 534 1254 600 solum
1280 531 1618 599 praedictarum
1642 547 1958 596 personarum
1992 534 2307 599 proprietates

156 639 231 671 res
254 622 466 671 diversas
487 637 516 669 a
534 624 638 669 Deo
670 619 936 681 constituit,
962 632 1135 666 verum
1165 615 1311 663 etiam
1334 612 1604 679 potentiam
1628 611 1735 673 Dei,
1758 611 2007 675 justitiam,
2037 615 2306 663 misericor—

157 703 314 763 diam,
344 703 490 765 iram,
513 712 560 750 et
587 711 756 750 caetera
787 697 1068 766 hujusmodi
1111 711 1219 760 quae
1247 695 1382 759 juxta
1405 693 1606 742 humani
1637 693 1874 740 sermonis
1905 696 2308 745 consuetudinem

157 783 206 830 in
247 785 352 832 Deo
383 781 728 848 significantur,
765 798 842 830 res
876 777 1109 844 quasdam
1149 785 1198 824 et
1237 775 1490 841 qualitates
1517 772 1578 821 ab
1612 773 1719 839 ipso
1758 772 1998 836 diversas,
2027 775 2150 823 sicut
2181 788 2229 825 et
2258 780 2306 826 in

157 863 299 913 nobis
316 864 558 926 concedit,
593 874 647 912 ut
666 873 787 929 quot
809 862 905 911 sere
927 859 1166 909 vocabula
1190 856 1250 905 de
1281 859 1386 905 Deo
1410 855 1657 917 dicuntur,
1683 865 1755 903 tot
1784 856 1834 903 in
1856 858 1961 903 Deo
1989 873 2065 904 res
2100 857 2309 908 diversas

157 946 432 994 constituat.

223 1030 436 1086 Quartus
464 1037 627 1075 autem
653 1027 703 1074 in
738 1035 921 1074 tantam
956 1024 1181 1092 prorupit
1210 1023 1471 1084 insaniam,
1499 1031 1554 1069 ut
1583 1020 1695 1086 quia
1718 1035 1794 1067 res
1816 1019 1951 1067 aliter
1983 1022 2175 1070 evenire
2202 1040 2310 1088 pos-

157 1120 269 1159 sunt
292 1127 440 1176 quam
457 1113 587 1159 Deus
601 1109 898 1178 providerat,
925 1112 1084 1158 Deum
1100 1124 1242 1175 posse
1268 1106 1364 1154 falli
1390 1104 1643 1154 concedat.
1672 1105 1778 1152 Hoc
1797 1103 1863 1151 illi
1879 1105 2131 1155 attendant
2148 1109 2232 1172 qui
2250 1110 2310 1157 de

160 1189 255 1239 fide
285 1191 492 1258 amplius
515 1191 715 1240 minime
747 1189 1060 1239 scribendum
1091 1197 1362 1247 autumant,
1389 1203 1502 1235 cum
1527 1185 1684 1246 mille,
1711 1196 1764 1233 ut
1789 1186 1942 1247 aiunt,
1968 1186 2065 1235 hoc
2092 1198 2310 1255 ternpore

159 1270 362 1321 haereses
384 1272 622 1338 pullulent
641 1310 652 1330 ‚
680 1272 818 1337 quasi
839 1271 931 1338 ipsi
953 1270 1175 1319 omnium
1194 1268 1513 1317 conscientias
1531 1276 1580 1315 et
1598 1266 1744 1315 fidem
1768 1269 2100 1332 cognoverint.

225 1355 364 1400 Nunc
389 1352 448 1401 ad
475 1353 779 1419 propositum
811 1351 1083 1413 redeamus,
1122 1350 1327 1415 qualiter
1360 1348 1580 1397 videlicet
1614 1349 1662 1395 in
1687 1357 1819 1396 tanta
1842 1348 2015 1396 divinae
2038 1350 2313 1400 substantiae

160 1434 358 1494 unitate,
386 1443 480 1481 tres
502 1450 720 1500 personae
742 1433 941 1498 intelligi
963 1449 1021 1481 ac
1037 1431 1205 1480 disseri
1238 1438 1433 1496 queant,
1463 1438 1516 1476 ut
1546 1445 1652 1494 quae
1671 1430 1987 1495 pronuntiant
2011 1431 2175 1493 verba,
2211 1451 2310 1481 non

150 1512 419 1562 abhorreat
441 1514 770 1579 intelligentia.
799 1516 1000 1562 Tantam
1030 1513 1210 1579 quippe
1245 1510 1419 1558 divinae
1443 1510 1676 1558 unitatem
1696 1508 1971 1557 substantiae
1996 1527 2051 1559 ac
2075 1513 2312 1579 simplici—

161 1603 308 1643 tatem
324 1611 408 1642 seu
430 1594 731 1643 identitatem
751 1593 1055 1661 profitemur,
1080 1603 1134 1641 ut
1151 1593 1275 1640 sicut
1312 1608 1338 1640 a
1361 1590 1579 1657 partibus
1601 1591 1665 1638 ita
1687 1590 1749 1638 ab
1771 1590 2100 1639 accidentibus
2129 1594 2313 1643 immu-

161 1676 235 1722 nis
255 1676 457 1723 omnino
480 1685 771 1742 perseveret,
790 1691 882 1723 nec
904 1675 955 1722 in
978 1673 1112 1722 nullo
1134 1674 1329 1739 penitus
1352 1673 1527 1720 variari
1549 1682 1710 1737 queat,
1734 1687 1825 1720 nec
1846 1671 1896 1719 in
1919 1672 2023 1738 ipsa
2046 1674 2312 1740 quidquam

161 1772 264 1804 esse
287 1757 456 1821 possit,
484 1756 618 1822 quod
650 1757 755 1822 ipsa
776 1773 878 1804 non
903 1756 980 1804 sit.
1010 1754 1190 1803 Eadem
1213 1754 1375 1819 itaque
1398 1752 1665 1801 substantia
1695 1752 1897 1818 simplex
1931 1755 2136 1803 omnino
2170 1766 2313 1823 atque

161 1836 411 1885 individua
434 1854 540 1902 quae
559 1840 698 1885 Pater
722 1847 793 1885 est
821 1846 921 1884 tam
943 1835 1088 1883 Filius
1110 1851 1256 1901 quam
1279 1835 1483 1901 Spiritus
1507 1844 1728 1897 sanctus;
1757 1833 1929 1882 eadem
1952 1836 2096 1884 etiam
2120 1846 2221 1886 tota
2243 1850 2317 1887 est

161 1917 383 1978 Trinitas,
411 1917 460 1965 id
481 1928 554 1966 est
576 1928 673 1966 tres
694 1916 837 1966 simul
859 1917 935 1966 hae
949 1933 1183 1984 personae,
1204 1933 1305 1964 non
1328 1926 1382 1964 ut
1408 1916 1568 1964 minus
1596 1916 1700 1981 ipsa
1724 1917 1926 1964 Trinitas
1949 1934 2096 1981 quam
2120 1919 2318 1985 singulae

162 2014 378 2063 personae
401 1997 652 2047 individua
677 1999 735 2046 sit
758 1997 1085 2065 praedicanda,
1111 2014 1202 2046 nec
1222 1998 1281 2046 sit
1305 1997 1460 2062 major
1488 1998 1634 2045 totius
1657 1998 1898 2046 Trinitatis
1920 2000 2140 2060 essentia,
2176 2001 2224 2049 id
2246 2013 2314 2050 est

165 2079 311 2126 trium
333 2079 478 2127 simul
503 2095 822 2145 personarum
846 2096 994 2145 quam
1016 2079 1335 2143 singularum,
1362 2078 1459 2126 hoc
1482 2088 1551 2126 est
1575 2079 1797 2125 omnium
1823 2079 1963 2128 simul
1988 2097 2134 2145 quam
2163 2083 2318 2146 cujus·

162 2158 279 2207 libet
310 2160 454 2208 unius
494 2176 659 2208 earum
698 2177 787 2226 per
818 2177 886 2208 se.
926 2160 1066 2208 Unde
1096 2161 1387 2223 Augustinus
1418 2159 1477 2206 de
1519 2161 1769 2220 Trinitate,
1810 2160 1894 2207 lib.
1922 2164 2031 2224 Vll,
2071 2179 2176 2228 cap.
2204 2166 2311 2210 vn':

167 2259 190 2284 «
219 2242 325 2287 Non
350 2241 582 2306 quoniam
599 2244 728 2289 Deus
751 2251 821 2290 est
842 2241 1062 2302 Trinitas,
1087 2240 1199 2289 ideo
1219 2241 1391 2307 triplex
1412 2240 1658 2306 putandus
1677 2250 1764 2304 est,
1787 2243 2002 2306 alioquin
2017 2244 2180 2291 minor
2198 2255 2318 2293 esset

164 2322 214 2367 in
239 2321 458 2386 singulis,
483 2339 631 2387 quam
654 2323 705 2370 in
727 2322 880 2370 tribus
900 2323 1094 2388 pariter.
1125 2341 1148 2367 »
1175 2325 1294 2370 Item
1320 2340 1330 2368 :
1356 2340 1378 2368 «
1406 2323 1529 2369 Cum
1556 2321 1762 2370 dicimus
1786 2334 1881 2371 tres
1903 2341 2151 2389 personas,
2175 2342 2319 2372 unam

165 2403 440 2463 essentiam,
468 2419 626 2468 neque
646 2414 697 2451 ut
720 2420 871 2468 genus
888 2403 950 2451 de
972 2403 1237 2469 speciebuS‚
1257 2419 1416 2468 neque
1430 2412 1483 2450 ut
1507 2405 1689 2469 species
1708 2404 1770 2452 de
1788 2404 2069 2466 individuis,
2091 2406 2318 2471 praedica-

168 2498 292 2530 mus.
311 2483 514 2531 Videtur
542 2500 682 2551 posse
706 2484 818 2542 dici,
845 2494 898 2532 ut
915 2494 1012 2532 tres
1034 2478 1258 2532 homines
1283 2500 1378 2532 una
1399 2494 1591 2546 natura,
1615 2485 1698 2533 sed
1721 2486 1828 2551 plus
1847 2497 1959 2534 sunt
1981 2496 2075 2535 tres
2097 2487 2320 2535 homines

163 2580 311 2628 quam
326 2581 467 2627 unus,
487 2561 573 2613 sed
597 2582 697 2613 non
716 2576 788 2613 est
809 2566 964 2631 major
980 2567 1186 2614 essentia
1206 2568 1346 2613 Pater
1362 2575 1410 2613 et
1421 2565 1584 2626 Filius,
1607 2583 1754 2631 quam
1778 2568 1909 2615 solus
1929 2571 2067 2615 Pater
2085 2577 2168 2615 aut
2190 2568 2320 2616 solus

167 2643 325 2692 Filius.
348 2647 531 2692 »Itemz
553 2666 576 2690 «
590 2649 695 2693 Non
708 2655 893 2694 tantum
907 2663 1035 2694 unus
1053 2645 1226 2706 homo,
1240 2656 1476 2711 quantum
1489 2656 1584 2694 tres
1597 2646 1821 2694 homines
1834 2648 1994 2705 simul,
2016 2657 2063 2695 et
2076 2648 2323 2713 plusaliud

167 2734 279 2772 sunt
301 2726 402 2774 duo
426 2727 649 2774 homines
671 2744 819 2791 quam
843 2744 968 2774 unus
980 2727 1152 2788 homo,
1180 2743 1236 2775 ac
1259 2728 1307 2774 in
1333 2730 1438 2774 Deo
1462 2745 1562 2774 non
1590 2737 1659 2774 est
1675 2728 1740 2774 ita
1766 2746 1776 2773 :
1804 2744 1904 2774 non
1932 2728 2062 2774 enim
2087 2729 2241 2793 major
2254 2741 2325 2778 est

167 2806 369 2853 essentia
388 2809 525 2853 Pater
544 2816 591 2854 et
610 2806 771 2867 Filius,
794 2823 940 2872 quam
963 2806 1095 2853 solus
1120 2809 1258 2853 Pater
1276 2815 1358 2853 aut
1381 2806 1513 2853 solus
1537 2807 1699 2868 Filius,
1726 2807 1811 2855 sed
1831 2817 1926 2855 tres
1944 2808 2085 2855 simul
2108 2826 2325 2875 personae

167 2886 371 2949 aequales
387 2896 499 2933 sunt
512 2885 726 2949 singulis.
738 2906 760 2929 n
779 2886 1018 2950 Epz'stola'
1040 2895 1317 2933 sanctorum
1331 2887 1580 2950 Augustini
1596 2897 1644 2935 et
1661 2888 1815 2954 Alypii
1825 2888 1887 2936 ad
1898 2889 2159 2937 Maximum
2175 2891 2326 2939 medi-

168 2982 281 3012 cum
297 2966 650 3025 Ceminatum⁸:
671 2986 694 3009 «
717 2966 921 3014 Trinitas
939 2967 1082 3013 unius
1104 2964 1418 3031 ejusdemque
1432 2977 1613 3016 naturae
1630 2978 1774 3033 atque
1798 2968 2072 3018 substantiae
2091 2989 2100 3018 :
2121 2988 2221 3020 non
2242 2974 2326 3019 mi-

170 3062 261 3094 nor
274 3047 321 3094 in
338 3046 535 3111 singulis
547 3063 691 3112 quam
707 3047 756 3095 in
769 3046 995 3095 omnibus
1015 3046 1123 3107 ;sed
1136 3047 1184 3094 in
1202 3048 1306 3096 solo
1322 3051 1478 3110 Patre,
1498 3049 1569 3096 vel
1582 3050 1629 3096 in
1645 3049 1750 3098 solo
1763 3049 1882 3097 Filio
1902 3060 2031 3099 tanta
2045 3062 2131 3113 est,
2148 3063 2325 3117 quanta

212 3263 219 3281 ¹
238 3261 333 3303 Leg.‚
353 3262 411 3295 lib.
429 3260 491 3303 VI,
519 3270 588 3303 cap.
615 3270 660 3302 vt,
680 3261 781 3305 opp„
807 3266 830 3294 t.
861 3261 957 3301 vm,
985 3261 1047 3294 col.
1074 3262 1147 3296 ⁸48.
1177 3280 1211 3285 —
1233 3261 1430 3302 ²Ma1elegit
1448 3262 1542 3294 Amb.
1562 3260 1742 3305 Exempla.
1763 3280 1800 3286 -
1819 3263 1953 3305 ³Epist.
1972 3270 2077 3304 cmxx,
2099 3261 2185 3303 Opp.
2200 3283 2209 3300 ‚
2232 3264 2255 3291 t.
2276 3258 2324 3295 Π,

169 3314 232 3347 col.
248 3315 321 3349 609.
