2638 3866
842 214 899 269 lN
933 215 1263 268 EPISTOLAM
1298 215 1377 268 AD
1413 216 1718 269 ROMANOS.
2255 221 2353 271 349

204 338 324 383 esse,
356 330 404 370 et
431 312 563 386 juxta
589 319 808 369 Veritatis
835 337 1005 368 vocem
1035 336 1228 368 necesse
1255 321 1334 379 sit,
1358 329 1413 368 ut
1432 321 1628 369 veniant
1650 319 1900 380 scandala;
1927 317 2046 386 quid
2069 322 2351 386 contingere

205 410 364 466 potest
391 411 445 449 ut
466 401 813 451 rationabiliter
839 400 1064 449 doleant?
1087 401 1136 448 Si
1159 401 1314 462 enim,
1341 412 1394 450 ut
1416 405 1467 450 Β.
1494 400 1712 450 meminit
1737 400 2045 465 Augustinus,
2067 401 2255 452 bonum
2279 416 2347 453 est

205 482 383 530 malum
405 499 525 544 esse,
551 483 766 548 quisquis
782 482 843 530 de
859 482 986 531 malo
1007 481 1156 542 dolet,
1179 482 1240 530 de
1255 482 1351 531 hoc
1371 482 1587 548 profecto
1606 481 1739 530 dolet
1760 481 1895 546 quod
1918 482 2105 532 bonum
2125 495 2194 532 est
2217 502 2343 534 esse:

201 573 249 610 et
275 564 491 628 quisquis
513 564 616 612 vult
644 564 801 629 ipsum
824 579 923 610 non
947 579 1068 623 esse,
1096 563 1261 627 utique
1285 562 1386 610 vult
1414 580 1514 611 uon
1542 579 1644 611 esse
1668 561 1718 610 id
1741 561 1874 627 quod
1898 562 2083 612 bonum
2113 574 2183 612 est
2203 582 2305 614 esse
2331 586 2340 613 :

200 653 245 691 et
276 643 340 691 ita
369 644 671 692 tamdivinae
696 643 1000 709 dispositioni
1030 658 1176 707 quam
1210 644 1386 691 rationi
1414 644 1682 691 contrarius
1710 659 1813 691 esse
1846 642 2061 701 videtur,
2094 655 2140 692 et
2172 645 2345 695 frustra

199 723 314 772 dicit
336 724 399 772 ad
420 726 639 773 Deum¹2
670 745 694 768 «
719 725 819 772 Fiat
841 723 1064 772 voluntas
1085 732 1192 783 tua,
1216 742 1239 768 »
1272 724 1408 788 cujus
1439 724 1616 772 scilicet
1646 723 1882 771 voluntati
1919 740 2000 771 seu
2037 724 2339 790 dispositioni

197 815 431 868 quantum
456 805 505 852 in
530 822 580 853 56
604 815 675 852 651
707 804 1003 853 adversatur.
1027 803 1123 852 Sed
1158 806 1270 869 quia
1291 804 1393 852 haec
1426 803 1662 852 discutere
1695 803 1875 853 altioris
1905 814 1975 852 est
2005 804 2338 871 philosophiae,

195 885 479 958 perfectioni
504 896 679 933 nostrae
700 888 998 934 reservamus
1025 884 1326 951 Tkeologzke'.

263 985 286 1009 c<
307 965 397 1013 Id
385 982 544 1032 ipsum
571 966 778 1014 invicem
803 965 1078 1028 sentientes,
1104 985 1126 1009 »
1153 982 1239 1032 per
1258 966 1466 1014 caritatis
1489 965 1709 1014 videlicet
1736 966 1960 1014 affectum
1989 934 2054 1013 ita
2077 964 2196 1013 alios
2219 967 2340 1015 sicut

192 1046 374 1112 seipsos
398 1057 691 1114 reputantes,
704 1048 836 1112 juxta
859 1046 980 1095 illud
1001 1047 1250 1095 Veritatis³
1265 1065 1275 1094 :
1309 1067 1330 1092 t(
1352 1049 1469 1105 Quae
1490 1046 1632 1095 vultis
1658 1056 1708 1094 ut
1732 1047 1906 1095 faciant
1928 1045 2066 1095 vobis
2086 1046 2336 1106 homines,

191 1136 239 1174 61
261 1144 347 1175 vos
364 1127 534 1176 eadem
556 1128 645 1176 illis
669 1128 833 1187 facite3
859 1147 882 1174 11
910 1138 958 1176 et
972 1127 1090 1176 illud
1112 1145 1123 1175 ε
1154 1146 1178 1174 «
1201 1128 1347 1187 Quod
1373 1127 1461 1175 tibi
1481 1145 1580 1175 non
1602 1128 1690 1187 vis,
1717 1128 1795 1176 alii
1820 1145 1881 1176 ne
1905 1128 2084 1176 feceris.
2113 1149 2136 1172 >2
2164 1129 2250 1177 Vel
2275 1130 2338 1177 ita

194 1206 437 1273 «idipsum
452 1225 565 1256 cum
579 1208 658 1257 alii
670 1202 945 1272 sentientes,
959 1229 984 1254 »
996 1209 1133 1275 quasi
1145 1208 1278 1258 bona
1289 1225 1460 1257 eorum
1476 1209 1598 1257 516111
1610 1209 1896 1257 detrimenta
1909 1218 2072 1257 nostra
2080 1225 2181 1257 esse
2194 1226 2337 1276 repu-

191 1296 361 1349 tantes,
387 1289 464 1338 vel
479 1290 687 1356 idipsum
715 1290 777 1338 de
799 1290 897 1338 fide
920 1291 1202 1351 sentientes,
1226 1299 1279 1337 ut
1301 1289 1435 1338 nulla
1465 1290 1561 1337 sint
1588 1289 1844 1338 schismata
1868 1290 1916 1337 in
1949 1289 2045 1338 fide
2066 1289 2330 1339 Catholica.

189 1369 259 1418 Ad
295 1370 431 1436 quod
462 1371 670 1419 maxime
705 1372 945 1438 pertinere
969 1372 1161 1419 videtur
1195 1371 1327 1435 quod
1356 1370 1579 1419 subditur
1607 1389 1617 1418 z
1648 1393 1671 1416 <c
1692 1374 1797 1418 Non
1830 1371 1923 1420 alta
1956 1373 2213 1437 sapientes,
2234 1391 2257 1416 »
2284 1373 2333 1419 id

188 1460 258 1497 est
300 1468 402 1499 non
436 1451 643 1518 superbe
678 1452 861 1517 aliquid
894 1469 981 1518 per
1016 1452 1237 1500 haeresim
1267 1462 1637 1518 praesumentes,
1680 1451 1798 1499 dum
1834 1469 1892 1500 ex
1927 1453 2141 1502 novitate
2173 1451 2333 1517 aliqua

185 1534 444 1595 quaerimus
467 1533 676 1597 gloriari.
705 1552 728 1578 «
747 1532 843 1581 Sed
864 1533 1168 1581 humilibus»
1193 1533 1369 1598 quibus
1384 1533 1607 1581 videlicet
1625 1536 1756 1581 Deus
1772 1532 1855 1581 dat
1875 1534 2091 1598 gratiam,
2111 1532 2332 1599 superbis

183 1613 426 1675 resistens,
459 1634 481 1658 α
502 1615 855 1662 6011561111611165
879 1632 903 1659 u
928 1615 977 1662 in
1004 1613 1118 1661 fidei
1139 1614 1318 1662 scilicet
1342 1614 1524 1677 unitate
1547 1631 1638 1661 nos
1661 1614 1729 1662 eis
1754 1615 2007 1662 sociantes.
2035 1613 2180 1672 Quod
2210 1630 2331 1679 qua-

185 1692 291 1742 liter
311 1693 543 1744 faciamus
566 1693 711 1742 docet
735 1711 849 1743 cum
872 1694 1107 1760 adjungit,
1137 1695 1337 1742 ‹sNolite
1361 1711 1463 1742 esse
1488 1694 1748 1759 prudentes
1774 1693 1904 1760 apud
1927 1694 2250 1759 vosmetipsos
2266 1730 2278 1753 ,
2303 1715 2325 1739 n

184 1773 234 1820 id
266 1784 339 1823 est
362 1775 671 1841 prudentiam
706 1785 938 1837 vestram,
973 1775 1012 1822 si
1043 1791 1190 1839 quam
1216 1775 1435 1838 habetis,
1466 1775 1617 1822 nolite
1648 1774 1711 1822 ad
1742 1774 1944 1839 gloriam
1973 1784 2181 1823 vestram
2212 1790 2325 1823 con-

182 1864 384 1916 vertere,
411 1872 501 1904 nec
532 1855 592 1904 de
616 1855 695 1904 illa
720 1856 770 1903 in
794 1855 932 1903 vobis
966 1855 1175 1924 gloriari.
1205 1858 1301 1903 Vos
1325 1857 1469 1904 etiam
1503 1855 1634 1917 dico,
1666 1875 1690 1899 «
1709 1856 1836 1903 Nulli
1864 1855 2042 1903 malum
2073 1872 2163 1921 pro
2199 1856 2327 1904 malo

182 1935 456 1997 reddentes,
472 1956 495 1982 11
516 1935 567 1984 111
587 1927 660 1984 est
679 1937 927 1984 neminem
945 1937 1057 2002 quia
1079 1953 1172 1984 nos
1193 1936 1328 1999 laesit,
1352 1936 1438 1985 sed
1458 1937 1620 2002 potius
1636 1937 1750 2002 quia
1764 1937 1948 2001 justum
1965 1946 2037 1984 est
2051 1936 2322 2002 punientes.

181 2018 440 2066 Possumus
459 2017 602 2065 etiam
615 2018 751 2083 quod
773 2017 958 2065 dictum
981 2026 1067 2079 est,
1098 2038 1121 2062 α
1143 2017 1299 2066 Nolite
1323 2034 1425 2066 esse
1441 2017 1722 2083 prudentes,
1737 2027 1852 2078 etc.‚
1878 2036 1900 2061 n
1927 2017 1991 2064 ita
2014 2017 2247 2081 accipere,
2277 2028 2327 2064 ut

179 2095 275 2144 hoc
294 2097 358 2144 illi
380 2099 734 2164 competentius
757 2098 1066 2162 adjungatur3
1091 2097 1171 2145 ille
1196 2099 1375 2146 etenim
1399 2098 1613 2164 prudens
1635 2097 1768 2163 apud
1791 2098 2100 2162 semetipsum
2125 2096 2320 2155 dicitur,

178 2178 261 2240 qui
283 2186 412 2226 totus
433 2196 522 2226 suo
539 2179 723 2243 judicio
739 2180 925 2240 nititur,
950 2188 1002 2226 ut
1021 2178 1260 2243 quidquid
1284 2179 1427 2226 istum
1449 2195 1550 2226 esse
1581 2178 1873 2237 decreverit,
1899 2177 2069 2241 exequi
2085 2177 2198 2224 velit
2231 2195 2243 2223 ε
2271 2187 2322 2225 111

176 2266 288 2305 611111
311 2260 492 2306 nemini
516 2259 736 2307 irascenti
759 2276 842 2306 sua
866 2260 935 2306 ira
966 2258 1184 2306 videatur
1204 2259 1373 2320 invisa,
1400 2259 1450 2306 in
1482 2275 1777 2324 quocunque
1803 2257 2066 2305 offenditur
2093 2257 2321 2305 ulciscen-

177 2335 294 2385 dum
333 2349 484 2404 putet.
527 2340 616 2387 Cui
653 2340 854 2404 quidem
890 2339 1105 2405 periculo
1142 2341 1382 2401 occurrit,
1417 2340 1616 2387 dicens:
1649 2359 1673 2383 «
1695 2338 1820 2387 Nulli
1852 2338 2031 2386 malum
2067 2354 2158 2404 pro
2192 2339 2320 2386 malo

176 2418 448 2468 reddentes.
469 2422 737 2487 »Superius
761 2421 963 2479 dixerat,
984 2439 1007 2466 «
1025 2420 1176 2468 nolite
1194 2420 1478 2469 maledicere
1498 2418 1898 2487 persequentibus
1912 2435 2026 2467 vos:
2047 2438 2070 2464 11
2093 2418 2171 2466 1116
2196 2419 2318 2467 sacta

136 2555 140 2559 K
176 2500 301 2548 mala
322 2501 444 2549 sicut
465 2502 610 2550 etiam
632 2501 782 2550 verba
800 2501 923 2550 mala
943 2501 1187 2568 prohibet.
1218 2502 1572 2550 «Providentes
1592 2501 1741 2563 bona,
1766 2510 1882 2561 etc„
1902 2521 1925 2544 »
1953 2500 2001 2547 id
2025 2509 2094 2548 651
2115 2501 2319 2547 nitentes

173 2589 409 2641 quantum
433 2597 690 2645 possumus
713 2590 766 2628 ut
785 2596 934 2646 opera
955 2590 1120 2628 nostra
1141 2597 1240 2627 non
1266 2581 1425 2628 solum
1453 2582 1576 2639 Deo,
1602 2579 1687 2627 sed
1708 2579 1852 2627 6113111
1883 2577 2163 2626 hominibus
2186 2577 2317 2624 bona

173 2659 442 2719 videantur,
469 2669 521 2707 ut
539 2677 596 2708 63
615 2661 792 2708 56111661
815 2661 1164 2719 imitarivelint,
1188 2660 1264 2708 vel
1286 2663 1441 2707 Deum
1466 2659 1579 2707 inde
1605 2658 1891 2723 glorificent,
1914 2659 2036 2705 sicut
2058 2667 2105 2705 et
2127 2657 2312 2704 Veritas

172 2738 264 2785 ait⁴
285 2756 295 2784 ι
321 2759 343 2782 «
363 2742 539 2787 Luceat
555 2740 639 2787 lux
658 2751 817 2788 vestra
839 2757 1004 2788 coram
1026 2740 1328 2800 hominibus,
1346 2749 1438 2787 etc.
1458 2759 1483 2784 »
1511 2739 1601 2786 «Si
1624 2738 1725 2786 fieri
1752 2747 1926 2803 potest,
1951 2754 2063 2784 cum
2086 2736 2314 2784 omnibus

170 2817 452 2866 hominibus
478 2835 648 2884 pacem
675 2819 936 2880 habentes;
970 2839 994 2865 »
1020 2821 1209 2883 itaque,
1248 2828 1300 2865 ut
1337 2818 1561 2877 diximus,
1601 2818 1721 2865 nulli
1758 2817 1982 2866 videlicet
2009 2817 2190 2865 malum
2223 2833 2313 2882 pro

171 2898 298 2946 malo
318 2898 591 2961 reddentes,
618 2910 665 2947 61
686 2899 991 2965 providendo
1017 2899 1146 2948 bona
1169 2900 1314 2947 etiam
1333 2916 1499 2947 coram
1526 2897 1823 2950 hominibus.
1855 2917 1879 2944 α
1899 2898 2063 2960 Quod,
2084 2918 2107 2942 >›
2136 2897 2316 2946 scilicet

169 2995 338 3044 pacem
364 2979 546 3028 babere
568 2996 681 3028 cum
703 2979 949 3038 omnibus,
982 2997 1007 3024 (ι
1025 2996 1084 3027 ex
1114 2978 1254 3027 vobis
1276 2989 1362 3039 est,
1387 2999 1410 3025 »
1441 2979 1490 3026 id
1515 2989 1586 3027 651
1608 2995 1666 3027 ex
1689 2979 1888 3045 propria
1909 2988 2083 3026 natura
2105 2977 2310 3037 habetis,

170 3072 220 3110 ut
242 3063 463 3111 videlicet
485 3065 554 3112 eis
573 3064 781 3111 maxime
803 3062 1071 3112 concordes
1092 3063 1211 3124 sitis,
1238 3080 1365 3129 quos
1389 3080 1476 3129 per
1503 3074 1725 3111 naturam
1750 3062 1992 3111 affiniores
2017 3062 2309 3128 conspicitis.

212 3214 218 3230 ¹
233 3211 361 3251 Matth.,
388 3222 460 3254 cap.
480 3222 528 3255 vr,
555 3222 584 3245 v.
606 3214 655 3247 10.
673 3231 715 3237 —
728 3214 740 3233 ²
754 3212 972 3253 Quaestionem
995 3214 1078 3245 hanc
1103 3220 1200 3253 quam
1275 3213 1369 3255 loqia
1381 3213 1598 3256 Christiana,
1613 3215 1670 3247 lib.
1682 3223 1712 3253 v,
1728 3215 1790 3248 sub
1804 3215 1912 3246 finem.
1925 3213 2005 3246 Vide
2015 3211 2307 3250 infra-matth„

165 3265 279 3299 Noster
291 3270 324 3300 in
338 3270 469 3302 Introd.
486 3270 532 3302 ad
550 3269 676 3311 Theol.‚
696 3270 766 3303 Lib.
784 3279 837 3311 111,
856 3279 889 3311 p.
911 3271 970 3303 123
982 3274 1015 3301 et
1030 3278 1119 3311 sqq„
1132 3271 1200 3310 jam
1272 3275 1343 3308 cap.
1363 3276 1418 3307 vn,
1434 3276 1464 3300 v.
1488 3270 1535 3301 12.
1551 3268 1613 3292 -⁴
1629 3267 1758 3309 Manu„
1782 3268 1888 3308 cap.v,
1906 3277 1933 3299 v.
1953 3267 2003 3300 16.

167 3321 326 3360 tetigerat,
346 3323 491 3355 tractavit
504 3323 620 3355 iterum
632 3347 641 3362 ,
658 3324 781 3356 eisdem
799 3333 882 3365 pene
898 3324 1024 3366 verbis,
1043 3325 1076 3355 in
1094 3323 1197 3356 Theo-
