<?xml version="1.0" encoding="UTF-8"?>
<!DOCTYPE html PUBLIC "-//W3C//DTD XHTML 1.0 Transitional//EN"
    "http://www.w3.org/TR/xhtml1/DTD/xhtml1-transitional.dtd">
<html xmlns="http://www.w3.org/1999/xhtml" xml:lang="en" lang="en">
 <head>
  <title>
</title>
<meta http-equiv="Content-Type" content="text/html;charset=utf-8" />
  <meta name='ocr-system' content='tesseract 3.04.00' />
  <meta name='ocr-capabilities' content='ocr_page ocr_carea ocr_par ocr_line ocrx_word'/>
</head>
<body>
  <div class='ocr_page' id='page_1' title='image "./operahactenusseo00abeluoft_0592.png"; bbox 0 0 2638 3866; ppageno 0'>
   <div class='ocr_carea' id='block_1_1' title="bbox 240 253 1563 306">
    <p class='ocr_par' dir='ltr' id='par_1_1' title="bbox 240 253 1563 306">
     <span class='ocr_line' id='line_1_1' title="bbox 240 253 1563 306; baseline -0.002 -3"><span class='ocrx_word' id='word_1_1' title='bbox 240 259 333 306; x_wconf 78' lang='grc'>582</span> <span class='ocrx_word' id='word_1_2' title='bbox 1044 253 1216 300; x_wconf 86' lang='lat' dir='ltr'>PETRI</span> <span class='ocrx_word' id='word_1_3' title='bbox 1249 253 1563 301; x_wconf 87' lang='lat' dir='ltr'>ABAELARDI</span> 
     </span>
    </p>
   </div>
   <div class='ocr_carea' id='block_1_2' title="bbox 233 355 2393 3288">
    <p class='ocr_par' dir='ltr' id='par_1_2' title="bbox 234 355 2375 743">
     <span class='ocr_line' id='line_1_2' title="bbox 235 355 2370 416; baseline -0.001 -14"><span class='ocrx_word' id='word_1_4' title='bbox 235 360 366 415; x_wconf 86' lang='lat' dir='ltr'>Quod</span> <span class='ocrx_word' id='word_1_5' title='bbox 389 374 491 402; x_wconf 89' lang='lat' dir='ltr'>vero</span> <span class='ocrx_word' id='word_1_6' title='bbox 516 357 653 400; x_wconf 91' lang='lat' dir='ltr'>David</span> <span class='ocrx_word' id='word_1_7' title='bbox 673 368 716 399; x_wconf 86' lang='lat' dir='ltr'>et</span> <span class='ocrx_word' id='word_1_8' title='bbox 740 356 944 398; x_wconf 89' lang='lat' dir='ltr'>Salomon</span> <span class='ocrx_word' id='word_1_9' title='bbox 973 355 1130 398; x_wconf 89' lang='lat' dir='ltr'>multas</span> <span class='ocrx_word' id='word_1_10' title='bbox 1154 356 1422 407; x_wconf 87' lang='lat' dir='ltr'>habuerunt,</span> <span class='ocrx_word' id='word_1_11' title='bbox 1452 356 1581 415; x_wconf 89' lang='lat' dir='ltr'>plane</span> <span class='ocrx_word' id='word_1_12' title='bbox 1607 366 1756 399; x_wconf 87' lang='lat' dir='ltr'>contra</span> <span class='ocrx_word' id='word_1_13' title='bbox 1776 356 1915 416; x_wconf 88' lang='lat' dir='ltr'>legem</span> <span class='ocrx_word' id='word_1_14' title='bbox 1938 356 2143 400; x_wconf 88' lang='lat' dir='ltr'>fecerunt.</span> <span class='ocrx_word' id='word_1_15' title='bbox 2168 357 2370 401; x_wconf 89' lang='lat' dir='ltr'>Nostrum</span> 
     </span>
     <span class='ocr_line' id='line_1_3' title="bbox 236 419 2366 482; baseline -0 -16"><span class='ocrx_word' id='word_1_16' title='bbox 236 441 337 468; x_wconf 89' lang='lat' dir='ltr'>vero</span> <span class='ocrx_word' id='word_1_17' title='bbox 357 424 602 482; x_wconf 83' lang='lat' dir='ltr'>conjugium</span> <span class='ocrx_word' id='word_1_18' title='bbox 625 421 682 464; x_wconf 91' lang='lat' dir='ltr'>ad</span> <span class='ocrx_word' id='word_1_19' title='bbox 701 437 852 481; x_wconf 86' lang='lat' dir='ltr'>regum</span> <span class='ocrx_word' id='word_1_20' title='bbox 875 421 1121 480; x_wconf 83' lang='lat' dir='ltr'>conjugium</span> <span class='ocrx_word' id='word_1_21' title='bbox 1143 419 1366 463; x_wconf 89' lang='lat' dir='ltr'>redactum</span> <span class='ocrx_word' id='word_1_22' title='bbox 1389 432 1465 471; x_wconf 90' lang='lat' dir='ltr'>est,</span> <span class='ocrx_word' id='word_1_23' title='bbox 1490 422 1590 481; x_wconf 89' lang='lat' dir='ltr'>quia</span> <span class='ocrx_word' id='word_1_24' title='bbox 1609 437 1730 482; x_wconf 88' lang='lat' dir='ltr'>reges</span> <span class='ocrx_word' id='word_1_25' title='bbox 1751 437 1909 472; x_wconf 88' lang='lat' dir='ltr'>sumus,</span> <span class='ocrx_word' id='word_1_26' title='bbox 1934 420 1989 465; x_wconf 90' lang='lat' dir='ltr'>de</span> <span class='ocrx_word' id='word_1_27' title='bbox 2011 422 2165 481; x_wconf 90' lang='lat' dir='ltr'>quibus</span> <span class='ocrx_word' id='word_1_28' title='bbox 2186 422 2336 465; x_wconf 88' lang='lat' dir='ltr'>Petrus</span> <span class='ocrx_word' id='word_1_29' title='bbox 2356 438 2366 465; x_wconf 76' lang='grc' dir='ltr'><strong>ε</strong></span> 
     </span>
     <span class='ocr_line' id='line_1_4' title="bbox 234 485 2372 547; baseline -0.001 -15"><span class='ocrx_word' id='word_1_30' title='bbox 234 490 324 532; x_wconf 91' lang='lat' dir='ltr'>Nos</span> <span class='ocrx_word' id='word_1_31' title='bbox 357 504 499 532; x_wconf 91' lang='lat' dir='ltr'>sumus</span> <span class='ocrx_word' id='word_1_32' title='bbox 528 503 661 547; x_wconf 87' lang='lat' dir='ltr'>genus</span> <span class='ocrx_word' id='word_1_33' title='bbox 683 486 882 539; x_wconf 88' lang='lat' dir='ltr'>electum,</span> <span class='ocrx_word' id='word_1_34' title='bbox 906 486 1049 546; x_wconf 87' lang='lat' dir='ltr'>regale</span> <span class='ocrx_word' id='word_1_35' title='bbox 1073 485 1375 530; x_wconf 86' lang='lat' dir='ltr'><strong>sacerdotium.</strong></span> <span class='ocrx_word' id='word_1_36' title='bbox 1403 487 1500 531; x_wconf 93' lang='lat' dir='ltr'>Hoc</span> <span class='ocrx_word' id='word_1_37' title='bbox 1529 498 1858 541; x_wconf 89' lang='lat' dir='ltr'>sacramentum,</span> <span class='ocrx_word' id='word_1_38' title='bbox 1895 497 1946 529; x_wconf 90' lang='lat' dir='ltr'>ut</span> <span class='ocrx_word' id='word_1_39' title='bbox 1967 486 2127 530; x_wconf 87' lang='lat' dir='ltr'>dictum</span> <span class='ocrx_word' id='word_1_40' title='bbox 2159 498 2239 540; x_wconf 91' lang='lat' dir='ltr'>est,</span> <span class='ocrx_word' id='word_1_41' title='bbox 2269 487 2372 529; x_wconf 85' lang='lat' dir='ltr'>mali</span> 
     </span>
     <span class='ocr_line' id='line_1_5' title="bbox 234 551 2372 613; baseline -0.001 -16"><span class='ocrx_word' id='word_1_42' title='bbox 234 554 473 597; x_wconf 89' lang='lat' dir='ltr'>remedium</span> <span class='ocrx_word' id='word_1_43' title='bbox 495 563 571 606; x_wconf 87' lang='lat' dir='ltr'>est,</span> <span class='ocrx_word' id='word_1_44' title='bbox 595 553 672 595; x_wconf 87' lang='lat' dir='ltr'>etsi</span> <span class='ocrx_word' id='word_1_45' title='bbox 694 552 859 595; x_wconf 92' lang='lat' dir='ltr'>donum</span> <span class='ocrx_word' id='word_1_46' title='bbox 879 568 969 595; x_wconf 90' lang='lat' dir='ltr'>non</span> <span class='ocrx_word' id='word_1_47' title='bbox 990 551 1198 595; x_wconf 86' lang='lat' dir='ltr'>conferat.</span> <span class='ocrx_word' id='word_1_48' title='bbox 1222 551 1350 595; x_wconf 89' lang='lat' dir='ltr'><strong>Unde</strong></span> <span class='ocrx_word' id='word_1_49' title='bbox 1378 567 1388 595; x_wconf 76' lang='grc' dir='ltr'>ε</span> <span class='ocrx_word' id='word_1_50' title='bbox 1413 553 1499 607; x_wconf 90' lang='lat' dir='ltr'>Qui</span> <span class='ocrx_word' id='word_1_51' title='bbox 1517 563 1659 612; x_wconf 89' lang='lat' dir='ltr'>potest</span> <span class='ocrx_word' id='word_1_52' title='bbox 1679 568 1830 613; x_wconf 84' lang='lat' dir='ltr'>capere</span> <span class='ocrx_word' id='word_1_53' title='bbox 1848 553 2003 612; x_wconf 87' lang='lat' dir='ltr'>capiat,</span> <span class='ocrx_word' id='word_1_54' title='bbox 2027 551 2074 595; x_wconf 92' lang='lat' dir='ltr'>id</span> <span class='ocrx_word' id='word_1_55' title='bbox 2088 563 2165 603; x_wconf 92' lang='lat' dir='ltr'>est,</span> <span class='ocrx_word' id='word_1_56' title='bbox 2191 553 2264 611; x_wconf 88' lang='lat' dir='ltr'>qui</span> <span class='ocrx_word' id='word_1_57' title='bbox 2286 568 2372 611; x_wconf 89' lang='lat' dir='ltr'>po-</span> 
     </span>
     <span class='ocr_line' id='line_1_6' title="bbox 236 617 2375 678; baseline 0 -18"><span class='ocrx_word' id='word_1_58' title='bbox 236 630 317 662; x_wconf 81' lang='lat' dir='ltr'>test</span> <span class='ocrx_word' id='word_1_59' title='bbox 333 619 553 661; x_wconf 86' lang='lat' dir='ltr'>continere</span> <span class='ocrx_word' id='word_1_60' title='bbox 570 619 804 669; x_wconf 88' lang='lat' dir='ltr'>contineat,</span> <span class='ocrx_word' id='word_1_61' title='bbox 828 618 900 677; x_wconf 86' lang='lat' dir='ltr'>qui</span> <span class='ocrx_word' id='word_1_62' title='bbox 915 634 1004 660; x_wconf 91' lang='lat' dir='ltr'>non</span> <span class='ocrx_word' id='word_1_63' title='bbox 1019 627 1162 676; x_wconf 88' lang='lat' dir='ltr'>potest</span> <span class='ocrx_word' id='word_1_64' title='bbox 1179 633 1360 661; x_wconf 86' lang='lat' dir='ltr'>uxorem</span> <span class='ocrx_word' id='word_1_65' title='bbox 1377 617 1520 662; x_wconf 87' lang='lat' dir='ltr'>ducat.</span> <span class='ocrx_word' id='word_1_66' title='bbox 1539 619 1594 661; x_wconf 89' lang='lat' dir='ltr'>Et</span> <span class='ocrx_word' id='word_1_67' title='bbox 1609 617 1839 677; x_wconf 87' lang='lat' dir='ltr'>Apostolus</span> <span class='ocrx_word' id='word_1_68' title='bbox 1857 633 1866 661; x_wconf 92' lang='lat'><strong>:</strong></span> <span class='ocrx_word' id='word_1_69' title='bbox 1885 618 2007 661; x_wconf 90' lang='lat' dir='ltr'>Unus</span> <span class='ocrx_word' id='word_1_70' title='bbox 2026 618 2204 678; x_wconf 88' lang='lat' dir='ltr'>quisque</span> <span class='ocrx_word' id='word_1_71' title='bbox 2216 618 2375 661; x_wconf 89' lang='lat' dir='ltr'>habeat</span> 
     </span>
     <span class='ocr_line' id='line_1_7' title="bbox 235 682 1160 743; baseline -0.001 -17"><span class='ocrx_word' id='word_1_72' title='bbox 235 699 353 726; x_wconf 82' lang='lat' dir='ltr'>suam</span> <span class='ocrx_word' id='word_1_73' title='bbox 370 693 550 743; x_wconf 90' lang='lat' dir='ltr'>propter</span> <span class='ocrx_word' id='word_1_74' title='bbox 570 683 901 726; x_wconf 87' lang='lat' dir='ltr'>fornicationem</span> <span class='ocrx_word' id='word_1_75' title='bbox 923 682 1160 725; x_wconf 90' lang='lat' dir='ltr'>vitandam.</span> 
     </span>
    </p>

    <p class='ocr_par' dir='ltr' id='par_1_3' title="bbox 233 747 2391 2891">
     <span class='ocr_line' id='line_1_8' title="bbox 292 747 2373 808; baseline 0.001 -18"><span class='ocrx_word' id='word_1_76' title='bbox 292 750 448 791; x_wconf 85' lang='lat' dir='ltr'><strong>Utrum</strong></span> <span class='ocrx_word' id='word_1_77' title='bbox 470 749 611 792; x_wconf 85' lang='lat' dir='ltr'>clerici</span> <span class='ocrx_word' id='word_1_78' title='bbox 631 749 957 791; x_wconf 84' lang='lat' dir='ltr'><strong>matrimonium</strong></span> <span class='ocrx_word' id='word_1_79' title='bbox 978 749 1230 791; x_wconf 82' lang='lat' dir='ltr'>contrahere</span> <span class='ocrx_word' id='word_1_80' title='bbox 1251 749 1430 808; x_wconf 86' lang='lat' dir='ltr'><strong>possint,</strong></span> <span class='ocrx_word' id='word_1_81' title='bbox 1455 749 1587 807; x_wconf 86' lang='lat' dir='ltr'>quaeri</span> <span class='ocrx_word' id='word_1_82' title='bbox 1608 748 1732 792; x_wconf 88' lang='lat' dir='ltr'>solet.</span> <span class='ocrx_word' id='word_1_83' title='bbox 1757 747 2025 804; x_wconf 85' lang='lat' dir='ltr'>Sacerdotes,</span> <span class='ocrx_word' id='word_1_84' title='bbox 2050 749 2123 808; x_wconf 90' lang='lat' dir='ltr'>qui</span> <span class='ocrx_word' id='word_1_85' title='bbox 2144 764 2235 791; x_wconf 91' lang='lat' dir='ltr'>non</span> <span class='ocrx_word' id='word_1_86' title='bbox 2257 749 2373 792; x_wconf 88' lang='lat' dir='ltr'>fece-</span> 
     </span>
     <span class='ocr_line' id='line_1_9' title="bbox 234 814 2375 874; baseline 0.001 -19"><span class='ocrx_word' id='word_1_87' title='bbox 234 825 356 866; x_wconf 87' lang='lat' dir='ltr'>runt,</span> <span class='ocrx_word' id='word_1_88' title='bbox 389 825 582 873; x_wconf 87' lang='lat' dir='ltr'>possunt.</span> <span class='ocrx_word' id='word_1_89' title='bbox 617 814 660 856; x_wconf 91' lang='lat' dir='ltr'>Si</span> <span class='ocrx_word' id='word_1_90' title='bbox 688 830 791 858; x_wconf 84' lang='lat' dir='ltr'>vero</span> <span class='ocrx_word' id='word_1_91' title='bbox 823 814 973 873; x_wconf 92' lang='lat' dir='ltr'>aliquis</span> <span class='ocrx_word' id='word_1_92' title='bbox 1005 815 1048 856; x_wconf 90' lang='lat' dir='ltr'>in</span> <span class='ocrx_word' id='word_1_93' title='bbox 1085 814 1262 858; x_wconf 85' lang='lat' dir='ltr'>ecclesia</span> <span class='ocrx_word' id='word_1_94' title='bbox 1296 830 1392 873; x_wconf 84' lang='lat' dir='ltr'>quae</span> <span class='ocrx_word' id='word_1_95' title='bbox 1422 826 1573 857; x_wconf 84' lang='lat' dir='ltr'>votum</span> <span class='ocrx_word' id='word_1_96' title='bbox 1607 815 1812 874; x_wconf 85' lang='lat' dir='ltr'>suscepit,</span> <span class='ocrx_word' id='word_1_97' title='bbox 1847 814 1974 857; x_wconf 79' lang='lat' dir='ltr'>fuerit</span> <span class='ocrx_word' id='word_1_98' title='bbox 2004 815 2078 873; x_wconf 90' lang='lat' dir='ltr'>qui</span> <span class='ocrx_word' id='word_1_99' title='bbox 2109 830 2199 857; x_wconf 92' lang='lat' dir='ltr'>non</span> <span class='ocrx_word' id='word_1_100' title='bbox 2225 825 2375 857; x_wconf 86' lang='lat' dir='ltr'>votum</span> 
     </span>
     <span class='ocr_line' id='line_1_10' title="bbox 236 878 2374 939; baseline 0.001 -19"><span class='ocrx_word' id='word_1_101' title='bbox 236 879 396 933; x_wconf 88' lang='lat' dir='ltr'>fecerit,</span> <span class='ocrx_word' id='word_1_102' title='bbox 426 889 570 938; x_wconf 89' lang='lat' dir='ltr'>potest</span> <span class='ocrx_word' id='word_1_103' title='bbox 593 878 765 933; x_wconf 91' lang='lat' dir='ltr'>ducere,</span> <span class='ocrx_word' id='word_1_104' title='bbox 799 879 875 922; x_wconf 91' lang='lat' dir='ltr'>sed</span> <span class='ocrx_word' id='word_1_105' title='bbox 896 881 942 921; x_wconf 92' lang='lat' dir='ltr'>in</span> <span class='ocrx_word' id='word_1_106' title='bbox 966 880 1142 923; x_wconf 88' lang='lat' dir='ltr'>ecclesia</span> <span class='ocrx_word' id='word_1_107' title='bbox 1169 879 1241 922; x_wconf 88' lang='lat' dir='ltr'>illa</span> <span class='ocrx_word' id='word_1_108' title='bbox 1277 878 1466 922; x_wconf 85' lang='lat' dir='ltr'>officium</span> <span class='ocrx_word' id='word_1_109' title='bbox 1492 896 1583 923; x_wconf 91' lang='lat' dir='ltr'>non</span> <span class='ocrx_word' id='word_1_110' title='bbox 1606 880 1837 933; x_wconf 88' lang='lat' dir='ltr'>exercebit,</span> <span class='ocrx_word' id='word_1_111' title='bbox 1871 879 1989 938; x_wconf 90' lang='lat' dir='ltr'>quod</span> <span class='ocrx_word' id='word_1_112' title='bbox 2015 889 2093 930; x_wconf 85' lang='lat' dir='ltr'>est,</span> <span class='ocrx_word' id='word_1_113' title='bbox 2125 880 2374 939; x_wconf 86' lang='lat' dir='ltr'><strong>parochiam</strong></span> 
     </span>
     <span class='ocr_line' id='line_1_11' title="bbox 234 944 2376 1005; baseline 0.001 -20"><span class='ocrx_word' id='word_1_114' title='bbox 234 959 323 986; x_wconf 90' lang='lat' dir='ltr'>non</span> <span class='ocrx_word' id='word_1_115' title='bbox 346 944 525 987; x_wconf 84' lang='lat' dir='ltr'>tenebit.</span> <span class='ocrx_word' id='word_1_116' title='bbox 546 945 795 988; x_wconf 85' lang='lat' dir='ltr'>Graecorum</span> <span class='ocrx_word' id='word_1_117' title='bbox 809 960 913 987; x_wconf 89' lang='lat' dir='ltr'>vero</span> <span class='ocrx_word' id='word_1_118' title='bbox 931 944 1190 998; x_wconf 85' lang='lat' dir='ltr'>sacerdotes,</span> <span class='ocrx_word' id='word_1_119' title='bbox 1209 944 1309 1003; x_wconf 88' lang='lat' dir='ltr'>quia</span> <span class='ocrx_word' id='word_1_120' title='bbox 1329 956 1480 988; x_wconf 90' lang='lat' dir='ltr'>votum</span> <span class='ocrx_word' id='word_1_121' title='bbox 1496 961 1585 988; x_wconf 92' lang='lat' dir='ltr'>non</span> <span class='ocrx_word' id='word_1_122' title='bbox 1602 955 1891 1005; x_wconf 89' lang='lat' dir='ltr'>susceperunt,</span> <span class='ocrx_word' id='word_1_123' title='bbox 1914 945 2027 988; x_wconf 92' lang='lat' dir='ltr'>bene</span> <span class='ocrx_word' id='word_1_124' title='bbox 2042 960 2199 988; x_wconf 87' lang='lat' dir='ltr'>uxores</span> <span class='ocrx_word' id='word_1_125' title='bbox 2220 945 2376 988; x_wconf 84' lang='lat' dir='ltr'>ducere</span> 
     </span>
     <span class='ocr_line' id='line_1_12' title="bbox 233 1010 2374 1070; baseline 0 -19"><span class='ocrx_word' id='word_1_126' title='bbox 233 1020 430 1066; x_wconf 88' lang='lat' dir='ltr'>possunt,</span> <span class='ocrx_word' id='word_1_127' title='bbox 466 1010 538 1068; x_wconf 91' lang='lat' dir='ltr'>qui</span> <span class='ocrx_word' id='word_1_128' title='bbox 567 1010 741 1069; x_wconf 91' lang='lat' dir='ltr'>quando</span> <span class='ocrx_word' id='word_1_129' title='bbox 768 1021 1086 1063; x_wconf 87' lang='lat' dir='ltr'>consecrantur,</span> <span class='ocrx_word' id='word_1_130' title='bbox 1118 1010 1172 1052; x_wconf 89' lang='lat' dir='ltr'>de</span> <span class='ocrx_word' id='word_1_131' title='bbox 1194 1025 1326 1052; x_wconf 89' lang='lat' dir='ltr'>manu</span> <span class='ocrx_word' id='word_1_132' title='bbox 1353 1011 1541 1070; x_wconf 88' lang='lat' dir='ltr'>episcopi</span> <span class='ocrx_word' id='word_1_133' title='bbox 1561 1026 1716 1053; x_wconf 81' lang='lat' dir='ltr'>uxores</span> <span class='ocrx_word' id='word_1_134' title='bbox 1744 1011 1973 1069; x_wconf 84' lang='lat' dir='ltr'>accipiunt,</span> <span class='ocrx_word' id='word_1_135' title='bbox 1999 1021 2043 1053; x_wconf 91' lang='lat' dir='ltr'>et</span> <span class='ocrx_word' id='word_1_136' title='bbox 2067 1010 2252 1070; x_wconf 85' lang='lat' dir='ltr'>virgines</span> <span class='ocrx_word' id='word_1_137' title='bbox 2278 1024 2374 1069; x_wconf 80' lang='lat' dir='ltr'>quae</span> 
     </span>
     <span class='ocr_line' id='line_1_13' title="bbox 234 1074 2375 1135; baseline 0.001 -20"><span class='ocrx_word' id='word_1_138' title='bbox 234 1074 267 1115; x_wconf 85' lang='lat' dir='ltr'>si</span> <span class='ocrx_word' id='word_1_139' title='bbox 299 1075 559 1128; x_wconf 86' lang='lat' dir='ltr'>moriantur,</span> <span class='ocrx_word' id='word_1_140' title='bbox 584 1091 674 1117; x_wconf 89' lang='lat' dir='ltr'>non</span> <span class='ocrx_word' id='word_1_141' title='bbox 703 1075 804 1118; x_wconf 89' lang='lat' dir='ltr'>alias</span> <span class='ocrx_word' id='word_1_142' title='bbox 840 1075 1054 1135; x_wconf 89' lang='lat' dir='ltr'>accipiunt</span> <span class='ocrx_word' id='word_1_143' title='bbox 1082 1091 1162 1118; x_wconf 89' lang='lat' dir='ltr'>nec</span> <span class='ocrx_word' id='word_1_144' title='bbox 1188 1076 1290 1135; x_wconf 84' lang='lat' dir='ltr'>ipsae</span> <span class='ocrx_word' id='word_1_145' title='bbox 1320 1075 1441 1119; x_wconf 90' lang='lat' dir='ltr'>alios.</span> <span class='ocrx_word' id='word_1_146' title='bbox 1472 1075 1741 1135; x_wconf 79' lang='lat' dir='ltr'>Praeceptum</span> <span class='ocrx_word' id='word_1_147' title='bbox 1770 1076 1900 1118; x_wconf 90' lang='lat' dir='ltr'>etiam</span> <span class='ocrx_word' id='word_1_148' title='bbox 1928 1085 2020 1118; x_wconf 90' lang='lat' dir='ltr'>erat</span> <span class='ocrx_word' id='word_1_149' title='bbox 2053 1076 2136 1128; x_wconf 91' lang='lat' dir='ltr'>eis,</span> <span class='ocrx_word' id='word_1_150' title='bbox 2160 1085 2209 1117; x_wconf 93' lang='lat' dir='ltr'>ut</span> <span class='ocrx_word' id='word_1_151' title='bbox 2239 1090 2375 1117; x_wconf 86' lang='lat' dir='ltr'>unus-</span> 
     </span>
     <span class='ocr_line' id='line_1_14' title="bbox 236 1140 2378 1199; baseline 0 -18"><span class='ocrx_word' id='word_1_152' title='bbox 236 1140 410 1199; x_wconf 87' lang='lat' dir='ltr'>quisque</span> <span class='ocrx_word' id='word_1_153' title='bbox 441 1140 495 1182; x_wconf 92' lang='lat' dir='ltr'>de</span> <span class='ocrx_word' id='word_1_154' title='bbox 516 1140 628 1182; x_wconf 91' lang='lat' dir='ltr'>tribu</span> <span class='ocrx_word' id='word_1_155' title='bbox 651 1156 726 1182; x_wconf 89' lang='lat' dir='ltr'>sua</span> <span class='ocrx_word' id='word_1_156' title='bbox 753 1156 908 1183; x_wconf 84' lang='lat' dir='ltr'>uxores</span> <span class='ocrx_word' id='word_1_157' title='bbox 930 1140 1106 1183; x_wconf 89' lang='lat' dir='ltr'>duceret</span> <span class='ocrx_word' id='word_1_158' title='bbox 1119 1173 1130 1195; x_wconf 91' lang='lat'>,</span> <span class='ocrx_word' id='word_1_159' title='bbox 1156 1156 1210 1183; x_wconf 90' lang='lat' dir='ltr'>ne</span> <span class='ocrx_word' id='word_1_160' title='bbox 1239 1140 1374 1183; x_wconf 85' lang='lat' dir='ltr'>tribus</span> <span class='ocrx_word' id='word_1_161' title='bbox 1404 1141 1781 1184; x_wconf 86' lang='lat' dir='ltr'>commiscerentur</span> <span class='ocrx_word' id='word_1_162' title='bbox 1807 1152 1850 1183; x_wconf 93' lang='lat' dir='ltr'>et</span> <span class='ocrx_word' id='word_1_163' title='bbox 1875 1156 1932 1184; x_wconf 92' lang='lat' dir='ltr'>ne</span> <span class='ocrx_word' id='word_1_164' title='bbox 1951 1141 2149 1183; x_wconf 87' lang='lat' dir='ltr'>transiret</span> <span class='ocrx_word' id='word_1_165' title='bbox 2168 1140 2378 1199; x_wconf 90' lang='lat' dir='ltr'>possessio</span> 
     </span>
     <span class='ocr_line' id='line_1_15' title="bbox 235 1205 2377 1265; baseline 0.001 -21"><span class='ocrx_word' id='word_1_166' title='bbox 235 1205 359 1247; x_wconf 90' lang='lat' dir='ltr'>unius</span> <span class='ocrx_word' id='word_1_167' title='bbox 381 1205 516 1248; x_wconf 90' lang='lat' dir='ltr'>tribus</span> <span class='ocrx_word' id='word_1_168' title='bbox 538 1206 583 1247; x_wconf 91' lang='lat' dir='ltr'>in</span> <span class='ocrx_word' id='word_1_169' title='bbox 607 1206 919 1264; x_wconf 90' lang='lat' dir='ltr'>possessionem</span> <span class='ocrx_word' id='word_1_170' title='bbox 941 1205 1133 1259; x_wconf 89' lang='lat' dir='ltr'>alterius,</span> <span class='ocrx_word' id='word_1_171' title='bbox 1158 1207 1259 1264; x_wconf 91' lang='lat' dir='ltr'>quia</span> <span class='ocrx_word' id='word_1_172' title='bbox 1280 1217 1394 1249; x_wconf 90' lang='lat' dir='ltr'>terra</span> <span class='ocrx_word' id='word_1_173' title='bbox 1414 1221 1492 1265; x_wconf 89' lang='lat' dir='ltr'>per</span> <span class='ocrx_word' id='word_1_174' title='bbox 1513 1206 1650 1249; x_wconf 89' lang='lat' dir='ltr'>tribus</span> <span class='ocrx_word' id='word_1_175' title='bbox 1678 1206 1812 1249; x_wconf 85' lang='lat' dir='ltr'>divisa</span> <span class='ocrx_word' id='word_1_176' title='bbox 1834 1216 1942 1249; x_wconf 85' lang='lat' dir='ltr'>erat.</span> <span class='ocrx_word' id='word_1_177' title='bbox 1974 1206 2102 1248; x_wconf 92' lang='lat' dir='ltr'>Nunc</span> <span class='ocrx_word' id='word_1_178' title='bbox 2121 1216 2266 1248; x_wconf 88' lang='lat' dir='ltr'>autem</span> <span class='ocrx_word' id='word_1_179' title='bbox 2286 1220 2377 1247; x_wconf 91' lang='lat' dir='ltr'>non</span> 
     </span>
     <span class='ocr_line' id='line_1_16' title="bbox 236 1269 2378 1332; baseline 0.001 -22"><span class='ocrx_word' id='word_1_180' title='bbox 236 1269 348 1324; x_wconf 90' lang='lat' dir='ltr'>licet,</span> <span class='ocrx_word' id='word_1_181' title='bbox 380 1270 456 1314; x_wconf 91' lang='lat' dir='ltr'>sed</span> <span class='ocrx_word' id='word_1_182' title='bbox 478 1270 533 1313; x_wconf 93' lang='lat' dir='ltr'>de</span> <span class='ocrx_word' id='word_1_183' title='bbox 556 1271 695 1313; x_wconf 91' lang='lat' dir='ltr'>aliena</span> <span class='ocrx_word' id='word_1_184' title='bbox 726 1282 853 1330; x_wconf 88' lang='lat' dir='ltr'>gente</span> <span class='ocrx_word' id='word_1_185' title='bbox 867 1304 878 1326; x_wconf 93' lang='lat'>,</span> <span class='ocrx_word' id='word_1_186' title='bbox 904 1271 1024 1330; x_wconf 92' lang='lat' dir='ltr'>quod</span> <span class='ocrx_word' id='word_1_187' title='bbox 1045 1272 1221 1315; x_wconf 91' lang='lat' dir='ltr'>ecclesia</span> <span class='ocrx_word' id='word_1_188' title='bbox 1247 1282 1423 1331; x_wconf 90' lang='lat' dir='ltr'>propter</span> <span class='ocrx_word' id='word_1_189' title='bbox 1446 1273 1800 1332; x_wconf 85' lang='lat' dir='ltr'>propagationem</span> <span class='ocrx_word' id='word_1_190' title='bbox 1821 1271 2007 1315; x_wconf 89' lang='lat' dir='ltr'>caritatis</span> <span class='ocrx_word' id='word_1_191' title='bbox 2028 1271 2197 1330; x_wconf 88' lang='lat' dir='ltr'>(quod),</span> <span class='ocrx_word' id='word_1_192' title='bbox 2232 1286 2257 1312; x_wconf 89' lang='lat' dir='ltr'>a</span> <span class='ocrx_word' id='word_1_193' title='bbox 2283 1270 2378 1313; x_wconf 87' lang='lat' dir='ltr'>Ro-</span> 
     </span>
     <span class='ocr_line' id='line_1_17' title="bbox 234 1335 2378 1396; baseline 0.001 -20"><span class='ocrx_word' id='word_1_194' title='bbox 234 1335 370 1378; x_wconf 89' lang='lat' dir='ltr'>manis</span> <span class='ocrx_word' id='word_1_195' title='bbox 400 1336 609 1395; x_wconf 85' lang='lat' dir='ltr'>(ecclesia)</span> <span class='ocrx_word' id='word_1_196' title='bbox 639 1336 817 1396; x_wconf 88' lang='lat' dir='ltr'>accepit.</span> <span class='ocrx_word' id='word_1_197' title='bbox 852 1338 1041 1379; x_wconf 84' lang='lat' dir='ltr'>Romani</span> <span class='ocrx_word' id='word_1_198' title='bbox 1076 1338 1216 1391; x_wconf 89' lang='lat' dir='ltr'>enim,</span> <span class='ocrx_word' id='word_1_199' title='bbox 1252 1337 1428 1396; x_wconf 88' lang='lat' dir='ltr'>quando</span> <span class='ocrx_word' id='word_1_200' title='bbox 1461 1338 1692 1380; x_wconf 86' lang='lat' dir='ltr'>amicitiam</span> <span class='ocrx_word' id='word_1_201' title='bbox 1724 1352 1823 1380; x_wconf 88' lang='lat' dir='ltr'>cum</span> <span class='ocrx_word' id='word_1_202' title='bbox 1854 1337 1944 1380; x_wconf 90' lang='lat' dir='ltr'>aliis</span> <span class='ocrx_word' id='word_1_203' title='bbox 1965 1336 2206 1380; x_wconf 81' lang='lat' dir='ltr'>civitatibus</span> <span class='ocrx_word' id='word_1_204' title='bbox 2240 1335 2378 1378; x_wconf 86' lang='lat' dir='ltr'>facere</span> 
     </span>
     <span class='ocr_line' id='line_1_18' title="bbox 234 1401 2380 1456; baseline -0 -13"><span class='ocrx_word' id='word_1_205' title='bbox 234 1401 451 1456; x_wconf 85' lang='lat' dir='ltr'>volebant,</span> <span class='ocrx_word' id='word_1_206' title='bbox 474 1417 628 1444; x_wconf 83' lang='lat' dir='ltr'>uxores</span> <span class='ocrx_word' id='word_1_207' title='bbox 651 1417 704 1444; x_wconf 85' lang='lat' dir='ltr'>ex</span> <span class='ocrx_word' id='word_1_208' title='bbox 725 1402 786 1444; x_wconf 92' lang='lat' dir='ltr'>eis</span> <span class='ocrx_word' id='word_1_209' title='bbox 809 1402 864 1445; x_wconf 91' lang='lat' dir='ltr'>ad</span> <span class='ocrx_word' id='word_1_210' title='bbox 883 1401 1297 1445; x_wconf 82' lang='lat' dir='ltr'>confoederationem</span> <span class='ocrx_word' id='word_1_211' title='bbox 1318 1402 1515 1446; x_wconf 62' lang='lat' dir='ltr'>amicitiae</span> <span class='ocrx_word' id='word_1_212' title='bbox 1537 1403 1770 1446; x_wconf 84' lang='lat' dir='ltr'>ducebant.</span> <span class='ocrx_word' id='word_1_213' title='bbox 1796 1401 1996 1446; x_wconf 88' lang='lat' dir='ltr'>Similiter</span> <span class='ocrx_word' id='word_1_214' title='bbox 2014 1401 2203 1445; x_wconf 88' lang='lat' dir='ltr'>Ecclesia</span> <span class='ocrx_word' id='word_1_215' title='bbox 2224 1401 2380 1443; x_wconf 89' lang='lat' dir='ltr'>consti-</span> 
     </span>
     <span class='ocr_line' id='line_1_19' title="bbox 234 1466 2380 1527; baseline 0 -19"><span class='ocrx_word' id='word_1_216' title='bbox 234 1467 328 1520; x_wconf 90' lang='lat' dir='ltr'>tuit,</span> <span class='ocrx_word' id='word_1_217' title='bbox 355 1478 403 1509; x_wconf 93' lang='lat' dir='ltr'>ut</span> <span class='ocrx_word' id='word_1_218' title='bbox 424 1483 514 1509; x_wconf 90' lang='lat' dir='ltr'>non</span> <span class='ocrx_word' id='word_1_219' title='bbox 538 1467 592 1510; x_wconf 90' lang='lat' dir='ltr'>de</span> <span class='ocrx_word' id='word_1_220' title='bbox 613 1483 705 1522; x_wconf 92' lang='lat' dir='ltr'>sua,</span> <span class='ocrx_word' id='word_1_221' title='bbox 728 1467 804 1510; x_wconf 92' lang='lat' dir='ltr'>sed</span> <span class='ocrx_word' id='word_1_222' title='bbox 827 1467 882 1511; x_wconf 92' lang='lat' dir='ltr'>de</span> <span class='ocrx_word' id='word_1_223' title='bbox 903 1467 1041 1510; x_wconf 89' lang='lat' dir='ltr'>aliena</span> <span class='ocrx_word' id='word_1_224' title='bbox 1057 1467 1258 1527; x_wconf 88' lang='lat' dir='ltr'>prosapia</span> <span class='ocrx_word' id='word_1_225' title='bbox 1279 1483 1462 1510; x_wconf 85' lang='lat' dir='ltr'>uxorem</span> <span class='ocrx_word' id='word_1_226' title='bbox 1483 1468 1576 1527; x_wconf 86' lang='lat' dir='ltr'>quis</span> <span class='ocrx_word' id='word_1_227' title='bbox 1597 1467 1741 1522; x_wconf 91' lang='lat' dir='ltr'>ducat,</span> <span class='ocrx_word' id='word_1_228' title='bbox 1761 1468 1861 1526; x_wconf 85' lang='lat' dir='ltr'>quia</span> <span class='ocrx_word' id='word_1_229' title='bbox 1883 1483 1973 1510; x_wconf 90' lang='lat' dir='ltr'>non</span> <span class='ocrx_word' id='word_1_230' title='bbox 1995 1467 2160 1527; x_wconf 85' lang='lat' dir='ltr'>putavit</span> <span class='ocrx_word' id='word_1_231' title='bbox 2180 1467 2265 1508; x_wconf 90' lang='lat' dir='ltr'>hoc</span> <span class='ocrx_word' id='word_1_232' title='bbox 2285 1466 2380 1509; x_wconf 84' lang='lat' dir='ltr'>suf-</span> 
     </span>
     <span class='ocr_line' id='line_1_20' title="bbox 234 1531 2381 1593; baseline -0 -19"><span class='ocrx_word' id='word_1_233' title='bbox 234 1531 358 1575; x_wconf 84' lang='lat' dir='ltr'>ficere</span> <span class='ocrx_word' id='word_1_234' title='bbox 391 1532 447 1575; x_wconf 91' lang='lat' dir='ltr'>ad</span> <span class='ocrx_word' id='word_1_235' title='bbox 474 1533 768 1575; x_wconf 90' lang='lat' dir='ltr'>dilatationem</span> <span class='ocrx_word' id='word_1_236' title='bbox 801 1533 1007 1587; x_wconf 88' lang='lat' dir='ltr'>caritatis,</span> <span class='ocrx_word' id='word_1_237' title='bbox 1042 1534 1142 1591; x_wconf 89' lang='lat' dir='ltr'>quia</span> <span class='ocrx_word' id='word_1_238' title='bbox 1169 1549 1247 1592; x_wconf 88' lang='lat' dir='ltr'>per</span> <span class='ocrx_word' id='word_1_239' title='bbox 1274 1549 1456 1576; x_wconf 87' lang='lat' dir='ltr'>uxorem</span> <span class='ocrx_word' id='word_1_240' title='bbox 1478 1549 1609 1592; x_wconf 85' lang='lat' dir='ltr'>quam</span> <span class='ocrx_word' id='word_1_241' title='bbox 1641 1533 1796 1593; x_wconf 88' lang='lat' dir='ltr'>accipit</span> <span class='ocrx_word' id='word_1_242' title='bbox 1824 1544 1962 1575; x_wconf 89' lang='lat' dir='ltr'>totam</span> <span class='ocrx_word' id='word_1_243' title='bbox 1993 1532 2111 1575; x_wconf 90' lang='lat' dir='ltr'>illam</span> <span class='ocrx_word' id='word_1_244' title='bbox 2131 1531 2381 1591; x_wconf 85' lang='lat' dir='ltr'>progeniem</span> 
     </span>
     <span class='ocr_line' id='line_1_21' title="bbox 235 1597 2378 1659; baseline -0 -20"><span class='ocrx_word' id='word_1_245' title='bbox 235 1597 386 1657; x_wconf 84' lang='lat' dir='ltr'>diligit.</span> <span class='ocrx_word' id='word_1_246' title='bbox 412 1598 550 1640; x_wconf 91' lang='lat' dir='ltr'>Multa</span> <span class='ocrx_word' id='word_1_247' title='bbox 572 1609 691 1652; x_wconf 87' lang='lat' dir='ltr'>sunt,</span> <span class='ocrx_word' id='word_1_248' title='bbox 717 1615 812 1658; x_wconf 84' lang='lat' dir='ltr'>quae</span> <span class='ocrx_word' id='word_1_249' title='bbox 834 1599 1084 1658; x_wconf 88' lang='lat' dir='ltr'>conjugium</span> <span class='ocrx_word' id='word_1_250' title='bbox 1106 1598 1372 1658; x_wconf 90' lang='lat' dir='ltr'>impediunt,</span> <span class='ocrx_word' id='word_1_251' title='bbox 1397 1600 1620 1659; x_wconf 86' lang='lat' dir='ltr'>cognatio,</span> <span class='ocrx_word' id='word_1_252' title='bbox 1641 1609 1817 1652; x_wconf 80' lang='lat' dir='ltr'>votum,</span> <span class='ocrx_word' id='word_1_253' title='bbox 1847 1599 1975 1653; x_wconf 93' lang='lat' dir='ltr'>ordo,</span> <span class='ocrx_word' id='word_1_254' title='bbox 2000 1597 2225 1658; x_wconf 82' lang='lat' dir='ltr'>frigiditas.</span> <span class='ocrx_word' id='word_1_255' title='bbox 2250 1597 2378 1647; x_wconf 88' lang='lat' dir='ltr'>Sunt,</span> 
     </span>
     <span class='ocr_line' id='line_1_22' title="bbox 235 1663 2384 1724; baseline -0.001 -19"><span class='ocrx_word' id='word_1_256' title='bbox 235 1664 307 1721; x_wconf 86' lang='lat' dir='ltr'>qui</span> <span class='ocrx_word' id='word_1_257' title='bbox 333 1663 377 1705; x_wconf 93' lang='lat' dir='ltr'>in</span> <span class='ocrx_word' id='word_1_258' title='bbox 401 1675 565 1706; x_wconf 84' lang='lat' dir='ltr'>secreto</span> <span class='ocrx_word' id='word_1_259' title='bbox 587 1664 897 1706; x_wconf 88' lang='lat' dir='ltr'>continentiam</span> <span class='ocrx_word' id='word_1_260' title='bbox 919 1675 1095 1707; x_wconf 85' lang='lat' dir='ltr'>vovent.</span> <span class='ocrx_word' id='word_1_261' title='bbox 1122 1664 1202 1718; x_wconf 92' lang='lat' dir='ltr'>Hi,</span> <span class='ocrx_word' id='word_1_262' title='bbox 1227 1665 1261 1706; x_wconf 91' lang='lat' dir='ltr'>si</span> <span class='ocrx_word' id='word_1_263' title='bbox 1282 1680 1373 1707; x_wconf 92' lang='lat' dir='ltr'>non</span> <span class='ocrx_word' id='word_1_264' title='bbox 1401 1676 1580 1724; x_wconf 90' lang='lat' dir='ltr'>possunt</span> <span class='ocrx_word' id='word_1_265' title='bbox 1614 1665 1853 1718; x_wconf 89' lang='lat' dir='ltr'>continere,</span> <span class='ocrx_word' id='word_1_266' title='bbox 1879 1664 1934 1707; x_wconf 90' lang='lat' dir='ltr'>de</span> <span class='ocrx_word' id='word_1_267' title='bbox 1959 1674 2060 1706; x_wconf 86' lang='lat' dir='ltr'>voto</span> <span class='ocrx_word' id='word_1_268' title='bbox 2081 1663 2319 1723; x_wconf 83' lang='lat' dir='ltr'>poeniteant</span> <span class='ocrx_word' id='word_1_269' title='bbox 2339 1671 2384 1704; x_wconf 85' lang='lat' dir='ltr'>et</span> 
     </span>
     <span class='ocr_line' id='line_1_23' title="bbox 235 1728 2383 1785; baseline -0 -15"><span class='ocrx_word' id='word_1_270' title='bbox 235 1744 390 1771; x_wconf 87' lang='lat' dir='ltr'>uxores</span> <span class='ocrx_word' id='word_1_271' title='bbox 413 1729 588 1771; x_wconf 89' lang='lat' dir='ltr'>ducant.</span> <span class='ocrx_word' id='word_1_272' title='bbox 614 1729 701 1783; x_wconf 86' lang='lat' dir='ltr'>Qui</span> <span class='ocrx_word' id='word_1_273' title='bbox 720 1745 824 1772; x_wconf 86' lang='lat' dir='ltr'>vero</span> <span class='ocrx_word' id='word_1_274' title='bbox 846 1730 892 1771; x_wconf 91' lang='lat' dir='ltr'>in</span> <span class='ocrx_word' id='word_1_275' title='bbox 913 1729 1141 1772; x_wconf 90' lang='lat' dir='ltr'>manifesto</span> <span class='ocrx_word' id='word_1_276' title='bbox 1157 1740 1310 1772; x_wconf 85' lang='lat' dir='ltr'>votum</span> <span class='ocrx_word' id='word_1_277' title='bbox 1331 1730 1509 1785; x_wconf 87' lang='lat' dir='ltr'>faciunt,</span> <span class='ocrx_word' id='word_1_278' title='bbox 1532 1741 1582 1773; x_wconf 91' lang='lat' dir='ltr'>ut</span> <span class='ocrx_word' id='word_1_279' title='bbox 1602 1731 1839 1773; x_wconf 85' lang='lat' dir='ltr'>monachus</span> <span class='ocrx_word' id='word_1_280' title='bbox 1861 1740 1905 1772; x_wconf 90' lang='lat' dir='ltr'>et</span> <span class='ocrx_word' id='word_1_281' title='bbox 1924 1729 2139 1782; x_wconf 87' lang='lat' dir='ltr'>sacerdos,</span> <span class='ocrx_word' id='word_1_282' title='bbox 2159 1728 2383 1770; x_wconf 85' lang='lat' dir='ltr'>matrimo-</span> 
     </span>
     <span class='ocr_line' id='line_1_24' title="bbox 236 1793 2382 1855; baseline -0 -20"><span class='ocrx_word' id='word_1_283' title='bbox 236 1794 356 1836; x_wconf 91' lang='lat' dir='ltr'>nium</span> <span class='ocrx_word' id='word_1_284' title='bbox 387 1795 639 1837; x_wconf 87' lang='lat' dir='ltr'>contrahere</span> <span class='ocrx_word' id='word_1_285' title='bbox 670 1806 907 1853; x_wconf 89' lang='lat' dir='ltr'>nequeunt.</span> <span class='ocrx_word' id='word_1_286' title='bbox 935 1794 1118 1837; x_wconf 91' lang='lat' dir='ltr'>Ordines</span> <span class='ocrx_word' id='word_1_287' title='bbox 1139 1795 1407 1854; x_wconf 89' lang='lat' dir='ltr'>impediunt;</span> <span class='ocrx_word' id='word_1_288' title='bbox 1438 1806 1619 1855; x_wconf 88' lang='lat' dir='ltr'>possunt</span> <span class='ocrx_word' id='word_1_289' title='bbox 1638 1806 1786 1838; x_wconf 88' lang='lat' dir='ltr'>tamen</span> <span class='ocrx_word' id='word_1_290' title='bbox 1816 1796 1973 1838; x_wconf 89' lang='lat' dir='ltr'>ducere</span> <span class='ocrx_word' id='word_1_291' title='bbox 1997 1809 2132 1853; x_wconf 88' lang='lat' dir='ltr'>usque</span> <span class='ocrx_word' id='word_1_292' title='bbox 2155 1793 2213 1836; x_wconf 87' lang='lat' dir='ltr'>ad</span> <span class='ocrx_word' id='word_1_293' title='bbox 2233 1793 2382 1850; x_wconf 76' lang='lat' dir='ltr'>acoly-</span> 
     </span>
     <span class='ocr_line' id='line_1_25' title="bbox 235 1858 2382 1920; baseline -0 -20"><span class='ocrx_word' id='word_1_294' title='bbox 235 1860 357 1901; x_wconf 85' lang='lat' dir='ltr'>thum</span> <span class='ocrx_word' id='word_1_295' title='bbox 375 1892 387 1914; x_wconf 96' lang='lat'>,</span> <span class='ocrx_word' id='word_1_296' title='bbox 412 1859 487 1902; x_wconf 91' lang='lat' dir='ltr'>sed</span> <span class='ocrx_word' id='word_1_297' title='bbox 508 1859 716 1903; x_wconf 89' lang='lat' dir='ltr'>beneficia</span> <span class='ocrx_word' id='word_1_298' title='bbox 739 1860 952 1903; x_wconf 87' lang='lat' dir='ltr'>dimittere</span> <span class='ocrx_word' id='word_1_299' title='bbox 983 1860 1159 1903; x_wconf 90' lang='lat' dir='ltr'>debent.</span> <span class='ocrx_word' id='word_1_300' title='bbox 1186 1861 1272 1914; x_wconf 88' lang='lat' dir='ltr'>Qui</span> <span class='ocrx_word' id='word_1_301' title='bbox 1293 1875 1397 1903; x_wconf 88' lang='lat' dir='ltr'>vero</span> <span class='ocrx_word' id='word_1_302' title='bbox 1431 1877 1559 1920; x_wconf 90' lang='lat' dir='ltr'>supra</span> <span class='ocrx_word' id='word_1_303' title='bbox 1587 1860 1833 1919; x_wconf 87' lang='lat' dir='ltr'>acolythum</span> <span class='ocrx_word' id='word_1_304' title='bbox 1859 1860 2048 1903; x_wconf 90' lang='lat' dir='ltr'>ordinati</span> <span class='ocrx_word' id='word_1_305' title='bbox 2075 1870 2173 1902; x_wconf 89' lang='lat' dir='ltr'>sunt</span> <span class='ocrx_word' id='word_1_306' title='bbox 2188 1891 2200 1912; x_wconf 93' lang='lat'>,</span> <span class='ocrx_word' id='word_1_307' title='bbox 2227 1858 2382 1900; x_wconf 87' lang='lat' dir='ltr'>ducere</span> 
     </span>
     <span class='ocr_line' id='line_1_26' title="bbox 237 1923 2383 1985; baseline 0 -20"><span class='ocrx_word' id='word_1_308' title='bbox 237 1940 326 1967; x_wconf 91' lang='lat' dir='ltr'>non</span> <span class='ocrx_word' id='word_1_309' title='bbox 352 1935 545 1984; x_wconf 88' lang='lat' dir='ltr'>possunt.</span> <span class='ocrx_word' id='word_1_310' title='bbox 582 1925 812 1984; x_wconf 87' lang='lat' dir='ltr'>Gregorius</span> <span class='ocrx_word' id='word_1_311' title='bbox 841 1936 988 1968; x_wconf 86' lang='lat' dir='ltr'>tamen</span> <span class='ocrx_word' id='word_1_312' title='bbox 1016 1925 1205 1984; x_wconf 85' lang='lat' dir='ltr'>Anglicis</span> <span class='ocrx_word' id='word_1_313' title='bbox 1227 1926 1439 1985; x_wconf 87' lang='lat' dir='ltr'>permisit,</span> <span class='ocrx_word' id='word_1_314' title='bbox 1464 1926 1565 1984; x_wconf 92' lang='lat' dir='ltr'>quia</span> <span class='ocrx_word' id='word_1_315' title='bbox 1586 1941 1724 1984; x_wconf 89' lang='lat' dir='ltr'>nuper</span> <span class='ocrx_word' id='word_1_316' title='bbox 1754 1926 1969 1968; x_wconf 88' lang='lat' dir='ltr'>conversis</span> <span class='ocrx_word' id='word_1_317' title='bbox 2002 1924 2058 1967; x_wconf 92' lang='lat' dir='ltr'>ad</span> <span class='ocrx_word' id='word_1_318' title='bbox 2082 1923 2215 1966; x_wconf 89' lang='lat' dir='ltr'>fidem</span> <span class='ocrx_word' id='word_1_319' title='bbox 2243 1923 2277 1965; x_wconf 91' lang='lat' dir='ltr'>si</span> <span class='ocrx_word' id='word_1_320' title='bbox 2299 1923 2383 1965; x_wconf 94' lang='lat' dir='ltr'>hoc</span> 
     </span>
     <span class='ocr_line' id='line_1_27' title="bbox 235 1990 2379 2050; baseline -0.001 -18"><span class='ocrx_word' id='word_1_321' title='bbox 235 1990 250 2046; x_wconf 79' lang='lat'><strong>(</strong></span> <span class='ocrx_word' id='word_1_322' title='bbox 253 1990 327 2048; x_wconf 90' lang='lat' dir='ltr'>eis)</span> <span class='ocrx_word' id='word_1_323' title='bbox 340 1991 654 2049; x_wconf 89' lang='lat' dir='ltr'>prohiberetur,</span> <span class='ocrx_word' id='word_1_324' title='bbox 679 1990 802 2033; x_wconf 90' lang='lat' dir='ltr'>facile</span> <span class='ocrx_word' id='word_1_325' title='bbox 819 1991 954 2033; x_wconf 91' lang='lat' dir='ltr'>relabi</span> <span class='ocrx_word' id='word_1_326' title='bbox 975 2001 1164 2049; x_wconf 82' lang='lat' dir='ltr'>possent.</span> <span class='ocrx_word' id='word_1_327' title='bbox 1183 1990 1370 2033; x_wconf 86' lang='lat' dir='ltr'>Servitus</span> <span class='ocrx_word' id='word_1_328' title='bbox 1392 1991 1522 2033; x_wconf 89' lang='lat' dir='ltr'>etiam</span> <span class='ocrx_word' id='word_1_329' title='bbox 1537 1990 1734 2050; x_wconf 90' lang='lat' dir='ltr'>impedit.</span> <span class='ocrx_word' id='word_1_330' title='bbox 1758 1991 1801 2033; x_wconf 91' lang='lat' dir='ltr'>Si</span> <span class='ocrx_word' id='word_1_331' title='bbox 1815 1991 1908 2049; x_wconf 88' lang='lat' dir='ltr'>quis</span> <span class='ocrx_word' id='word_1_332' title='bbox 1925 1991 2057 2043; x_wconf 92' lang='lat' dir='ltr'>enim,</span> <span class='ocrx_word' id='word_1_333' title='bbox 2074 2004 2118 2031; x_wconf 91' lang='lat' dir='ltr'>se</span> <span class='ocrx_word' id='word_1_334' title='bbox 2135 1990 2379 2048; x_wconf 85' lang='lat' dir='ltr'>ignorante,</span> 
     </span>
     <span class='ocr_line' id='line_1_28' title="bbox 236 2053 2381 2116; baseline -0 -21"><span class='ocrx_word' id='word_1_335' title='bbox 236 2055 432 2097; x_wconf 79' lang='lat' dir='ltr'>ancillam</span> <span class='ocrx_word' id='word_1_336' title='bbox 457 2055 575 2098; x_wconf 91' lang='lat' dir='ltr'>ducit</span> <span class='ocrx_word' id='word_1_337' title='bbox 599 2054 793 2110; x_wconf 86' lang='lat' dir='ltr'>alterius,</span> <span class='ocrx_word' id='word_1_338' title='bbox 820 2057 854 2098; x_wconf 92' lang='lat' dir='ltr'>si</span> <span class='ocrx_word' id='word_1_339' title='bbox 883 2055 1070 2099; x_wconf 87' lang='lat' dir='ltr'>noluerit</span> <span class='ocrx_word' id='word_1_340' title='bbox 1090 2056 1136 2098; x_wconf 86' lang='lat' dir='ltr'>in</span> <span class='ocrx_word' id='word_1_341' title='bbox 1158 2056 1405 2098; x_wconf 82' lang='lat' dir='ltr'>servitutem</span> <span class='ocrx_word' id='word_1_342' title='bbox 1426 2055 1588 2116; x_wconf 86' lang='lat' dir='ltr'>redigi,</span> <span class='ocrx_word' id='word_1_343' title='bbox 1614 2067 1687 2098; x_wconf 88' lang='lat' dir='ltr'>aut</span> <span class='ocrx_word' id='word_1_344' title='bbox 1719 2056 1849 2098; x_wconf 87' lang='lat' dir='ltr'>etiam</span> <span class='ocrx_word' id='word_1_345' title='bbox 1870 2055 2055 2098; x_wconf 86' lang='lat' dir='ltr'>redimat</span> <span class='ocrx_word' id='word_1_346' title='bbox 2077 2064 2150 2096; x_wconf 89' lang='lat' dir='ltr'>aut</span> <span class='ocrx_word' id='word_1_347' title='bbox 2178 2053 2381 2095; x_wconf 89' lang='lat' dir='ltr'>dimittat.</span> 
     </span>
     <span class='ocr_line' id='line_1_29' title="bbox 235 2117 2386 2181; baseline -0.001 -20"><span class='ocrx_word' id='word_1_348' title='bbox 235 2121 360 2174; x_wconf 88' lang='lat' dir='ltr'>Item,</span> <span class='ocrx_word' id='word_1_349' title='bbox 390 2121 425 2162; x_wconf 92' lang='lat' dir='ltr'>si</span> <span class='ocrx_word' id='word_1_350' title='bbox 447 2122 540 2179; x_wconf 90' lang='lat' dir='ltr'>quis</span> <span class='ocrx_word' id='word_1_351' title='bbox 565 2121 743 2181; x_wconf 85' lang='lat' dir='ltr'>frigidus</span> <span class='ocrx_word' id='word_1_352' title='bbox 763 2137 944 2164; x_wconf 85' lang='lat' dir='ltr'>uxorem</span> <span class='ocrx_word' id='word_1_353' title='bbox 968 2121 1137 2164; x_wconf 82' lang='lat' dir='ltr'>duxerit</span> <span class='ocrx_word' id='word_1_354' title='bbox 1159 2131 1201 2163; x_wconf 91' lang='lat' dir='ltr'>et</span> <span class='ocrx_word' id='word_1_355' title='bbox 1223 2136 1319 2163; x_wconf 88' lang='lat' dir='ltr'>eam</span> <span class='ocrx_word' id='word_1_356' title='bbox 1340 2121 1502 2163; x_wconf 90' lang='lat' dir='ltr'>habere</span> <span class='ocrx_word' id='word_1_357' title='bbox 1525 2137 1614 2163; x_wconf 93' lang='lat' dir='ltr'>non</span> <span class='ocrx_word' id='word_1_358' title='bbox 1637 2120 1847 2180; x_wconf 86' lang='lat' dir='ltr'>potuerit,</span> <span class='ocrx_word' id='word_1_359' title='bbox 1872 2121 1959 2163; x_wconf 92' lang='lat' dir='ltr'>Leo</span> <span class='ocrx_word' id='word_1_360' title='bbox 1985 2135 2096 2179; x_wconf 88' lang='lat' dir='ltr'>papa</span> <span class='ocrx_word' id='word_1_361' title='bbox 2118 2118 2246 2171; x_wconf 83' lang='lat' dir='ltr'>dicit,</span> <span class='ocrx_word' id='word_1_362' title='bbox 2268 2117 2386 2176; x_wconf 90' lang='lat' dir='ltr'>quod</span> 
     </span>
     <span class='ocr_line' id='line_1_30' title="bbox 236 2183 2385 2246; baseline 0 -20"><span class='ocrx_word' id='word_1_363' title='bbox 236 2201 330 2227; x_wconf 91' lang='lat' dir='ltr'>eam</span> <span class='ocrx_word' id='word_1_364' title='bbox 360 2185 575 2229; x_wconf 91' lang='lat' dir='ltr'>dimittere</span> <span class='ocrx_word' id='word_1_365' title='bbox 594 2197 749 2245; x_wconf 85' lang='lat' dir='ltr'>potest.</span> <span class='ocrx_word' id='word_1_366' title='bbox 776 2187 1008 2246; x_wconf 89' lang='lat' dir='ltr'>Gregorius</span> <span class='ocrx_word' id='word_1_367' title='bbox 1029 2202 1131 2229; x_wconf 81' lang='lat' dir='ltr'>vero</span> <span class='ocrx_word' id='word_1_368' title='bbox 1156 2186 1260 2228; x_wconf 90' lang='lat' dir='ltr'>dicit</span> <span class='ocrx_word' id='word_1_369' title='bbox 1273 2219 1284 2240; x_wconf 95' lang='lat'>,</span> <span class='ocrx_word' id='word_1_370' title='bbox 1309 2201 1398 2228; x_wconf 85' lang='lat' dir='ltr'>esse</span> <span class='ocrx_word' id='word_1_371' title='bbox 1421 2186 1694 2245; x_wconf 87' lang='lat' dir='ltr'>conjugium,</span> <span class='ocrx_word' id='word_1_372' title='bbox 1716 2196 1759 2228; x_wconf 91' lang='lat' dir='ltr'>et</span> <span class='ocrx_word' id='word_1_373' title='bbox 1778 2186 1813 2228; x_wconf 90' lang='lat' dir='ltr'>si</span> <span class='ocrx_word' id='word_1_374' title='bbox 1834 2201 1925 2228; x_wconf 91' lang='lat' dir='ltr'>non</span> <span class='ocrx_word' id='word_1_375' title='bbox 1946 2195 2088 2245; x_wconf 90' lang='lat' dir='ltr'>potest</span> <span class='ocrx_word' id='word_1_376' title='bbox 2109 2198 2206 2226; x_wconf 89' lang='lat' dir='ltr'>eam</span> <span class='ocrx_word' id='word_1_377' title='bbox 2225 2183 2385 2226; x_wconf 88' lang='lat' dir='ltr'>habere</span> 
     </span>
     <span class='ocr_line' id='line_1_31' title="bbox 236 2248 2388 2311; baseline -0 -19"><span class='ocrx_word' id='word_1_378' title='bbox 236 2262 281 2292; x_wconf 87' lang='lat' dir='ltr'>ut</span> <span class='ocrx_word' id='word_1_379' title='bbox 305 2267 506 2306; x_wconf 88' lang='lat' dir='ltr'>uxorem,</span> <span class='ocrx_word' id='word_1_380' title='bbox 539 2252 699 2294; x_wconf 90' lang='lat' dir='ltr'>habeat</span> <span class='ocrx_word' id='word_1_381' title='bbox 722 2263 771 2293; x_wconf 93' lang='lat' dir='ltr'>ut</span> <span class='ocrx_word' id='word_1_382' title='bbox 793 2268 986 2295; x_wconf 90' lang='lat' dir='ltr'>sororem</span> <span class='ocrx_word' id='word_1_383' title='bbox 1001 2285 1012 2306; x_wconf 97' lang='lat'>,</span> <span class='ocrx_word' id='word_1_384' title='bbox 1038 2262 1082 2294; x_wconf 91' lang='lat' dir='ltr'>et</span> <span class='ocrx_word' id='word_1_385' title='bbox 1102 2268 1192 2294; x_wconf 89' lang='lat' dir='ltr'>non</span> <span class='ocrx_word' id='word_1_386' title='bbox 1214 2251 1355 2294; x_wconf 88' lang='lat' dir='ltr'>minus</span> <span class='ocrx_word' id='word_1_387' title='bbox 1378 2252 1458 2294; x_wconf 89' lang='lat' dir='ltr'>erit</span> <span class='ocrx_word' id='word_1_388' title='bbox 1485 2251 1754 2311; x_wconf 88' lang='lat' dir='ltr'>conjugium,</span> <span class='ocrx_word' id='word_1_389' title='bbox 1781 2252 1887 2294; x_wconf 88' lang='lat' dir='ltr'>sicut</span> <span class='ocrx_word' id='word_1_390' title='bbox 1908 2249 2154 2310; x_wconf 87' lang='lat' dir='ltr'>conjugium</span> <span class='ocrx_word' id='word_1_391' title='bbox 2174 2248 2322 2290; x_wconf 83' lang='lat' dir='ltr'>Mariae</span> <span class='ocrx_word' id='word_1_392' title='bbox 2345 2260 2388 2291; x_wconf 86' lang='lat' dir='ltr'>et</span> 
     </span>
     <span class='ocr_line' id='line_1_32' title="bbox 236 2313 2384 2376; baseline -0.001 -19"><span class='ocrx_word' id='word_1_393' title='bbox 236 2316 409 2375; x_wconf 74' lang='lat' dir='ltr'>Ioseph.</span> <span class='ocrx_word' id='word_1_394' title='bbox 434 2317 477 2359; x_wconf 88' lang='lat' dir='ltr'>Si</span> <span class='ocrx_word' id='word_1_395' title='bbox 498 2332 600 2359; x_wconf 90' lang='lat' dir='ltr'>vero</span> <span class='ocrx_word' id='word_1_396' title='bbox 624 2317 778 2360; x_wconf 91' lang='lat' dir='ltr'>mulier</span> <span class='ocrx_word' id='word_1_397' title='bbox 800 2333 890 2359; x_wconf 94' lang='lat' dir='ltr'>non</span> <span class='ocrx_word' id='word_1_398' title='bbox 911 2318 1101 2376; x_wconf 91' lang='lat' dir='ltr'>potuerit</span> <span class='ocrx_word' id='word_1_399' title='bbox 1123 2318 1362 2371; x_wconf 88' lang='lat' dir='ltr'>continere,</span> <span class='ocrx_word' id='word_1_400' title='bbox 1383 2329 1426 2360; x_wconf 94' lang='lat' dir='ltr'>et</span> <span class='ocrx_word' id='word_1_401' title='bbox 1439 2319 1525 2360; x_wconf 92' lang='lat' dir='ltr'>hoc</span> <span class='ocrx_word' id='word_1_402' title='bbox 1541 2316 1713 2371; x_wconf 86' lang='lat' dir='ltr'>dixerit,</span> <span class='ocrx_word' id='word_1_403' title='bbox 1729 2333 1818 2359; x_wconf 91' lang='lat' dir='ltr'>non</span> <span class='ocrx_word' id='word_1_404' title='bbox 1837 2327 2013 2376; x_wconf 83' lang='lat' dir='ltr'>propter</span> <span class='ocrx_word' id='word_1_405' title='bbox 2031 2316 2117 2357; x_wconf 91' lang='lat' dir='ltr'>hoc</span> <span class='ocrx_word' id='word_1_406' title='bbox 2132 2313 2384 2372; x_wconf 87' lang='lat' dir='ltr'>separanda,</span> 
     </span>
     <span class='ocr_line' id='line_1_33' title="bbox 237 2378 2387 2441; baseline -0.001 -19"><span class='ocrx_word' id='word_1_407' title='bbox 237 2381 336 2437; x_wconf 86' lang='lat' dir='ltr'>quia</span> <span class='ocrx_word' id='word_1_408' title='bbox 356 2397 524 2424; x_wconf 89' lang='lat' dir='ltr'>necesse</span> <span class='ocrx_word' id='word_1_409' title='bbox 549 2393 612 2424; x_wconf 85' lang='lat' dir='ltr'>est</span> <span class='ocrx_word' id='word_1_410' title='bbox 634 2398 731 2424; x_wconf 87' lang='lat' dir='ltr'>eam</span> <span class='ocrx_word' id='word_1_411' title='bbox 754 2384 991 2426; x_wconf 88' lang='lat' dir='ltr'>continere.</span> <span class='ocrx_word' id='word_1_412' title='bbox 1018 2383 1126 2425; x_wconf 92' lang='lat' dir='ltr'>Inde</span> <span class='ocrx_word' id='word_1_413' title='bbox 1155 2383 1446 2441; x_wconf 83' lang='lat' dir='ltr'>Hieronymus</span> <span class='ocrx_word' id='word_1_414' title='bbox 1469 2393 1512 2425; x_wconf 89' lang='lat' dir='ltr'>et</span> <span class='ocrx_word' id='word_1_415' title='bbox 1528 2383 1851 2441; x_wconf 89' lang='lat' dir='ltr'>Theophrastus</span> <span class='ocrx_word' id='word_1_416' title='bbox 1868 2381 2017 2424; x_wconf 89' lang='lat' dir='ltr'>dicunt</span> <span class='ocrx_word' id='word_1_417' title='bbox 2041 2396 2050 2422; x_wconf 91' lang='lat'>:</span> <span class='ocrx_word' id='word_1_418' title='bbox 2073 2378 2191 2422; x_wconf 90' lang='lat' dir='ltr'>Nulli</span> <span class='ocrx_word' id='word_1_419' title='bbox 2209 2379 2387 2438; x_wconf 88' lang='lat' dir='ltr'>sapienti</span> 
     </span>
     <span class='ocr_line' id='line_1_34' title="bbox 239 2444 2389 2508; baseline -0.001 -21"><span class='ocrx_word' id='word_1_420' title='bbox 239 2445 435 2488; x_wconf 85' lang='lat' dir='ltr'>ducenda</span> <span class='ocrx_word' id='word_1_421' title='bbox 469 2458 531 2489; x_wconf 81' lang='lat' dir='ltr'>est</span> <span class='ocrx_word' id='word_1_422' title='bbox 557 2463 682 2490; x_wconf 83' lang='lat' dir='ltr'>uxor.</span> <span class='ocrx_word' id='word_1_423' title='bbox 709 2448 760 2489; x_wconf 91' lang='lat' dir='ltr'>In</span> <span class='ocrx_word' id='word_1_424' title='bbox 791 2448 882 2490; x_wconf 89' lang='lat' dir='ltr'>aliis</span> <span class='ocrx_word' id='word_1_425' title='bbox 906 2448 1022 2490; x_wconf 91' lang='lat' dir='ltr'>enim</span> <span class='ocrx_word' id='word_1_426' title='bbox 1045 2448 1229 2508; x_wconf 87' lang='lat' dir='ltr'>experiri</span> <span class='ocrx_word' id='word_1_427' title='bbox 1251 2463 1491 2506; x_wconf 90' lang='lat' dir='ltr'>possumus,</span> <span class='ocrx_word' id='word_1_428' title='bbox 1518 2448 1659 2506; x_wconf 87' lang='lat' dir='ltr'>qualia</span> <span class='ocrx_word' id='word_1_429' title='bbox 1687 2447 1785 2501; x_wconf 88' lang='lat' dir='ltr'>sint,</span> <span class='ocrx_word' id='word_1_430' title='bbox 1812 2460 2044 2506; x_wconf 88' lang='lat' dir='ltr'>antequam</span> <span class='ocrx_word' id='word_1_431' title='bbox 2064 2444 2316 2498; x_wconf 83' lang='lat' dir='ltr'>habeamus,</span> <span class='ocrx_word' id='word_1_432' title='bbox 2341 2455 2389 2486; x_wconf 88' lang='lat' dir='ltr'>ut</span> 
     </span>
     <span class='ocr_line' id='line_1_35' title="bbox 239 2509 2390 2572; baseline -0.001 -20"><span class='ocrx_word' id='word_1_433' title='bbox 239 2527 413 2569; x_wconf 82' lang='lat' dir='ltr'>equum,</span> <span class='ocrx_word' id='word_1_434' title='bbox 440 2523 670 2571; x_wconf 89' lang='lat' dir='ltr'>antequam</span> <span class='ocrx_word' id='word_1_435' title='bbox 692 2528 901 2567; x_wconf 89' lang='lat' dir='ltr'>emamus,</span> <span class='ocrx_word' id='word_1_436' title='bbox 928 2524 971 2556; x_wconf 90' lang='lat' dir='ltr'>et</span> <span class='ocrx_word' id='word_1_437' title='bbox 992 2524 1154 2566; x_wconf 89' lang='lat' dir='ltr'>cetera;</span> <span class='ocrx_word' id='word_1_438' title='bbox 1182 2511 1259 2555; x_wconf 90' lang='lat' dir='ltr'>sed</span> <span class='ocrx_word' id='word_1_439' title='bbox 1281 2512 1505 2555; x_wconf 88' lang='lat' dir='ltr'>mulierem</span> <span class='ocrx_word' id='word_1_440' title='bbox 1529 2513 1714 2572; x_wconf 83' lang='lat' dir='ltr'>experiri</span> <span class='ocrx_word' id='word_1_441' title='bbox 1736 2528 1825 2555; x_wconf 90' lang='lat' dir='ltr'>non</span> <span class='ocrx_word' id='word_1_442' title='bbox 1846 2511 2150 2571; x_wconf 88' lang='lat' dir='ltr'>permittimur,</span> <span class='ocrx_word' id='word_1_443' title='bbox 2170 2509 2251 2550; x_wconf 90' lang='lat' dir='ltr'>nisi</span> <span class='ocrx_word' id='word_1_444' title='bbox 2270 2519 2390 2567; x_wconf 90' lang='lat' dir='ltr'>post-</span> 
     </span>
     <span class='ocr_line' id='line_1_36' title="bbox 238 2573 2389 2638; baseline -0.001 -20"><span class='ocrx_word' id='word_1_445' title='bbox 238 2592 367 2634; x_wconf 92' lang='lat' dir='ltr'>quam</span> <span class='ocrx_word' id='word_1_446' title='bbox 397 2578 443 2619; x_wconf 92' lang='lat' dir='ltr'>in</span> <span class='ocrx_word' id='word_1_447' title='bbox 470 2593 651 2620; x_wconf 86' lang='lat' dir='ltr'>uxorem</span> <span class='ocrx_word' id='word_1_448' title='bbox 675 2578 921 2638; x_wconf 83' lang='lat' dir='ltr'>accipimus.</span> <span class='ocrx_word' id='word_1_449' title='bbox 955 2579 1066 2622; x_wconf 90' lang='lat' dir='ltr'>Item</span> <span class='ocrx_word' id='word_1_450' title='bbox 1087 2577 1241 2620; x_wconf 91' lang='lat' dir='ltr'>mulier</span> <span class='ocrx_word' id='word_1_451' title='bbox 1272 2589 1345 2620; x_wconf 92' lang='lat' dir='ltr'>aut</span> <span class='ocrx_word' id='word_1_452' title='bbox 1374 2589 1488 2621; x_wconf 90' lang='lat' dir='ltr'>casta</span> <span class='ocrx_word' id='word_1_453' title='bbox 1511 2588 1574 2621; x_wconf 90' lang='lat' dir='ltr'>est</span> <span class='ocrx_word' id='word_1_454' title='bbox 1597 2588 1671 2619; x_wconf 88' lang='lat' dir='ltr'>aut</span> <span class='ocrx_word' id='word_1_455' title='bbox 1692 2577 1869 2620; x_wconf 89' lang='lat' dir='ltr'>incesta.</span> <span class='ocrx_word' id='word_1_456' title='bbox 1906 2576 1950 2618; x_wconf 91' lang='lat' dir='ltr'>Si</span> <span class='ocrx_word' id='word_1_457' title='bbox 1980 2586 2094 2619; x_wconf 87' lang='lat' dir='ltr'>casta</span> <span class='ocrx_word' id='word_1_458' title='bbox 2123 2573 2329 2633; x_wconf 89' lang='lat' dir='ltr'>superba;</span> <span class='ocrx_word' id='word_1_459' title='bbox 2354 2573 2389 2616; x_wconf 87' lang='lat' dir='ltr'>si</span> 
     </span>
     <span class='ocr_line' id='line_1_37' title="bbox 238 2638 2388 2704; baseline -0.001 -21"><span class='ocrx_word' id='word_1_460' title='bbox 238 2642 418 2698; x_wconf 90' lang='lat' dir='ltr'>incesta,</span> <span class='ocrx_word' id='word_1_461' title='bbox 445 2659 667 2702; x_wconf 90' lang='lat' dir='ltr'>nunquam</span> <span class='ocrx_word' id='word_1_462' title='bbox 689 2644 770 2686; x_wconf 90' lang='lat' dir='ltr'>erit</span> <span class='ocrx_word' id='word_1_463' title='bbox 790 2644 926 2686; x_wconf 90' lang='lat' dir='ltr'>libera</span> <span class='ocrx_word' id='word_1_464' title='bbox 950 2659 975 2685; x_wconf 88' lang='lat' dir='ltr'>a</span> <span class='ocrx_word' id='word_1_465' title='bbox 998 2644 1254 2704; x_wconf 90' lang='lat' dir='ltr'>suspicione.</span> <span class='ocrx_word' id='word_1_466' title='bbox 1284 2644 1544 2704; x_wconf 90' lang='lat' dir='ltr'>Conjugium</span> <span class='ocrx_word' id='word_1_467' title='bbox 1567 2644 1698 2686; x_wconf 88' lang='lat' dir='ltr'>etiam</span> <span class='ocrx_word' id='word_1_468' title='bbox 1720 2643 1898 2685; x_wconf 85' lang='lat' dir='ltr'>servitus</span> <span class='ocrx_word' id='word_1_469' title='bbox 1921 2640 2092 2684; x_wconf 88' lang='lat' dir='ltr'>dicitur.</span> <span class='ocrx_word' id='word_1_470' title='bbox 2116 2638 2245 2681; x_wconf 89' lang='lat' dir='ltr'>Unde</span> <span class='ocrx_word' id='word_1_471' title='bbox 2263 2639 2388 2698; x_wconf 89' lang='lat' dir='ltr'>Apo-</span> 
     </span>
     <span class='ocr_line' id='line_1_38' title="bbox 239 2704 2388 2770; baseline -0.001 -22"><span class='ocrx_word' id='word_1_472' title='bbox 239 2707 368 2750; x_wconf 83' lang='lat' dir='ltr'>stolus</span> <span class='ocrx_word' id='word_1_473' title='bbox 386 2708 566 2751; x_wconf 87' lang='lat' dir='ltr'>:Servus</span> <span class='ocrx_word' id='word_1_474' title='bbox 584 2720 760 2751; x_wconf 89' lang='lat' dir='ltr'>vocatus</span> <span class='ocrx_word' id='word_1_475' title='bbox 782 2725 842 2764; x_wconf 92' lang='lat' dir='ltr'>es,</span> <span class='ocrx_word' id='word_1_476' title='bbox 868 2720 911 2752; x_wconf 92' lang='lat' dir='ltr'>et</span> <span class='ocrx_word' id='word_1_477' title='bbox 933 2719 1090 2763; x_wconf 88' lang='lat' dir='ltr'>cetera,</span> <span class='ocrx_word' id='word_1_478' title='bbox 1110 2709 1157 2752; x_wconf 93' lang='lat' dir='ltr'>id</span> <span class='ocrx_word' id='word_1_479' title='bbox 1177 2719 1256 2763; x_wconf 91' lang='lat' dir='ltr'>est,</span> <span class='ocrx_word' id='word_1_480' title='bbox 1280 2710 1327 2751; x_wconf 89' lang='lat' dir='ltr'>in</span> <span class='ocrx_word' id='word_1_481' title='bbox 1344 2710 1544 2770; x_wconf 89' lang='lat' dir='ltr'>conjugio</span> <span class='ocrx_word' id='word_1_482' title='bbox 1566 2719 1686 2751; x_wconf 89' lang='lat' dir='ltr'>utere</span> <span class='ocrx_word' id='word_1_483' title='bbox 1708 2705 1976 2760; x_wconf 90' lang='lat' dir='ltr'>servitute,id</span> <span class='ocrx_word' id='word_1_484' title='bbox 1993 2716 2070 2759; x_wconf 88' lang='lat' dir='ltr'>est,</span> <span class='ocrx_word' id='word_1_485' title='bbox 2094 2704 2243 2747; x_wconf 89' lang='lat' dir='ltr'>habita</span> <span class='ocrx_word' id='word_1_486' title='bbox 2262 2705 2388 2747; x_wconf 91' lang='lat' dir='ltr'>etiam</span> 
     </span>
     <span class='ocr_line' id='line_1_39' title="bbox 240 2770 2391 2831; baseline -0.001 -17"><span class='ocrx_word' id='word_1_487' title='bbox 240 2773 459 2816; x_wconf 84' lang='lat' dir='ltr'>occasione</span> <span class='ocrx_word' id='word_1_488' title='bbox 491 2773 757 2829; x_wconf 89' lang='lat' dir='ltr'>dimittendi,</span> <span class='ocrx_word' id='word_1_489' title='bbox 794 2791 884 2818; x_wconf 92' lang='lat' dir='ltr'>non</span> <span class='ocrx_word' id='word_1_490' title='bbox 913 2774 1116 2818; x_wconf 79' lang='lat' dir='ltr'>dimittas,</span> <span class='ocrx_word' id='word_1_491' title='bbox 1154 2775 1198 2818; x_wconf 88' lang='lat' dir='ltr'>Si</span> <span class='ocrx_word' id='word_1_492' title='bbox 1231 2785 1372 2818; x_wconf 91' lang='lat' dir='ltr'>autem</span> <span class='ocrx_word' id='word_1_493' title='bbox 1405 2775 1536 2830; x_wconf 84' lang='lat' dir='ltr'>liber,</span> <span class='ocrx_word' id='word_1_494' title='bbox 1571 2773 1617 2816; x_wconf 91' lang='lat' dir='ltr'>id</span> <span class='ocrx_word' id='word_1_495' title='bbox 1642 2785 1726 2826; x_wconf 91' lang='lat' dir='ltr'>est,</span> <span class='ocrx_word' id='word_1_496' title='bbox 1759 2773 1850 2815; x_wconf 90' lang='lat' dir='ltr'>sine</span> <span class='ocrx_word' id='word_1_497' title='bbox 1870 2771 2096 2831; x_wconf 85' lang='lat' dir='ltr'>conjugio,</span> <span class='ocrx_word' id='word_1_498' title='bbox 2125 2785 2179 2812; x_wconf 91' lang='lat' dir='ltr'>ne</span> <span class='ocrx_word' id='word_1_499' title='bbox 2211 2770 2391 2830; x_wconf 86' lang='lat' dir='ltr'>accipias</span> 
     </span>
     <span class='ocr_line' id='line_1_40' title="bbox 242 2839 834 2891; baseline 0.01 -14"><span class='ocrx_word' id='word_1_500' title='bbox 242 2852 435 2891; x_wconf 85' lang='lat' dir='ltr'>uxorem,</span> <span class='ocrx_word' id='word_1_501' title='bbox 462 2840 496 2881; x_wconf 91' lang='lat' dir='ltr'>si</span> <span class='ocrx_word' id='word_1_502' title='bbox 517 2840 578 2882; x_wconf 91' lang='lat' dir='ltr'>vis</span> <span class='ocrx_word' id='word_1_503' title='bbox 603 2855 693 2882; x_wconf 92' lang='lat' dir='ltr'>esse</span> <span class='ocrx_word' id='word_1_504' title='bbox 710 2839 834 2883; x_wconf 87' lang='lat' dir='ltr'>liber.</span> 
     </span>
    </p>

    <p class='ocr_par' dir='ltr' id='par_1_4' title="bbox 244 2899 2393 3288">
     <span class='ocr_line' id='line_1_41' title="bbox 303 2899 2391 2966; baseline -0.001 -22"><span class='ocrx_word' id='word_1_505' title='bbox 303 2904 402 2945; x_wconf 85' lang='lat' dir='ltr'>Tria</span> <span class='ocrx_word' id='word_1_506' title='bbox 423 2916 520 2946; x_wconf 90' lang='lat' dir='ltr'>sunt</span> <span class='ocrx_word' id='word_1_507' title='bbox 539 2905 658 2947; x_wconf 87' lang='lat' dir='ltr'>bona</span> <span class='ocrx_word' id='word_1_508' title='bbox 680 2907 890 2966; x_wconf 86' lang='lat' dir='ltr'>conjugii,</span> <span class='ocrx_word' id='word_1_509' title='bbox 916 2906 1038 2960; x_wconf 89' lang='lat' dir='ltr'>fides,</span> <span class='ocrx_word' id='word_1_510' title='bbox 1062 2906 1222 2966; x_wconf 87' lang='lat' dir='ltr'>proles,</span> <span class='ocrx_word' id='word_1_511' title='bbox 1247 2917 1580 2949; x_wconf 89' lang='lat' dir='ltr'>sacramentum.</span> <span class='ocrx_word' id='word_1_512' title='bbox 1605 2905 1757 2959; x_wconf 90' lang='lat' dir='ltr'>Fides,</span> <span class='ocrx_word' id='word_1_513' title='bbox 1782 2920 1871 2946; x_wconf 89' lang='lat' dir='ltr'>non</span> <span class='ocrx_word' id='word_1_514' title='bbox 1893 2903 2127 2955; x_wconf 87' lang='lat' dir='ltr'>catholica,</span> <span class='ocrx_word' id='word_1_515' title='bbox 2152 2900 2229 2944; x_wconf 90' lang='lat' dir='ltr'>sed</span> <span class='ocrx_word' id='word_1_516' title='bbox 2249 2899 2391 2960; x_wconf 89' lang='lat' dir='ltr'>pactio</span> 
     </span>
     <span class='ocr_line' id='line_1_42' title="bbox 245 2962 2391 3029; baseline -0.001 -23"><span class='ocrx_word' id='word_1_517' title='bbox 245 2968 490 3026; x_wconf 80' lang='lat' dir='ltr'>conjugalis,</span> <span class='ocrx_word' id='word_1_518' title='bbox 507 2970 640 3027; x_wconf 85' lang='lat' dir='ltr'>quod,</span> <span class='ocrx_word' id='word_1_519' title='bbox 666 2972 875 3029; x_wconf 85' lang='lat' dir='ltr'>quamdiu</span> <span class='ocrx_word' id='word_1_520' title='bbox 897 2972 1066 3022; x_wconf 86' lang='lat' dir='ltr'>vixerit,</span> <span class='ocrx_word' id='word_1_521' title='bbox 1089 2988 1187 3014; x_wconf 91' lang='lat' dir='ltr'>cum</span> <span class='ocrx_word' id='word_1_522' title='bbox 1211 2972 1294 3014; x_wconf 89' lang='lat' dir='ltr'>alia</span> <span class='ocrx_word' id='word_1_523' title='bbox 1316 2988 1407 3014; x_wconf 91' lang='lat' dir='ltr'>non</span> <span class='ocrx_word' id='word_1_524' title='bbox 1430 2967 1967 3021; x_wconf 75' lang='lat' dir='ltr'>commisceatur.&#39;Proles,</span> <span class='ocrx_word' id='word_1_525' title='bbox 1992 2978 2040 3010; x_wconf 92' lang='lat' dir='ltr'>ut</span> <span class='ocrx_word' id='word_1_526' title='bbox 2060 2976 2275 3025; x_wconf 89' lang='lat' dir='ltr'>susceptus</span> <span class='ocrx_word' id='word_1_527' title='bbox 2284 2962 2391 3006; x_wconf 84' lang='lat' dir='ltr'>filius</span> 
     </span>
     <span class='ocr_line' id='line_1_43' title="bbox 244 3028 2391 3097; baseline 0 -24"><span class='ocrx_word' id='word_1_528' title='bbox 244 3030 437 3090; x_wconf 87' lang='lat' dir='ltr'>religiose</span> <span class='ocrx_word' id='word_1_529' title='bbox 458 3034 678 3089; x_wconf 92' lang='lat' dir='ltr'>educetur,</span> <span class='ocrx_word' id='word_1_530' title='bbox 705 3046 748 3077; x_wconf 89' lang='lat' dir='ltr'>et</span> <span class='ocrx_word' id='word_1_531' title='bbox 771 3048 833 3079; x_wconf 88' lang='lat' dir='ltr'>est</span> <span class='ocrx_word' id='word_1_532' title='bbox 857 3037 913 3079; x_wconf 89' lang='lat' dir='ltr'>ad</span> <span class='ocrx_word' id='word_1_533' title='bbox 936 3036 1154 3091; x_wconf 89' lang='lat' dir='ltr'>decorem,</span> <span class='ocrx_word' id='word_1_534' title='bbox 1178 3048 1227 3079; x_wconf 92' lang='lat' dir='ltr'>ut</span> <span class='ocrx_word' id='word_1_535' title='bbox 1244 3038 1363 3096; x_wconf 88' lang='lat' dir='ltr'>quod</span> <span class='ocrx_word' id='word_1_536' title='bbox 1383 3038 1445 3080; x_wconf 90' lang='lat' dir='ltr'>ibi</span> <span class='ocrx_word' id='word_1_537' title='bbox 1466 3053 1544 3097; x_wconf 88' lang='lat' dir='ltr'>per</span> <span class='ocrx_word' id='word_1_538' title='bbox 1562 3046 1787 3096; x_wconf 85' lang='lat' dir='ltr'>peccatum</span> <span class='ocrx_word' id='word_1_539' title='bbox 1809 3034 2084 3078; x_wconf 89' lang='lat' dir='ltr'>commissum</span> <span class='ocrx_word' id='word_1_540' title='bbox 2105 3042 2183 3085; x_wconf 89' lang='lat' dir='ltr'>est,</span> <span class='ocrx_word' id='word_1_541' title='bbox 2206 3028 2391 3072; x_wconf 81' lang='lat' dir='ltr'>filiorum</span> 
     </span>
     <span class='ocr_line' id='line_1_44' title="bbox 245 3093 2392 3160; baseline -0.001 -24"><span class='ocrx_word' id='word_1_542' title='bbox 245 3094 383 3138; x_wconf 81' lang='lat' dir='ltr'>fructu</span> <span class='ocrx_word' id='word_1_543' title='bbox 411 3111 774 3157; x_wconf 88' lang='lat' dir='ltr'>recompensetur.</span> <span class='ocrx_word' id='word_1_544' title='bbox 802 3102 1124 3144; x_wconf 89' lang='lat' dir='ltr'>Sacramentum</span> <span class='ocrx_word' id='word_1_545' title='bbox 1152 3114 1215 3145; x_wconf 89' lang='lat' dir='ltr'>est</span> <span class='ocrx_word' id='word_1_546' title='bbox 1242 3103 1396 3146; x_wconf 88' lang='lat' dir='ltr'>Christi</span> <span class='ocrx_word' id='word_1_547' title='bbox 1418 3113 1461 3146; x_wconf 90' lang='lat' dir='ltr'>et</span> <span class='ocrx_word' id='word_1_548' title='bbox 1490 3102 1696 3151; x_wconf 84' lang='lat' dir='ltr'>ecclesiae,</span> <span class='ocrx_word' id='word_1_549' title='bbox 1721 3100 1821 3160; x_wconf 87' lang='lat' dir='ltr'>quia</span> <span class='ocrx_word' id='word_1_550' title='bbox 1842 3099 1950 3142; x_wconf 85' lang='lat' dir='ltr'>sicut</span> <span class='ocrx_word' id='word_1_551' title='bbox 1970 3114 2081 3140; x_wconf 84' lang='lat' dir='ltr'>uxor</span> <span class='ocrx_word' id='word_1_552' title='bbox 2102 3097 2226 3139; x_wconf 91' lang='lat' dir='ltr'>unius</span> <span class='ocrx_word' id='word_1_553' title='bbox 2246 3093 2326 3135; x_wconf 86' lang='lat' dir='ltr'>viri</span> <span class='ocrx_word' id='word_1_554' title='bbox 2349 3104 2392 3135; x_wconf 86' lang='lat' dir='ltr'>et</span> 
     </span>
     <span class='ocr_line' id='line_1_45' title="bbox 246 3158 2393 3226; baseline -0.001 -25"><span class='ocrx_word' id='word_1_555' title='bbox 246 3160 310 3201; x_wconf 85' lang='lat' dir='ltr'>vir</span> <span class='ocrx_word' id='word_1_556' title='bbox 328 3162 454 3204; x_wconf 91' lang='lat' dir='ltr'>unius</span> <span class='ocrx_word' id='word_1_557' title='bbox 476 3164 637 3214; x_wconf 85' lang='lat' dir='ltr'>uxoris,</span> <span class='ocrx_word' id='word_1_558' title='bbox 664 3165 723 3206; x_wconf 91' lang='lat' dir='ltr'>sic</span> <span class='ocrx_word' id='word_1_559' title='bbox 746 3166 935 3208; x_wconf 84' lang='lat' dir='ltr'>Christus</span> <span class='ocrx_word' id='word_1_560' title='bbox 958 3168 1084 3208; x_wconf 92' lang='lat' dir='ltr'>unius</span> <span class='ocrx_word' id='word_1_561' title='bbox 1112 3183 1293 3226; x_wconf 85' lang='lat' dir='ltr'>sponsae,</span> <span class='ocrx_word' id='word_1_562' title='bbox 1318 3168 1364 3210; x_wconf 93' lang='lat' dir='ltr'>id</span> <span class='ocrx_word' id='word_1_563' title='bbox 1387 3178 1464 3221; x_wconf 89' lang='lat' dir='ltr'>est,</span> <span class='ocrx_word' id='word_1_564' title='bbox 1497 3166 1683 3210; x_wconf 83' lang='lat' dir='ltr'>ecclesiae</span> <span class='ocrx_word' id='word_1_565' title='bbox 1703 3180 1881 3225; x_wconf 88' lang='lat' dir='ltr'>sponsus</span> <span class='ocrx_word' id='word_1_566' title='bbox 1902 3175 1985 3216; x_wconf 87' lang='lat' dir='ltr'>est,</span> <span class='ocrx_word' id='word_1_567' title='bbox 2010 3174 2053 3205; x_wconf 90' lang='lat' dir='ltr'>et</span> <span class='ocrx_word' id='word_1_568' title='bbox 2073 3160 2248 3204; x_wconf 89' lang='lat' dir='ltr'>ecclesia</span> <span class='ocrx_word' id='word_1_569' title='bbox 2268 3158 2393 3200; x_wconf 89' lang='lat' dir='ltr'>unius</span> 
     </span>
     <span class='ocr_line' id='line_1_46' title="bbox 245 3226 949 3288; baseline 0.009 -22"><span class='ocrx_word' id='word_1_570' title='bbox 245 3226 405 3283; x_wconf 90' lang='lat' dir='ltr'>sponsi,</span> <span class='ocrx_word' id='word_1_571' title='bbox 429 3227 475 3270; x_wconf 93' lang='lat' dir='ltr'>id</span> <span class='ocrx_word' id='word_1_572' title='bbox 498 3239 575 3277; x_wconf 89' lang='lat' dir='ltr'>est,</span> <span class='ocrx_word' id='word_1_573' title='bbox 602 3229 757 3271; x_wconf 89' lang='lat' dir='ltr'>Christi</span> <span class='ocrx_word' id='word_1_574' title='bbox 779 3245 949 3288; x_wconf 85' lang='lat' dir='ltr'>sponsa.</span> 
     </span>
    </p>
   </div>
   <div class='ocr_carea' id='block_1_3' title="bbox 309 3289 2391 3356">
    <p class='ocr_par' dir='ltr' id='par_1_5' title="bbox 309 3289 2391 3356">
     <span class='ocr_line' id='line_1_47' title="bbox 309 3289 2391 3356; baseline -0.001 -23"><span class='ocrx_word' id='word_1_575' title='bbox 309 3291 536 3344; x_wconf 76' lang='lat' dir='ltr'>Quaeritur,</span> <span class='ocrx_word' id='word_1_576' title='bbox 563 3293 597 3335; x_wconf 92' lang='lat' dir='ltr'>si</span> <span class='ocrx_word' id='word_1_577' title='bbox 619 3293 730 3335; x_wconf 88' lang='lat' dir='ltr'>inter</span> <span class='ocrx_word' id='word_1_578' title='bbox 754 3293 949 3337; x_wconf 87' lang='lat' dir='ltr'>infideles</span> <span class='ocrx_word' id='word_1_579' title='bbox 970 3295 1102 3355; x_wconf 89' lang='lat' dir='ltr'>possit</span> <span class='ocrx_word' id='word_1_580' title='bbox 1124 3311 1213 3339; x_wconf 89' lang='lat' dir='ltr'>esse</span> <span class='ocrx_word' id='word_1_581' title='bbox 1236 3297 1498 3356; x_wconf 86' lang='lat' dir='ltr'>conjugium.</span> <span class='ocrx_word' id='word_1_582' title='bbox 1525 3296 1671 3338; x_wconf 90' lang='lat' dir='ltr'>Potest</span> <span class='ocrx_word' id='word_1_583' title='bbox 1692 3295 1854 3353; x_wconf 88' lang='lat' dir='ltr'>utique.</span> <span class='ocrx_word' id='word_1_584' title='bbox 1885 3291 2014 3335; x_wconf 89' lang='lat' dir='ltr'>Unde</span> <span class='ocrx_word' id='word_1_585' title='bbox 2044 3293 2230 3334; x_wconf 85' lang='lat' dir='ltr'>Joannes</span> <span class='ocrx_word' id='word_1_586' title='bbox 2252 3289 2391 3347; x_wconf 88' lang='lat' dir='ltr'>Chry-</span> 
     </span>
    </p>
   </div>
  </div>
 </body>
</html>
