2638 3866
976 206 1320 255 THEOLOGIA
1354 206 1702 256 CHRlSTlANA
1712 242 1723 253 .
2334 211 2431 257 503

232 375 235 377 μ
269 318 397 358 serat
415 308 783 374 intelligendum
802 317 943 369 esset,
967 318 1020 356 ut
1037 309 1259 358 videlicet
1281 309 1412 358 idem
1431 308 1567 374 quod
1589 310 1674 357 uni
1698 326 1916 375 personae
1932 312 2180 374 convenit,
2204 321 2253 360 et
2273 311 2426 374 alteri,

271 390 333 439 de
367 389 444 438 his
477 390 658 439 scilicet
692 404 800 454 quoe
834 389 997 437 statim
1031 389 1266 454 adjungit.
1302 393 1401 439 Nec
1438 390 1651 439 fortassis
1684 391 2010 457 incongruum
2044 402 2143 454 est,
2184 393 2225 440 si
2257 393 2431 442 similia

269 471 490 520 dicamus
523 487 625 519 non
665 471 824 519 solum
857 485 965 534 quae
991 470 1304 519 essentialiter
1333 471 1412 519 vel
1442 488 1648 520 numero
1686 471 1876 521 diversa
1910 483 2040 535 sunt,
2077 490 2249 522 verum
2283 475 2427 524 etiam

269 569 378 618 quae
407 550 782 619 proprietatibus
818 549 1178 615 disjunguntur.
1222 552 1299 599 Sic
1342 552 1524 618 quippe
1557 553 1944 618 propositionem
1981 564 2029 602 et
2061 553 2427 604 conclusionem

267 634 532 682 convenire
553 633 760 682 dicimus
776 632 827 679 in
852 631 1070 679 terminis
1087 641 1137 679 et
1161 632 1209 680 in
1235 633 1338 680 aliis
1360 633 1542 692 multis,
1569 649 1683 681 cum
1706 650 1807 682 non
1829 636 1925 684 sint
1945 644 2108 684 tamen
2132 634 2193 684 ab
2218 636 2426 686 invicem

268 731 477 763 numero
509 714 588 763 vel
617 712 929 762 essentialiter
954 711 1205 777 disjunctae
1225 715 1495 780 propositio
1523 724 1572 762 et
1601 715 1869 764 conclusio.
1899 715 2039 765 Unde
2065 717 2210 765 etiam
2240 717 2428 767 divinas

265 811 499 862 personas
534 811 638 843 non
662 804 734 843 est
755 794 1083 858 incongruum
1112 793 1210 841 hoc
1242 794 1394 842 modo
1423 795 1600 843 similes
1631 795 1695 844 ad
1717 796 1927 844 invicem
1954 796 2067 845 dici.
2094 798 2256 846 Simile
2280 800 2424 847 etiam

265 876 565 942 quandoque
583 893 676 943 pro
700 875 876 924 eodem
898 875 1116 941 ponitur,
1143 874 1268 923 sicut
1291 875 1342 922 in
1363 876 1505 923 tertio
1527 878 1829 942 Topicorum,
1855 877 1942 926 ubi
1964 878 2031 927 ait
2052 879 2263 938 Boetius,
2288 879 2425 945 quod

263 956 402 1005 locus
433 974 461 1006 a
483 957 730 1006 contrario
759 965 809 1004 et
831 973 859 1004 a
890 954 1272 1021 repugnantibus
1293 955 1486 1004 videtur
1511 973 1613 1005 esse
1633 957 1819 1019 similis,
1845 958 1942 1007 hoc
1964 968 2035 1007 est
2057 958 2206 1006 idem.
2233 961 2426 1026 Quippe

262 1038 387 1087 sicut
419 1039 628 1087 dicimus
650 1037 832 1103 aliquid
854 1037 1100 1085 diversum
1123 1053 1151 1084 a
1176 1037 1335 1103 seipso
1361 1037 1484 1100 fieri,
1511 1050 1656 1103 atque
1686 1038 1933 1099 differens,
1966 1039 2067 1087 sive
2093 1039 2340 1102 dissimile,
2368 1058 2425 1089 ac

263 1135 365 1167 non
403 1120 534 1168 idem
569 1134 872 1187 permanere,
907 1117 1108 1184 quando
1141 1127 1371 1180 mutatur,
1407 1135 1495 1167 cur
1517 1136 1619 1167 non
1652 1118 1837 1185 aliquid
1871 1119 2240 1185 quodammodo
2269 1122 2424 1171 simile

260 1199 354 1248 sibi
374 1201 594 1250 dicamus
626 1201 895 1267 quandoid
912 1209 1167 1267 permanet
1190 1215 1281 1248 nec
1307 1199 1553 1248 variatur?
1577 1200 1708 1259 Quid
1727 1201 1859 1249 enim
1878 1211 1950 1249 est
1971 1201 2126 1250 simile
2144 1201 2303 1265 alicui,
2332 1204 2423 1251 nisi

259 1281 355 1329 tale
386 1298 489 1330 esse
512 1283 657 1347 quale
689 1282 811 1331 illud
840 1283 944 1331 est?
972 1285 1038 1330 Ac
1061 1280 1278 1328 similiter
1307 1281 1463 1330 simile
1492 1279 1584 1329 sibi
1612 1280 1706 1329 tale
1728 1298 1849 1342 esse,
1883 1281 2024 1347 quale
2047 1283 2269 1348 primitus
2299 1294 2416 1333 erat.

259 1364 419 1421 Quam
442 1363 642 1427 quidem
664 1365 903 1413 rationem
932 1363 1224 1428 Augustinus
1246 1372 1439 1410 secutus
1460 1361 1587 1410 libro
1613 1364 1774 1429 primo
1795 1362 1854 1411 de
1877 1366 2008 1412 Vera
2033 1364 2288 1431 religione,
2307 1382 2418 1414 cum

257 1443 321 1491 de
338 1443 590 1493 identitate
602 1455 748 1510 atque
760 1443 1246 1493 incommutabilitate
1259 1443 1432 1491 divinae
1445 1443 1822 1509 pulchritudinis
1834 1454 2012 1508 ageret,
2034 1445 2115 1492 ait¹
2131 1462 2142 1491 ε
2161 1464 2185 1491 α
2202 1448 2418 1504 Quamo-

256 1523 397 1573 brem
420 1527 693 1574 sanandum
724 1544 828 1575 esse
859 1528 1079 1574 animum
1102 1524 1167 1573 ad
1197 1524 1484 1573 intuendam
1515 1525 1965 1574 incommutabilem
1988 1542 2151 1574 rerum
2181 1526 2415 1588 formam,

256 1615 304 1654 et
321 1606 499 1656 eodem
516 1607 669 1656 modo
683 1624 875 1675 semper
896 1625 947 1656 se
969 1606 1250 1668 habentem,
1272 1617 1417 1672 atque
1433 1607 1649 1671 undique
1665 1608 1740 1655 sui
1758 1608 1963 1655 similem
1984 1607 2414 1673 pulchritudinem,

253 1703 347 1735 nec
369 1688 629 1738 distentam
650 1689 788 1751 locis,
816 1706 906 1738 nec
929 1699 1152 1755 tempore
1172 1689 1425 1748 variatam,
1446 1688 1532 1735 sed
1554 1705 1710 1736 unum
1731 1698 1875 1753 atque
1892 1688 2022 1736 idem
2044 1705 2103 1737 ex
2128 1689 2265 1736 omni
2283 1698 2419 1754 parte

253 1779 552 1832 servantem,
589 1780 682 1818 etc.
706 1789 732 1816 »
767 1771 933 1819 Simile
963 1770 1125 1836 itaque
1146 1786 1238 1835 pro
1263 1770 1440 1817 eodem
1472 1769 1611 1830 dixit,
1638 1779 1688 1817 et
1716 1770 1767 1816 in
1796 1768 1889 1817 hac
1911 1786 2109 1835 quoque
2136 1770 2419 1835 acceptione

250 1859 411 1914 potest
425 1849 540 1912 dici,
567 1854 706 1899 Pater
727 1851 896 1899 similis
912 1851 1032 1899 Filio
1056 1851 1134 1899 vel
1156 1850 1374 1916 Spiritui,
1400 1849 1498 1897 hoc
1519 1860 1591 1898 est
1615 1850 1748 1898 idem
1769 1850 1964 1916 penitus
1986 1868 2100 1899 cum
2125 1850 2208 1898 illo
2233 1851 2285 1898 in
2310 1850 2420 1899 sub-

250 1931 422 1978 stantia
440 1969 453 1993 ,
495 1932 597 1980 sive
631 1933 680 1979 in
713 1931 789 1979 his
835 1949 941 1996 quae
976 1932 1136 1980 statim
1170 1931 1460 1979 Athanasius
1492 1930 1854 1993 determinavit,
1895 1948 2010 1980 cum
2038 1931 2262 1980 videlicet
2298 1931 2416 1980 illud

248 2008 381 2058 idem
404 2011 542 2077 quod
567 2013 860 2061 immensum
884 2022 955 2061 est
979 2016 1120 2061 Pater
1141 2013 1201 2060 sit
1221 2022 1270 2060 et
1291 2013 1456 2073 Filius,
1481 2022 1573 2060 etc.

315 2092 411 2139 Sed
442 2102 491 2141 et
526 2093 648 2141 illud
680 2093 816 2159 quod
842 2095 1125 2160 opponitur,
1151 2110 1265 2141 cum
1298 2110 1453 2141 unum
1490 2093 1723 2158 quodque
1751 2093 1888 2158 quod
1921 2093 2080 2141 existit
2108 2093 2168 2140 sit
2196 2092 2275 2140 vel
2304 2092 2416 2141 sub·

247 2173 422 2221 stantia
444 2173 522 2220 vel
544 2174 718 2236 forma,
753 2174 1008 2239 quomodo
1041 2174 1195 2223 multa
1217 2173 1315 2222 dici
1345 2184 1568 2240 possunt,
1604 2174 1646 2221 si
1668 2190 1771 2221 non
1798 2174 1894 2221 sint
1914 2173 2076 2221 multae
2103 2172 2409 2235 substantiae,

246 2252 324 2300 vel
342 2254 505 2301 multae
533 2254 718 2312 formae,
744 2256 822 2303 vel
850 2256 1004 2303 multa
1028 2272 1086 2303 ex
1110 2256 1329 2319 utrisque
1360 2255 1647 2319 conjuncta,
1665 2254 1767 2319 J'am
1786 2254 2087 2319 jugulatum²
2114 2264 2204 2313 est,
2232 2271 2413 2302 secun-

246 2332 367 2381 dum
402 2334 524 2386 illud
546 2335 684 2400 quod
707 2336 810 2400 jam
832 2336 1115 2400 negavimus
1138 2337 1344 2384 omnino
1372 2338 1529 2383 Deum
1560 2352 1663 2383 esse
1687 2335 1856 2397 multa,
1883 2336 1998 2400 quia
2020 2335 2132 2383 licet
2164 2335 2224 2383 sit
2253 2335 2414 2383 multae

244 2430 484 2479 personae,
513 2432 616 2464 non
639 2416 753 2465 ideo
777 2417 987 2465 fortassis
1014 2426 1086 2465 est
1106 2417 1259 2465 multa
1283 2417 1583 2483 simpliciter,
1609 2433 1723 2464 cum
1742 2416 1966 2465 videlicet
1987 2415 2268 2478 multitudo,
2292 2416 2413 2463 sicut

244 2494 429 2543 dictum
458 2507 544 2560 est,
575 2508 706 2546 recte
742 2515 846 2546 non
876 2508 1115 2559 sumatur,
1151 2499 1246 2546 nisi
1285 2499 1335 2546 in
1369 2498 1587 2546 discretis
1610 2498 1825 2546 essentiis
1860 2514 1918 2546 ac
1952 2514 2158 2546 numero
2191 2497 2407 2544 diversis.

243 2576 526 2626 Secundum
545 2595 662 2627 vero
684 2579 805 2628 illud
827 2579 964 2644 quod
981 2580 1091 2645 quis
1113 2580 1352 2646 receperit
1383 2582 1544 2626 Deum
1565 2595 1668 2626 esse
1687 2578 1839 2626 multa
1863 2588 2102 2643 quantum
2125 2577 2187 2625 ad
2212 2575 2409 2624 diversi-

242 2664 392 2705 tatem
425 2660 778 2725 proprietatum
797 2699 809 2722 ,
836 2671 891 2709 ut
915 2663 1188 2727 expositum
1210 2671 1306 2720 est,
1333 2676 1419 2707 seu
1445 2659 1820 2716 diffinitionum,
1846 2675 1947 2706 non
1971 2656 2193 2723 procedit
2212 2656 2411 2704 conclu-

246 2736 338 2796 sio,
364 2747 419 2785 ut
434 2739 659 2788 videlicet
677 2742 716 2788 si
739 2744 871 2789 Deus
894 2742 955 2789 sit
978 2741 1076 2789 hoc
1094 2740 1245 2788 modo
1267 2740 1436 2802 multa,
1462 2739 1575 2787 ideo
1602 2739 1661 2786 sit
1676 2748 1759 2786 aut
1781 2739 1942 2786 multae
1963 2738 2255 2798 substantiae,
2275 2737 2410 2803 quod

241 2828 382 2866 sonat
397 2835 604 2867 numero
621 2821 836 2881 diversae,
865 2831 949 2869 aut
968 2822 1130 2869 multae
1154 2820 1338 2879 formae,
1359 2830 1452 2868 etc.
1484 2819 1665 2867 Eadem
1688 2820 1871 2885 quippe
1892 2819 2057 2867 anima
2080 2836 2163 2867 seu
2187 2818 2411 2883 quaelibet

242 2898 511 2948 substantia
528 2911 601 2949 est
617 2902 768 2951 multa
789 2902 1181 2962 diffinitionibus,
1204 2918 1296 2951 nec
1319 2911 1482 2949 tamen
1500 2900 1612 2948 ideo
1635 2901 1797 2948 multae
1819 2899 2099 2949 substantiae
2121 2900 2196 2949 vel
2220 2910 2404 2948 caetera.

242 2979 390 3036 Quod
419 2981 459 3028 si
491 2991 613 3029 esset
636 2982 789 3030 multa
811 2999 1040 3043 numero,
1069 2992 1187 3030 tunc
1209 2981 1542 3030 indubitanter
1563 2982 1813 3029 conclusio
1838 2982 2083 3047 praemissa
2103 2981 2405 3047 procederet.

307 3060 433 3108 Illud
462 3071 626 3110 autem
656 3062 792 3127 quod
826 3064 1080 3127 quaesitum
1117 3072 1207 3121 est,
1242 3079 1392 3127 quare
1422 3062 1645 3110 videlicet
1674 3062 1825 3126 magis
1856 3061 2033 3110 dicitur
2063 3066 2194 3110 Deus
2217 3063 2402 3121 Trinus,

240 3155 390 3203 quam
410 3141 680 3191 substantia
695 3145 839 3204 trina,
857 3143 1211 3193 rationabiliter
1232 3143 1576 3208 interrogatur,
1606 3152 1655 3191 et
1677 3143 1846 3207 magis,
1873 3152 1926 3191 ut
1947 3142 2182 3203 arbitror,
2215 3150 2407 3209 oportet

285 3324 456 3366 ¹August.,
475 3327 514 3360 de
535 3329 623 3361 Vera
639 3328 817 3369 Reliqione
828 3354 836 3370 ,
851 3339 924 3371 cap.
943 3339 1040 3363 111.—
1056 3328 1128 3362 ’Sic
1144 3330 1176 3361 in
1193 3329 1290 3362 editis
1307 3333 1341 3360 et
1356 3329 1389 3361 ln
1407 3329 1530 3361 codiee.
