2638 3866
282 243 377 290 306
1090 239 1257 285 PETRI
1295 239 1599 287 ABAELARDI

281 341 488 390 ostendit
522 340 767 405 proposito
803 340 1022 404 exemplo
1056 339 1406 404 desperandum
1440 356 1541 386 non
1573 356 1696 398 esse,
1726 340 1836 404 quia
1868 351 1914 388 et
1946 342 2048 407 ipse
2077 343 2138 390 ad
2172 343 2266 391 hoc
2288 361 2408 408 quo—

283 422 396 469 tidie
425 421 626 481 laborat,
652 437 764 467 cum
786 420 844 467 sit
871 419 1123 485 Apostolus
1145 420 1389 475 Gentium,
1417 428 1467 465 ut
1487 419 1630 466 etiam
1652 419 1838 483 aliquos
1868 437 1924 467 ex
1950 421 2122 469 Judaeis
2144 434 2406 474 convertat.

281 501 423 559 Quod
459 499 654 564 quidem
691 509 760 547 est
789 500 1003 548 officium
1038 517 1179 548 suum
1211 499 1500 565 praedicandi
1531 499 1709 547 scilicet
1736 500 1995 560 honorare,
2029 501 2079 549 id
2114 512 2182 550 est
2207 504 2411 552 maxime

280 580 636 640 commendare,
663 597 775 628 curn
804 598 858 628 ex
890 580 1156 629 abundanti
1183 580 1274 628 hos
1304 580 1448 627 etiam
1481 579 1611 626 dicto
1645 578 1871 642 lucretur,
1899 599 2109 646 quorum
2138 582 2406 648 Apostolus,

279 661 327 707 id
353 670 421 707 est
449 661 746 725 praedicator,
773 679 874 709 non
899 671 968 709 est
991 663 1092 727 ipse
1113 661 1398 708 constitutus
1424 660 1713 724 «Apostolus
1743 662 1973 725 gentium.
2001 682 2023 707 n
2052 666 2109 710 Et
2133 663 2171 709 si
2195 662 2412 711 videlicet

280 741 475 788 minime
495 741 785 803 Judaeorum,
815 761 837 787 (ι
860 743 899 789 si
922 742 1172 807 quomodo
1201 757 1481 807 provocem,
1510 759 1533 785 υ
1563 750 1658 788 tam
1684 741 1841 789 verbis
1867 759 2012 807 quarn
2037 743 2284 808 exemplis,
2314 753 2409 792 tarn

277 822 557 870 auctoritate
578 839 722 886 quam
743 824 943 884 ratione,
962 833 1060 871 tam
1083 832 1246 888 aperta
1266 822 1461 870 veritate
1478 837 1624 886 quam
1642 821 1744 868 utili
1763 823 2064 871 simulatione
2088 824 2162 870 vel
2185 823 2405 872 dissimu-

277 892 469 961 latione,
489 903 549 950 de
570 919 663 967 qua
686 903 795 950 alibi
818 903 947 966 dicit,
982 925 1002 948 «
1022 903 1171 951 factus
1191 920 1297 951 sum
1317 902 1489 949 Judaeis
1508 902 1715 964 Judaeus,
1739 913 1786 950 et
1809 903 2034 950 omnibus
2058 904 2222 951 omnia
2239 903 2405 963 factus,

278 991 329 1029 ut
345 999 512 1030 omnes
532 983 854 1045 lucrifaciam,
869 1005 890 1028 »
915 1004 938 1029 «
952 1001 1146 1032 carnem
1164 1001 1340 1045 meam,
1357 1003 1380 1028 »
1401 982 1450 1030 id
1467 993 1536 1030 est
1556 982 1761 1045 Judaeos,
1783 985 1867 1049 qui
1886 984 1946 1032 de
1965 1001 2138 1048 genere
2152 1001 2262 1032 meo
2278 994 2405 1046 sunt,

278 1083 300 1106 ι(
322 1063 383 1110 ad
415 1063 762 1124 aemulandum,
791 1084 812 1108 »
846 1065 896 1112 id
923 1075 993 1112 est
1023 1065 1311 1113 imitandum
1342 1081 1420 1111 me
1457 1065 1506 1110 in
1541 1065 1876 1125 conversione,
1905 1085 1928 1110 «
1962 1075 2009 1112 et
2044 1066 2200 1112 salvos
2241 1065 2408 1112 faciam

272 1143 493 1207 aliquos»
519 1143 700 1201 saltem,
729 1144 767 1191 si
791 1161 890 1191 non
916 1145 1107 1194 multos.
1139 1146 1223 1192 «Si
1242 1146 1390 1192 enim.
1412 1164 1434 1187 >›
1464 1147 1522 1190 Et
1548 1144 1717 1191 merito
1742 1145 1792 1191 in
1820 1144 1914 1192 hoc
1944 1145 2161 1210 persisto,
2190 1155 2242 1192 ut
2266 1145 2409 1193 etiam

272 1240 354 1270 eos
383 1234 689 1285 convertam,
717 1225 828 1288 quia
858 1241 969 1273 cum
1002 1226 1192 1273 amissio
1221 1224 1412 1272 illorum
1442 1223 1765 1272 reconciliatio
1790 1226 1850 1273 sit
1882 1225 2051 1272 mundi
2083 1226 2133 1272 in
2157 1225 2403 1281 Gentibus,

269 1319 324 1350 ac
355 1320 440 1368 per
471 1303 566 1351 hoc
595 1304 738 1366 utilis,
768 1304 919 1352 multo
952 1305 1216 1353 mirabilior
1250 1313 1297 1352 et
1333 1304 1494 1353 utilior
1531 1304 1620 1351 erit
1653 1302 1916 1371 assumptio
1956 1322 2144 1366 eorum,
2181 1323 2286 1370 quae
2321 1307 2409 1353 erit

269 1384 401 1447 quasi
420 1394 722 1431 mortuorum
742 1386 1052 1432 resuscitatio.
1070 1385 1330 1432 Mirabilius
1350 1395 1420 1432 est
1438 1385 1567 1432 enim
1582 1394 1830 1432 mortuum
1849 1387 2093 1447 suscitare,
2110 1402 2257 1450 quam
2274 1385 2408 1433 illum

267 1465 349 1528 qui
370 1481 469 1511 non
489 1464 604 1511 vixit
627 1465 855 1525 animare,
875 1466 925 1512 id
943 1475 1012 1513 est
1034 1466 1180 1514 vitam
1201 1465 1405 1513 reddere
1424 1482 1567 1529 quam
1592 1465 1724 1513 dare.
1749 1466 1977 1524 Quotidie
2003 1466 2131 1513 enim
2152 1466 2328 1513 scimus
2356 1466 2405 1513 in

271 1545 413 1591 uteris
431 1554 639 1592 matrum
654 1545 931 1593 naturaliter
945 1562 1111 1594 carnes
1126 1546 1326 1593 animari
1340 1563 1430 1593 nec
1448 1546 1698 1607 miramur,
1714 1556 1932 1594 mortuos
1952 1556 2111 1594 autem
2128 1546 2406 1594 reviviscere

269 1624 484 1671 miraculi
513 1634 633 1672 esset
655 1627 814 1690 potius
836 1642 981 1689 quam
1009 1636 1205 1674 naturae.
1241 1629 1417 1673 Gentes
1443 1627 1604 1691 itaque
1630 1643 1887 1674 conversas
1914 1626 1975 1674 ad
1999 1629 2173 1686 Deum,
2203 1642 2405 1691 quarum

268 1704 473 1768 populus
513 1714 652 1752 antea
691 1722 777 1770 per
821 1705 964 1752 fidem
1005 1722 1104 1751 non
1138 1706 1278 1765 vixit,
1321 1706 1544 1762 animari,
1588 1706 1638 1753 id
1677 1716 1747 1753 est
1784 1706 2013 1753 vivificari
2051 1707 2213 1771 potius
2248 1706 2406 1754 dicere

268 1801 522 1848 possumus
549 1802 695 1849 quam
726 1786 1011 1833 resuscitari.
1041 1785 1228 1833 Judaeos
1254 1802 1388 1846 vero,
1415 1787 1454 1834 si
1484 1786 1680 1834 redeant
1707 1787 1768 1834 ad
1791 1790 1965 1844 Deum,
1994 1794 2041 1834 et
2067 1796 2407 1834 convertantur

267 1865 414 1912 corda
441 1875 632 1930 patrum
651 1866 699 1912 in
725 1865 866 1926 filios,
890 1866 1024 1930 quasi
1049 1866 1227 1912 mortui
1249 1865 1551 1927 suscitantur,
1577 1883 1689 1913 cum
1709 1866 1918 1932 populus
1944 1865 2039 1925 ille,
2063 1865 2240 1912 scilicet
2268 1875 2405 1914 antea

269 1961 352 2009 per
377 1944 521 1991 fidem
543 1946 729 1993 vixerit.
758 1949 815 1993 Et
838 1955 963 1994 certe
988 1945 1225 1994 difficilius
1250 1955 1320 1993 est
1340 1946 1483 1993 istum
1505 1963 1617 1993 cum
1639 1946 1798 2011 lapsus
1824 1945 1963 1993 fuerit
1985 1946 2228 2006 suscitare,
2259 1961 2404 2009 quam

267 2025 348 2087 qui
374 2025 564 2088 iniquus
590 2026 846 2089 perstiterit
877 2026 939 2073 ad
963 2025 1196 2089 justitiam
1222 2026 1427 2073 trahere.
1457 2025 1604 2083 Quod
1629 2025 1845 2090 quotidie
1873 2025 1921 2071 in
1954 2025 2067 2089 ipsis
2089 2024 2406 2072 conventibus

265 2104 565 2168 Religionum
588 2106 875 2169 experimur,
903 2122 1015 2152 cum
1049 2122 1132 2152 eos
1154 2106 1238 2169 qui
1259 2105 1320 2153 de
1354 2105 1501 2153 seculi
1525 2106 1703 2153 malitia
1729 2105 1790 2152 ad
1822 2104 2165 2152 monachatum
2201 2121 2404 2153 conver-

268 2194 447 2243 tuntur,
474 2184 609 2231 facile
634 2185 682 2230 in
713 2184 848 2231 bono
880 2201 1185 2250 perseverare
1219 2185 1466 2233 videamus
1501 2185 1753 2250 proposito
1782 2203 1792 2232 :
1819 2184 2055 2232 seculares
2086 2201 2201 2231 vero
2236 2201 2405 2233 mona-

265 2263 382 2310 chos
415 2265 491 2310 vix
515 2274 594 2311 aut
624 2281 871 2329 nunquam
903 2265 1076 2313 redire.
1107 2266 1308 2314 Amissio
1332 2265 1607 2313 Judaeorum
1641 2265 1812 2312 merito
1837 2264 2011 2312 dicitur
2034 2281 2146 2311 cum
2169 2280 2251 2311 eos
2278 2268 2406 2314 Deus

266 2360 349 2408 per
367 2343 693 2392 infidelitatem
717 2345 941 2406 amiserit,
965 2362 1087 2409 quos
1108 2345 1240 2410 prius
1263 2345 1504 2410 subjectos
1522 2362 1608 2410 per
1627 2344 1772 2392 fidem
1793 2344 2003 2392 tenebat.
2022 2343 2189 2390 Mundi
2208 2345 2405 2392 nomine

266 2424 474 2471 Gentiles
510 2423 743 2488 designat,
770 2425 852 2488 qui
889 2425 1039 2488 magis
1073 2427 1197 2472 inter
1233 2425 1531 2472 insensibiles
1565 2424 1735 2471 mundi
1769 2434 1928 2489 partes
1960 2440 2101 2470 sensu
2133 2440 2190 2471 ac
2219 2425 2404 2489 ratione

265 2514 495 2561 carentes,
526 2504 643 2551 dum
681 2504 811 2552 idola
847 2504 1078 2566 colerent,
1104 2521 1250 2568 quam
1287 2506 1410 2552 inter
1447 2504 1670 2551 homines
1703 2503 1960 2551 rationales
1994 2512 2237 2550 creaturas
2273 2520 2404 2551 com-

264 2585 464 2648 putandi
490 2585 692 2632 fuerant.
1282 2580 1290 2587 ’

275 2697 278 2700 -
334 2684 353 2708 υ
371 2667 486 2722 Quae
500 2666 605 2726 erit,
621 2664 709 2712 »id
722 2674 792 2712 est
803 2665 1093 2729 cujusmodi,
1114 2665 1290 2713 scilicet
1308 2685 1331 2709 c<
1351 2665 1644 2730 assumptio»
1661 2663 1935 2711 Judaeorum
1953 2663 2254 2725 amissorum,
2275 2682 2298 2710 «
2313 2666 2403 2712 nisi

268 2744 358 2790 vita
380 2761 434 2791 ex
459 2746 678 2805 mortuis,
697 2765 718 2788 »
749 2745 799 2792 id
830 2756 900 2792 est
937 2746 1028 2793 nisi
1062 2746 1360 2794 resuscitatio
1392 2755 1699 2792 mortuorum
1730 2746 1778 2791 in
1811 2743 2053 2810 peccatis?
2081 2764 2103 2786 «
2121 2743 2266 2801 Quod
2299 2744 2354 2790 si.
2376 2764 2398 2788 υ

267 2822 500 2870 Delibatio
536 2835 606 2871 est
639 2824 904 2888 degustatio
943 2826 1143 2890 alicujus
1181 2828 1329 2892 partis
1363 2836 1564 2891 sumptae
1606 2825 1667 2873 de
1705 2835 1836 2884 toto,
1863 2841 1950 2890 per
1983 2840 2128 2888 quam
2164 2823 2401 2889 explorari

268 2902 415 2964 possit
449 2903 589 2965 quale
626 2903 742 2950 illud
783 2905 843 2951 sit
879 2915 1052 2965 totum,
1093 2906 1143 2956 id
1182 2917 1252 2953 est
1286 2906 1421 2969 cujus
1457 2906 1655 2971 saporis.
1701 2907 1899 2969 Semper
1935 2912 2096 2951 autem
2130 2903 2179 2949 in
2218 2904 2400 2968 populo

269 2980 540 3028 Judaeomm
572 2984 659 3029 fuit
683 2983 841 3047 aliqua
875 3002 1028 3034 massa
1058 2985 1274 3036 fidelium
1302 2987 1680 3038 incarnationem
1704 2986 1793 3033 Dei
1817 2995 1864 3032 et
1885 2984 2158 3049 passionem
2189 2984 2237 3029 in
2264 2998 2398 3030 suam

268 3059 648 3124 redemptionem
682 3065 1050 3127 expectantium,
1078 3065 1244 3128 quales
1277 3065 1527 3114 Zacharias
1563 3076 1611 3113 et
1642 3064 1906 3124 Elizabeth,
1929 3064 2123 3109 Simeon
2160 3071 2207 3109 et
2244 3050 2395 3124 Anna,

268 3139 528 3186 Nathanael
554 3150 601 3187 et
625 3141 931 3202 Nicodemus,
957 3153 1005 3190 et
1033 3145 1255 3191 nonnulli
1279 3144 1358 3192 alii
1377 3146 1427 3191 in
1450 3155 1668 3211 tempore
1695 3145 1839 3192 etiam
1863 3141 2036 3189 Christi
2058 3142 2233 3206 reperti
2267 3152 2394 3202 sunt,

267 3218 439 3282 quibus
475 3220 670 3283 quidem
703 3220 910 3268 revelata
949 3231 1019 3268 est
1046 3240 1252 3288 persona
1287 3226 1390 3289 ipsa
1414 3225 1642 3272 divinitus
1667 3234 1715 3271 et
1743 3222 2055 3269 determinate
2094 3230 2310 3282 ostensa,
2348 3222 2395 3268 in

264 3316 360 3363 qua
396 3300 686 3364 promissum
722 3301 856 3364 quod
894 3312 1265 3367 expectaverunt
1296 3304 1547 3351 crederent
1580 3320 1681 3351 esse
1713 3300 2073 3365 complendum.
2111 3303 2180 3371 Et·
2201 3301 2396 3348 sortasse
