<?xml version="1.0" encoding="UTF-8"?>
<!DOCTYPE html PUBLIC "-//W3C//DTD XHTML 1.0 Transitional//EN"
    "http://www.w3.org/TR/xhtml1/DTD/xhtml1-transitional.dtd">
<html xmlns="http://www.w3.org/1999/xhtml" xml:lang="en" lang="en">
 <head>
  <title>
</title>
<meta http-equiv="Content-Type" content="text/html;charset=utf-8" />
  <meta name='ocr-system' content='tesseract 3.04.00' />
  <meta name='ocr-capabilities' content='ocr_page ocr_carea ocr_par ocr_line ocrx_word'/>
</head>
<body>
  <div class='ocr_page' id='page_1' title='image "./operahactenusseo00abeluoft_0291.png"; bbox 0 0 2638 3866; ppageno 0'>
   <div class='ocr_carea' id='block_1_1' title="bbox 778 197 2276 249">
    <p class='ocr_par' dir='ltr' id='par_1_1' title="bbox 778 197 2276 249">
     <span class='ocr_line' id='line_1_1' title="bbox 778 197 2276 249; baseline 0.003 -6"><span class='ocrx_word' id='word_1_1' title='bbox 778 197 837 245; x_wconf 85' lang='grc' dir='ltr'>ΙΝ</span> <span class='ocrx_word' id='word_1_2' title='bbox 871 197 1201 244; x_wconf 81' lang='lat' dir='ltr'>EPiSTOLAM</span> <span class='ocrx_word' id='word_1_3' title='bbox 1238 199 1315 245; x_wconf 81' lang='lat' dir='ltr'>AD</span> <span class='ocrx_word' id='word_1_4' title='bbox 1351 197 1651 245; x_wconf 83' lang='lat' dir='ltr'><strong>ROMANOS.</strong></span> <span class='ocrx_word' id='word_1_5' title='bbox 2190 202 2276 249; x_wconf 70' lang='lat'>281</span> 
     </span>
    </p>
   </div>
   <div class='ocr_carea' id='block_1_2' title="bbox 151 296 2305 3169">
    <p class='ocr_par' dir='ltr' id='par_1_2' title="bbox 151 296 2287 1084">
     <span class='ocr_line' id='line_1_2' title="bbox 155 296 2287 361; baseline 0.002 -17"><span class='ocrx_word' id='word_1_6' title='bbox 155 297 500 361; x_wconf 86' lang='lat' dir='ltr'>primogenitus</span> <span class='ocrx_word' id='word_1_7' title='bbox 522 297 569 342; x_wconf 90' lang='lat' dir='ltr'>in</span> <span class='ocrx_word' id='word_1_8' title='bbox 595 296 754 344; x_wconf 89' lang='lat' dir='ltr'>multis</span> <span class='ocrx_word' id='word_1_9' title='bbox 789 296 1068 358; x_wconf 75' lang='lat' dir='ltr'>fratribus,»</span> <span class='ocrx_word' id='word_1_10' title='bbox 1091 296 1140 344; x_wconf 93' lang='lat' dir='ltr'>id</span> <span class='ocrx_word' id='word_1_11' title='bbox 1174 307 1244 344; x_wconf 90' lang='lat' dir='ltr'>est</span> <span class='ocrx_word' id='word_1_12' title='bbox 1276 298 1399 345; x_wconf 89' lang='lat' dir='ltr'>inter</span> <span class='ocrx_word' id='word_1_13' title='bbox 1433 297 1609 346; x_wconf 89' lang='lat' dir='ltr'>multos</span> <span class='ocrx_word' id='word_1_14' title='bbox 1643 297 1724 361; x_wconf 90' lang='lat' dir='ltr'>qui</span> <span class='ocrx_word' id='word_1_15' title='bbox 1757 297 1970 360; x_wconf 91' lang='lat' dir='ltr'>ejusdem</span> <span class='ocrx_word' id='word_1_16' title='bbox 1997 299 2145 347; x_wconf 79' lang='lat' dir='ltr'>Pan—is</span> <span class='ocrx_word' id='word_1_17' title='bbox 2176 312 2287 349; x_wconf 88' lang='lat' dir='ltr'>sunt</span> 
     </span>
     <span class='ocr_line' id='line_1_3' title="bbox 154 376 2284 443; baseline 0.002 -19"><span class='ocrx_word' id='word_1_18' title='bbox 154 376 236 424; x_wconf 85' lang='lat' dir='ltr'>filii</span> <span class='ocrx_word' id='word_1_19' title='bbox 268 393 354 442; x_wconf 92' lang='lat' dir='ltr'>per</span> <span class='ocrx_word' id='word_1_20' title='bbox 391 376 733 442; x_wconf 88' lang='lat' dir='ltr'>adoptionem,</span> <span class='ocrx_word' id='word_1_21' title='bbox 771 377 871 442; x_wconf 91' lang='lat' dir='ltr'>ipse</span> <span class='ocrx_word' id='word_1_22' title='bbox 907 378 991 441; x_wconf 92' lang='lat' dir='ltr'>qui</span> <span class='ocrx_word' id='word_1_23' title='bbox 1029 393 1114 441; x_wconf 89' lang='lat' dir='ltr'>per</span> <span class='ocrx_word' id='word_1_24' title='bbox 1152 386 1373 424; x_wconf 88' lang='lat' dir='ltr'>naturam</span> <span class='ocrx_word' id='word_1_25' title='bbox 1409 376 1532 424; x_wconf 82' lang='lat' dir='ltr'>filius</span> <span class='ocrx_word' id='word_1_26' title='bbox 1555 386 1654 435; x_wconf 89' lang='lat' dir='ltr'>est,</span> <span class='ocrx_word' id='word_1_27' title='bbox 1683 394 1816 425; x_wconf 90' lang='lat' dir='ltr'>more</span> <span class='ocrx_word' id='word_1_28' title='bbox 1854 380 2284 443; x_wconf 86' lang='lat' dir='ltr'>primogenitorum</span> 
     </span>
     <span class='ocr_line' id='line_1_4' title="bbox 153 456 2280 525; baseline 0.002 -21"><span class='ocrx_word' id='word_1_29' title='bbox 153 457 348 504; x_wconf 79' lang='lat' dir='ltr'>excellat</span> <span class='ocrx_word' id='word_1_30' title='bbox 370 457 617 521; x_wconf 82' lang='lat' dir='ltr'>dignitate,</span> <span class='ocrx_word' id='word_1_31' title='bbox 643 474 743 505; x_wconf 90' lang='lat' dir='ltr'>non</span> <span class='ocrx_word' id='word_1_32' title='bbox 766 457 833 504; x_wconf 92' lang='lat' dir='ltr'>eis</span> <span class='ocrx_word' id='word_1_33' title='bbox 856 456 1134 521; x_wconf 81' lang='lat' dir='ltr'>adaequetur</span> <span class='ocrx_word' id='word_1_34' title='bbox 1156 457 1484 519; x_wconf 86' lang='lat' dir='ltr'>similitudine,</span> <span class='ocrx_word' id='word_1_35' title='bbox 1507 458 1627 505; x_wconf 91' lang='lat' dir='ltr'>sicut</span> <span class='ocrx_word' id='word_1_36' title='bbox 1645 467 1692 505; x_wconf 92' lang='lat' dir='ltr'>et</span> <span class='ocrx_word' id='word_1_37' title='bbox 1712 459 1811 523; x_wconf 88' lang='lat' dir='ltr'>ipse</span> <span class='ocrx_word' id='word_1_38' title='bbox 1833 460 1955 507; x_wconf 86' lang='lat' dir='ltr'>Patri</span> <span class='ocrx_word' id='word_1_39' title='bbox 1978 461 2170 525; x_wconf 88' lang='lat' dir='ltr'>aequalis</span> <span class='ocrx_word' id='word_1_40' title='bbox 2194 472 2280 515; x_wconf 82' lang='lat' dir='ltr'>est.</span> 
     </span>
     <span class='ocr_line' id='line_1_5' title="bbox 153 536 2284 602; baseline 0.003 -19"><span class='ocrx_word' id='word_1_41' title='bbox 153 538 287 600; x_wconf 86' lang='lat' dir='ltr'>cujus</span> <span class='ocrx_word' id='word_1_42' title='bbox 318 539 475 601; x_wconf 86' lang='lat' dir='ltr'>imago</span> <span class='ocrx_word' id='word_1_43' title='bbox 508 547 596 585; x_wconf 92' lang='lat' dir='ltr'>est.</span> <span class='ocrx_word' id='word_1_44' title='bbox 636 538 730 596; x_wconf 89' lang='lat' dir='ltr'>Qui</span> <span class='ocrx_word' id='word_1_45' title='bbox 767 547 927 584; x_wconf 89' lang='lat' dir='ltr'>autem</span> <span class='ocrx_word' id='word_1_46' title='bbox 963 536 1559 602; x_wconf 82' lang='lat' dir='ltr'>praedestinanturelecti,</span> <span class='ocrx_word' id='word_1_47' title='bbox 1597 537 1646 584; x_wconf 92' lang='lat' dir='ltr'>id</span> <span class='ocrx_word' id='word_1_48' title='bbox 1683 548 1754 584; x_wconf 92' lang='lat' dir='ltr'>est</span> <span class='ocrx_word' id='word_1_49' title='bbox 1788 538 1848 584; x_wconf 90' lang='lat' dir='ltr'>ad</span> <span class='ocrx_word' id='word_1_50' title='bbox 1880 540 2027 587; x_wconf 84' lang='lat' dir='ltr'>vitam</span> <span class='ocrx_word' id='word_1_51' title='bbox 2060 550 2284 589; x_wconf 80' lang='lat' dir='ltr'>aeternam</span> 
     </span>
     <span class='ocr_line' id='line_1_6' title="bbox 153 616 2282 683; baseline 0.003 -20"><span class='ocrx_word' id='word_1_52' title='bbox 153 627 481 682; x_wconf 84' lang='lat' dir='ltr'>praeparantur</span> <span class='ocrx_word' id='word_1_53' title='bbox 517 633 604 683; x_wconf 92' lang='lat' dir='ltr'>per</span> <span class='ocrx_word' id='word_1_54' title='bbox 641 616 789 665; x_wconf 86' lang='lat' dir='ltr'>fidem</span> <span class='ocrx_word' id='word_1_55' title='bbox 830 617 1099 677; x_wconf 87' lang='lat' dir='ltr'>illuminati,</span> <span class='ocrx_word' id='word_1_56' title='bbox 1140 632 1286 680; x_wconf 89' lang='lat' dir='ltr'>quam</span> <span class='ocrx_word' id='word_1_57' title='bbox 1326 618 1484 682; x_wconf 91' lang='lat' dir='ltr'>primo</span> <span class='ocrx_word' id='word_1_58' title='bbox 1526 628 1755 682; x_wconf 87' lang='lat' dir='ltr'>tanquam</span> <span class='ocrx_word' id='word_1_59' title='bbox 1789 619 2005 666; x_wconf 89' lang='lat' dir='ltr'>omnium</span> <span class='ocrx_word' id='word_1_60' title='bbox 2042 620 2282 669; x_wconf 89' lang='lat' dir='ltr'>bonorum</span> 
     </span>
     <span class='ocr_line' id='line_1_7' title="bbox 153 696 2284 762; baseline 0.003 -20"><span class='ocrx_word' id='word_1_61' title='bbox 153 696 519 745; x_wconf 88' lang='lat' dir='ltr'>fundamentum</span> <span class='ocrx_word' id='word_1_62' title='bbox 541 698 824 762; x_wconf 87' lang='lat' dir='ltr'>suscipiunt,</span> <span class='ocrx_word' id='word_1_63' title='bbox 846 707 1081 745; x_wconf 86' lang='lat' dir='ltr'>vocantur</span> <span class='ocrx_word' id='word_1_64' title='bbox 1103 696 1419 761; x_wconf 90' lang='lat' dir='ltr'>postmodum</span> <span class='ocrx_word' id='word_1_65' title='bbox 1443 714 1528 762; x_wconf 89' lang='lat' dir='ltr'>per</span> <span class='ocrx_word' id='word_1_66' title='bbox 1550 713 1684 762; x_wconf 90' lang='lat' dir='ltr'>spem</span> <span class='ocrx_word' id='word_1_67' title='bbox 1709 697 1868 755; x_wconf 84' lang='lat' dir='ltr'>illecti,</span> <span class='ocrx_word' id='word_1_68' title='bbox 1893 715 2002 745; x_wconf 92' lang='lat' dir='ltr'>cum</span> <span class='ocrx_word' id='word_1_69' title='bbox 2022 700 2120 762; x_wconf 87' lang='lat' dir='ltr'>jam</span> <span class='ocrx_word' id='word_1_70' title='bbox 2145 702 2284 749; x_wconf 89' lang='lat' dir='ltr'>mise-</span> 
     </span>
     <span class='ocr_line' id='line_1_8' title="bbox 152 776 2282 843; baseline 0.003 -20"><span class='ocrx_word' id='word_1_71' title='bbox 152 776 359 825; x_wconf 89' lang='lat' dir='ltr'>ricordia</span> <span class='ocrx_word' id='word_1_72' title='bbox 380 778 470 825; x_wconf 92' lang='lat' dir='ltr'>Dei</span> <span class='ocrx_word' id='word_1_73' title='bbox 502 788 550 825; x_wconf 93' lang='lat' dir='ltr'>et</span> <span class='ocrx_word' id='word_1_74' title='bbox 577 778 750 825; x_wconf 86' lang='lat' dir='ltr'>virtute</span> <span class='ocrx_word' id='word_1_75' title='bbox 777 787 1187 826; x_wconf 88' lang='lat' dir='ltr'>sacramentorum</span> <span class='ocrx_word' id='word_1_76' title='bbox 1212 778 1401 841; x_wconf 89' lang='lat' dir='ltr'>cognita</span> <span class='ocrx_word' id='word_1_77' title='bbox 1432 778 1492 825; x_wconf 91' lang='lat' dir='ltr'>ad</span> <span class='ocrx_word' id='word_1_78' title='bbox 1514 777 1640 825; x_wconf 87' lang='lat' dir='ltr'>bene</span> <span class='ocrx_word' id='word_1_79' title='bbox 1669 777 1969 843; x_wconf 88' lang='lat' dir='ltr'>operandum</span> <span class='ocrx_word' id='word_1_80' title='bbox 1994 779 2282 840; x_wconf 77' lang='lat' dir='ltr'>alliciuntur,</span> 
     </span>
     <span class='ocr_line' id='line_1_9' title="bbox 153 857 2286 922; baseline 0.003 -19"><span class='ocrx_word' id='word_1_81' title='bbox 153 867 348 922; x_wconf 84' lang='lat' dir='ltr'>propter</span> <span class='ocrx_word' id='word_1_82' title='bbox 370 867 658 905; x_wconf 81' lang='lat' dir='ltr'>aeternorum</span> <span class='ocrx_word' id='word_1_83' title='bbox 687 858 863 905; x_wconf 88' lang='lat' dir='ltr'>scilicet</span> <span class='ocrx_word' id='word_1_84' title='bbox 883 857 1248 905; x_wconf 89' lang='lat' dir='ltr'>retributionem</span> <span class='ocrx_word' id='word_1_85' title='bbox 1274 875 1283 903; x_wconf 94' lang='lat'>:</span> <span class='ocrx_word' id='word_1_86' title='bbox 1313 857 1488 904; x_wconf 90' lang='lat' dir='ltr'>deinde</span> <span class='ocrx_word' id='word_1_87' title='bbox 1507 857 1829 921; x_wconf 86' lang='lat' dir='ltr'>justificantur</span> <span class='ocrx_word' id='word_1_88' title='bbox 1860 859 2053 905; x_wconf 81' lang='lat' dir='ltr'>sincerae</span> <span class='ocrx_word' id='word_1_89' title='bbox 2082 862 2286 910; x_wconf 75' lang='lat' dir='ltr'>caritatis</span> 
     </span>
     <span class='ocr_line' id='line_1_10' title="bbox 151 936 2284 1004; baseline 0.003 -20"><span class='ocrx_word' id='word_1_90' title='bbox 151 936 349 996; x_wconf 78' lang='lat' dir='ltr'>affectu,</span> <span class='ocrx_word' id='word_1_91' title='bbox 387 954 483 985; x_wconf 91' lang='lat' dir='ltr'>non</span> <span class='ocrx_word' id='word_1_92' title='bbox 515 939 615 1002; x_wconf 91' lang='lat' dir='ltr'>jam</span> <span class='ocrx_word' id='word_1_93' title='bbox 649 941 753 985; x_wconf 92' lang='lat' dir='ltr'>Deo</span> <span class='ocrx_word' id='word_1_94' title='bbox 791 948 887 985; x_wconf 87' lang='lat' dir='ltr'>tam</span> <span class='ocrx_word' id='word_1_95' title='bbox 925 948 1123 1004; x_wconf 90' lang='lat' dir='ltr'>propter</span> <span class='ocrx_word' id='word_1_96' title='bbox 1157 954 1243 985; x_wconf 87' lang='lat' dir='ltr'>sua</span> <span class='ocrx_word' id='word_1_97' title='bbox 1280 955 1425 1002; x_wconf 87' lang='lat' dir='ltr'>quam</span> <span class='ocrx_word' id='word_1_98' title='bbox 1462 947 1659 1003; x_wconf 88' lang='lat' dir='ltr'>propter</span> <span class='ocrx_word' id='word_1_99' title='bbox 1692 939 1849 1003; x_wconf 89' lang='lat' dir='ltr'>ipsum</span> <span class='ocrx_word' id='word_1_100' title='bbox 1884 938 2205 1001; x_wconf 77' lang='lat' dir='ltr'>adhaerentes,</span> <span class='ocrx_word' id='word_1_101' title='bbox 2242 955 2284 990; x_wconf 88' lang='lat' dir='ltr'>et</span> 
     </span>
     <span class='ocr_line' id='line_1_11' title="bbox 152 1010 1657 1084; baseline 0.001 -20"><span class='ocrx_word' id='word_1_102' title='bbox 152 1017 360 1082; x_wconf 90' lang='lat' dir='ltr'>denique</span> <span class='ocrx_word' id='word_1_103' title='bbox 378 1018 746 1083; x_wconf 76' lang='lat' dir='ltr'>magnificantur</span> <span class='ocrx_word' id='word_1_104' title='bbox 764 1019 813 1066; x_wconf 93' lang='lat' dir='ltr'>in</span> <span class='ocrx_word' id='word_1_105' title='bbox 837 1019 1016 1066; x_wconf 89' lang='lat' dir='ltr'>coelesti</span> <span class='ocrx_word' id='word_1_106' title='bbox 1029 1018 1206 1066; x_wconf 87' lang='lat' dir='ltr'>scilicet</span> <span class='ocrx_word' id='word_1_107' title='bbox 1228 1019 1379 1084; x_wconf 82' lang='lat' dir='ltr'>patria</span> <span class='ocrx_word' id='word_1_108' title='bbox 1400 1010 1657 1066; x_wconf 79' lang='lat' dir='ltr'>sublimati.</span> 
     </span>
    </p>

    <p class='ocr_par' dir='ltr' id='par_1_3' title="bbox 152 1098 2293 2530">
     <span class='ocr_line' id='line_1_12' title="bbox 218 1098 2288 1166; baseline 0.004 -21"><span class='ocrx_word' id='word_1_109' title='bbox 218 1099 426 1156; x_wconf 87' lang='lat' dir='ltr'>Quaestio</span> <span class='ocrx_word' id='word_1_110' title='bbox 459 1116 508 1147; x_wconf 90' lang='lat' dir='ltr'>se</span> <span class='ocrx_word' id='word_1_111' title='bbox 541 1100 634 1147; x_wconf 91' lang='lat' dir='ltr'>hoc</span> <span class='ocrx_word' id='word_1_112' title='bbox 667 1099 775 1147; x_wconf 93' lang='lat' dir='ltr'>loco</span> <span class='ocrx_word' id='word_1_113' title='bbox 808 1100 980 1164; x_wconf 84' lang='lat' dir='ltr'>ingerit</span> <span class='ocrx_word' id='word_1_114' title='bbox 1014 1099 1075 1146; x_wconf 93' lang='lat' dir='ltr'>de</span> <span class='ocrx_word' id='word_1_115' title='bbox 1102 1099 1263 1146; x_wconf 91' lang='lat' dir='ltr'>divina</span> <span class='ocrx_word' id='word_1_116' title='bbox 1286 1099 1464 1146; x_wconf 88' lang='lat' dir='ltr'>scilicet</span> <span class='ocrx_word' id='word_1_117' title='bbox 1487 1098 1816 1164; x_wconf 88' lang='lat' dir='ltr'>providentia,</span> <span class='ocrx_word' id='word_1_118' title='bbox 1854 1117 1938 1148; x_wconf 90' lang='lat' dir='ltr'>seu</span> <span class='ocrx_word' id='word_1_119' title='bbox 1976 1103 2288 1166; x_wconf 84' lang='lat' dir='ltr'>praedestina-</span> 
     </span>
     <span class='ocr_line' id='line_1_13' title="bbox 155 1179 2287 1250; baseline 0.003 -23"><span class='ocrx_word' id='word_1_120' title='bbox 155 1179 288 1227; x_wconf 79' lang='lat' dir='ltr'>tione</span> <span class='ocrx_word' id='word_1_121' title='bbox 319 1195 424 1243; x_wconf 82' lang='lat' dir='ltr'>quae</span> <span class='ocrx_word' id='word_1_122' title='bbox 445 1179 648 1228; x_wconf 90' lang='lat' dir='ltr'>liberum</span> <span class='ocrx_word' id='word_1_123' title='bbox 673 1180 815 1228; x_wconf 89' lang='lat' dir='ltr'>nobis</span> <span class='ocrx_word' id='word_1_124' title='bbox 848 1179 1097 1228; x_wconf 81' lang='lat' dir='ltr'>arbitrium</span> <span class='ocrx_word' id='word_1_125' title='bbox 1123 1179 1308 1227; x_wconf 85' lang='lat' dir='ltr'>auferre</span> <span class='ocrx_word' id='word_1_126' title='bbox 1337 1179 1544 1240; x_wconf 85' lang='lat' dir='ltr'>videtur,</span> <span class='ocrx_word' id='word_1_127' title='bbox 1583 1197 1694 1227; x_wconf 90' lang='lat' dir='ltr'>cum</span> <span class='ocrx_word' id='word_1_128' title='bbox 1729 1180 1893 1228; x_wconf 89' lang='lat' dir='ltr'>omnia</span> <span class='ocrx_word' id='word_1_129' title='bbox 1919 1182 2138 1250; x_wconf 74' lang='lat' dir='ltr'>yidelicet</span> <span class='ocrx_word' id='word_1_130' title='bbox 2168 1187 2287 1234; x_wconf 89' lang='lat' dir='ltr'>sicut</span> 
     </span>
     <span class='ocr_line' id='line_1_14' title="bbox 154 1259 2288 1328; baseline 0.004 -23"><span class='ocrx_word' id='word_1_131' title='bbox 154 1274 181 1306; x_wconf 91' lang='lat' dir='ltr'>a</span> <span class='ocrx_word' id='word_1_132' title='bbox 209 1262 312 1306; x_wconf 93' lang='lat' dir='ltr'>Deo</span> <span class='ocrx_word' id='word_1_133' title='bbox 337 1261 535 1324; x_wconf 81' lang='lat' dir='ltr'>praevisa</span> <span class='ocrx_word' id='word_1_134' title='bbox 563 1270 691 1321; x_wconf 89' lang='lat' dir='ltr'>sunt,</span> <span class='ocrx_word' id='word_1_135' title='bbox 720 1277 913 1309; x_wconf 91' lang='lat' dir='ltr'>necesse</span> <span class='ocrx_word' id='word_1_136' title='bbox 935 1262 1008 1308; x_wconf 73' lang='lat' dir='ltr'>‘sit</span> <span class='ocrx_word' id='word_1_137' title='bbox 1036 1262 1244 1321; x_wconf 87' lang='lat' dir='ltr'>evenire,</span> <span class='ocrx_word' id='word_1_138' title='bbox 1284 1277 1376 1308; x_wconf 88' lang='lat' dir='ltr'>nec</span> <span class='ocrx_word' id='word_1_139' title='bbox 1409 1260 1615 1323; x_wconf 79' lang='lat' dir='ltr'>aliquem</span> <span class='ocrx_word' id='word_1_140' title='bbox 1644 1259 2032 1325; x_wconf 82' lang='lat' dir='ltr'>praedestinatum</span> <span class='ocrx_word' id='word_1_141' title='bbox 2064 1266 2288 1328; x_wconf 89' lang='lat' dir='ltr'>possibile</span> 
     </span>
     <span class='ocr_line' id='line_1_15' title="bbox 152 1340 2287 1407; baseline 0.004 -21"><span class='ocrx_word' id='word_1_142' title='bbox 152 1340 211 1386; x_wconf 89' lang='lat' dir='ltr'>sit</span> <span class='ocrx_word' id='word_1_143' title='bbox 230 1341 403 1404; x_wconf 87' lang='lat' dir='ltr'>perire.</span> <span class='ocrx_word' id='word_1_144' title='bbox 427 1343 622 1388; x_wconf 78' lang='lat' dir='ltr'>Certum</span> <span class='ocrx_word' id='word_1_145' title='bbox 645 1343 824 1407; x_wconf 91' lang='lat' dir='ltr'>quippe</span> <span class='ocrx_word' id='word_1_146' title='bbox 851 1351 920 1389; x_wconf 90' lang='lat' dir='ltr'>est</span> <span class='ocrx_word' id='word_1_147' title='bbox 948 1342 1112 1403; x_wconf 86' lang='lat' dir='ltr'>omnia</span> <span class='ocrx_word' id='word_1_148' title='bbox 1133 1352 1390 1405; x_wconf 86' lang='lat' dir='ltr'>antequam</span> <span class='ocrx_word' id='word_1_149' title='bbox 1422 1340 1539 1388; x_wconf 85' lang='lat' dir='ltr'>fiant</span> <span class='ocrx_word' id='word_1_150' title='bbox 1561 1358 1619 1388; x_wconf 91' lang='lat' dir='ltr'>eo</span> <span class='ocrx_word' id='word_1_151' title='bbox 1644 1341 1792 1388; x_wconf 92' lang='lat' dir='ltr'>modo</span> <span class='ocrx_word' id='word_1_152' title='bbox 1818 1357 1915 1404; x_wconf 90' lang='lat' dir='ltr'>quo</span> <span class='ocrx_word' id='word_1_153' title='bbox 1942 1342 2100 1391; x_wconf 83' lang='lat' dir='ltr'>futura</span> <span class='ocrx_word' id='word_1_154' title='bbox 2123 1356 2233 1393; x_wconf 90' lang='lat' dir='ltr'>sunt</span> <span class='ocrx_word' id='word_1_155' title='bbox 2262 1366 2287 1395; x_wconf 87' lang='lat' dir='ltr'>a</span> 
     </span>
     <span class='ocr_line' id='line_1_16' title="bbox 153 1421 2289 1491; baseline 0.003 -24"><span class='ocrx_word' id='word_1_156' title='bbox 153 1422 255 1468; x_wconf 90' lang='lat' dir='ltr'>Deo</span> <span class='ocrx_word' id='word_1_157' title='bbox 289 1437 389 1468; x_wconf 90' lang='lat' dir='ltr'>esse</span> <span class='ocrx_word' id='word_1_158' title='bbox 426 1422 648 1487; x_wconf 84' lang='lat' dir='ltr'>praevisa,</span> <span class='ocrx_word' id='word_1_159' title='bbox 685 1422 783 1469; x_wconf 84' lang='lat' dir='ltr'>sive</span> <span class='ocrx_word' id='word_1_160' title='bbox 807 1422 937 1469; x_wconf 90' lang='lat' dir='ltr'>bona</span> <span class='ocrx_word' id='word_1_161' title='bbox 970 1423 1063 1469; x_wconf 91' lang='lat' dir='ltr'>sint</span> <span class='ocrx_word' id='word_1_162' title='bbox 1094 1423 1192 1469; x_wconf 91' lang='lat' dir='ltr'>sive</span> <span class='ocrx_word' id='word_1_163' title='bbox 1222 1422 1377 1481; x_wconf 88' lang='lat' dir='ltr'>mala;</span> <span class='ocrx_word' id='word_1_164' title='bbox 1406 1438 1495 1468; x_wconf 91' lang='lat' dir='ltr'>nec</span> <span class='ocrx_word' id='word_1_165' title='bbox 1526 1421 1574 1467; x_wconf 89' lang='lat' dir='ltr'>in</span> <span class='ocrx_word' id='word_1_166' title='bbox 1607 1422 1769 1485; x_wconf 92' lang='lat' dir='ltr'>aliquo</span> <span class='ocrx_word' id='word_1_167' title='bbox 1805 1422 2154 1486; x_wconf 86' lang='lat' dir='ltr'>providentiam</span> <span class='ocrx_word' id='word_1_168' title='bbox 2188 1428 2289 1491; x_wconf 84' lang='lat' dir='ltr'>ejus</span> 
     </span>
     <span class='ocr_line' id='line_1_17' title="bbox 153 1500 2290 1568; baseline 0.004 -21"><span class='ocrx_word' id='word_1_169' title='bbox 153 1516 293 1563; x_wconf 90' lang='lat' dir='ltr'>posse</span> <span class='ocrx_word' id='word_1_170' title='bbox 327 1500 437 1548; x_wconf 88' lang='lat' dir='ltr'>falli.</span> <span class='ocrx_word' id='word_1_171' title='bbox 469 1502 782 1566; x_wconf 88' lang='lat' dir='ltr'>Cum-itaque</span> <span class='ocrx_word' id='word_1_172' title='bbox 805 1501 937 1548; x_wconf 91' lang='lat' dir='ltr'>hunc</span> <span class='ocrx_word' id='word_1_173' title='bbox 970 1501 1218 1549; x_wconf 89' lang='lat' dir='ltr'>hominem</span> <span class='ocrx_word' id='word_1_174' title='bbox 1252 1502 1335 1565; x_wconf 90' lang='lat' dir='ltr'>qui</span> <span class='ocrx_word' id='word_1_175' title='bbox 1368 1501 1488 1548; x_wconf 88' lang='lat' dir='ltr'>forte</span> <span class='ocrx_word' id='word_1_176' title='bbox 1513 1500 1865 1548; x_wconf 83' lang='lat' dir='ltr'>moechaturum</span> <span class='ocrx_word' id='word_1_177' title='bbox 1899 1511 1986 1560; x_wconf 87' lang='lat' dir='ltr'>est,</span> <span class='ocrx_word' id='word_1_178' title='bbox 2021 1506 2290 1568; x_wconf 80' lang='lat' dir='ltr'>praeviderit</span> 
     </span>
     <span class='ocr_line' id='line_1_18' title="bbox 154 1581 2290 1642; baseline 0.004 -15"><span class='ocrx_word' id='word_1_179' title='bbox 154 1581 506 1629; x_wconf 84' lang='lat' dir='ltr'>moechaturum</span> <span class='ocrx_word' id='word_1_180' title='bbox 535 1599 654 1642; x_wconf 89' lang='lat' dir='ltr'>esse,</span> <span class='ocrx_word' id='word_1_181' title='bbox 691 1599 884 1630; x_wconf 86' lang='lat' dir='ltr'>necesse</span> <span class='ocrx_word' id='word_1_182' title='bbox 919 1592 990 1629; x_wconf 91' lang='lat' dir='ltr'>est</span> <span class='ocrx_word' id='word_1_183' title='bbox 1021 1599 1132 1629; x_wconf 90' lang='lat' dir='ltr'>eum</span> <span class='ocrx_word' id='word_1_184' title='bbox 1162 1582 1516 1629; x_wconf 85' lang='lat' dir='ltr'>moechaturum</span> <span class='ocrx_word' id='word_1_185' title='bbox 1549 1598 1665 1628; x_wconf 90' lang='lat' dir='ltr'>esse.</span> <span class='ocrx_word' id='word_1_186' title='bbox 1703 1581 1847 1639; x_wconf 88' lang='lat' dir='ltr'>Quod</span> <span class='ocrx_word' id='word_1_187' title='bbox 1885 1583 1922 1628; x_wconf 89' lang='lat' dir='ltr'>si</span> <span class='ocrx_word' id='word_1_188' title='bbox 1957 1599 2068 1630; x_wconf 90' lang='lat' dir='ltr'>eum</span> <span class='ocrx_word' id='word_1_189' title='bbox 2097 1602 2290 1634; x_wconf 90' lang='lat' dir='ltr'>necesse</span> 
     </span>
     <span class='ocr_line' id='line_1_19' title="bbox 154 1660 2290 1725; baseline 0.004 -18"><span class='ocrx_word' id='word_1_190' title='bbox 154 1670 222 1707; x_wconf 88' lang='lat' dir='ltr'>est</span> <span class='ocrx_word' id='word_1_191' title='bbox 242 1677 343 1708; x_wconf 92' lang='lat' dir='ltr'>esse</span> <span class='ocrx_word' id='word_1_192' title='bbox 368 1661 738 1722; x_wconf 85' lang='lat' dir='ltr'>moechaturum,</span> <span class='ocrx_word' id='word_1_193' title='bbox 757 1661 852 1709; x_wconf 88' lang='lat' dir='ltr'>hoc</span> <span class='ocrx_word' id='word_1_194' title='bbox 874 1672 943 1709; x_wconf 93' lang='lat' dir='ltr'>est</span> <span class='ocrx_word' id='word_1_195' title='bbox 961 1661 1253 1721; x_wconf 84' lang='lat' dir='ltr'>inevitabile,</span> <span class='ocrx_word' id='word_1_196' title='bbox 1271 1662 1371 1725; x_wconf 77' lang='lat' dir='ltr'>J&#39;am</span> <span class='ocrx_word' id='word_1_197' title='bbox 1397 1678 1496 1708; x_wconf 90' lang='lat' dir='ltr'>non</span> <span class='ocrx_word' id='word_1_198' title='bbox 1522 1671 1592 1708; x_wconf 91' lang='lat' dir='ltr'>est</span> <span class='ocrx_word' id='word_1_199' title='bbox 1617 1662 1662 1708; x_wconf 89' lang='lat' dir='ltr'>in</span> <span class='ocrx_word' id='word_1_200' title='bbox 1687 1660 1840 1708; x_wconf 90' lang='lat' dir='ltr'>libero</span> <span class='ocrx_word' id='word_1_201' title='bbox 1864 1662 1964 1725; x_wconf 91' lang='lat' dir='ltr'>ejus</span> <span class='ocrx_word' id='word_1_202' title='bbox 1982 1664 2182 1712; x_wconf 85' lang='lat' dir='ltr'>arbitrio</span> <span class='ocrx_word' id='word_1_203' title='bbox 2207 1684 2290 1715; x_wconf 89' lang='lat' dir='ltr'>seu</span> 
     </span>
     <span class='ocr_line' id='line_1_20' title="bbox 154 1741 2292 1808; baseline 0.003 -19"><span class='ocrx_word' id='word_1_204' title='bbox 154 1752 387 1806; x_wconf 87' lang='lat' dir='ltr'>potestate</span> <span class='ocrx_word' id='word_1_205' title='bbox 420 1752 670 1808; x_wconf 89' lang='lat' dir='ltr'>peccatum</span> <span class='ocrx_word' id='word_1_206' title='bbox 694 1742 790 1789; x_wconf 89' lang='lat' dir='ltr'>hoc</span> <span class='ocrx_word' id='word_1_207' title='bbox 823 1743 1017 1790; x_wconf 85' lang='lat' dir='ltr'>evitare.</span> <span class='ocrx_word' id='word_1_208' title='bbox 1047 1745 1154 1789; x_wconf 90' lang='lat' dir='ltr'>Non</span> <span class='ocrx_word' id='word_1_209' title='bbox 1185 1758 1298 1806; x_wconf 84' lang='lat' dir='ltr'>ergo</span> <span class='ocrx_word' id='word_1_210' title='bbox 1330 1751 1528 1806; x_wconf 88' lang='lat' dir='ltr'>propter</span> <span class='ocrx_word' id='word_1_211' title='bbox 1560 1741 1656 1788; x_wconf 89' lang='lat' dir='ltr'>hoc</span> <span class='ocrx_word' id='word_1_212' title='bbox 1685 1752 1938 1806; x_wconf 88' lang='lat' dir='ltr'>peccatum</span> <span class='ocrx_word' id='word_1_213' title='bbox 1968 1744 2100 1808; x_wconf 90' lang='lat' dir='ltr'>quod</span> <span class='ocrx_word' id='word_1_214' title='bbox 2131 1747 2292 1796; x_wconf 88' lang='lat' dir='ltr'>nulla-</span> 
     </span>
     <span class='ocr_line' id='line_1_21' title="bbox 155 1822 2291 1891; baseline 0.003 -22"><span class='ocrx_word' id='word_1_215' title='bbox 155 1833 292 1869; x_wconf 89' lang='lat' dir='ltr'>tenus</span> <span class='ocrx_word' id='word_1_216' title='bbox 314 1823 490 1870; x_wconf 86' lang='lat' dir='ltr'>evitare</span> <span class='ocrx_word' id='word_1_217' title='bbox 513 1823 686 1888; x_wconf 89' lang='lat' dir='ltr'>potuit,</span> <span class='ocrx_word' id='word_1_218' title='bbox 714 1839 824 1869; x_wconf 90' lang='lat' dir='ltr'>reus</span> <span class='ocrx_word' id='word_1_219' title='bbox 847 1832 916 1870; x_wconf 88' lang='lat' dir='ltr'>est</span> <span class='ocrx_word' id='word_1_220' title='bbox 940 1822 1319 1869; x_wconf 87' lang='lat' dir='ltr'>constituendus.</span> <span class='ocrx_word' id='word_1_221' title='bbox 1350 1824 1500 1886; x_wconf 85' lang='lat' dir='ltr'>Atque</span> <span class='ocrx_word' id='word_1_222' title='bbox 1522 1822 1586 1869; x_wconf 90' lang='lat' dir='ltr'>ita</span> <span class='ocrx_word' id='word_1_223' title='bbox 1610 1823 1775 1869; x_wconf 89' lang='lat' dir='ltr'>omnia</span> <span class='ocrx_word' id='word_1_224' title='bbox 1799 1822 1922 1870; x_wconf 88' lang='lat' dir='ltr'>mala</span> <span class='ocrx_word' id='word_1_225' title='bbox 1946 1824 1994 1870; x_wconf 92' lang='lat' dir='ltr'>in</span> <span class='ocrx_word' id='word_1_226' title='bbox 2022 1826 2108 1872; x_wconf 91' lang='lat' dir='ltr'>Dei</span> <span class='ocrx_word' id='word_1_227' title='bbox 2130 1830 2291 1891; x_wconf 89' lang='lat' dir='ltr'>provi-</span> 
     </span>
     <span class='ocr_line' id='line_1_22' title="bbox 155 1899 2292 1968; baseline 0.003 -19"><span class='ocrx_word' id='word_1_228' title='bbox 155 1902 368 1957; x_wconf 85' lang='lat' dir='ltr'>dentiam</span> <span class='ocrx_word' id='word_1_229' title='bbox 385 1899 615 1968; x_wconf 88' lang='lat' dir='ltr'>tanquam</span> <span class='ocrx_word' id='word_1_230' title='bbox 632 1919 800 1951; x_wconf 88' lang='lat' dir='ltr'>eorum</span> <span class='ocrx_word' id='word_1_231' title='bbox 821 1903 1137 1950; x_wconf 87' lang='lat' dir='ltr'>necessariam</span> <span class='ocrx_word' id='word_1_232' title='bbox 1156 1918 1348 1950; x_wconf 85' lang='lat' dir='ltr'>causam</span> <span class='ocrx_word' id='word_1_233' title='bbox 1369 1902 1692 1966; x_wconf 87' lang='lat' dir='ltr'>retorquenda</span> <span class='ocrx_word' id='word_1_234' title='bbox 1707 1902 1947 1963; x_wconf 84' lang='lat' dir='ltr'>videntur,</span> <span class='ocrx_word' id='word_1_235' title='bbox 1974 1915 2020 1951; x_wconf 92' lang='lat' dir='ltr'>et</span> <span class='ocrx_word' id='word_1_236' title='bbox 2043 1906 2110 1953; x_wconf 93' lang='lat' dir='ltr'>sic</span> <span class='ocrx_word' id='word_1_237' title='bbox 2130 1909 2292 1956; x_wconf 90' lang='lat' dir='ltr'>omnia</span> 
     </span>
     <span class='ocr_line' id='line_1_23' title="bbox 157 1983 2293 2052; baseline 0.003 -22"><span class='ocrx_word' id='word_1_238' title='bbox 157 2000 214 2030; x_wconf 92' lang='lat' dir='ltr'>eo</span> <span class='ocrx_word' id='word_1_239' title='bbox 247 1983 396 2030; x_wconf 90' lang='lat' dir='ltr'>modo</span> <span class='ocrx_word' id='word_1_240' title='bbox 425 2000 524 2048; x_wconf 89' lang='lat' dir='ltr'>quo</span> <span class='ocrx_word' id='word_1_241' title='bbox 558 1983 790 2031; x_wconf 86' lang='lat' dir='ltr'>eveniunt</span> <span class='ocrx_word' id='word_1_242' title='bbox 824 1983 1094 2030; x_wconf 88' lang='lat' dir='ltr'>necessario</span> <span class='ocrx_word' id='word_1_243' title='bbox 1126 1983 1402 2048; x_wconf 86' lang='lat' dir='ltr'>provenire,</span> <span class='ocrx_word' id='word_1_244' title='bbox 1445 2000 1556 2029; x_wconf 89' lang='lat' dir='ltr'>cum</span> <span class='ocrx_word' id='word_1_245' title='bbox 1592 1983 1771 2030; x_wconf 88' lang='lat' dir='ltr'>scilicet</span> <span class='ocrx_word' id='word_1_246' title='bbox 1800 1984 1866 2031; x_wconf 91' lang='lat' dir='ltr'>sic</span> <span class='ocrx_word' id='word_1_247' title='bbox 1902 2001 1929 2031; x_wconf 88' lang='lat' dir='ltr'>a</span> <span class='ocrx_word' id='word_1_248' title='bbox 1960 1988 2064 2032; x_wconf 91' lang='lat' dir='ltr'>Deo</span> <span class='ocrx_word' id='word_1_249' title='bbox 2097 1990 2293 2052; x_wconf 72' lang='lat' dir='ltr'>praevisa</span> 
     </span>
     <span class='ocr_line' id='line_1_24' title="bbox 156 2063 2291 2128; baseline 0.003 -18"><span class='ocrx_word' id='word_1_250' title='bbox 156 2064 343 2123; x_wconf 85' lang='lat' dir='ltr'>fuerint,</span> <span class='ocrx_word' id='word_1_251' title='bbox 382 2080 472 2111; x_wconf 89' lang='lat' dir='ltr'>nec</span> <span class='ocrx_word' id='word_1_252' title='bbox 504 2063 777 2111; x_wconf 86' lang='lat' dir='ltr'>ullo-modo</span> <span class='ocrx_word' id='word_1_253' title='bbox 810 2064 945 2111; x_wconf 88' lang='lat' dir='ltr'>aliter</span> <span class='ocrx_word' id='word_1_254' title='bbox 980 2080 1120 2128; x_wconf 91' lang='lat' dir='ltr'>posse</span> <span class='ocrx_word' id='word_1_255' title='bbox 1154 2063 1451 2126; x_wconf 88' lang='lat' dir='ltr'>contingere.</span> <span class='ocrx_word' id='word_1_256' title='bbox 1487 2066 1584 2110; x_wconf 93' lang='lat' dir='ltr'>Nos</span> <span class='ocrx_word' id='word_1_257' title='bbox 1609 2073 1770 2110; x_wconf 90' lang='lat' dir='ltr'>autem</span> <span class='ocrx_word' id='word_1_258' title='bbox 1807 2065 2143 2128; x_wconf 87' lang='lat' dir='ltr'>concedimus,</span> <span class='ocrx_word' id='word_1_259' title='bbox 2181 2085 2291 2115; x_wconf 87' lang='lat' dir='ltr'>enm</span> 
     </span>
     <span class='ocr_line' id='line_1_25' title="bbox 155 2143 2292 2208; baseline 0.002 -18"><span class='ocrx_word' id='word_1_260' title='bbox 155 2144 237 2208; x_wconf 89' lang='lat' dir='ltr'>qui</span> <span class='ocrx_word' id='word_1_261' title='bbox 260 2144 584 2192; x_wconf 85' lang='lat' dir='ltr'>moechaturus</span> <span class='ocrx_word' id='word_1_262' title='bbox 609 2154 681 2192; x_wconf 90' lang='lat' dir='ltr'>est</span> <span class='ocrx_word' id='word_1_263' title='bbox 701 2144 970 2192; x_wconf 88' lang='lat' dir='ltr'>necessario</span> <span class='ocrx_word' id='word_1_264' title='bbox 996 2143 1349 2190; x_wconf 86' lang='lat' dir='ltr'>moechaturum</span> <span class='ocrx_word' id='word_1_265' title='bbox 1374 2160 1494 2203; x_wconf 87' lang='lat' dir='ltr'>esse,</span> <span class='ocrx_word' id='word_1_266' title='bbox 1522 2160 1634 2189; x_wconf 90' lang='lat' dir='ltr'>cum</span> <span class='ocrx_word' id='word_1_267' title='bbox 1657 2143 1705 2189; x_wconf 91' lang='lat' dir='ltr'>id</span> <span class='ocrx_word' id='word_1_268' title='bbox 1736 2146 1864 2190; x_wconf 90' lang='lat' dir='ltr'>Deus</span> <span class='ocrx_word' id='word_1_269' title='bbox 1886 2145 2180 2208; x_wconf 80' lang='lat' dir='ltr'>praeviderit3</span> <span class='ocrx_word' id='word_1_270' title='bbox 2208 2149 2292 2195; x_wconf 93' lang='lat' dir='ltr'>sed</span> 
     </span>
     <span class='ocr_line' id='line_1_26' title="bbox 156 2223 2291 2289; baseline 0.002 -19"><span class='ocrx_word' id='word_1_271' title='bbox 156 2241 255 2271; x_wconf 94' lang='lat' dir='ltr'>non</span> <span class='ocrx_word' id='word_1_272' title='bbox 280 2224 391 2272; x_wconf 93' lang='lat' dir='ltr'>ideo</span> <span class='ocrx_word' id='word_1_273' title='bbox 412 2224 689 2289; x_wconf 87' lang='lat' dir='ltr'>simpliciter</span> <span class='ocrx_word' id='word_1_274' title='bbox 711 2224 806 2271; x_wconf 91' lang='lat' dir='ltr'>dici</span> <span class='ocrx_word' id='word_1_275' title='bbox 830 2225 1056 2271; x_wconf 89' lang='lat' dir='ltr'>convenit</span> <span class='ocrx_word' id='word_1_276' title='bbox 1086 2240 1196 2270; x_wconf 90' lang='lat' dir='ltr'>eum</span> <span class='ocrx_word' id='word_1_277' title='bbox 1226 2239 1327 2269; x_wconf 92' lang='lat' dir='ltr'>esse</span> <span class='ocrx_word' id='word_1_278' title='bbox 1348 2224 1613 2270; x_wconf 89' lang='lat' dir='ltr'>necessario</span> <span class='ocrx_word' id='word_1_279' title='bbox 1636 2223 2004 2271; x_wconf 83' lang='lat' dir='ltr'>moechaturum.</span> <span class='ocrx_word' id='word_1_280' title='bbox 2033 2229 2137 2273; x_wconf 89' lang='lat' dir='ltr'>Non</span> <span class='ocrx_word' id='word_1_281' title='bbox 2163 2230 2291 2274; x_wconf 90' lang='lat' dir='ltr'>enim</span> 
     </span>
     <span class='ocr_line' id='line_1_27' title="bbox 156 2303 2293 2370; baseline 0.001 -19"><span class='ocrx_word' id='word_1_282' title='bbox 156 2305 256 2352; x_wconf 83' lang='lat' dir='ltr'>haec</span> <span class='ocrx_word' id='word_1_283' title='bbox 292 2304 494 2352; x_wconf 88' lang='lat' dir='ltr'>modalis</span> <span class='ocrx_word' id='word_1_284' title='bbox 523 2322 634 2352; x_wconf 88' lang='lat' dir='ltr'>cum</span> <span class='ocrx_word' id='word_1_285' title='bbox 665 2304 1063 2352; x_wconf 87' lang='lat' dir='ltr'>determinatione</span> <span class='ocrx_word' id='word_1_286' title='bbox 1085 2303 1219 2350; x_wconf 90' lang='lat' dir='ltr'>illam</span> <span class='ocrx_word' id='word_1_287' title='bbox 1252 2303 1520 2367; x_wconf 88' lang='lat' dir='ltr'>simplicem</span> <span class='ocrx_word' id='word_1_288' title='bbox 1552 2303 1710 2362; x_wconf 87' lang='lat' dir='ltr'>infert,</span> <span class='ocrx_word' id='word_1_289' title='bbox 1746 2303 1807 2351; x_wconf 92' lang='lat' dir='ltr'>de</span> <span class='ocrx_word' id='word_1_290' title='bbox 1835 2320 1933 2368; x_wconf 92' lang='lat' dir='ltr'>quo</span> <span class='ocrx_word' id='word_1_291' title='bbox 1963 2306 2160 2370; x_wconf 90' lang='lat' dir='ltr'>quidem</span> <span class='ocrx_word' id='word_1_292' title='bbox 2186 2307 2293 2354; x_wconf 85' lang='lat' dir='ltr'>diii-</span> 
     </span>
     <span class='ocr_line' id='line_1_28' title="bbox 156 2381 2292 2451; baseline 0.001 -19"><span class='ocrx_word' id='word_1_293' title='bbox 156 2386 340 2448; x_wconf 86' lang='lat' dir='ltr'>gentius</span> <span class='ocrx_word' id='word_1_294' title='bbox 358 2384 690 2432; x_wconf 90' lang='lat' dir='ltr'>disserendum</span> <span class='ocrx_word' id='word_1_295' title='bbox 715 2384 992 2450; x_wconf 58' lang='grc' dir='ltr'>ΊἸιεοίοὸνιὶειε1</span> <span class='ocrx_word' id='word_1_296' title='bbox 1019 2394 1193 2431; x_wconf 77' lang='lat' dir='ltr'>nostrae</span> <span class='ocrx_word' id='word_1_297' title='bbox 1215 2399 1530 2443; x_wconf 86' lang='lat' dir='ltr'>reservamus,</span> <span class='ocrx_word' id='word_1_298' title='bbox 1558 2393 1605 2430; x_wconf 89' lang='lat' dir='ltr'>et</span> <span class='ocrx_word' id='word_1_299' title='bbox 1627 2399 1731 2447; x_wconf 83' lang='lat' dir='ltr'>quae</span> <span class='ocrx_word' id='word_1_300' title='bbox 1753 2381 2020 2432; x_wconf 78' lang='lat' dir='ltr'>differentia</span> <span class='ocrx_word' id='word_1_301' title='bbox 2051 2387 2110 2433; x_wconf 91' lang='lat' dir='ltr'>sit</span> <span class='ocrx_word' id='word_1_302' title='bbox 2132 2389 2292 2451; x_wconf 78' lang='lat' dir='ltr'>provi-</span> 
     </span>
     <span class='ocr_line' id='line_1_29' title="bbox 157 2464 1087 2530; baseline -0.001 -18"><span class='ocrx_word' id='word_1_303' title='bbox 157 2465 327 2513; x_wconf 83' lang='lat' dir='ltr'>dentiae</span> <span class='ocrx_word' id='word_1_304' title='bbox 348 2482 404 2513; x_wconf 91' lang='lat' dir='ltr'>ac</span> <span class='ocrx_word' id='word_1_305' title='bbox 426 2465 854 2530; x_wconf 83' lang='lat' dir='ltr'>praedestinationis</span> <span class='ocrx_word' id='word_1_306' title='bbox 882 2481 966 2511; x_wconf 88' lang='lat' dir='ltr'>seu</span> <span class='ocrx_word' id='word_1_307' title='bbox 991 2464 1087 2512; x_wconf 82' lang='lat' dir='ltr'>fati.</span> 
     </span>
    </p>

    <p class='ocr_par' dir='ltr' id='par_1_4' title="bbox 158 2544 2305 3169">
     <span class='ocr_line' id='line_1_30' title="bbox 225 2544 2292 2608; baseline 0.001 -17"><span class='ocrx_word' id='word_1_308' title='bbox 225 2545 398 2603; x_wconf 89' lang='lat' dir='ltr'>«Quid</span> <span class='ocrx_word' id='word_1_309' title='bbox 435 2561 566 2608; x_wconf 85' lang='lat' dir='ltr'>ergo.</span> <span class='ocrx_word' id='word_1_310' title='bbox 593 2565 615 2588; x_wconf 66' lang='lat'>&gt;2</span> <span class='ocrx_word' id='word_1_311' title='bbox 658 2544 1067 2608; x_wconf 88' lang='lat' dir='ltr'>Quandoquidem</span> <span class='ocrx_word' id='word_1_312' title='bbox 1105 2546 1233 2592; x_wconf 93' lang='lat' dir='ltr'>Deus</span> <span class='ocrx_word' id='word_1_313' title='bbox 1268 2545 1332 2592; x_wconf 93' lang='lat' dir='ltr'>ita</span> <span class='ocrx_word' id='word_1_314' title='bbox 1366 2544 1427 2592; x_wconf 91' lang='lat' dir='ltr'>de</span> <span class='ocrx_word' id='word_1_315' title='bbox 1463 2554 1625 2592; x_wconf 87' lang='lat' dir='ltr'>nostra</span> <span class='ocrx_word' id='word_1_316' title='bbox 1660 2544 1889 2592; x_wconf 90' lang='lat' dir='ltr'>sollicitus</span> <span class='ocrx_word' id='word_1_317' title='bbox 1927 2555 1998 2592; x_wconf 89' lang='lat' dir='ltr'>est</span> <span class='ocrx_word' id='word_1_318' title='bbox 2031 2546 2197 2604; x_wconf 90' lang='lat' dir='ltr'>salute,</span> <span class='ocrx_word' id='word_1_319' title='bbox 2243 2559 2292 2593; x_wconf 93' lang='lat' dir='ltr'>ut</span> 
     </span>
     <span class='ocr_line' id='line_1_31' title="bbox 158 2621 2293 2690; baseline 0 -18"><span class='ocrx_word' id='word_1_320' title='bbox 158 2626 459 2690; x_wconf 83' lang='lat' dir='ltr'>praesciverit,</span> <span class='ocrx_word' id='word_1_321' title='bbox 481 2624 799 2690; x_wconf 82' lang='lat' dir='ltr'>praedestinet,</span> <span class='ocrx_word' id='word_1_322' title='bbox 826 2624 1187 2689; x_wconf 86' lang='lat' dir='ltr'>praedestinatos</span> <span class='ocrx_word' id='word_1_323' title='bbox 1207 2634 1362 2686; x_wconf 85' lang='lat' dir='ltr'>vocet,</span> <span class='ocrx_word' id='word_1_324' title='bbox 1387 2634 1583 2672; x_wconf 88' lang='lat' dir='ltr'>vocatos</span> <span class='ocrx_word' id='word_1_325' title='bbox 1607 2624 1850 2688; x_wconf 88' lang='lat' dir='ltr'>justificet,</span> <span class='ocrx_word' id='word_1_326' title='bbox 1880 2621 2163 2688; x_wconf 83' lang='lat' dir='ltr'>justificatos</span> <span class='ocrx_word' id='word_1_327' title='bbox 2192 2643 2293 2674; x_wconf 90' lang='lat' dir='ltr'>ma-</span> 
     </span>
     <span class='ocr_line' id='line_1_32' title="bbox 160 2703 2295 2770; baseline 0 -19"><span class='ocrx_word' id='word_1_328' title='bbox 160 2704 369 2766; x_wconf 87' lang='lat' dir='ltr'>gnificet,</span> <span class='ocrx_word' id='word_1_329' title='bbox 396 2723 420 2749; x_wconf 87' lang='lat'><strong><em>«</em></strong></span> <span class='ocrx_word' id='word_1_330' title='bbox 436 2705 555 2768; x_wconf 92' lang='lat' dir='ltr'>quid</span> <span class='ocrx_word' id='word_1_331' title='bbox 581 2705 797 2752; x_wconf 89' lang='lat' dir='ltr'>dicemus</span> <span class='ocrx_word' id='word_1_332' title='bbox 818 2705 880 2751; x_wconf 92' lang='lat' dir='ltr'>ad</span> <span class='ocrx_word' id='word_1_333' title='bbox 904 2704 1023 2764; x_wconf 89' lang='lat' dir='ltr'>haec,</span> <span class='ocrx_word' id='word_1_334' title='bbox 1043 2723 1067 2749; x_wconf 89' lang='lat'>»</span> <span class='ocrx_word' id='word_1_335' title='bbox 1092 2704 1143 2751; x_wconf 92' lang='lat' dir='ltr'>id</span> <span class='ocrx_word' id='word_1_336' title='bbox 1165 2715 1235 2751; x_wconf 89' lang='lat' dir='ltr'>est</span> <span class='ocrx_word' id='word_1_337' title='bbox 1257 2714 1423 2752; x_wconf 91' lang='lat' dir='ltr'>contra</span> <span class='ocrx_word' id='word_1_338' title='bbox 1449 2704 1549 2750; x_wconf 85' lang='lat' dir='ltr'>haec</span> <span class='ocrx_word' id='word_1_339' title='bbox 1572 2704 1707 2768; x_wconf 90' lang='lat' dir='ltr'>quod</span> <span class='ocrx_word' id='word_1_340' title='bbox 1733 2703 2129 2768; x_wconf 89' lang='lat' dir='ltr'>impedimentum</span> <span class='ocrx_word' id='word_1_341' title='bbox 2157 2715 2295 2770; x_wconf 85' lang='lat' dir='ltr'>pote-</span> 
     </span>
     <span class='ocr_line' id='line_1_33' title="bbox 163 2782 2294 2849; baseline 0 -18"><span class='ocrx_word' id='word_1_342' title='bbox 163 2786 314 2832; x_wconf 90' lang='lat' dir='ltr'>rimus</span> <span class='ocrx_word' id='word_1_343' title='bbox 340 2785 584 2832; x_wconf 82' lang='lat' dir='ltr'>invenire?</span> <span class='ocrx_word' id='word_1_344' title='bbox 608 2784 801 2831; x_wconf 92' lang='lat' dir='ltr'>Nullum</span> <span class='ocrx_word' id='word_1_345' title='bbox 826 2785 992 2849; x_wconf 86' lang='lat' dir='ltr'>utique</span> <span class='ocrx_word' id='word_1_346' title='bbox 1018 2803 1028 2830; x_wconf 90' lang='lat'>:</span> <span class='ocrx_word' id='word_1_347' title='bbox 1056 2785 1171 2848; x_wconf 91' lang='lat' dir='ltr'>quia</span> <span class='ocrx_word' id='word_1_348' title='bbox 1192 2785 1275 2831; x_wconf 90' lang='lat' dir='ltr'>etsi</span> <span class='ocrx_word' id='word_1_349' title='bbox 1300 2801 1355 2830; x_wconf 87' lang='lat' dir='ltr'>ex</span> <span class='ocrx_word' id='word_1_350' title='bbox 1378 2782 1520 2830; x_wconf 90' lang='lat' dir='ltr'>nobis</span> <span class='ocrx_word' id='word_1_351' title='bbox 1545 2783 1722 2830; x_wconf 88' lang='lat' dir='ltr'>infirmi</span> <span class='ocrx_word' id='word_1_352' title='bbox 1745 2800 1927 2843; x_wconf 89' lang='lat' dir='ltr'>sumus,</span> <span class='ocrx_word' id='word_1_353' title='bbox 1952 2804 1974 2827; x_wconf 88' lang='lat'>«</span> <span class='ocrx_word' id='word_1_354' title='bbox 1996 2785 2101 2848; x_wconf 88' lang='lat' dir='ltr'>quis</span> <span class='ocrx_word' id='word_1_355' title='bbox 2127 2794 2294 2832; x_wconf 89' lang='lat' dir='ltr'>contra</span> 
     </span>
     <span class='ocr_line' id='line_1_34' title="bbox 161 2861 2294 2930; baseline 0 -18"><span class='ocrx_word' id='word_1_356' title='bbox 161 2881 293 2912; x_wconf 87' lang='lat' dir='ltr'>nos»</span> <span class='ocrx_word' id='word_1_357' title='bbox 319 2863 573 2929; x_wconf 82' lang='lat' dir='ltr'>praevalere</span> <span class='ocrx_word' id='word_1_358' title='bbox 595 2864 788 2928; x_wconf 89' lang='lat' dir='ltr'>poterit,</span> <span class='ocrx_word' id='word_1_359' title='bbox 822 2884 844 2907; x_wconf 74' lang='lat' dir='ltr'>c&lt;</span> <span class='ocrx_word' id='word_1_360' title='bbox 865 2864 904 2910; x_wconf 90' lang='lat' dir='ltr'>si</span> <span class='ocrx_word' id='word_1_361' title='bbox 926 2866 1055 2911; x_wconf 90' lang='lat' dir='ltr'>Deus</span> <span class='ocrx_word' id='word_1_362' title='bbox 1079 2879 1168 2928; x_wconf 88' lang='lat' dir='ltr'>pro</span> <span class='ocrx_word' id='word_1_363' title='bbox 1188 2861 1347 2923; x_wconf 87' lang='lat' dir='ltr'>nobis,</span> <span class='ocrx_word' id='word_1_364' title='bbox 1375 2880 1397 2905; x_wconf 77' lang='grc' dir='ltr'><strong>υ</strong></span> <span class='ocrx_word' id='word_1_365' title='bbox 1424 2862 1474 2909; x_wconf 93' lang='lat' dir='ltr'>id</span> <span class='ocrx_word' id='word_1_366' title='bbox 1504 2872 1574 2909; x_wconf 89' lang='lat' dir='ltr'>est</span> <span class='ocrx_word' id='word_1_367' title='bbox 1596 2879 1706 2909; x_wconf 90' lang='lat' dir='ltr'>cum</span> <span class='ocrx_word' id='word_1_368' title='bbox 1735 2865 1891 2909; x_wconf 90' lang='lat' dir='ltr'>Deum</span> <span class='ocrx_word' id='word_1_369' title='bbox 1916 2862 2182 2912; x_wconf 89' lang='lat' dir='ltr'>habeamus</span> <span class='ocrx_word' id='word_1_370' title='bbox 2210 2880 2294 2930; x_wconf 80' lang='lat' dir='ltr'>pa-</span> 
     </span>
     <span class='ocr_line' id='line_1_35' title="bbox 162 2942 2293 3008; baseline 0 -16"><span class='ocrx_word' id='word_1_371' title='bbox 162 2954 358 2992; x_wconf 88' lang='lat' dir='ltr'>tronum</span> <span class='ocrx_word' id='word_1_372' title='bbox 377 2945 396 2991; x_wconf 84' lang='lat'>?</span> <span class='ocrx_word' id='word_1_373' title='bbox 412 2947 484 2991; x_wconf 93' lang='lat' dir='ltr'>De</span> <span class='ocrx_word' id='word_1_374' title='bbox 511 2943 647 3007; x_wconf 88' lang='lat' dir='ltr'>cujus</span> <span class='ocrx_word' id='word_1_375' title='bbox 665 2942 863 3007; x_wconf 88' lang='lat' dir='ltr'>quidem</span> <span class='ocrx_word' id='word_1_376' title='bbox 879 2943 1152 3008; x_wconf 87' lang='lat' dir='ltr'>patrocinio</span> <span class='ocrx_word' id='word_1_377' title='bbox 1171 2942 1244 2989; x_wconf 88' lang='lat' dir='ltr'>vel</span> <span class='ocrx_word' id='word_1_378' title='bbox 1263 2942 1543 2990; x_wconf 86' lang='lat' dir='ltr'>defensione</span> <span class='ocrx_word' id='word_1_379' title='bbox 1563 2958 1708 3007; x_wconf 91' lang='lat' dir='ltr'>quam</span> <span class='ocrx_word' id='word_1_380' title='bbox 1729 2942 1884 2990; x_wconf 89' lang='lat' dir='ltr'>securi</span> <span class='ocrx_word' id='word_1_381' title='bbox 1911 2959 2012 2991; x_wconf 91' lang='lat' dir='ltr'>esse</span> <span class='ocrx_word' id='word_1_382' title='bbox 2033 2945 2293 3005; x_wconf 88' lang='lat' dir='ltr'>valeamus,</span> 
     </span>
     <span class='ocr_line' id='line_1_36' title="bbox 163 3021 2305 3087; baseline 0 -15"><span class='ocrx_word' id='word_1_383' title='bbox 163 3024 371 3072; x_wconf 89' lang='lat' dir='ltr'>adnectit</span> <span class='ocrx_word' id='word_1_384' title='bbox 412 3037 801 3072; x_wconf 89' lang='lat' dir='ltr'>commemorans</span> <span class='ocrx_word' id='word_1_385' title='bbox 845 3022 946 3086; x_wconf 90' lang='lat' dir='ltr'>ejus</span> <span class='ocrx_word' id='word_1_386' title='bbox 987 3021 1275 3085; x_wconf 86' lang='lat' dir='ltr'>singularem</span> <span class='ocrx_word' id='word_1_387' title='bbox 1319 3021 1625 3070; x_wconf 64' lang='lat' dir='ltr'>directionem</span> <span class='ocrx_word' id='word_1_388' title='bbox 1672 3039 1816 3087; x_wconf 91' lang='lat' dir='ltr'>quam</span> <span class='ocrx_word' id='word_1_389' title='bbox 1862 3023 2005 3071; x_wconf 89' lang='lat' dir='ltr'>nobis</span> <span class='ocrx_word' id='word_1_390' title='bbox 2050 3024 2305 3085; x_wconf 83' lang='lat' dir='ltr'>exhibuit,</span> 
     </span>
     <span class='ocr_line' id='line_1_37' title="bbox 169 3101 2295 3169; baseline -0 -17"><span class='ocrx_word' id='word_1_391' title='bbox 169 3104 334 3153; x_wconf 91' lang='lat' dir='ltr'>dicens</span> <span class='ocrx_word' id='word_1_392' title='bbox 375 3121 387 3152; x_wconf 70' lang='grc' dir='ltr'><strong>ε</strong></span> <span class='ocrx_word' id='word_1_393' title='bbox 431 3125 454 3149; x_wconf 88' lang='lat'>«</span> <span class='ocrx_word' id='word_1_394' title='bbox 475 3103 569 3162; x_wconf 90' lang='lat' dir='ltr'>Qui</span> <span class='ocrx_word' id='word_1_395' title='bbox 607 3119 706 3151; x_wconf 92' lang='lat' dir='ltr'>non</span> <span class='ocrx_word' id='word_1_396' title='bbox 746 3102 960 3168; x_wconf 90' lang='lat' dir='ltr'>pepercit</span> <span class='ocrx_word' id='word_1_397' title='bbox 994 3103 1137 3150; x_wconf 88' lang='lat' dir='ltr'>etiam</span> <span class='ocrx_word' id='word_1_398' title='bbox 1175 3103 1374 3169; x_wconf 90' lang='lat' dir='ltr'>proprio</span> <span class='ocrx_word' id='word_1_399' title='bbox 1413 3101 1512 3150; x_wconf 86' lang='lat' dir='ltr'>filio</span> <span class='ocrx_word' id='word_1_400' title='bbox 1549 3119 1658 3163; x_wconf 88' lang='lat' dir='ltr'>suo,</span> <span class='ocrx_word' id='word_1_401' title='bbox 1683 3122 1706 3147; x_wconf 88' lang='lat'>»</span> <span class='ocrx_word' id='word_1_402' title='bbox 1732 3102 2155 3167; x_wconf 89' lang='lat' dir='ltr'>consubstantiali,</span> <span class='ocrx_word' id='word_1_403' title='bbox 2197 3122 2295 3152; x_wconf 90' lang='lat' dir='ltr'>non</span> 
     </span>
    </p>
   </div>
   <div class='ocr_carea' id='block_1_3' title="bbox 207 3269 2157 3387">
    <p class='ocr_par' dir='ltr' id='par_1_5' title="bbox 207 3269 2157 3387">
     <span class='ocr_line' id='line_1_38' title="bbox 207 3269 1802 3331; baseline 0.001 -11"><span class='ocrx_word' id='word_1_404' title='bbox 207 3290 214 3308; x_wconf 93' lang='lat'><strong>¹</strong></span> <span class='ocrx_word' id='word_1_405' title='bbox 233 3287 314 3321; x_wconf 83' lang='lat' dir='ltr'>Vide</span> <span class='ocrx_word' id='word_1_406' title='bbox 329 3297 429 3330; x_wconf 83' lang='lat' dir='ltr'>supra</span> <span class='ocrx_word' id='word_1_407' title='bbox 445 3288 574 3322; x_wconf 80' lang='lat' dir='ltr'>Introd.</span> <span class='ocrx_word' id='word_1_408' title='bbox 592 3288 638 3322; x_wconf 85' lang='lat' dir='ltr'>ad</span> <span class='ocrx_word' id='word_1_409' title='bbox 655 3287 825 3331; x_wconf 62' lang='lat' dir='ltr'>Theoloq„</span> <span class='ocrx_word' id='word_1_410' title='bbox 843 3288 900 3321; x_wconf 87' lang='lat' dir='ltr'>lib.</span> <span class='ocrx_word' id='word_1_411' title='bbox 920 3287 980 3331; x_wconf 75' lang='lat'>111,</span> <span class='ocrx_word' id='word_1_412' title='bbox 1001 3288 1063 3321; x_wconf 90' lang='lat' dir='ltr'>sub</span> <span class='ocrx_word' id='word_1_413' title='bbox 1082 3288 1195 3329; x_wconf 81' lang='lat' dir='ltr'>finem,</span> <span class='ocrx_word' id='word_1_414' title='bbox 1215 3269 1250 3328; x_wconf 53' lang='lat' dir='ltr'>1³ss</span> <span class='ocrx_word' id='word_1_415' title='bbox 1272 3287 1331 3322; x_wconf 77' lang='lat'>146</span> <span class='ocrx_word' id='word_1_416' title='bbox 1347 3292 1386 3321; x_wconf 85' lang='lat' dir='ltr'>et</span> <span class='ocrx_word' id='word_1_417' title='bbox 1399 3296 1472 3329; x_wconf 59' lang='lat' dir='ltr'>sqq»</span> <span class='ocrx_word' id='word_1_418' title='bbox 1490 3287 1623 3329; x_wconf 76' lang='lat' dir='ltr'>hujusce</span> <span class='ocrx_word' id='word_1_419' title='bbox 1642 3288 1802 3321; x_wconf 77' lang='lat' dir='ltr'>editionis.</span> 
     </span>
     <span class='ocr_line' id='line_1_39' title="bbox 324 3346 2157 3387; baseline -0.001 0"><span class='ocrx_word' id='word_1_420' title='bbox 324 3362 354 3387; x_wconf 85' lang='lat'>11</span> <span class='ocrx_word' id='word_1_421' title='bbox 2086 3350 2135 3386; x_wconf 84' lang='lat'>36</span> <span class='ocrx_word' id='word_1_422' title='bbox 2150 3346 2157 3353; x_wconf 73' lang='grc'><strong>’</strong></span> 
     </span>
    </p>
   </div>
  </div>
 </body>
</html>
