2638 3866
298 183 360 229 96
1109 179 1278 228 PETRI
1313 178 1625 226 ABAELARDI

302 285 418 330 dum
440 283 571 347 quod
590 282 818 347 loquitur,
841 290 887 328 et
906 281 1118 329 secunda
1134 280 1403 329 secundum
1426 278 1562 343 quod
1585 279 1646 326 ad
1667 295 1778 326 eum
1799 278 1970 345 aliquis
1984 279 2215 342 loquitur,
2239 290 2285 328 et
2298 281 2436 329 tertia

296 357 561 406 secundum
580 356 712 422 quod
733 356 793 403 de
811 357 917 422 ipso
941 353 1066 404 inter
1083 356 1264 421 aliquas
1282 370 1440 402 sermo
1464 363 1550 400 est.
1580 356 1638 400 Et
1655 354 1814 419 prima
1835 354 2032 420 quidem
2050 370 2273 419 persona,
2296 366 2434 404 caete·

297 455 458 486 rarum
485 438 773 503 principium
797 446 868 484 est
890 436 1135 502 quoddam
1158 446 1205 483 et
1227 435 1361 498 origo
1388 450 1469 480 seu
1492 450 1652 482 causa.
1679 435 1737 481 Et
1754 451 1945 482 rursum
1969 434 2126 500 prima
2150 444 2197 482 et
2222 436 2435 505 secunda

295 519 460 578 tertiae,
487 518 578 565 nisi
603 518 732 583 enim
756 519 913 584 prima
936 519 995 565 sit
1015 532 1238 583 persona,
1259 531 1364 579 quae
1387 514 1564 562 scilicet
1578 513 1808 578 loquitur,
1827 514 2078 580 quomodo
2100 515 2190 562 erit
2202 517 2430 576 secunda,

296 599 356 646 ad
380 615 525 663 quam
547 596 766 645 videlicet
796 614 954 645 sermo
975 597 1214 661 loquentis
1237 593 1504 658 dirigatur?
1542 604 1625 642 aut
1659 595 1911 659 quomodo
1944 595 2082 643 tertia
2109 596 2214 656 erit,
2249 595 2311 644 de
2338 611 2436 661 qua

293 678 470 726 scilicet
491 678 698 725 invicem
724 677 1007 742 loquuntur,
1038 677 1127 724 nisi
1151 675 1356 722 invicem
1383 673 1473 721 illis
1501 673 1853 739 loquentibus?
1882 675 2019 722 Unde
2054 683 2102 723 et
2132 675 2259 723 bene
2280 691 2434 740 quan·

291 769 392 806 tum
413 759 475 807 ad
493 761 651 825 ipsum
672 759 928 806 existentiae
952 756 1152 822 gradum
1170 772 1253 802 seu
1279 753 1470 814 mOdOS,
1491 753 1571 801 illa
1591 755 1746 820 prima
1766 755 1956 814 dicitur,
1984 771 2041 802 ex
2058 772 2155 820 qua
2172 765 2340 803 ceterae
2355 756 2436 804 ha-

291 846 407 892 bent
426 862 544 906 esse,
568 854 616 893 et
629 845 709 892 illa
732 845 939 892 secunda
957 853 1065 909 post
1088 842 1312 907 primam,
1336 857 1391 886 ex
1412 855 1507 904 qua
1522 840 1663 887 simul
1684 850 1731 888 et
1747 857 1803 888 ex
1819 842 1973 906 prima
1991 842 2128 889 tertia
2142 858 2245 889 csse
2265 841 2431 890 habet.

359 930 515 985 Quam
547 927 689 974 etiam
719 924 1098 984 similitudinem,
1136 923 1176 970 si
1208 922 1314 985 quis
1353 920 1414 968 ad
1451 919 1623 968 divinae
1663 922 1903 970 Trinitatis
1939 939 2170 988 personas
2205 922 2433 971 inducere

291 1007 422 1066 velit,
450 1024 550 1054 non
586 1008 848 1069 incongrue
887 1005 1096 1052 fortassis
1131 1012 1293 1068 aptare
1322 1001 1516 1066 poterit,
1548 1017 1659 1048 cum
1699 1001 1920 1050 videlicet
1941 1019 2000 1050 ex
2032 1005 2139 1050 Deo
2166 1006 2302 1050 Patre
2333 1012 2434 1050 tam

295 1088 435 1135 Filius
458 1104 602 1152 quam
615 1087 816 1152 Spiritus
838 1094 1045 1146 sanctus,
1067 1093 1111 1131 et
1134 1100 1191 1131 ex
1213 1085 1350 1129 Patre
1368 1081 1507 1129 simul
1530 1091 1576 1128 et
1600 1081 1717 1129 Filio
1741 1082 1884 1130 simul
1903 1083 2108 1149 Spiritus
2129 1087 2323 1131 sanctus
2346 1082 2432 1131 ha·

292 1168 403 1215 beat
422 1185 540 1215 esse.
570 1165 847 1214 Secundum
884 1181 1008 1229 quos
1050 1164 1193 1211 etiam
1218 1162 1476 1210 existentiae
1496 1162 1669 1210 modos
1697 1162 1867 1211 beatus
1890 1180 2087 1229 quoque
2122 1164 2427 1229 Augustinus,

295 1258 343 1294 ut
370 1249 469 1311 jam
508 1247 623 1294 olim
658 1245 964 1293 meminimus
1006 1260 1173 1309 supra,
1211 1242 1479 1291 secundum
1510 1259 1538 1290 a
1567 1245 1705 1290 Patre
1741 1243 1857 1291 dicit
1887 1244 2074 1305 Filium,
2118 1253 2164 1292 et
2202 1244 2432 1310 Spiritum

290 1311 505 1375 sanctum
529 1327 748 1374 nominat
770 1326 978 1373 tertium.
1008 1325 1139 1372 Sicut
1168 1334 1327 1371 autem
1348 1324 1482 1389 juxta
1504 1325 1855 1373 Grammaticos
1877 1341 2085 1391 persona
2106 1324 2197 1373 sub
2222 1324 2432 1389 disjunc-

291 1408 420 1455 tione
443 1407 683 1473 patentius
713 1405 999 1454 describitur
1029 1405 1125 1453 hoc
1156 1404 1306 1453 modo
1336 1423 1345 1452 :
1382 1408 1590 1453 Persona
1619 1415 1686 1453 est
1709 1406 1793 1470 qui
1817 1405 2047 1470 loquitur,
2075 1406 2174 1453 sive
2197 1405 2261 1454 ad
2284 1422 2431 1470 quem

287 1489 517 1553 loquitur,
537 1488 612 1535 vel
635 1488 695 1535 de
712 1504 809 1552 quo
834 1497 1061 1553 tanquam
1084 1486 1274 1538 diverso
1292 1487 1522 1551 loquitur,
1547 1487 1612 1534 ita
1633 1495 1682 1534 et
1699 1485 1874 1534 divinae
1897 1503 2113 1553 personae
2134 1485 2225 1533 sub
2247 1485 2432 1550 disjun-

289 1570 446 1618 ctione
465 1570 706 1636 potentius
726 1568 947 1628 describi,
973 1568 1070 1616 hoc
1086 1567 1239 1616 modo
1262 1568 1505 1617 videntur.
1535 1571 1747 1615 Persona
1777 1577 1848 1614 est
1880 1567 1928 1614 in
1953 1567 2034 1615 illa
2071 1583 2261 1615 summa
2276 1567 2429 1614 Trini-

289 1660 382 1699 tate
403 1653 532 1698 Deus
551 1653 685 1698 Pater
707 1651 783 1698 vel
808 1651 908 1714 ejus
945 1649 1106 1710 Filius,
1142 1649 1239 1697 sive
1269 1649 1527 1697 amborum
1559 1649 1762 1714 Spiritus
1795 1659 2004 1696 sanctus.
2043 1649 2174 1695 Sicut
2199 1648 2342 1696 etiam
2361 1647 2430 1696 ibi

287 1747 430 1779 nemo
447 1731 881 1779 Grammaticorum
898 1729 1014 1777 dicit
1034 1731 1242 1795 primam
1265 1746 1524 1795 personam
1548 1746 1650 1777 esse
1670 1728 1934 1777 secundam
1966 1739 2049 1776 aut
2085 1729 2292 1787 tertiam,
2317 1745 2430 1776 cum

286 1813 380 1860 sint
402 1829 566 1860 earum
599 1810 795 1859 diversae
832 1812 1168 1877 proprietates,
1204 1810 1315 1858 licet
1350 1810 1520 1858 eadem
1559 1828 1650 1872 res,
1688 1819 1740 1858 ut
1773 1808 1998 1871 diximus,
2029 1805 2136 1874 quae
2168 1819 2239 1856 est
2274 1809 2429 1874 prima

286 1909 508 1958 persona,
531 1893 589 1940 sit
612 1891 822 1939 secunda
844 1892 918 1939 vel
943 1891 1099 1951 tertia,
1126 1891 1192 1939 ita
1215 1901 1261 1939 et
1278 1892 1327 1938 in
1357 1894 1462 1938 Deo
1487 1908 1598 1939 cum
1620 1890 1795 1938 eadem
1822 1890 2024 1937 essentia
2048 1906 2153 1955 quae
2175 1899 2245 1937 est
2271 1892 2426 1951 Pater,

286 1974 343 2021 sit
363 1973 504 2021 Filius
522 1983 569 2021 et
582 1973 781 2039 Spiritus
804 1982 1011 2034 sanctus,
1034 1988 1179 2020 nemo
1203 1971 1505 2019 orthodoxus
1521 1971 1638 2019 dicit
1655 1988 1800 2019 unam
1816 1986 2075 2037 personam
2092 1986 2193 2018 esse
2209 1970 2424 2039 alteram.

285 2054 429 2112 Quod
454 2053 492 2101 si
523 2063 633 2120 post
662 2054 1018 2118 grammaticam
1040 2053 1178 2118 quasi
1197 2052 1431 2119 puerilem
1455 2051 1784 2118 disciplinam,
1812 2050 1875 2098 ad
1898 2049 2286 2116 philosophicam
2308 2066 2428 2115 per-

286 2134 537 2182 sectionem
557 2134 879 2182 conscendere
898 2134 1050 2198 juvat,
1073 2142 1128 2181 ut
1145 2132 1325 2182 scilicet
1347 2142 1535 2181 tantum
1552 2131 1762 2197 aliquam
1780 2130 1842 2179 ad
1864 2131 2172 2196 propositum
2200 2140 2427 2179 nostrum

284 2213 507 2262 idoneam
531 2231 774 2262 sumamus
791 2213 1170 2275 similitudinem,
1197 2230 1288 2262 nec
1311 2213 1381 2262 ibi
1407 2212 1550 2261 nobis
1573 2203 1748 2260 divinae
1769 2211 1927 2276 gratiae
1947 2210 2227 2275 suffragium
2246 2211 2421 2271 deerit,

284 2294 489 2341 maxime
511 2311 622 2342 cum
652 2294 712 2342 de
738 2295 850 2359 ipsis
877 2294 1128 2360 Apostolus
1151 2293 1454 2361 philosophis
1476 2292 1698 2358 loquens,
1726 2295 1924 2339 asserat¹
1953 2311 1975 2335 α
2004 2291 2098 2339 Illis
2119 2294 2248 2343 Deus
2267 2292 2426 2339 mani-

284 2375 485 2422 festavit.
515 2373 773 2422 Invisibilia
793 2375 921 2421 enim
941 2376 1089 2441 ipsius
1107 2392 1136 2423 a
1157 2384 1376 2423 creatura
1393 2373 1564 2421 mundi
1590 2389 1678 2439 per
1698 2388 1754 2420 ea
1776 2388 1881 2437 quae
1897 2372 2020 2420 facta
2041 2382 2169 2434 sunt,
2190 2371 2430 2420 intellecta

283 2454 672 2520 conspiciuntur3
706 2455 997 2520 sempiterna
1029 2472 1225 2521 quoque
1254 2455 1356 2520 ejus
1380 2455 1531 2502 virtus
1563 2463 1610 2500 et
1641 2452 1879 2500 divinitas.
1918 2472 1941 2496 2>
1970 2452 2062 2499 Ubi
2097 2451 2294 2516 quidem
2317 2469 2430 2516 cum

284 2537 364 2595 ait,
386 2534 637 2582 invisibilia
656 2535 822 2599 ipsius,
847 2534 896 2582 id
917 2545 987 2583 est
1006 2537 1112 2598 Dei,
1130 2536 1213 2601 qui
1230 2537 1376 2584 etiam
1394 2535 1499 2601 ipso
1522 2534 1721 2581 nomine
1740 2533 1962 2599 Spiritus,
1988 2531 2236 2579 invisibilis
2258 2542 2429 2581 natura

284 2614 564 2664 declaratur.
603 2618 660 2662 Et
688 2615 945 2680 pluraliter,
978 2626 1031 2663 ut
1059 2616 1247 2664 dictum
1281 2625 1368 2677 est,
1402 2613 1658 2662 invisibilia
1690 2613 2017 2679 septiformem
2046 2612 2147 2676 ejus
2184 2612 2424 2678 spiritum,

284 2694 377 2742 hoc
395 2705 464 2742 est
483 2696 711 2760 Spiritum
735 2705 953 2743 sanctum
969 2696 1168 2762 intelligi
1190 2695 1416 2757 arbitror,
1444 2711 1591 2760 quem
1607 2708 1964 2758 nonnunquam
1986 2693 2130 2740 etiam
2143 2709 2234 2758 pro
2259 2692 2429 2741 diver-

286 2775 419 2822 sitate
451 2775 691 2822 donorum
717 2786 900 2841 septem
931 2777 1125 2842 spiritus
1162 2775 1422 2843 appellant.
1449 2776 1748 2841 Sempiterna
1789 2783 1950 2822 autem
1988 2775 2138 2821 virtus
2174 2774 2263 2822 Dei
2286 2774 2427 2822 Filius

284 2854 573 2919 intelligitur,
591 2855 723 2919 juxta
746 2857 878 2920 quod
896 2856 1010 2904 alibi
1029 2858 1096 2904 ait
1119 2857 1248 2905 idem
1267 2857 1546 2923 Apostolus’
1566 2874 1576 2902 :
1607 2875 1630 2901 «
1649 2855 1891 2903 Christum
1910 2855 1997 2902 Dei
2020 2855 2247 2902 virtutem
2270 2863 2318 2902 et
2339 2855 2428 2901 Dei

284 2937 579 3003 sapientiam.
606 2956 628 2980 »
654 2940 776 2984 Cum
797 2955 912 2986 vero
943 2940 1008 2986 ait
1040 2940 1295 2988 invisibilia
1316 2941 1464 3006 ipsius
1483 2939 1561 2987 vel
1585 2938 1687 3003 ejus
1709 2938 1876 2999 virtus,
1904 2954 1990 3004 per
2008 2937 2104 2985 hoc
2123 2936 2259 3003 quod
2281 2937 2428 3001 ipsius

286 3020 470 3064 Patrem
491 3016 675 3077 dixerit,
700 3018 858 3081 ipsum
881 3019 1124 3083 expressit,
1146 3019 1283 3083 cujus
1299 3019 1519 3068 videlicet
1533 3029 1633 3067 tam
1651 3020 1754 3084 ipse
1772 3018 1975 3084 Spiritus
1991 3033 2137 3082 quam
2161 3016 2304 3063 Filius
2325 3032 2427 3064 esse

285 3099 475 3148 dicitur.
497 3100 620 3146 Cum
643 3108 800 3146 autem
829 3099 1005 3162 subdit,
1028 3110 1075 3148 et
1096 3101 1336 3165 divinitas,
1359 3101 1587 3151 subaudis
1608 3102 1839 3163 similiter,
1859 3100 2099 3149 intellecta
2113 3100 2421 3166 conspicitur,

326 3285 453 3326 ¹R0m.,
468 3293 539 3326 cap.
561 3293 586 3325 ι,
605 3293 634 3318 v.
651 3286 704 3318 20.
723 3301 758 3309 -
776 3286 786 3305 ²
802 3283 815 3316 1
834 3284 1005 3325 Corinth„
1023 3293 1094 3326 cap.
1112 3295 1135 3327 1,
1149 3295 1178 3319 v.
1193 3288 1248 3320 24.
