2638 3866
912 271 970 318 ΙΝ
990 270 1335 323 ,EPISTOLAM
1377 273 1456 322 AD
1493 271 1794 323 ROMANOS.
2331 276 2426 326 353

213 385 226 404 ‘
266 395 307 426 ,ιι
332 377 496 423 Vestra
519 374 651 422 enim
675 372 948 421 obedientia
971 372 1021 419 in
1046 373 1180 430 omni
1204 372 1313 420 loco
1334 373 1575 439 divulgata
1597 384 1685 423 est.
1706 393 1730 420 »
1758 374 1890 437 Ideo,
1929 373 1979 422 id
2019 390 2107 423 vos
2140 391 2279 441 rogo,
2315 378 2429 442 quia

261 464 415 504 <tanto
439 455 755 522 periculosior
777 462 898 502 esset
919 452 1137 501 seductio
1162 463 1335 516 vestra,
1358 465 1542 520 quanto
1565 454 1678 503 fidei
1701 466 1867 503 vestrae
1885 455 2160 504 obedientia
2188 458 2339 522 magis
2358 468 2428 506 est

280 535 539 600 divulgata,
564 546 793 601 tanquam
817 536 866 582 in
894 534 1049 599 capite
1072 533 1249 582 scilicet
1267 536 1439 583 mundi
1461 537 1736 585 constituta.
1761 536 2006 585 «Gaudeo
2030 538 2173 602 igitur
2196 538 2244 585 in
2268 538 2424 598 vobis,

280 616 365 665 sed
388 616 503 666 volo
525 634 613 666 vos
630 617 866 683 sapientes
887 631 988 663 esse
1010 616 1059 662 in
1083 614 1236 663 bono.
1258 635 1281 660 »
1308 617 1451 679 Quia,
1471 617 1695 666 videlicet
1727 618 1791 666 ita
1826 628 1897 666 est
1920 618 2181 682 divulgata,
2214 620 2262 666 in
2293 619 2427 667 bono

281 697 461 747 scilicet
482 698 821 747 discernendo.
863 717 884 741 α
907 700 965 745 Et
988 697 1227 763 simplices
1250 698 1299 745 in
1321 698 1469 760 malo,
1494 718 1516 743 »
1541 698 1591 747 id
1621 710 1708 758 est,
1742 700 1877 764 quasi
1912 701 2175 748 nescientes
2200 702 2427 766 cuiquam

279 778 381 827 ilud
402 779 694 841 machinari,
716 780 854 845 juxta
875 778 993 826 illud
1006 779 1246 839 Veritatis,
1265 779 1563 845 «prudentes
1576 780 1698 829 sicut
1710 791 1971 846 serpentes,
1992 790 2040 828 et
2052 781 2291 846 simplices
2307 783 2427 830 sicut

278 858 529 909 columbae.
560 880 584 905 υ
622 863 793 908 «Deus
817 870 977 909 autem
999 860 1129 926 pacis
1151 870 1387 909 conterat.
1410 881 1433 906 »
1465 864 1527 908 Ac
1549 862 1589 908 si
1612 861 1823 909 diceret:
1853 863 1954 926 Ego
1980 861 2177 924 quidem
2201 862 2266 909 ita
2288 879 2424 926 rogo,

281 951 332 988 nt
358 941 458 1002 fiat,
484 942 569 991 sed
587 946 717 990 Deus
738 943 871 1009 pacis
892 942 1053 1008 potius
1075 957 1224 1006 quam
1256 941 1585 1003 dissensionis,
1612 944 1678 990 ita
1696 952 1749 990 ut
1769 942 1981 1009 postulo,
2015 942 2205 990 efficiat.
2243 963 2265 985 «
2298 945 2429 991 Sata-

279 1038 411 1084 nam,
435 1044 458 1068 »
483 1024 533 1072 id
555 1035 643 1085 est,
666 1041 863 1072 omnem
884 1023 1053 1071 animae
1076 1033 1240 1071 vestrae
1262 1023 1609 1081 adversarium,
1638 1044 1661 1068 α
1680 1033 1899 1072 conterat
1924 1024 2015 1070 sub
2038 1023 2243 1089 pedibus
2263 1026 2428 1072 vestris

278 1102 527 1167 velociter,
548 1127 570 1150 n
597 1105 648 1154 id
671 1115 758 1167 est,
784 1106 921 1171 quasi
946 1105 1264 1171 impotentem
1291 1104 1428 1152 vobis
1453 1105 1690 1170 subjiciat,
1712 1115 1765 1152 ut
1789 1105 1832 1152 ei
1864 1120 1950 1167 per
1979 1105 2143 1152 omnia
2172 1104 2428 1170 praevalere

278 1185 489 1250 possitis,
518 1196 757 1235 eteorum
781 1186 947 1234 omnia
972 1184 1358 1234 machinamenta
1384 1186 1690 1248 conculcare,
1731 1186 1855 1233 sicut
1882 1202 1939 1233 ea
1976 1202 2083 1250 quae
2109 1184 2199 1232 sub
2222 1185 2428 1250 pedibus

277 1277 581 1331 premuntur.
613 1289 636 1314 «
653 1269 893 1317 Velociter
918 1288 941 1313 >2
970 1267 1148 1316 scilicet
1175 1268 1223 1314 in
1254 1267 1464 1315 adventu
1493 1285 1622 1316 meo.
1651 1271 1787 1326 Quos
1813 1267 2005 1322 iterum,
2032 1267 2153 1313 sicut
2173 1266 2424 1332 deprecor,

277 1346 558 1397 observetis.
583 1369 607 1395 «
623 1351 787 1398 Gratia
804 1349 1000 1398 Domini
1018 1348 1168 1396 nostri
1181 1351 1292 1396 Jesu
1304 1348 1478 1396 Christi
1493 1348 1760 1396 vobiscum.
1782 1347 1963 1395 Salutat
1981 1364 2069 1394 vos
2086 1347 2380 1394 Timotheus.
2401 1367 2424 1392 υ

278 1430 509 1487 Quamvis
532 1430 705 1479 dixerit
726 1451 736 1479 :
762 1433 976 1480 Salutant
1001 1447 1089 1478 vos
1108 1446 1276 1477 omnes
1296 1430 1534 1491 Ecclesiae,
1572 1428 1839 1495 specialiter
1861 1438 2022 1476 tamen
2060 1438 2107 1475 et
2142 1429 2427 1475 nominatim

277 1525 336 1557 ex
350 1520 485 1576 parte
509 1512 703 1560 illorum
723 1529 846 1579 quos
869 1512 1094 1573 habebat,
1132 1511 1398 1577 praecipuos
1427 1510 1631 1558 salutare
1671 1511 1802 1576 ipsos
1829 1509 2061 1569 decrevit,
2093 1519 2147 1556 ut
2181 1519 2428 1557 tantorum

277 1592 555 1640 testimonio
584 1594 800 1642 virorum
827 1595 1004 1660 scripta
1026 1592 1228 1659 epistola
1250 1591 1578 1639 roboraretur.
1618 1611 1641 1636 «
1676 1590 1881 1655 Adjutor
1909 1606 2064 1651 meus,
2096 1599 2145 1635 et
2180 1589 2354 1637 Lucius
2382 1600 2428 1637 et

276 1673 438 1720 Jason.
463 1692 484 1716 n
511 1677 564 1721 In
584 1675 923 1741 praedicatione
943 1675 1120 1723 scilicet
1141 1684 1371 1738 tanquam
1388 1673 1734 1738 Coepiscopus,
1760 1681 1815 1719 ut
1837 1671 1903 1718 ait
1923 1669 2222 1717 Ambrosius.
2250 1669 2337 1716 Hic
2360 1680 2430 1717 est

277 1751 356 1800 ille
372 1752 636 1819 discipulus
653 1756 803 1812 Pauli,
827 1755 953 1804 filius
972 1755 1222 1820 cujusdam
1236 1753 1449 1801 mulieris
1466 1756 1488 1799 J
1494 1753 1656 1812 udaeae,
1678 1751 1831 1800 fidelis
1844 1768 1902 1799 ex
1923 1759 2058 1817 patre
2082 1749 2262 1814 gentili,
2280 1767 2428 1814 quem

276 1832 379 1898 ipse
410 1836 586 1883 Paulus
606 1836 952 1885 circumcidere
983 1835 1261 1903 compulsus
1293 1844 1380 1893 est,
1421 1835 1543 1881 sicut
1576 1834 1627 1880 in
1665 1831 1862 1880 Actibus
1899 1830 2239 1897 Apostolorum
2275 1833 2429 1879 conti-

278 1916 435 1957 netur.
471 1911 702 1975 Origenes
744 1930 756 1959 :
801 1930 825 1957 «
854 1913 1055 1960 Lucium
1091 1914 1291 1979 quidam
1327 1914 1585 1981 perhibent
1620 1931 1722 1962 esse
1757 1917 1962 1972 Lucam,
1999 1913 2083 1977 qui
2119 1909 2428 1975 Evangelium

276 1989 492 2056 scripsit,
533 2009 624 2058 pro
667 2009 727 2040 eo
760 1994 895 2059 quod
932 1994 1119 2043 soleant
1156 1997 1358 2044 nomina
1390 1995 1633 2044 interdum
1672 1993 1942 2043 secundum
1977 1993 2183 2059 patriam
2217 1992 2429 2039 declina-

276 2069 458 2118 tionem
478 2074 693 2121 Graecam
720 2076 1084 2140 Romanamque
1122 2077 1344 2142 proferri.
1384 2080 1529 2125 Jason
1567 2076 1646 2124 ille
1685 2086 1774 2135 est,
1810 2075 1870 2122 de
1907 2091 2006 2139 quo
2041 2074 2184 2119 etiam
2214 2073 2262 2118 in
2294 2073 2427 2118 Acte·-

275 2146 358 2199 ὂιώ·
384 2154 728 2217 Apostolorum
760 2156 1006 2217 scribitur,
1042 2158 1178 2222 quod
1208 2158 1595 2207 Thessalonicam
1628 2173 1718 2222 pro
1758 2155 1904 2203 Paulo
1928 2164 1976 2202 et
2007 2153 2116 2218 Syla
2141 2153 2426 2199 seditionem

274 2235 695 2283 commoventibus
730 2237 909 2298 turbis,
948 2239 1258 2304 semetipsum
1297 2239 1505 2298 dederit,
1556 2248 1607 2285 ut
1643 2236 1882 2303 Apostolis
1930 2234 2210 2282 discedendi
2255 2233 2427 2280 faceret

275 2311 566 2363 libertatem.
593 2336 614 2360 n
659 2318 973 2383 «Sosipater,
1014 2320 1207 2384 cognati
1232 2321 1344 2367 mei.
1368 2320 1534 2367 Saluto
1559 2336 1647 2366 vos
1671 2335 1781 2382 ego.
1809 2337 1834 2363 »
1862 2317 2096 2381 Origenes
2118 2331 2130 2362 t
2155 2335 2178 2357 «
2200 2314 2427 2378 Suspicor

273 2394 407 2458 quod
439 2395 540 2460 ipse
572 2397 631 2444 sit
658 2399 741 2461 qui
765 2399 814 2445 in
840 2399 1041 2446 Actibus
1062 2401 1404 2466 Apostolorum
1428 2399 1654 2448 scribitur
1690 2399 1935 2464 Sosipater
1960 2395 2129 2461 Pyrrhi
2157 2394 2421 2442 Beroensis.

274 2475 370 2533 Qui
393 2475 572 2525 litteras
598 2480 731 2526 Pauli
757 2480 1048 2541 considerat,
1076 2482 1351 2529 movebitur
1367 2481 1620 2546 quomodo
1651 2480 1827 2528 Paulus
1864 2496 1921 2526 ex
1954 2476 2166 2524 Hebraeis
2190 2474 2428 2522 Timothei

269 2559 665 2621 consanguineus
694 2560 900 2620 dicatur,
930 2562 1005 2609 vel
1036 2564 1225 2610 Jasonis
1243 2563 1319 2611 vel
1335 2564 1608 2629 Sosipatris.
1632 2566 1769 2610 Nunc
1789 2578 1905 2609 vero
1922 2576 2034 2607 cum
2050 2557 2230 2605 caeteris
2245 2572 2425 2619 nequa·

273 2653 419 2701 quam
435 2639 531 2686 hoc
551 2657 728 2688 nomen
755 2642 1033 2707 indulgeat,
1070 2654 1254 2691 certum
1285 2654 1356 2692 est
1381 2661 1493 2691 eum
1515 2644 1659 2691 aliam
1683 2642 1944 2707 quamdam
1973 2639 2311 2702 cognationem
2337 2652 2426 2683 no-

274 2717 458 2765 minare
475 2737 622 2783 quam
640 2725 982 2786 cognationem
1009 2726 1083 2772 vel
1108 2725 1576 2787 consanguinitatem
1599 2724 1702 2770 sine
1725 2722 1877 2770 dubio
1901 2720 2035 2767 sciat.
2059 2739 2081 2762 >2
2109 2717 2390 2764 Ambrosius
2411 2734 2420 2761 :

278 2817 301 2842 «
321 2800 564 2861 Cognatos
579 2802 694 2849 dicit
722 2805 894 2867 partim
920 2805 1123 2867 generis,
1152 2805 1324 2869 partim
1350 2803 1462 2850 fidei
1486 2820 1648 2851 causa.
1671 2823 1694 2846 ι)
1723 2822 1745 2845 <c
1763 2802 1962 2860 Tertius,
1993 2799 2075 2862 qui
2096 2798 2261 2862 scripsi
2292 2796 2423 2861 Epis·

273 2878 424 2926 tolam
447 2880 494 2927 in
521 2883 743 2929 nomino.
772 2885 953 2931 Salutat
983 2902 1066 2932 vos
1094 2886 1251 2931 Caius.
1278 2904 1299 2928 υ
1327 2886 1431 2931 Hoc
1457 2893 1528 2931 est
1551 2883 1764 2948 primum
1783 2897 1963 2928 nomen
1990 2880 2091 2944 ejus
2114 2878 2197 2941 qui
2216 2878 2427 2925 dictante

274 2960 442 3016 Paulo,
494 2960 618 3009 hanc
651 2964 902 3028 epistolam
940 2965 1205 3023 scribebat,
1250 2973 1483 3029 tanquam
1520 2963 1734 3011 notarius
1770 2959 2005 3027 Apostoli,
2044 2960 2167 3007 sicut
2192 2974 2331 3005 nunc,
2356 2968 2427 3005 est

272 3041 595 3089 Cancellarius
637 3045 956 3108 Apostolicus,
993 3045 1128 3110 quod
1162 3045 1359 3092 sortasse
1382 3045 1549 3092 divino
1571 3043 1785 3109 quodam
1804 3042 1982 3090 factum
2006 3050 2075 3088 est
2098 3039 2347 3105 praesagio,
2376 3048 2427 3084 ut

271 3121 492 3169 videlicet
528 3124 603 3170 ille
640 3127 803 3172 tertius
839 3126 1080 3174 diceretur
1109 3127 1326 3187 nomine,
1365 3127 1448 3191 qui
1479 3126 1647 3173 tertius
1677 3134 1779 3172 erat
1808 3123 1856 3170 in
1887 3121 2189 3188 operatione.
2225 3119 2426 3184 Spiritus

271 3202 453 3268 quippe
490 3217 683 3252 sanctus
716 3208 977 3272 inspirabat
1008 3225 1114 3268 quae
1143 3208 1399 3273 Apostolus
1422 3206 1633 3255 dictabat
1662 3223 1747 3253 seu
1772 3202 2064 3271 proferebat,
2092 3218 2198 3267 quae
2232 3201 2317 3246 iste
2341 3198 2423 3262 qui

270 3283 452 3330 Tertius
483 3285 673 3343 (licitur,
733 3299 778 3334 ut
818 3289 1003 3335 dictum
1043 3299 1139 3349 est,
1196 3305 1282 3336 sua
1323 3305 1467 3335 manu
1508 3286 1766 3335 scribebat.
1807 3284 2088 3332 Ambrosius
2127 3300 2136 3328 :
2186 3301 2207 3322 «
2232 3280 2316 3325 Hic
2355 3288 2425 3324 est

272 3361 429 3410 scriba
460 3369 668 3428 epistolar
701 3370 777 3415 cui
814 3370 1066 3434 Apostolus
1102 3369 1341 3417 concessit
1377 3386 1466 3417 suo
1502 3369 1702 3416 nomine
1740 3366 1947 3414 salutare
1983 3362 2218 3429 populum
2259 3361 2423 3405 Roma·

434 3461 462 3484 ιι
2211 3443 2260 3479 45
