2638 3866
730 198 1127 252 INTRODUCTIO
1160 199 1244 250 AD
1277 197 1684 248 THEOLOGIAM.
2218 199 2280 247 73

138 302 371 370 superbiae
394 302 644 350 conscium
666 302 741 372 sui
765 299 933 363 trahit;
960 299 1083 347 sicut
1103 300 1232 347 enim
1257 299 1490 347 nonnulla
1515 309 1626 347 sunt
1647 298 1803 359 bona,
1836 315 1941 364 quae
1977 313 2077 345 non
2112 298 2204 346 nisi
2226 314 2284 347 ex

138 383 266 432 malo
288 373 604 449 proveniunt,
637 382 705 430 ita
738 390 785 429 et
822 378 1058 428 nonnulla
1089 389 1200 428 sunt
1239 380 1364 428 mala
1396 395 1502 444 quae
1536 396 1593 426 ex
1631 378 1765 426 bono
1805 379 2041 444 originem
2065 377 2278 426 trahunt.

141 462 423 511 Poenitentia
445 462 627 528 quippe
661 461 761 509 sive
791 460 1107 508 correctionis
1138 460 1394 508 satisfactio
1422 476 1536 507 cum
1556 458 1688 506 bona
1713 459 1833 519 sint,
1873 459 1937 506 ita
1975 458 2155 507 malum
2187 458 2284 506 sac-

139 552 241 591 tum
265 542 584 603 comitantur,
610 550 665 589 ut
686 557 787 589 non
811 540 903 588 nisi
922 538 984 587 ab
1008 556 1067 588 eo
1090 540 1224 601 nasci,
1239 540 1444 607 possint.
1470 542 1508 586 E
1531 538 1775 586 contrario
1800 538 1979 586 invidia
2002 539 2099 586 sive
2121 554 2286 604 super-

139 622 307 689 perbia
328 639 442 671 cum
463 621 558 670 sint
578 621 812 687 pessimae,
836 637 863 668 a
882 619 1025 668 bonis
1051 620 1242 669 initium
1266 619 1466 668 hahent.
1507 621 1660 667 Nemo
1686 618 1864 684 quippe
1889 618 2069 666 invidia
2093 618 2286 667 alterius

138 710 427 764 attenuatur,
454 701 544 750 nisi
569 717 658 767 pro
680 699 828 748 bonis
851 700 970 765 ejus,
998 710 1045 749 et
1068 717 1216 748 nemo
1248 700 1338 748 nisi
1362 717 1419 748 ex
1438 698 1583 747 bonis
1601 689 1709 764 quae
1730 715 1779 745 se
1803 698 1982 746 habere
2005 699 2283 762 cognoscit,

139 783 188 829 in
210 781 484 849 superbiam
512 780 770 829 extollitur.
798 779 937 829 Unde
955 790 1002 828 et
1018 780 1206 828 Lucifer
1228 779 1307 828 ille
1331 780 1414 845 qui
1436 795 1577 827 mane
1600 777 1861 838 oriebatur,
1889 785 2021 827 tanto
2038 777 2099 826 ad
2121 796 2288 844 super·-

139 862 373 912 biendum
395 862 599 930 pronior
619 861 819 922 exstitit,
858 870 1040 926 quanto
1075 862 1246 909 ceteris
1273 860 1499 924 angelicis
1532 858 1776 925 spiritibus
1809 857 1896 925 per
1933 860 2175 924 sapientiae
2215 860 2288 907 vel

139 943 344 993 scientiae
373 942 636 991 claritatem
657 941 876 1007 superior
905 942 1015 1003 fuit3
1049 958 1139 989 nec
1171 949 1330 990 tamen
1364 940 1474 988 ideo
1503 940 1789 1006 sapientiam
1811 940 1913 1004 ejus
1936 939 2011 987 vel
2038 940 2285 988 scientiam

140 1021 200 1070 de
223 1022 406 1071 naturis
430 1038 592 1070 rerum
611 1021 962 1087 cognoscendis
989 1038 1136 1086 quam
1173 1038 1201 1070 a
1235 1023 1339 1069 Deo
1376 1030 1660 1086 acceperat,
1699 1019 1878 1068 malam
1903 1020 1999 1068 dici
2030 1021 2287 1080 convenit,

139 1101 250 1150 licet
264 1103 343 1151 ille
360 1101 688 1169 superbiendo
706 1101 786 1150 illa
807 1102 931 1150 male
951 1118 1066 1150 usus
1085 1102 1163 1150 sit.
1183 1101 1261 1149 Sic
1277 1110 1454 1153 etcum
1476 1100 1678 1165 quilibet
1700 1100 1760 1148 de
1779 1100 2088 1167 philosophia
2111 1117 2195 1149 sua
2218 1102 2290 1149 vel

140 1181 359 1231 doctrina
385 1182 619 1249 superbit,
644 1199 743 1230 non
769 1183 925 1249 ipsam
948 1182 1196 1230 scientiam
1215 1182 1410 1247 culpare
1429 1180 1661 1229 debemus
1683 1191 1883 1247 propter
1913 1180 2193 1246 adjunctum
2222 1182 2290 1229 vi·

142 1262 278 1324 tium,
297 1262 383 1312 sed
399 1262 787 1330 unumquodque
813 1262 1082 1311 secundum
1101 1264 1311 1329 seipsum
1334 1262 1527 1328 pensari
1548 1261 1792 1319 convenit,
1811 1278 1872 1309 ne
1891 1262 2014 1309 forte
2036 1261 2292 1309 indiscrete

140 1353 350 1408 agentes,
386 1343 720 1411 propheticam
754 1343 884 1394 illam
916 1342 1308 1393 maledictionem
1347 1344 1703 1390 incurramus¹:
1734 1345 1862 1389 «Vae
1904 1341 1978 1389 his
2012 1344 2094 1407 qui
2125 1342 2291 1391 dicunt

141 1421 329 1471 bonum
344 1424 543 1485 malum,
563 1435 612 1472 et
635 1424 815 1472 malum
834 1423 1043 1484 bonum,
1060 1434 1298 1490 ponentes
1317 1424 1474 1472 lucem
1492 1421 1736 1482 tenebras,
1758 1432 1805 1469 et
1829 1422 2051 1470 tenebras
2071 1422 2244 1470 lucem.
2266 1443 2288 1467 υ

206 1507 317 1553 Haec
339 1504 568 1553 adversus
588 1506 696 1553 illos
720 1505 847 1554 dicta
870 1504 1109 1553 sufficiant
1131 1506 1216 1570 qui
1235 1522 1331 1553 suae
1354 1505 1604 1570 imperitiae
1626 1502 1851 1551 solatium
1876 1513 2160 1568 quaerentes,
2180 1520 2293 1551 cum

143 1601 233 1632 nos
254 1585 411 1650 aliqua
437 1585 497 1633 de
520 1585 871 1652 philosophicis
895 1585 1199 1634 documentis
1221 1585 1439 1651 exempla
1455 1623 1467 1647 ,
1500 1585 1577 1632 vel
1601 1583 1935 1631 similitudines
1963 1584 2192 1631 inducere
2225 1584 2293 1631 vi-

143 1664 325 1727 derint,
351 1665 528 1730 quibus
550 1665 742 1731 planius
762 1666 899 1731 quod
922 1665 1146 1722 volumus
1169 1665 1274 1726 fiat,
1301 1666 1459 1713 statim
1484 1663 1793 1730 obstrepunt,
1833 1664 1970 1728 quasi
2006 1679 2147 1712 sacrae
2183 1663 2295 1712 fidei

144 1755 190 1792 et
222 1744 399 1793 divinis
434 1745 704 1794 rationibus
736 1746 849 1812 ipsae
872 1755 1053 1795 naturae
1076 1763 1238 1794 rerum
1265 1763 1294 1795 a
1319 1748 1423 1794 Deo
1446 1745 1754 1793 conditarum
1778 1745 1982 1792 inimicae
2005 1744 2290 1803 videantur3

142 1842 347 1891 quarum
386 1825 609 1874 videlicet
650 1836 931 1875 naturarum
981 1828 1239 1876 maximam
1274 1843 1302 1876 a
1338 1829 1441 1874 Deo
1486 1826 1708 1893 peritiam
1744 1825 1834 1892 ipsi
1870 1835 1981 1873 sunt
2017 1824 2296 1891 philosophi

143 1905 412 1966 consecuti,
454 1916 507 1954 ut
539 1923 652 1954 cum
686 1908 837 1956 sancti
873 1907 1094 1956 doctores
1126 1907 1462 1972 allegoriarum
1499 1906 1726 1973 mysteria
1755 1907 1805 1953 in
1842 1906 1955 1971 ipsis
1987 1905 2291 1966 animalium,

143 1986 217 2034 vel
240 1985 566 2053 quarumlibet
590 1989 774 2036 naturis
800 2006 964 2036 rerum
987 1990 1290 2055 investigent,
1313 1989 1448 2054 juxta
1470 1990 1687 2055 ipsorum
1711 1987 2117 2054 philosophorum
2141 1987 2293 2045 dicta,

142 2066 229 2115 has
251 2067 514 2131 assignent,
541 2067 753 2136 dicentes
776 2069 973 2135 quidem
994 2069 1122 2117 hanc
1142 2070 1287 2135 hujus
1300 2069 1377 2118 vel
1392 2069 1519 2118 illius
1542 2079 1765 2117 naturam
1787 2085 1889 2116 esse
1910 2068 2005 2131 rei,
2032 2069 2153 2116 sicut
2175 2068 2297 2134 phy-

142 2148 248 2195 sicae
272 2147 528 2214 scriptores
550 2148 869 2197 tradiderunt.
899 2153 953 2198 In
972 2159 1161 2199 tantum
1183 2167 1299 2198 vero
1324 2151 1428 2217 ipsa
1454 2150 1637 2198 factura
1658 2148 1923 2197 delectatur
1945 2151 2100 2211 Deus,
2129 2158 2182 2196 ut
2205 2148 2296 2196 fre-

143 2235 364 2291 quenter,
393 2227 508 2292 ipsis
531 2244 692 2277 rerum
716 2230 899 2278 naturis
918 2231 1255 2300 quascreavit,
1282 2246 1332 2279 se
1355 2230 1547 2295 figurari
1572 2230 1722 2294 magis
1743 2245 1891 2295 quam
1915 2228 2075 2277 verbis
2094 2230 2294 2290 nostris,

143 2322 249 2371 quae
271 2323 361 2354 nos
383 2306 706 2356 confinximus
727 2318 809 2357 aut
830 2301 1128 2376 invenimus,
1166 2311 1372 2376 exprimi
1394 2310 1508 2359 velit
1516 2345 1532 2370 ‚
1566 2320 1620 2358 ut
1643 2309 1794 2374 magis
1817 2311 1919 2376 ipsa
1940 2325 2102 2357 rerum
2131 2309 2295 2357 simili·

145 2385 336 2447 tudine,
361 2403 508 2452 quam
531 2388 794 2439 verborum
815 2396 1095 2449 nostrorum
1124 2391 1331 2455 gaudeat
1351 2392 1648 2458 proprietate
1665 2428 1678 2452 ,
1713 2400 1767 2438 ut
1805 2390 1867 2438 ad
1903 2390 2186 2455 eloquentiae
2216 2406 2296 2437 ve-

143 2475 380 2515 nustatem
406 2468 521 2534 ipsis
546 2485 708 2517 rerum
731 2473 930 2531 naturis,
953 2471 1088 2536 juxta
1113 2471 1326 2536 aliquam
1350 2471 1733 2533 similitudinem,
1761 2487 1851 2536 pro
1876 2465 2041 2518 verbis
2055 2471 2297 2536 Scriptura

144 2545 278 2594 malit
298 2548 392 2608 uti,
418 2557 564 2614 quam
587 2550 795 2615 propriae
818 2550 1076 2600 locutionis
1108 2552 1428 2617 integritatem
1460 2553 1612 2618 sequi.
1641 2556 1792 2600 Nemo
1815 2551 1976 2616 itaque
2002 2568 2079 2598 me
2103 2550 2296 2615 culpare

142 2636 422 2691 praesumat,
447 2628 483 2676 si
508 2628 570 2676 ad
593 2630 902 2697 propositum
918 2640 1139 2679 nostrum
1159 2631 1522 2680 ⁴ostendendum
1543 2669 1556 2694 ,
1582 2631 1767 2697 aliquas
1786 2632 1859 2678 vel
1891 2648 1947 2678 ex
1971 2630 2113 2678 nobis
2136 2630 2211 2677 vel
2235 2647 2294 2677 ex

142 2704 444 2773 philosophis
468 2708 804 2759 similitudines
827 2710 1063 2760 induxero
1087 2749 1100 2774 ,
1136 2711 1312 2776 quibus
1336 2711 1518 2759 facilius
1542 2712 1727 2776 aperire
1750 2710 1883 2775 quod
1906 2710 2126 2758 desidero
2143 2748 2156 2772 ,
2179 2728 2295 2777 pos-

143 2785 251 2832 sim.
292 2787 532 2852 Scriptum
576 2790 759 2855 quippe
795 2800 866 2839 est
885 2808 897 2837 ε
928 2811 951 2834 «
977 2794 1065 2839 Fas
1103 2800 1173 2838 est
1209 2791 1271 2838 ab
1303 2790 1443 2838 hoste
1476 2790 1666 2852 doceri,
1693 2808 1716 2832 2>
1741 2800 1788 2837 et
1824 2806 1936 2837 cum
1974 2790 2294 2856 intelligentiae

143 2865 441 2914 deservimus
458 2903 471 2929 ,
495 2867 654 2915 modis
676 2869 903 2918 omnibus
928 2870 1200 2918 curandum
1219 2879 1290 2917 est
1309 2905 1322 2930 ,
1350 2878 1405 2916 ut
1421 2869 1587 2934 quoad
1610 2885 1866 2936 possumus
1895 2869 1946 2917 id
1971 2870 2107 2919 facile
2140 2871 2293 2921 facere

144 2944 436 2994 studeamus.
477 2946 617 2994 Unde
649 2957 719 2995 est
756 2948 876 2996 illud
913 2948 1044 2997 beati
1081 2950 1336 2997 consilium
1373 2949 1645 3014 Augustini,
1685 2950 1735 2996 in
1758 2960 1932 3014 quarto
1971 2950 2028 2997 de
2061 2954 2294 3000 Doctrina

144 3025 432 3088 christiana,
457 3025 542 3074 ubi
565 3027 763 3092 quidem
788 3028 1069 3077 Christianae
1092 3028 1322 3078 doctrinae
1348 3029 1523 3078 modos
1545 3031 1821 3096 exsequitur
1844 3047 1901 3078 ac
1919 3030 2085 3079 docet'
2105 3050 2115 3078 ε
2142 3052 2167 3078 «
2187 3035 2293 3080 Non

150 3115 346 3154 curante
371 3106 456 3154 illo
473 3143 486 3167 ,
511 3107 669 3173 inquit
686 3145 699 3169 ,
722 3109 806 3174 qui
828 3109 988 3170 docet,
1013 3119 1195 3174 quanta
1219 3109 1494 3176 eloquentia
1516 3110 1706 3172 doceat,
1729 3110 1813 3159 sed
1833 3121 2011 3177 quanta
2036 3112 2291 3161 evidentia.

191 3285 200 3303 ¹
216 3287 300 3320 lsai.
314 3314 322 3327 ,
345 3299 418 3332 cap.
446 3300 480 3332 v,
502 3300 532 3325 v,
551 3294 603 3326 20.
623 3311 661 3317 —
675 3294 770 3326 ²Lib.
790 3293 845 3336 lv,
862 3303 937 3336 cap.
954 3304 993 3337 x,
1012 3295 1124 3339 Opp„
1135 3301 1158 3329 t.
1187 3295 1230 3329 111
1244 3319 1253 3339 ‚
1267 3296 1335 3330 col.
1355 3297 1407 3329 ¹13.

309 3363 341 3387 11
2087 3362 2133 3399 10
2175 3374 2181 3379 ·
