2638 3866
298 281 393 331 330
1106 275 1277 323 PETRI
1317 275 1631 324 ABAELARDI

295 380 562 428 doctrinam
600 376 662 425 ad
705 377 906 425 salutem
951 377 1167 425 sufficere
1197 377 1300 424 sine
1333 376 1606 424 carnalibus
1642 374 1758 438 legis
1801 373 2139 435 observantiis,
2181 390 2282 421 non
2321 374 2430 422 ideo

294 477 406 508 eum
442 458 684 522 abjiciant,
728 457 812 505 sed
853 467 1095 507 assumant
1128 473 1241 505 eum
1282 457 1555 506 venientem
1589 454 1770 504 scilicet
1802 454 1866 502 ad
1899 455 2291 514 conversionem,
2329 471 2429 502 non

292 540 609 604 disceptantes
638 536 699 585 de
725 538 1094 603 cogitationibus
1124 538 1244 603 ejus,
1275 537 1326 585 id
1364 547 1436 585 est
1464 537 1524 585 de
1551 535 1650 584 hoc
1681 535 1816 601 quod
1840 536 1890 583 in
1915 534 2090 583 talibus
2124 534 2292 594 credit,
2328 551 2427 582 non

290 617 635 666 contendentes
662 635 673 664 ε
699 618 837 667 facile
860 621 990 667 enim
1011 618 1290 682 contingere
1311 627 1471 684 potest
1503 627 1557 665 ut
1575 618 1660 683 qui
1684 617 1735 664 in
1762 616 1959 665 exordio
1985 633 2081 664 suae
2104 615 2430 663 conversionis

287 698 576 763 imperfecta?
601 708 671 747 est
695 698 826 762 fidei,
853 701 1082 766 paulatim
1102 698 1417 766 postmodum
1435 699 1693 746 instructus
1711 696 1774 745 ad
1793 697 2138 763 perfectionem
2159 694 2425 761 perveniat.

290 797 314 823 «
333 778 463 826 Alius
485 780 634 827 enim.
656 800 679 823 >2
704 780 843 828 Unde
866 781 1237 847 disceptationes
1266 778 1412 844 hujus
1433 780 1527 826 sint
1554 778 1752 844 exponit
1775 778 1958 838 dicens,
1992 777 2105 842 quia
2136 774 2258 823 alius
2279 789 2426 839 quam

284 858 361 906 ille
391 859 568 907 scilicet
591 861 876 925 praemissus,
909 861 992 926 qui
1014 860 1306 926 imperfectae
1328 869 1400 907 θεῖ
1423 858 1563 921 fidei,
1599 880 1621 904 ι(
1640 857 1794 906 credit
1817 874 1868 906 se
1890 856 2183 905 manducare
2208 854 2421 915 omnia,»

228 931 231 940 ⁶
284 938 334 985 id
357 948 428 986 est
449 939 591 988 licere
614 939 704 988 sibi
728 941 1019 1005 quibuslibet
1041 940 1161 989 cibis
1184 940 1329 1002 vesci,
1355 949 1410 987 ut
1428 939 1618 987 nullum
1639 938 1860 987 videlicet
1882 937 1997 986 inde
2018 946 2203 985 reatum
2227 943 2425 1000 propter

282 1019 435 1083 legem
458 1021 686 1069 incurrat.
717 1041 740 1068 «
763 1023 860 1081 Qui
884 1032 1062 1071 autem.
1094 1042 1118 1066 >²
1143 1024 1205 1070 Ac
1227 1022 1266 1070 si
1288 1018 1498 1069 diceret:
1521 1019 1615 1067 Sed
1632 1020 1716 1084 qui
1738 1020 1836 1067 hoc
1854 1034 1955 1066 non
1982 1015 2135 1066 credit
2150 1052 2164 1076 ,
2190 1015 2423 1063 abstineat

281 1098 343 1146 ab
366 1099 441 1147 his
465 1101 642 1149 scilicet
664 1118 788 1167 quos
806 1106 940 1151 v¹....
968 1102 1103 1165 cibis,
1131 1120 1194 1150 ne
1215 1102 1439 1150 videlicet
1462 1110 1634 1148 contra
1655 1100 1996 1148 conscientiam
2016 1097 2264 1163 propriam
2280 1109 2423 1159 agens

278 1191 460 1244 peccet.
488 1185 547 1228 Et
574 1181 670 1229 hoc
706 1193 776 1230 est
817 1202 827 1230 :
856 1185 951 1243 Qui
988 1183 1208 1231 infirmus
1244 1192 1329 1243 est,
1370 1183 1419 1229 in
1459 1181 1552 1229 hac
1587 1180 1764 1229 scilicet
1798 1179 1894 1228 fide
1928 1178 2207 1237 verborum,
2250 1176 2422 1228 timens

274 1260 451 1308 scilicet
480 1278 531 1308 se
552 1263 871 1331 contaminari
904 1263 1192 1329 quibusdam
1231 1263 1372 1325 cibis,
1415 1282 1439 1308 «
1460 1262 1567 1309 olus
1602 1261 1879 1323 manducet,
1901 1279 1924 1305 »
1949 1260 2000 1308 id
2028 1268 2100 1307 est
2135 1257 2185 1305 id
2217 1257 2263 1304 ei
2293 1273 2421 1304 cou—

271 1340 394 1399 sulO‚
428 1349 480 1389 ut
517 1342 584 1389 eis
620 1349 782 1391 utatur
817 1344 955 1404 cibis,
991 1360 1114 1410 quos
1143 1353 1190 1391 et
1227 1343 1363 1391 facile
1397 1343 1553 1409 possit·
1578 1341 1774 1402 habere,
1804 1351 1851 1389 et
1875 1341 2036 1389 minus
2071 1337 2283 1387 scandali
2317 1336 2420 1385 aliis

268 1419 382 1468 inde
414 1420 658 1487 praebere,
695 1433 744 1470 et
774 1423 1062 1472 nonnullam
1094 1424 1239 1472 etiam
1273 1440 1368 1471 suae
1399 1423 1645 1486 religionis
1674 1421 2149 1471 commendationem
2179 1418 2413 1483 accipere.

268 1500 316 1546 Si
338 1500 468 1548 enim
491 1502 605 1550 alias
628 1519 796 1551 carnes
819 1503 998 1566 ederet,
1025 1503 1141 1552 alias
1171 1520 1302 1565 non3
1329 1503 1466 1552 facile
1482 1502 1726 1569 judaizare
1750 1502 2134 1551 convinceretur.
2176 1498 2271 1546 Sed
2305 1514 2416 1547 cum

267 1579 327 1627 ab
366 1582 593 1630 omnibus
633 1585 960 1632 communiter
995 1583 1217 1648 abstinet,
1259 1594 1306 1632 et
1343 1584 1595 1633 vilioribus
1628 1592 1884 1632 contentus
1920 1591 1991 1630 est
2025 1580 2163 1641 cibis,
2198 1578 2416 1644 religioni
2450 1599 2453 1602 ·

271 1662 434 1725 potius
456 1678 603 1727 quam
627 1664 778 1711 errori
801 1664 914 1712 fidei
937 1665 1209 1730 deputatur.

335 1762 358 1785 «
378 1744 421 1789 ls
443 1743 544 1807 qui.
565 1763 588 1788 r>
619 1747 879 1809 Postquam
909 1745 1028 1793 dixit
1057 1746 1107 1792 in
1133 1745 1307 1793 talibus
1329 1762 1429 1793 non
1456 1762 1558 1794 esse
1581 1744 1994 1803 contendendum,
2012 1742 2128 1790 dicit
2148 1740 2292 1788 etiam
2313 1755 2412 1787 non

263 1820 326 1868 ab
349 1822 500 1870 altero
525 1823 575 1870 in
598 1824 747 1872 corde
769 1842 877 1887 suo,
897 1836 950 1873 ut
968 1826 1104 1891 quasi
1123 1825 1458 1875 damnandum
1482 1835 1690 1888 censeat,
1714 1826 1794 1890 qui
1817 1841 1918 1872 non
1941 1822 2205 1871 manducat
2227 1819 2408 1879 omnia,

260 1900 310 1948 id
349 1911 420 1950 est
450 1919 478 1951 a
513 1904 806 1969 quibusdam
840 1905 1062 1954 abstinet.
1098 1909 1195 1954 «Et
1226 1908 1311 1972 qui
1341 1924 1442 1955 non
1479 1906 1743 1955 manducat
1763 1924 1785 1950 n
1810 1905 1989 1952 scilicet
2026 1901 2191 1950 omnia
2229 1899 2411 1964 simpli-

260 1982 391 2041 citer,
430 2000 531 2031 non
563 1985 675 2033 ideo
693 1986 894 2050 judicet,
922 1986 972 2034 id
996 1996 1066 2034 est
1103 1987 1439 2035 damnandum
1471 1996 1663 2036 censeat
1692 1985 2092 2045 manducantem,
2126 1981 2263 2046 quasi
2295 1980 2411 2043 legis

258 2071 673 2128 transgressorem,
705 2085 728 2112 «
749 2070 878 2114 Deus
912 2068 1043 2115 enim
1076 2067 1237 2128 illum,
1261 2087 1284 2114 »
1307 2079 1407 2116 tam
1445 2068 1624 2116 scilicet
1647 2067 1731 2132 qui
1769 2065 2030 2114 manducat
2051 2079 2198 2128 quam
2221 2061 2307 2126 qui
2327 2060 2409 2108 ab-

256 2144 419 2206 stinet,
459 2146 681 2207 assumit,
721 2163 821 2195 non
862 2147 1025 2214 aincit
1054 2167 1064 2195 :
1094 2149 1235 2196 multi
1267 2150 1446 2197 etenim
1483 2149 1546 2196 ad
1579 2148 1727 2196 fidem
1758 2146 1983 2195 conversi
2016 2154 2130 2192 sunt
2161 2143 2210 2190 in
2245 2141 2408 2189 multis

256 2223 415 2271 adhuc
447 2236 683 2289 errantes,
709 2238 757 2275 et
785 2237 954 2293 postea
977 2229 1210 2295 paulatim
1242 2227 1357 2277 inde
1380 2229 1591 2295 correpti
1611 2238 1660 2278 et
1691 2228 1852 2277 edocti
1885 2235 2013 2275 sunt.
2040 2228 2163 2273 Nota
2186 2221 2318 2288 quod
2342 2223 2407 2270 ait

259 2323 280 2345 <t
300 2306 573 2370 assumpsit,
593 2308 795 2372 »potius
809 2324 837 2356 a
850 2312 954 2356 Deo
971 2326 1119 2374 quam
1136 2327 1223 2375 per
1244 2326 1294 2357 se
1312 2311 1604 2372 venientem,
1620 2310 1757 2374 juxta
1774 2307 1896 2356 illud
1908 2305 2131 2355 Veritatis
2143 2306 2186 2350 ²:
2214 2306 2405 2351 «Nemo

253 2385 383 2432 venit
399 2385 459 2432 ad
476 2402 570 2446 me,
589 2388 681 2434 nisi
702 2391 840 2436 Pater
860 2390 997 2437 meu's
1012 2390 1205 2438 traxerit
1219 2407 1348 2438 eum.
1369 2409 1393 2435 »
1414 2394 1521 2438 «Tu
1537 2390 1645 2455 quis
1671 2407 1738 2437 es.
1761 2409 1785 2435 »
1813 2393 1877 2437 Ac
1890 2389 1929 2436 si
1952 2387 2133 2435 diceret
2153 2403 2164 2433 :
2184 2387 2338 2443 Quem
2360 2393 2405 2432 te

250 2479 352 2511 esse
376 2465 630 2527 existimas,
658 2468 742 2532 qui
766 2470 1015 2534 praesumis
1038 2486 1229 2517 servum
1252 2470 1448 2517 alterius
1469 2469 1707 2533 judicare,
1734 2469 1785 2517 id
1808 2478 1879 2517 est
1901 2468 1963 2516 de
1985 2467 2060 2513 his
2084 2482 2189 2530 quae
2218 2463 2403 2527 agenda

249 2540 359 2592 sunt
390 2545 435 2592 ei
462 2562 552 2611 pro
585 2557 670 2595 tuo
706 2548 906 2596 arbitrio
933 2549 1223 2615 disponere?
1247 2549 1393 2608 Quod
1424 2559 1493 2597 est
1521 2549 1680 2597 dicere
1705 2567 1715 2595 ε
1742 2549 1941 2596 Dimitte
1974 2547 2101 2595 hanc
2136 2543 2402 2592 ordinatio·

247 2640 359 2672 nem
386 2626 491 2673 vitae
515 2628 640 2675 servi
668 2627 871 2676 domino
899 2646 1014 2689 suo,
1043 2629 1129 2695 qui
1159 2630 1235 2678 vel
1259 2646 1346 2696 per
1373 2630 1586 2695 seipsum
1617 2629 1695 2677 vel
1725 2645 1812 2695 per
1833 2627 2040 2676 vicarios
2063 2641 2176 2672 suos
2205 2623 2267 2673 de
2294 2622 2396 2684 his,

249 2719 360 2751 cum
383 2707 604 2769 voluerit,
628 2725 741 2756 eum
765 2709 991 2770 instruat,
1020 2726 1122 2758 non
1151 2720 1204 2758 tu
1234 2710 1315 2775 qui
1341 2726 1604 2758 conservus
1627 2727 1695 2770 es,
1721 2726 1813 2757 nec
1841 2707 2015 2756 venisti
2034 2706 2288 2771 imperare,
2314 2703 2398 2752 sed

250 2782 462 2847 obedire,
488 2787 611 2834 sicut
631 2798 678 2836 et
699 2789 794 2836 ille.
825 2810 849 2833 «
870 2791 968 2837 Suo
987 2790 1218 2837 Domino.
1239 2789 1338 2837 »Id
1362 2800 1434 2838 est
1456 2789 1655 2837 arbitrio
1668 2788 1867 2837 Domini
1889 2787 1963 2835 sui
1980 2784 2271 2834 stat³bonus
2293 2781 2398 2845 ejus

249 2870 396 2910 status
424 2865 473 2911 in
505 2865 619 2928 fide,
651 2869 782 2916 unde
807 2869 969 2935 lapsus
1002 2871 1053 2917 in
1080 2886 1300 2918 errorem
1326 2869 1671 2935 relinquendus
1706 2878 1801 2930 est,
1836 2866 1967 2916 etad
1997 2867 2155 2932 ipsum
2186 2872 2397 2911 tantum·

249 2941 397 2989 modo
433 2956 616 3009 spectat
647 2959 933 3014 utrumque,
966 2967 995 2998 a
1028 2967 1126 3015 quo
1164 2951 1267 3017 ipse
1307 2951 1443 3014 quod
1483 2951 1712 2999 meruerit
1748 2957 2030 3014 recepturus
2067 2956 2157 2995 est.
2202 2941 2396 2990 «Stabit

247 3030 423 3069 autem.
445 3043 471 3066 2>
489 3027 552 3072 Ac
575 3026 614 3073 si
638 3026 816 3077 diceret
835 3047 845 3075 z
864 3030 1002 3076 Dixi:
1028 3050 1050 3074 κ
1066 3032 1168 3077 Stat
1190 3040 1274 3078 aut
1296 3031 1442 3079 cadit.
1467 3050 1492 3076 >1
1518 3031 1613 3079 Sed
1633 3031 1747 3096 quia
1770 3046 1875 3094 quae
1889 3029 2016 3076 dicta
2030 3025 2206 3074 suntin
2224 3021 2393 3071 melio-

245 3115 346 3148 rem
371 3112 559 3167 partem
575 3106 874 3173 interpretari
898 3110 971 3156 vel
994 3125 1236 3175 exponere
1263 3110 1516 3174 debemus,
1543 3111 1662 3159 dico¹
1680 3110 1845 3176 potius
1863 3128 1886 3154 α
1905 3107 2067 3167 stabit,
2086 3123 2109 3150 »
2131 3104 2180 3152 id
2201 3113 2390 3152 estnon

242 3357 266 3390 T
285 3304 365 3337 'Hic
390 3305 512 3393 aliffugd
534 3306 567 3340 in
592 3308 705 3342 codice
729 3309 841 3344 deesse
866 3311 1059 3346 Amboesius
1079 3313 1150 3355 ipse
1175 3315 1305 3356 punctis
1331 3316 1535 3358 interpositis
1557 3319 1681 3349 monet.
1701 3332 1737 3338 -
1755 3315 1767 3333 ²
1783 3312 1877 3346 Jonn.
1904 3321 1976 3353 cap.
2005 3321 2056 3352 vi,
2080 3320 2110 3344 v.
2131 3312 2183 3345 44.
2203 3328 2243 3333 —
2260 3311 2272 3330 ³
2288 3310 2383 3343 Amb.

265 3367 323 3392 am
339 3368 401 3400 pro
419 3369 435 3393 s
451 3369 471 3393 α
492 3384 500 3393 .
