2638 3866
0 2666 26 2735 ΓΙ

783 226 1177 276 lNTRODUCTlO
1211 228 1294 277 AD
1327 227 1735 277 THEOLOGIAM.
2243 231 2336 279 433

192 334 352 379 Potest
373 329 571 396 quippe,
597 344 710 376 cum
733 326 844 376 dico
869 344 880 374 z
906 329 1036 375 Deus
1068 327 1156 376 scit
1187 328 1337 377 modo
1360 329 1412 378 id
1440 329 1620 379 sactum
1653 345 1780 391 esse,
1811 327 1951 377 modo
1980 328 2125 390 illud,
2152 340 2251 379 tam
2274 333 2334 380 ad

188 413 278 459 scit
295 427 442 477 quam
459 410 521 459 ad
542 411 729 477 factum
747 425 847 456 esse
868 406 1051 456 referri.
1069 411 1135 456 Ac
1151 409 1189 456 si
1211 409 1434 459 videlicet
1449 411 1515 459 ita
1531 410 1717 459 dicatur
1735 428 1744 457 :
1768 410 1918 459 modo
1938 411 2027 458 scit
2044 411 2140 459 hoc
2156 411 2334 460 factum

190 507 291 540 esse
307 529 320 554 ‚
347 491 399 540 id
422 500 494 540 est
514 489 665 538 modo
684 488 833 538 habet
851 487 979 536 hanc
1007 489 1256 538 scientiam
1291 491 1428 557 quod
1461 491 1558 540 hoc
1596 490 1776 538 sactum
1808 500 1905 553 est,
1931 491 2005 539 vel
2029 492 2115 540 scit
2134 493 2268 557 quod
2288 494 2336 540 id

191 572 342 621 modo
365 573 545 621 factum
567 580 664 634 est,
693 587 798 637 quae
815 569 958 634 longe
977 569 1165 619 diversa
1183 582 1311 619 sunt.
1339 573 1416 621 Sic
1440 582 1487 621 et
1517 589 1630 621 cum
1652 571 1856 620 dicimus
1873 571 1934 620 de
1957 576 2064 635 eo¹,
2093 574 2226 639 quod
2251 575 2340 623 scit

191 653 361 716 modo,
384 653 500 719 quia
519 652 607 701 scit
628 651 749 699 illud
771 650 920 699 modo
945 650 1050 699 fleri
1072 652 1208 717 quod
1229 669 1330 701 non
1361 654 1449 702 scit
1470 662 1640 720 postea
1662 652 1791 711 fieri,
1821 653 1859 700 si
1890 662 1989 701 tam
2025 654 2163 702 modo
2192 672 2338 720 quam

184 744 355 798 postea
376 733 439 782 ad
471 734 564 781 scit
579 733 873 790 referantur,
902 731 1074 780 salsum
1103 742 1191 780 est.
1215 736 1286 781 Ex
1308 750 1367 782 eo
1390 734 1608 801 profecto
1633 732 2003 782 concedendum
2031 745 2175 796 esset,
2205 736 2338 802 quod

190 814 310 863 illud
323 831 522 880 quoque
537 813 834 879 quandoque
852 813 964 876 scit,
982 812 1278 879 quandoque
1303 816 1448 863 etiam
1464 831 1564 863 non
1585 814 1689 862 scit.
1717 815 1766 862 Si
1787 831 1904 862 vero
1924 814 1985 862 ad
1998 816 2120 878 fieri
2140 827 2340 881 utraque

190 896 568 961 conjungantur,
587 912 756 944 verum
774 905 845 943 est
864 894 998 960 quod
1020 894 1196 942 dicitur
1215 913 1226 942 :
1254 912 1345 944 nec
1366 895 1482 944 inde
1501 895 1819 944 annuendum
1840 904 1911 944 est
1933 896 2068 960 quod
2091 897 2220 945 aliud
2239 914 2339 945 uno

190 985 409 1044 tempore
443 977 562 1025 sciat
590 976 725 1041 quod
764 976 859 1024 alio
898 975 1094 1024 nesciat.
1123 974 1178 1023 Id
1202 985 1300 1037 est,
1328 992 1441 1024 cum
1476 975 1756 1041 hujusmodi
1786 975 2028 1024 adverbiis
2058 976 2160 1025 haec
2194 978 2342 1026 verba

192 1056 388 1118 faciunt,
407 1057 505 1105 vult
519 1066 566 1106 et
573 1067 758 1122 potest,
779 1056 997 1105 similiter
1014 1073 1127 1104 cum
1141 1056 1209 1104 eis
1224 1059 1438 1105 sensum’
1456 1057 1705 1105 variantia.
1727 1057 1776 1104 Si
1795 1057 1926 1104 enim
1944 1057 2158 1106 dicatur:
2183 1068 2341 1124 potest

115 1191 118 1194 ,
189 1139 319 1186 Deus
347 1138 398 1186 id
433 1137 582 1186 modo
612 1138 790 1201 facere,
819 1147 867 1186 et
888 1137 952 1186 ad
973 1136 1180 1186 verbum
1198 1176 1210 1200 ,
1237 1149 1425 1204 potest,
1451 1137 1681 1186 adverbia
1712 1137 2009 1200 referantur,
2037 1138 2341 1187 salsissimum

190 1229 261 1267 est
289 1237 300 1266 :
328 1219 442 1285 quia
459 1219 561 1285 jam
582 1229 922 1285 unotempore
941 1218 1203 1284 quamdam
1224 1219 1374 1268 habet
1394 1219 1680 1286 potentiam,
1706 1235 1851 1284 quam
1878 1219 1972 1266 alio
1995 1236 2096 1266 non
2121 1219 2336 1268 haberet.

188 1300 238 1347 Si
259 1316 374 1348 vero
397 1300 460 1348 ad
481 1303 643 1366 facere
664 1310 868 1366 utraque
883 1299 1267 1365 conjungantur,
1293 1301 1597 1349 verissimum
1620 1310 1706 1348 est.
1736 1303 1793 1347 Et
1812 1300 1934 1347 sicut
1955 1316 2055 1348 non
2075 1301 2339 1348 ostendun-

191 1390 266 1429 tur
288 1380 486 1430 diversae
506 1382 713 1430 scientiae
730 1399 843 1429 cum
867 1381 1040 1430 dicitur
1070 1381 1131 1428 de
1152 1381 1282 1447 ipso,
1311 1382 1425 1446 quia
1447 1381 1583 1430 scivit
1607 1380 1722 1429 olim
1747 1381 2101 1429 incarnandum
2125 1398 2226 1430 esse
2242 1418 2254 1442 ‚
2277 1383 2343 1430 ita

189 1472 238 1510 et
267 1479 380 1511 cum
402 1462 575 1511 dicitur
599 1481 610 1509 ι
640 1463 756 1511 olim
780 1463 939 1529 potuit
960 1463 1225 1523 incarnari,
1251 1473 1298 1511 et
1320 1463 1471 1511 modo
1498 1472 1656 1529 potest
1682 1463 1956 1510 incarnatus
1978 1479 2104 1522 esse,
2130 1462 2343 1528 possibi-

189 1542 295 1592 litas
317 1544 603 1592 ostenditur.
635 1546 741 1591 Non
770 1545 900 1592 enim
926 1560 1039 1591 cum
1063 1544 1238 1591 dicitur
1267 1561 1350 1610 per
1374 1545 1727 1592 successionem
1752 1543 1984 1609 temporis
1999 1580 2011 1603 ,
2038 1546 2168 1591 Deus
2191 1544 2346 1591 incar-

190 1634 359 1686 natur,
387 1634 434 1672 et
456 1627 587 1672 Deus
614 1625 891 1672 incarnatus
925 1635 1021 1685 est,
1049 1623 1238 1673 diversa
1260 1641 1365 1689 quae
1388 1625 1553 1672 fecerit
1575 1623 1899 1685 ostendimus,
1934 1623 2019 1671 sed
2043 1640 2132 1689 pro
2165 1623 2339 1671 eodem

189 1705 324 1771 quod
349 1706 495 1753 semel
522 1705 712 1766 fecerit,
739 1705 829 1753 ista
857 1705 1102 1752 dicuntur.
1130 1705 1208 1752 Sic
1244 1714 1291 1752 et
1325 1721 1436 1752 cum
1470 1703 1646 1752 dicitur
1667 1706 1835 1769 prius,
1863 1704 1976 1768 quia
2014 1703 2240 1769 possibile
2274 1715 2344 1752 est

189 1789 347 1834 Deum
378 1785 648 1848 incarnari,
680 1794 727 1832 et
754 1784 1057 1850 postmodum
1094 1784 1319 1845 dicimus,
1351 1785 1467 1850 quia
1492 1784 1721 1851 possibile
1753 1794 1823 1832 est
1853 1785 2012 1849 ipsum
2041 1784 2343 1833 incarnatum

189 1884 315 1927 esse;
341 1883 431 1914 nec
456 1866 703 1914 diversum
738 1866 915 1914 factum
938 1883 1029 1914 nec
1057 1866 1247 1915 diversa
1281 1866 1570 1932 possibilitas
1593 1876 1912 1927 monstratur,
1944 1865 2029 1913 sed
2054 1882 2142 1931 pro
2171 1866 2344 1914 eodem

189 1947 323 2013 quod
345 1947 477 2013 prius
500 1957 602 1995 erat
624 1947 840 1996 futurum
855 1985 868 2010 ,
886 1957 934 1995 et
956 1946 1106 1995 modo
1126 1957 1197 1995 est
1219 1948 1510 2013 praeteritum
1525 1984 1537 2008 ,
1556 1958 1817 2013 utrumque
1833 1963 1946 1995 vere
1959 1946 2152 1995 dicitur.
2176 1947 2344 2013 Liquet

188 2030 350 2094 itaque
371 2031 529 2076 Deum
543 2064 556 2088 ,
584 2029 704 2077 sicut
726 2046 816 2077 nec
839 2030 1036 2077 scientia
1052 2029 1127 2077 vel
1147 2029 1399 2078 voluntate
1422 2031 1621 2092 mutari,
1648 2030 1714 2077 ita
1736 2046 1826 2077 nec
1847 2029 1991 2077 etiam
2008 2028 2340 2094 possibilitate.

188 2111 339 2158 Deus¹³
361 2109 524 2175 itaque
549 2110 685 2173 quod
709 2110 858 2158 semel
881 2111 987 2169 scit,
1007 2127 1199 2176 semper
1226 2112 1333 2173 scit,
1357 2118 1405 2159 et
1425 2111 1559 2176 quod
1582 2110 1731 2158 semel
1755 2109 1876 2171 vult,
1905 2126 2096 2175 semper
2118 2109 2221 2157 vult
2241 2128 2250 2156 :
2279 2110 2346 2157 ita

188 2201 236 2239 et
258 2207 405 2255 quam
433 2190 579 2238 semel
600 2189 750 2239 habet
770 2191 1038 2256 potentiam
1060 2208 1314 2257 nunquam
1335 2191 1553 2258 deponit.
1581 2191 1802 2256 Denique
1822 2228 1833 2248 ‚
1861 2191 1900 2238 si
1922 2207 2058 2238 more
2088 2190 2345 2237 hominum

189 2271 407 2319 dicamus
437 2287 549 2318 eum
572 2270 705 2318 aliud
728 2287 869 2337 posse
887 2289 988 2319 uno
1011 2282 1230 2339 tempore
1259 2272 1394 2338 quod
1417 2272 1511 2321 alio
1537 2290 1637 2320 non
1659 2272 1835 2338 possit,
1864 2281 2063 2337 propter
2084 2270 2180 2318 hoc
2203 2270 2343 2318 vide-

188 2353 299 2400 licet
324 2350 481 2399 solum
507 2351 643 2416 quod
673 2352 717 2399 ei
740 2353 969 2400 convenit
1001 2370 1100 2401 uno
1135 2363 1357 2419 tempore
1380 2353 1431 2402 id
1462 2353 1618 2401 facere
1644 2352 1778 2418 quod
1812 2369 1914 2400 non
1951 2352 2182 2400 convenit
2215 2352 2338 2412 alio,

189 2431 321 2480 nulla
356 2431 458 2496 ejus
486 2432 534 2478 in
570 2431 668 2480 hoc
698 2433 982 2499 impotentia
1011 2433 1086 2481 vel
1114 2435 1339 2500 potentiae
1373 2434 1632 2482 diminutio
1665 2444 1735 2482 est
1776 2433 2112 2498 intelligenda,
2143 2449 2255 2479 cum
2284 2431 2344 2478 ad

190 2513 456 2579 potentiam
475 2512 729 2578 cujuslibet
751 2514 951 2562 minime
970 2515 1206 2580 pertineat
1225 2514 1360 2580 quod
1381 2516 1424 2563 ei
1440 2515 1712 2563 nullatenus
1735 2514 1987 2575 convenit,
2009 2524 2062 2560 ut
2085 2513 2199 2560 inde
2216 2529 2346 2559 com-

191 2594 407 2643 mendari
431 2594 583 2659 possit
599 2631 611 2655 ‚
638 2595 739 2642 imo
764 2612 790 2643 e
815 2596 1062 2644 contrario
1081 2632 1093 2656 ,
1121 2596 1222 2660 ejus
1242 2595 1495 2661 derogaret
1519 2596 1755 2661 dignitati.

254 2677 378 2721 Cum
412 2684 575 2722 autem
608 2675 671 2721 ad
704 2676 972 2741 potentiam
1003 2692 1087 2723 seu
1126 2675 1403 2723 firmitatem
1440 2676 1614 2723 diviuae
1652 2684 1831 2723 naturae
1876 2675 1978 2739 ipsa
2019 2673 2119 2736 ejus
2152 2673 2342 2721 incom-

191 2753 483 2802 mutabilitas
508 2755 770 2820 pertineat,
807 2756 868 2804 de
895 2756 997 2822 ipsa
1022 2772 1153 2803 nunc
1184 2755 1326 2803 nobis
1349 2755 1683 2803 disserendum
1707 2754 1939 2813 occurrit,
1968 2753 2206 2819 praecipue
2232 2770 2343 2801 cum

190 2852 246 2883 ex
268 2833 563 2899 quibusdam
586 2852 692 2899 quae
712 2836 815 2901 ipse
839 2845 1066 2902 operatur
1083 2873 1095 2897 ,
1122 2835 1247 2882 sicut
1268 2845 1316 2882 et
1339 2852 1429 2882 nos
1460 2835 1576 2900 ipsi,
1605 2834 1779 2881 variari
1802 2834 2048 2881 videatur:
2076 2850 2189 2881 cum
2207 2834 2341 2882 vide-

189 2915 299 2963 licet
323 2915 484 2980 aliqua
510 2914 660 2962 modo
692 2915 859 2977 faciat,
885 2915 1035 2963 modo
1068 2915 1130 2963 ab
1154 2915 1335 2963 eisdem
1359 2914 1612 2981 completis
1640 2914 1870 2979 quiescat.
1900 2913 2039 2962 Unde
2073 2924 2118 2962 et
2148 2914 2209 2962 de
2234 2916 2341 2981 ipso

190 2996 419 3061 scriptum
447 3005 540 3058 est,
575 2995 711 3061 quod
744 2995 997 3061 completis
1027 2995 1256 3061 operibus
1286 2996 1408 3058 suis,
1435 3012 1541 3060 quae
1570 3011 1649 3043 sex
1679 2993 1850 3042 diebus
1885 3004 2111 3061 operatus
2137 3005 2231 3057 est,
2267 3012 2339 3043 se·

191 3076 342 3141 ptimo
363 3077 596 3141 requievit
612 3079 641 3137 ⁴,
664 3076 761 3125 hoc
783 3086 854 3125 est
874 3076 936 3125 ab
960 3076 1210 3143 operando
1232 3076 1448 3125 cessavit.
1470 3076 1602 3124 Sicut
1620 3092 1735 3140 ergo
1762 3092 1853 3123 nos
1877 3075 2098 3124 faciendo
2126 3076 2274 3135 aliud,
2296 3086 2341 3123 et

238 3286 244 3303 ¹
263 3283 314 3317 Sic
331 3284 412 3318 Cod.
431 3284 513 3318 Vict.
532 3285 580 3317 De
597 3294 633 3318 eo
654 3286 772 3318 desunt
789 3285 885 3318 Amb.
903 3303 944 3309 —
959 3286 969 3304 ²
984 3285 1080 3318 Amb.
1100 3286 1233 3318 Succes-
1306 3285 1386 3319 Cod.
1403 3284 1484 3318 vict.
1500 3290 1534 3317 et
1549 3285 1628 3317 edit.
1641 3284 1736 3319 Amb.
1750 3293 1885 3325 parvum
1896 3286 2037 3325 spatium
2049 3292 2185 3317 vacuum
2197 3284 2343 3317 relictum

194 3347 281 3371 sum.
301 3356 337 3362 —
354 3340 365 3360 ³
384 3339 431 3372 lta
447 3341 542 3372 nobis
556 3340 730 3380 legendum
752 3349 822 3373 esse
838 3340 984 3380 videtui-3
1007 3341 1058 3373 hic
1077 3344 1183 3373 tamen
1199 3341 1232 3372 in
1306 3344 1366 3372 est.
1387 3357 1426 3363 —
1444 3340 1455 3359 ⁴
1472 3339 1602 3380 Genea,
1617 3346 1689 3379 cap.
1706 3346 1743 3379 11,
1762 3347 1792 3370 v.
1814 3341 1843 3371 2.
