2638 3866
1125 323 1611 395 MAGISTRI

452 497 1082 664 PETRI
1193 498 2299 665 ABAELARDI

517 772 871 827 EXGERPTA
896 773 985 827 EX
1012 773 1304 826 EPITOME
1324 773 1749 827 THEOLOGIAE
1780 773 2235 827 CHRISTIANAE.

351 931 458 968 Inter
480 927 633 967 codices
653 928 878 968 monasterii
901 931 941 970 S.
953 927 1232 969 Emmerammi
1253 927 1543 968 Ratisbonensis
1563 930 1630 981 qui
1653 942 1758 968 nunc
1776 928 1817 966 in
1834 926 2074 967 Bibliotheca
2091 927 2217 967 aulica
2236 930 2457 968 Monacensi

261 1028 263 1034 ,
298 996 561 1038 asservantur,
575 1001 676 1027 unus
695 997 800 1028 extat
818 987 1050 1028 duodecimo
1060 997 1247 1043 vergente
1257 989 1390 1028 seculo
1402 997 1597 1039 exaratus,
1613 997 1650 1028 et
1668 987 1808 1042 viginti
1823 987 1978 1026 circiter
1988 986 2131 1026 abhinc
2146 987 2257 1026 annis
2269 987 2454 1030 actm-iss.

298 1048 384 1087 viro
402 1051 523 1089 Henr.
547 1048 774 1088 Rheinwald
791 1049 961 1102 primum
980 1049 1022 1088 in
1040 1050 1167 1089 lucem
1187 1048 1329 1099 editus,
1356 1049 1424 1102 qui
1442 1051 1550 1088 Petri
1562 1049 1757 1088 Abaelardi
1772 1051 1974 1088 Sententiae
1994 1047 2234 1089 inscribitur.
2256 1051 2306 1087 At
2319 1062 2460 1100 quam-

301 1108 358 1147 vis
379 1108 557 1148 eamdem
578 1108 620 1147 in
644 1121 692 1148 eo
710 1121 755 1148 ac
773 1108 815 1148 in
834 1111 1118 1148 Introductione
1135 1111 1192 1147 ad
1210 1110 1452 1163 leeologiam
1473 1117 1511 1148 et
1532 1109 1572 1148 in
1594 1109 1799 1159 Theologia
1816 1108 2026 1146 christiana
2047 1107 2280 1157 doctrinam,
2301 1107 2460 1147 brevio-

300 1168 406 1207 ribus
440 1167 707 1207 tantummodo
732 1168 861 1208 verbis
894 1182 1119 1222 expressam
1149 1168 1261 1208 facile
1289 1168 1577 1222 deprehendas,
1601 1181 1682 1207 non
1709 1168 1827 1220 plane
1855 1167 1977 1219 liquet
1997 1181 2095 1220 opus
2122 1182 2143 1207 e
2172 1168 2331 1221 propria
2358 1170 2458 1207 Petri

298 1228 420 1268 nostri
447 1242 567 1268 manu
586 1228 800 1282 prodiisse3
825 1227 894 1268 sed
929 1229 1179 1268 verisimilius
1200 1228 1314 1267 nobis
1339 1228 1497 1267 videtur
1516 1227 1620 1267 istud
1642 1242 1664 1268 e
1684 1228 1863 1281 genuinis
1888 1226 2134 1266 celeberrimi
2154 1229 2328 1282 magistri
2351 1228 2459 1267 libris

298 1301 322 1327 a
347 1288 517 1340 quodam
550 1290 634 1338 ejus
661 1288 854 1341 discipulo
884 1298 1160 1342 expromptum
1190 1288 1336 1338 suisse3
1364 1288 1471 1341 quod
1493 1296 1677 1327 caeterum
1704 1287 1794 1326 satis
1826 1287 1953 1326 innuit
1983 1287 2117 1327 titulus
2146 1288 2231 1341 ipse
2260 1290 2458 1328 Sententiae

297 1347 511 1389 Abaelardi.
535 1351 736 1402 Integrum
759 1348 936 1388 libellum
966 1362 1044 1388 non
1073 1349 1166 1388 huic
1194 1357 1337 1388 nostrae
1365 1348 1527 1388 editioni
1554 1347 1841 1387 annectendum
1873 1360 1957 1386 esse
1977 1347 2255 1397 judicavimus,
2279 1362 2331 1387 ne
2358 1348 2461 1386 fasti-

299 1407 453 1447 diosum
474 1407 692 1461 legentibus
712 1409 873 1460 esset,si
884 1409 1022 1448 eadem
1040 1409 1183 1448 iterum
1203 1417 1434 1462 argumenta
1456 1409 1497 1447 in
1517 1421 1637 1460 opere
1657 1415 1836 1460 suspecto
1853 1406 2116 1457 offenderent,
2140 1422 2226 1460 quae
2245 1408 2305 1448 bis
2319 1409 2401 1458 jam
2419 1408 2459 1446 in

300 1467 384 1507 aliis
406 1468 589 1521 legitimis
608 1467 793 1522 operibus
812 1477 1046 1522 pertractata
1065 1478 1199 1518 erant;
1221 1468 1452 1520 omissisque
1470 1467 1668 1520 prioribus
1692 1467 1871 1520 capitulis
1889 1480 1977 1518 quae
1992 1467 2047 1505 nil
2067 1468 2161 1506 novi
2179 1467 2389 1518 habebant,
2415 1481 2461 1507 ea

299 1527 427 1566 solum
465 1528 674 1567 inserimus
702 1541 789 1580 quae
816 1528 918 1581 parti
943 1529 1155 1582 deperditae
1176 1530 1468 1567 Introduc-tionis
1487 1530 1542 1566 ad
1558 1528 1800 1579 Theologiam
1820 1526 2061 1580 respondere
2078 1527 2265 1579 illamque
2285 1529 2326 1567 in
2347 1541 2458 1567 com-

300 1587 487 1639 pendium
507 1588 706 1627 redactam
726 1587 892 1627 fideliter
912 1589 1060 1629 referre
1076 1589 1277 1629 videntur.

1167 1735 1597 1788 ELENGHUS.

299 1859 330 1893 Ι.
434 1857 544 1902 Quod
573 1867 715 1894 nostrae
744 1858 867 1894 salutis
898 1871 1036 1894 summa
1068 1858 1139 1893 sint
1170 1857 1261 1894 fides
1289 1870 1349 1892 ca·
1689 1855 2008 1906 dicunt‚Spiritnm
2024 1868 2218 1896 sanctuma
2234 1860 2324 1895 Filio
2341 1873 2464 1908 proce-

483 1906 568 1942 ritas
591 1915 627 1942 et
649 1915 868 1942 sacramenta
891 1915 926 1942 et
946 1905 1036 1954 quid
1054 1906 1124 1941 sint
1149 1906 1238 1942 haec
1272 1906 1348 1941 sin·
1687 1904 1771 1940 dere
1786 1918 1861 1941 non
1882 1905 2012 1941 debere
2027 1907 2190 1945 concedi.

484 1955 579 2001 gula.
1431 1953 1554 1989 XVII.
1636 1954 1771 1989 Probat
1783 1954 2008 2000 auctoritate,
2020 1955 2191 2003 Spiritum
2207 1965 2366 1991 sanctum
2378 1969 2463 2004 pro-

298 2003 349 2037 11.
434 2003 489 2037 De
508 2001 594 2047 fide,
608 2015 700 2050 quae
719 2011 754 2037 et
772 2003 983 2039 naturaliter
1000 2002 1195 2050 praecedit.
1687 2001 1813 2037 cedere
1829 2016 1850 2037 a
1868 2003 1958 2037 Filio
1974 2003 2066 2038 sicut
2083 2017 2103 2039 a
2119 2004 2233 2039 Patre.
2436 2019 2441 2023 ’

298 2050 370 2086 111.
436 2049 541 2085 Circa
559 2063 649 2097 quae
671 2050 760 2086 fides
777 2051 954 2086 catholica
971 2051 1152 2088 consistat.
1422 2049 1564 2085 XVIII.
1638 2049 1748 2093 Quod
1763 2063 1828 2097 per
1845 2050 2002 2085 animam
2025 2051 2152 2086 mundi
2172 2053 2196 2087 S
2223 2052 2345 2087 iritum
2361 2065 2463 2088 sanc-

298 2099 366 2133 lv.
435 2098 543 2143 Quod
569 2098 655 2134 fidei
675 2110 815 2134 summa
844 2099 888 2134 sit
913 2099 951 2133 in
972 2099 1107 2134 unitate
1129 2111 1171 2134 ac
1192 2098 1349 2134 trinitate
1685 2106 1762 2132 tnm
1781 2097 2008 2145 designavere
2026 2065 2245 2147 philosopiii.

482 2145 618 2181 divina.
1420 2144 1525 2180 XIX.
1637 2144 1739 2188 Quae
1771 2146 1966 2193 potentiae,
2005 2159 2096 2193 quae
2132 2147 2337 2194 sapientiae,
2373 2159 2462 2194 quae

299 2194 344 2230 V.
434 2193 533 2237 Quid
573 2195 648 2242 ipse
682 2194 809 2229 sentiat
841 2194 886 2229 de
918 2195 1054 2230 unitate
1090 2206 1132 2229 ac
1168 2193 1322 2229 trinitate
1337 2220 1346 2238 ,
1689 2194 1901 2229 conveniant
1916 2194 2068 2230 bonitati
2082 2194 2238 2230 divinae.

485 2242 642 2278 ostendit
679 2251 714 2278 et
743 2241 782 2276 id
811 2243 950 2278 ratione
985 2252 1020 2278 et
1047 2242 1257 2277 auctoritate
1287 2240 1349 2276 de·
1420 2239 1504 2276 XX.
1638 2241 1695 2274 An
1716 2241 1832 2288 plura,
1846 2254 1893 2276 an
1910 2241 2025 2285 aliter,
2045 2255 2091 2278 an
2108 2243 2232 2279 melius
2245 2242 2355 2291 possit
2369 2243 2462 2278 Deus

485 2290 614 2328 fendit.
1686 2288 1815 2333 facere,
1834 2302 1941 2335 quam
1958 2290 2075 2327 faciat.

299 2338 365 2375 VI.
434 2337 623 2382 Quaedam
651 2338 716 2373 uni
745 2350 918 2385 personae
957 2346 992 2373 et
1023 2350 1098 2373 non
1126 2337 1187 2373 alii
1216 2349 1347 2372 conve—
1420 2335 1525 2370 XXI.
1635 2337 1736 2380 Quae
1751 2346 1910 2385 spectent
1925 2337 1972 2373 ad
1990 2339 2213 2386 sapientiam.

480 2386 572 2430 nire,
600 2385 777 2434 quaedam
803 2386 849 2421 de
871 2399 946 2422 una
969 2385 1041 2422 dici
1064 2395 1099 2421 et
1117 2385 1164 2420 de
1182 2386 1349 2420 omnibus
1420 2384 1545 2420 XXII.
1636 2386 1689 2419 De
1704 2385 1774 2430 his,
1790 2398 1881 2433 quae
1897 2384 1944 2421 ad
1958 2385 2155 2423 bonitatem
2177 2386 2334 2423 divinam
2354 2387 2462 2434 perti-

482 2434 632 2482 intelligi
649 2435 775 2471 solere.
1684 2442 1783 2468 nent.

299 2481 386 2517 VII.
433 2481 639 2526 Quamlibet
663 2494 856 2530 personam
883 2481 980 2517 idem
1001 2482 1136 2526 facere,
1165 2480 1265 2528 quod
1291 2481 1347 2515 al-
1422 2479 1564 2515 XXIII.
1634 2480 1708 2515 Cur
1726 2483 1820 2517 Deus
1835 2481 1972 2516 homo?

483 2539 610 2577 teram,
627 2530 691 2566 sed
717 2544 793 2566 non
817 2542 862 2566 eo
894 2543 932 2566 se
956 2530 1067 2566 modo
1094 2531 1251 2575 habere,
1274 2541 1346 2576 quo
1420 2529 1558 2565 XXIV.
1633 2530 1688 2564 De
1718 2529 1872 2564 duarum
1899 2538 2108 2566 naturarum
2139 2530 2178 2565 in
2205 2542 2313 2565 unam
2346 2540 2461 2576 perso·

481 2580 642 2614 alteram.
1684 2589 1768 2612 nam
1786 2578 1934 2614 unione.

301 2625 407 2661 VIII.
434 2626 568 2662 Probat
593 2626 796 2674 evangelica
826 2633 861 2660 et
892 2625 1088 2672 apostolica
1120 2625 1351 2672 auctoritate,
1421 2624 1542 2661 XXV.
1631 2625 1685 2659 De
1703 2626 1887 2661 voluntate
1901 2626 2045 2661 assumti
2059 2624 2228 2660 hominis.

486 2675 629 2710 Patrem
669 2673 948 2721 omnipotentia,
980 2673 1109 2708 Filium
1155 2674 1348 2721 sapientia,
1423 2672 1562 2708 XXVI.
1631 2674 1685 2707 De
1701 2674 1888 2708 voluntate
1903 2674 1981 2711 Dei.

488 2722 660 2769 Spiritum
677 2731 839 2757 sanctum
863 2721 1062 2769 specialiter
1084 2721 1262 2769 designari
1279 2721 1349 2755 bo·
1422 2720 1581 2756 XXVII.
1635 2721 1692 2754 An
1710 2721 1799 2755 unio
1816 2722 1876 2756 illa
1891 2721 1929 2755 in
1944 2729 2058 2756 morte
2067 2719 2199 2756 Christi
2216 2718 2322 2755 fuerit
2334 2718 2459 2756 divisa.

385 2807 388 2810 ,
487 2770 612 2806 nitate.
1423 2768 1602 2805 XXVIII.
1632 2769 1686 2802 De
1698 2778 1918 2803 sacramento
1939 2768 2118 2816 baptismi.

302 2815 369 2851 IX.
437 2817 609 2852 Probatio
625 2829 669 2852 ex
682 2817 773 2863 lege.
1422 2815 1564 2852 XXIX.
1632 2817 1687 2850 De
1704 2825 1924 2851 sacramento
1940 2817 2071 2852 altaris.

301 2863 349 2899 X.
437 2865 607 2900 Probatio
623 2877 667 2899 ex
688 2864 888 2912 prophetis.
1422 2863 1543 2897 XXX.
1633 2865 1685 2898 De
1702 2873 1923 2899 sacramento
1943 2864 2139 2900 unctionis.

300 2911 367 2946 XI.
436 2912 570 2948 Probat
594 2912 834 2960 philosophos
852 2924 919 2947 nec
936 2911 1046 2947 salute
1061 2923 1127 2946 nec
1145 2911 1350 2959 cognitione
1423 2911 1562 2946 XXXI.
1631 2912 1685 2946 De
1702 2912 1860 2959 conjugii
1882 2921 2103 2948 sacramento
2121 2920 2156 2947 et
2169 2909 2270 2958 quod
2285 2923 2360 2946 non
2379 2923 2467 2946 cou-

486 2960 652 2996 trinitatis
667 2960 832 2995 caruisse.
1686 2959 1753 2994 fert
1759 2960 1906 3006 aliquod
1916 2959 2051 2996 donum
2058 2987 2068 3004 ‚
2077 2960 2167 2995 sicut
2173 2967 2309 2994 caetera
2315 2958 2464 2995 faciunt.

299 3007 387 3044 XII.
432 3007 593 3053 Qualiter
637 3007 848 3056 philosophi
881 3019 995 3042 unum
1031 3019 1073 3042 ac
1108 3007 1241 3042 trinum
1277 3019 1350 3043 esse
1422 3006 1582 3042 XXXII.
1635 3006 1776 3050 Quibus
1792 3006 1908 3043 modis
1931 3021 1998 3044 nos
2016 3007 2140 3056 diligat
2156 3008 2264 3051 Deus,
2286 3015 2321 3042 et
2337 3007 2465 3054 quibus

486 3057 604 3095 Deum
619 3055 866 3104 cognoverint.
1687 3054 1804 3091 modis
1811 3068 1890 3102 nos,
1900 3057 2095 3101 Deum,vel
2104 3055 2307 3104 proximum
2318 3053 2463 3102 diligere

300 3104 408 3139 XIII.
435 3103 631 3148 Quomodo
647 3105 686 3139 in
702 3103 880 3140 Trinitate
894 3115 1049 3151 persona
1069 3102 1277 3151 accipiatur.
1687 3103 1892 3139 debeamus.

300 3152 406 3188 XIV.
431 3152 542 3197 Quod
559 3152 707 3188 nomina
721 3151 865 3187 divinae
888 3151 1055 3187 essentiae
1074 3151 1143 3186 alia
1160 3150 1347 3195 naturalia,
1422 3149 1601 3187 XXXIII.
1644 3151 1697 3186 De
1713 3151 1808 3187 vitiis
1825 3164 1915 3199 quae
1930 3151 2121 3188 virtutibus
2137 3151 2314 3187 contraria
2332 3150 2413 3186 sint.

488 3201 557 3236 alia
572 3200 786 3249 personalia.
1422 3198 1597 3236 XXXIV.
1643 3201 1697 3234 De
1714 3200 1846 3235 meritis
1856 3228 1865 3246 ,
1882 3200 1945 3235 ubi
1961 3200 2167 3237 consistant.

303 3247 387 3286 XV.
437 3249 492 3284 De
532 3249 692 3296 genitura
735 3248 816 3283 Filii
855 3256 891 3283 et
933 3246 1161 3295 processione
1199 3245 1351 3294 Spiritus
1423 3247 1579 3283 XXXV.
1643 3249 1696 3282 De
1712 3248 1918 3283 remissione
1932 3256 2174 3296 peccatorum.

488 3298 615 3334 sancti.
1423 3294 1599 3332 XXXVI.
1639 3297 1692 3330 De
1709 3296 1931 3331 confessione
1949 3305 2192 3344 peccatorum.

303 3343 406 3379 XVI.
432 3344 629 3389 Quomodo
670 3335 783 3381 valeat
823 3344 970 3381 Graecis
1010 3342 1247 3392 responderi,
1288 3342 1350 3389 qui
1424 3342 1620 3378 XXXVII.
1641 3345 1694 3379 De
1713 3356 1867 3392 operum
1884 3344 2134 3380 satisfactione.
