2638 3866
833 227 892 277 ΙΝ
927 224 1259 275 EPISTOLAM
1299 226 1380 276 AD
1414 224 1719 274 ROMANOS.
2267 226 2365 275 279

204 331 330 400 parit
354 330 595 380 tristitiam
612 327 794 391 habet,
809 337 903 377 etc.
923 345 947 374 υ
977 345 1002 373 «
1018 326 1256 376 Primitias
1279 328 1474 394 spiritus
1496 326 1750 387 habentes,
1776 347 1799 372 ιο
1830 327 1880 376 id
1905 337 1977 377 est
2006 327 2191 392 majora
2213 329 2366 376 sancti

205 411 410 479 Spiritus
433 411 590 472 dona,
619 410 742 459 sicut
767 407 1107 476 praedicatores
1132 408 1303 470 sancti,
1328 409 1412 474 qui
1435 424 1600 456 secum
1635 416 1681 456 et
1711 408 1831 457 alios
1860 411 1965 457 Deo
1989 409 2266 475 acquirunt.
2295 409 2363 456 Ad

205 493 340 560 quod
357 492 554 559 quidem
572 490 926 559 praedicationis
942 487 1157 537 officium
1177 498 1409 554 tanquam
1428 489 1489 538 ad
1506 488 1772 537 maximum
1789 490 1992 555 Spiritus
2007 490 2158 539 sancti
2176 488 2365 538 donum

206 574 308 640 ipse
332 590 422 622 nos
445 571 701 640 Apostolus
725 572 774 620 in
803 574 842 619 Π
870 569 1082 636 Epistola
1110 569 1178 616 ad
1208 571 1480 618 Corinthios
1511 569 1802 618 adhortatur
1836 570 2031 619 dicens¹
2061 590 2071 618 :
2105 591 2129 616 ι(
2154 570 2365 619 AEmula-

206 654 327 703 mini
348 654 479 703 enim
501 652 787 702 charismata
810 651 1030 710 meliora,
1046 660 1094 698 et
1117 649 1279 699 adhuc
1303 651 1689 700 excellentiorem
1713 651 1841 698 viam
1866 650 2004 699 vobis
2024 651 2362 699 demonstro.»

204 736 265 783 Et
286 744 397 801 post
417 737 597 800 pauca¹
622 752 633 782 ε
656 752 680 780 «
701 732 961 781 Sectamini
992 732 1260 792 caritatem,
1292 732 1583 781 aemulamini
1617 731 1885 798 spiritualia
1901 769 1912 791 ,
1939 733 2090 795 magis
2121 740 2283 780 autem
2310 741 2363 778 ut

207 814 525 882 prophetetis,
545 833 570 859 »
596 814 648 863 id
671 823 743 862 est
762 820 816 862 ut
838 812 1055 862 officium
1078 813 1431 879 Prophetarum
1456 812 1769 879 praedicando
1795 813 2064 860 assumatis.

277 916 301 941 α
337 899 396 944 Εῖ
435 896 526 962 ipsi
565 896 830 960 gemimus,
871 915 894 940 >2
945 894 1127 959 gravati
1174 894 1357 942 scilicet
1394 894 1705 960 passibilitate
1751 903 1797 942 et
1838 893 2151 960 corruptione
2187 895 2366 953 carnis,

207 977 332 1025 sicut
367 976 553 1037 caeteri,
593 976 774 1025 scilicet
811 993 871 1024 ex
909 993 994 1042 spe
1026 975 1414 1024 consolationem
1441 974 1701 1033 habentes,
1739 991 1846 1040 quae
1880 974 2059 1022 scilicet
2090 990 2199 1040 spes
2235 974 2371 1039 quasi

208 1058 423 1107 anchora
456 1068 527 1106 est
559 1058 695 1106 navis
719 1067 895 1106 nostrae
916 1058 1043 1105 inter
1065 1057 1212 1122 hujus
1236 1057 1384 1105 seculi
1406 1056 1610 1116 fluctuS,
1645 1056 1758 1121 quia
1793 1056 1954 1104 statim
1984 1055 2370 1103 consolationem

207 1138 400 1203 adJecit,
421 1138 587 1186 dicens
614 1155 624 1185 ε
653 1157 677 1182 ι(
706 1141 1072 1204 Exspectantes,
1107 1159 1129 1183 ›>
1156 1137 1206 1185 id
1231 1147 1302 1186 est
1333 1155 1447 1186 cum
1483 1136 1662 1185 fiducia
1697 1146 1971 1203 sperantes,
2002 1156 2025 1180 «
2057 1135 2373 1202 adoptionem

209 1218 422 1268 filiorum
450 1219 583 1268 Dei»
609 1219 671 1267 de
698 1220 813 1285 ipsis
834 1219 1089 1282 Gentibus,
1130 1218 1180 1267 id
1214 1229 1286 1267 est
1318 1219 1451 1286 ipsos
1485 1217 1709 1285 adoptari
1741 1234 1769 1265 a
1799 1220 1903 1266 Deo
1936 1227 1985 1266 et
2016 1217 2245 1265 constitui
2283 1216 2374 1264 he-

209 1299 350 1348 redes
374 1300 423 1348 in
454 1297 604 1365 regno
628 1299 807 1349 celesti.
836 1299 1163 1366 Adoptionem
1192 1300 1321 1348 hanc
1345 1300 1457 1349 dico
1490 1320 1513 1344 «
1541 1299 1928 1366 redemptionem
1954 1299 2112 1347 carnis
2135 1307 2326 1360 nostrae,
2347 1317 2370 1343 n

211 1380 262 1430 id
299 1391 371 1429 est
404 1380 641 1444 Ecclesiae,
680 1381 816 1447 cujus
854 1381 1075 1430 membra
1109 1399 1294 1430 sumus.
1335 1381 1465 1430 Nihil
1500 1381 1682 1448 quippe
1716 1391 1788 1428 est
1825 1379 1955 1428 aliud
1988 1396 2079 1428 nos
2113 1395 2141 1427 a
2164 1381 2269 1426 Deo
2307 1379 2374 1426 sic

212 1461 451 1528 adoptari,
487 1478 634 1526 quam
665 1480 752 1529 per
775 1463 1091 1528 Unigenitum
1115 1479 1258 1510 suum
1282 1479 1312 1512 a
1334 1461 1518 1510 diaboli
1540 1471 1776 1528 potestate
1809 1478 1894 1509 seu
1918 1461 2036 1526 jugo
2072 1459 2258 1526 peccati
2284 1475 2374 1506 nos

212 1541 385 1591 redimi
408 1561 419 1589 :
450 1553 503 1590 ut
525 1543 628 1591 haec
654 1553 754 1591 tota
777 1543 978 1610 adoptio
1005 1543 1179 1591 divinae
1207 1544 1385 1607 gratiae,
1413 1559 1514 1590 non
1539 1543 1722 1591 meritis
1746 1542 1923 1590 nostris
1946 1540 2201 1589 tribuatur.
2235 1559 2258 1583 «
2281 1541 2375 1604 Spe

214 1623 361 1671 enim.
387 1644 410 1668 »
437 1623 567 1671 Dixit
598 1624 819 1689 superius
850 1624 965 1689 quia
1004 1624 1349 1673 revelationem
1382 1623 1596 1671 filiorum
1628 1623 1718 1671 Dei
1743 1632 2077 1689 exspectamus
2111 1618 2372 1686 sperando,

214 1712 264 1751 et
287 1703 424 1769 quod
455 1706 703 1770 praesentis
725 1705 832 1753 vitae
854 1706 1053 1753 vanitati
1077 1706 1127 1753 in
1158 1705 1251 1753 hac
1282 1722 1369 1771 spe
1391 1704 1594 1769 subjecti
1629 1718 1813 1765 sumus,
1853 1720 1916 1751 ne
1950 1712 2151 1769 propter
2186 1701 2377 1749 labores

215 1783 509 1832 diffidamus.
532 1788 591 1832 Et
612 1801 675 1833 ne
698 1786 806 1849 quis
830 1785 1063 1850 objiceret
1081 1802 1217 1852 spem
1237 1786 1380 1834 istam
1403 1803 1504 1833 non
1529 1802 1632 1834 esse
1655 1784 2015 1846 certitudinem,
2042 1793 2090 1832 et
2113 1783 2225 1831 ideo
2250 1783 2296 1829 in
2322 1800 2378 1831 ea

215 1881 315 1913 non
352 1882 454 1914 esse
489 1864 859 1926 confidendum,
886 1865 998 1914 ideo
1031 1867 1166 1928 dicit,
1196 1867 1332 1932 quod
1356 1883 1525 1915 omnes
1560 1875 1803 1932 quotquot
1829 1865 2092 1925 salvamur,
2130 1881 2218 1930 per
2243 1880 2378 1929 spem

216 1944 475 1994 salvamur.
513 1949 572 1995 Et
603 1946 764 1994 statim
795 1947 931 2011 quod
965 1964 1075 2013 spes
1109 1947 1170 1995 de
1195 1964 1297 1995 non
1329 1946 1678 2013 apparentibus
1711 1955 1901 1994 tantum
1935 1945 2123 1993 dicatur
2148 1944 2375 2003 annectit,

215 2024 415 2074 dicens:
449 2044 598 2093 «spes
630 2036 811 2089 autem,
834 2046 857 2073 n
883 2027 935 2075 id
968 2039 1037 2076 est
1070 2028 1285 2092 cognitio
1312 2045 1420 2092 quae
1456 2028 1518 2076 de
1548 2028 1894 2094 apparentibus
1931 2036 2030 2086 est,
2070 2041 2378 2090 nequaquam

217 2123 326 2173 spes
348 2107 556 2157 dicenda
586 2118 675 2157 est.
706 2129 728 2153 κ
750 2112 873 2157 Nam
895 2109 1031 2175 quod
1056 2109 1203 2158 videt.
1232 2128 1254 2154 υ
1281 2113 1388 2157 Hoc
1409 2119 1497 2170 est,
1524 2110 1633 2175 quis
1656 2118 1815 2175 sperat
1850 2106 2030 2172 aliquid
2054 2105 2189 2172 quod
2214 2105 2379 2154 videt?

218 2189 279 2236 Ac
310 2189 351 2236 si
372 2188 570 2252 diceret,
593 2189 714 2237 nihil
739 2199 811 2237 est
844 2190 979 2255 quod
1005 2190 1113 2254 quis
1136 2189 1351 2238 videndo
1374 2199 1534 2256 speret
1567 2190 1747 2255 ipsum,
1778 2199 1831 2237 ut
1853 2189 1893 2237 si
1924 2189 2032 2254 quis
2054 2187 2214 2236 videat
2239 2203 2289 2235 se
2310 2185 2382 2234 di-

218 2268 366 2316 vitem
390 2269 569 2317 factum
590 2286 710 2330 esse,
741 2279 789 2318 et
812 2270 1011 2318 fortasse
1035 2280 1178 2318 antea
1199 2280 1491 2336 speraverat,
1512 2271 1614 2335 jam
1638 2287 1738 2318 non
1763 2270 1824 2318 de
1849 2269 1946 2317 hoc
1967 2285 2103 2335 spem
2124 2267 2201 2316 vel
2223 2267 2380 2315 existi-

220 2349 485 2398 mationem
502 2387 514 2411 ,
543 2350 628 2398 sed
659 2350 1001 2399 certitudinem
1024 2351 1190 2399 habet.
1224 2351 1318 2398 «Si
1344 2360 1507 2399 autem
1531 2351 1683 2416 quod.
1711 2372 1734 2397 n
1762 2350 1986 2399 Ostendit
2020 2347 2276 2416 quomodo
2298 2364 2383 2414 spe

219 2429 336 2478 salvi
370 2430 559 2492 fiamus,
600 2432 713 2496 quia
745 2432 969 2481 videlicet
995 2432 1076 2481 illa
1102 2449 1228 2499 spes,
1265 2449 1372 2498 quae
1394 2432 1522 2480 dicta
1554 2442 1625 2480 est
1655 2434 1761 2481 vitae
1791 2432 1988 2494 futurae,
2019 2448 2112 2480 nos
2147 2430 2383 2496 patientes

220 2509 397 2573 reddit,
420 2528 482 2559 ne
508 2512 557 2559 in
584 2512 896 2561 tribulatione
912 2514 1018 2561 vitae
1043 2514 1288 2580 praesentis
1310 2513 1608 2562 deficiamus.
1631 2517 1691 2561 Et
1708 2514 1805 2562 hoc
1824 2524 1902 2562 est
1930 2531 1939 2560 :
1964 2533 1987 2557 «
2008 2513 2057 2560 Si
2077 2513 2228 2571 enim,
2247 2520 2337 2558 etc.
2355 2529 2377 2553 »

221 2591 347 2649 Quia
368 2592 551 2641 scilicet
580 2593 714 2658 quod
748 2611 849 2642 non
880 2594 1101 2643 videmus
1130 2611 1399 2660 speramus,
1430 2595 1670 2660 patienter
1688 2594 1808 2643 illud
1831 2603 2178 2660 exspectamus,
2207 2606 2308 2638 non
2331 2590 2379 2636 in

221 2685 376 2734 agone
398 2675 645 2738 praesentis
671 2676 953 2723 certaminis
984 2675 1281 2724 deficientes.
1309 2696 1332 2719 «
1362 2675 1591 2723 Similiter
1614 2685 1794 2723 autem.
1827 2694 1851 2720 »
1879 2675 2011 2722 Sicut
2032 2672 2254 2720 videlicet
2275 2686 2383 2736 spes

224 2766 314 2798 nos
336 2752 532 2816 adjuvat
555 2755 836 2819 patientiam
863 2756 1157 2820 praestando,
1189 2757 1254 2803 ita
1280 2766 1329 2803 et
1351 2756 1555 2820 Spiritus
1578 2766 1773 2803 sanctus
1793 2756 1840 2803 in
1868 2755 1966 2802 hoc
1991 2770 2145 2818 agone
2166 2761 2382 2800 nostram

223 2831 419 2896 adjuvat
439 2833 786 2896 infirmitatem,
813 2838 1103 2884 necessarias
1128 2836 1271 2883 nobis
1290 2836 1536 2883 orationes
1558 2835 1878 2901 suggerendo.
1908 2837 1966 2882 Et
1987 2834 2084 2881 hoc
2105 2843 2203 2881 est:
2223 2853 2246 2876 «ι
2261 2835 2383 2880 Nam

225 2911 344 2976 quid
377 2913 444 2962 ita
471 2933 494 2957 n
530 2914 710 2962 scilicet
745 2935 767 2960 α
792 2925 843 2963 ut
867 2926 1085 2982 oportet,
1111 2937 1134 2960 >³
1158 2926 1206 2964 et
1232 2915 1373 2963 nobis
1405 2917 1731 2964 necessarium
1754 2925 1845 2975 est,
1876 2935 1899 2961 «
1928 2931 2140 2977 oremus,
2170 2933 2195 2959 »
2221 2915 2271 2962 in
2300 2914 2383 2960 tri-

224 2992 556 3043 bulationibus
579 2994 800 3043 videlicet
823 2997 984 3062 positi,
1015 2997 1290 3062 frequenter
1311 2997 1609 3062 ignoramus,
1637 2998 1688 3045 in
1712 2996 1876 3044 multis
1904 2995 2080 3044 scilicet
2107 2994 2384 3042 dubitantes

225 3074 344 3139 quid
360 3092 532 3123 eorum
555 3076 779 3124 videlicet
797 3076 941 3124 nobis
961 3077 1077 3125 utile
1105 3078 1182 3138 sit,
1203 3078 1327 3126 sicut
1349 3079 1515 3145 etipse
1532 3077 1792 3145 Apostolus
1809 3076 2009 3143 quando
2028 3087 2102 3125 ter
2117 3076 2382 3124 Dominum

226 3157 412 3220 rogavit
443 3158 692 3206 stimulum
719 3167 897 3208 satanae
930 3158 1022 3207 sibi
1058 3159 1254 3208 auferri.
1291 3179 1315 3206 «
1339 3159 1434 3209 Sed
1466 3161 1569 3227 ipse
1598 3159 1802 3226 Spiritus
1826 3159 2036 3225 postulat
2065 3174 2157 3224 pro
2180 3156 2377 3217 nobiS,»

274 3338 307 3370 ¹1
323 3340 493 3382 corinth..
510 3351 582 3384 cap.
601 3353 659 3386 κη,
676 3354 706 3379 v.
725 3346 777 3379 31.
791 3363 829 3370 --
845 3346 856 3365 ²
874 3345 979 3387 ibid„
996 3354 1069 3387 cap.
1094 3355 1162 3388 xiv,
1179 3355 1210 3380 v.
1232 3351 1258 3380 1.
