<?xml version="1.0" encoding="UTF-8"?>
<!DOCTYPE html PUBLIC "-//W3C//DTD XHTML 1.0 Transitional//EN"
    "http://www.w3.org/TR/xhtml1/DTD/xhtml1-transitional.dtd">
<html xmlns="http://www.w3.org/1999/xhtml" xml:lang="en" lang="en">
 <head>
  <title>
</title>
<meta http-equiv="Content-Type" content="text/html;charset=utf-8" />
  <meta name='ocr-system' content='tesseract 3.04.00' />
  <meta name='ocr-capabilities' content='ocr_page ocr_carea ocr_par ocr_line ocrx_word'/>
</head>
<body>
  <div class='ocr_page' id='page_1' title='image "./operahactenusseo00abeluoft_0793.png"; bbox 0 0 2638 3866; ppageno 0'>
   <div class='ocr_carea' id='block_1_1' title="bbox 1142 209 2369 267">
    <p class='ocr_par' dir='ltr' id='par_1_1' title="bbox 1142 209 2369 267">
     <span class='ocr_line' id='line_1_1' title="bbox 1142 209 2369 267; baseline 0.009 -11"><span class='ocrx_word' id='word_1_1' title='bbox 1142 209 1459 259; x_wconf 85' lang='lat' dir='ltr'><strong>APPENDIX.</strong></span> <span class='ocrx_word' id='word_1_2' title='bbox 2269 217 2369 267; x_wconf 85' lang='lat'>783</span> 
     </span>
    </p>
   </div>
   <div class='ocr_carea' id='block_1_2' title="bbox 201 302 2366 1105">
    <p class='ocr_par' dir='ltr' id='par_1_2' title="bbox 201 302 2366 1105">
     <span class='ocr_line' id='line_1_2' title="bbox 210 302 2364 379; baseline 0.008 -35"><span class='ocrx_word' id='word_1_3' title='bbox 210 302 291 346; x_wconf 89' lang='lat' dir='ltr'>Cui</span> <span class='ocrx_word' id='word_1_4' title='bbox 318 302 508 347; x_wconf 81' lang='lat' dir='ltr'>breviter</span> <span class='ocrx_word' id='word_1_5' title='bbox 537 304 781 365; x_wconf 87' lang='lat' dir='ltr'>respondeo</span> <span class='ocrx_word' id='word_1_6' title='bbox 806 322 816 351; x_wconf 89' lang='lat'><strong>:</strong></span> <span class='ocrx_word' id='word_1_7' title='bbox 842 307 974 352; x_wconf 88' lang='lat' dir='ltr'>Deus.</span> <span class='ocrx_word' id='word_1_8' title='bbox 997 328 1014 347; x_wconf 70' lang='lat' dir='ltr'>n</span> <span class='ocrx_word' id='word_1_9' title='bbox 1042 309 1189 354; x_wconf 91' lang='lat' dir='ltr'>Homo</span> <span class='ocrx_word' id='word_1_10' title='bbox 1212 326 1431 367; x_wconf 82' lang='lat' dir='ltr'>romanus,</span> <span class='ocrx_word' id='word_1_11' title='bbox 1455 327 1623 373; x_wconf 83' lang='lat' dir='ltr'>grossus</span> <span class='ocrx_word' id='word_1_12' title='bbox 1644 312 1852 369; x_wconf 86' lang='lat' dir='ltr'>camelus,</span> <span class='ocrx_word' id='word_1_13' title='bbox 1877 313 2088 375; x_wconf 84' lang='lat' dir='ltr'>gallicano</span> <span class='ocrx_word' id='word_1_14' title='bbox 2111 329 2364 379; x_wconf 83' lang='lat' dir='ltr'>argumento</span> 
     </span>
     <span class='ocr_line' id='line_1_3' title="bbox 208 382 2358 454; baseline 0.009 -29"><span class='ocrx_word' id='word_1_15' title='bbox 208 382 432 444; x_wconf 79' lang='lat' dir='ltr'>gibbosuS,</span> <span class='ocrx_word' id='word_1_16' title='bbox 456 395 575 428; x_wconf 88' lang='lat' dir='ltr'>trans</span> <span class='ocrx_word' id='word_1_17' title='bbox 598 386 726 446; x_wconf 85' lang='lat' dir='ltr'>Alpes</span> <span class='ocrx_word' id='word_1_18' title='bbox 747 387 888 443; x_wconf 88' lang='lat' dir='ltr'>saltat,</span> <span class='ocrx_word' id='word_1_19' title='bbox 914 399 962 431; x_wconf 91' lang='lat' dir='ltr'>ut</span> <span class='ocrx_word' id='word_1_20' title='bbox 982 388 1088 448; x_wconf 85' lang='lat' dir='ltr'>quid</span> <span class='ocrx_word' id='word_1_21' title='bbox 1111 391 1164 434; x_wconf 88' lang='lat' dir='ltr'>sit</span> <span class='ocrx_word' id='word_1_22' title='bbox 1187 390 1455 452; x_wconf 85' lang='lat' dir='ltr'>diligendum</span> <span class='ocrx_word' id='word_1_23' title='bbox 1478 392 1680 451; x_wconf 90' lang='lat' dir='ltr'>inquirat,</span> <span class='ocrx_word' id='word_1_24' title='bbox 1727 394 1846 453; x_wconf 77' lang='lat' dir='ltr'>quasi</span> <span class='ocrx_word' id='word_1_25' title='bbox 1864 396 1985 453; x_wconf 81' lang='lat' dir='ltr'>juxta</span> <span class='ocrx_word' id='word_1_26' title='bbox 2006 412 2050 441; x_wconf 88' lang='lat' dir='ltr'>se</span> <span class='ocrx_word' id='word_1_27' title='bbox 2072 413 2160 441; x_wconf 87' lang='lat' dir='ltr'>non</span> <span class='ocrx_word' id='word_1_28' title='bbox 2181 398 2358 454; x_wconf 83' lang='lat' dir='ltr'>habeat,</span> 
     </span>
     <span class='ocr_line' id='line_1_4' title="bbox 209 464 2364 533; baseline 0.009 -28"><span class='ocrx_word' id='word_1_29' title='bbox 209 464 284 524; x_wconf 90' lang='lat' dir='ltr'>qui</span> <span class='ocrx_word' id='word_1_30' title='bbox 305 464 367 507; x_wconf 88' lang='lat' dir='ltr'>rei</span> <span class='ocrx_word' id='word_1_31' title='bbox 389 464 518 523; x_wconf 91' lang='lat' dir='ltr'>hujus</span> <span class='ocrx_word' id='word_1_32' title='bbox 547 466 629 509; x_wconf 84' lang='lat' dir='ltr'>sibi</span> <span class='ocrx_word' id='word_1_33' title='bbox 653 467 880 510; x_wconf 87' lang='lat' dir='ltr'>notionem</span> <span class='ocrx_word' id='word_1_34' title='bbox 902 469 1118 514; x_wconf 86' lang='lat' dir='ltr'>infundat.</span> <span class='ocrx_word' id='word_1_35' title='bbox 1145 473 1224 515; x_wconf 89' lang='lat' dir='ltr'>Cui</span> <span class='ocrx_word' id='word_1_36' title='bbox 1255 484 1399 515; x_wconf 88' lang='lat' dir='ltr'>noster</span> <span class='ocrx_word' id='word_1_37' title='bbox 1427 472 1707 533; x_wconf 84' lang='lat' dir='ltr'>philosophus</span> <span class='ocrx_word' id='word_1_38' title='bbox 1729 475 1906 518; x_wconf 85' lang='lat' dir='ltr'>mandat</span> <span class='ocrx_word' id='word_1_39' title='bbox 1934 493 2022 525; x_wconf 82' lang='lat' dir='ltr'>non</span> <span class='ocrx_word' id='word_1_40' title='bbox 2049 479 2249 523; x_wconf 81' lang='lat' dir='ltr'>virtutem</span> <span class='ocrx_word' id='word_1_41' title='bbox 2272 496 2364 525; x_wconf 82' lang='lat' dir='ltr'>esse</span> 
     </span>
     <span class='ocr_line' id='line_1_5' title="bbox 210 538 2359 614; baseline 0.008 -27"><span class='ocrx_word' id='word_1_42' title='bbox 210 543 507 606; x_wconf 85' lang='lat' dir='ltr'>diligendam,</span> <span class='ocrx_word' id='word_1_43' title='bbox 532 557 581 589; x_wconf 88' lang='lat' dir='ltr'>ut</span> <span class='ocrx_word' id='word_1_44' title='bbox 602 547 883 608; x_wconf 81' lang='lat' dir='ltr'>Chrysippus,</span> <span class='ocrx_word' id='word_1_45' title='bbox 928 565 1009 593; x_wconf 89' lang='lat' dir='ltr'>nec</span> <span class='ocrx_word' id='word_1_46' title='bbox 1037 538 1339 612; x_wconf 76' lang='lat' dir='ltr'>voluptatem,</span> <span class='ocrx_word' id='word_1_47' title='bbox 1361 564 1410 596; x_wconf 88' lang='lat' dir='ltr'>ut</span> <span class='ocrx_word' id='word_1_48' title='bbox 1439 554 1674 614; x_wconf 83' lang='lat' dir='ltr'>Aristipus3</span> <span class='ocrx_word' id='word_1_49' title='bbox 1709 555 1784 599; x_wconf 86' lang='lat' dir='ltr'>sed</span> <span class='ocrx_word' id='word_1_50' title='bbox 1817 557 1978 614; x_wconf 89' lang='lat' dir='ltr'>Deum,</span> <span class='ocrx_word' id='word_1_51' title='bbox 2014 569 2063 602; x_wconf 88' lang='lat' dir='ltr'>ut</span> <span class='ocrx_word' id='word_1_52' title='bbox 2089 559 2359 606; x_wconf 75' lang='lat' dir='ltr'>christianus.</span> 
     </span>
     <span class='ocr_line' id='line_1_6' title="bbox 208 626 2365 697; baseline 0.007 -29"><span class='ocrx_word' id='word_1_53' title='bbox 208 626 442 670; x_wconf 83' lang='lat' dir='ltr'>Acutulum</span> <span class='ocrx_word' id='word_1_54' title='bbox 470 643 573 671; x_wconf 91' lang='lat' dir='ltr'>sane</span> <span class='ocrx_word' id='word_1_55' title='bbox 598 643 875 688; x_wconf 88' lang='lat' dir='ltr'>responsum,</span> <span class='ocrx_word' id='word_1_56' title='bbox 902 640 945 673; x_wconf 90' lang='lat' dir='ltr'>et</span> <span class='ocrx_word' id='word_1_57' title='bbox 969 630 1097 674; x_wconf 89' lang='lat' dir='ltr'>docto</span> <span class='ocrx_word' id='word_1_58' title='bbox 1120 633 1296 676; x_wconf 89' lang='lat' dir='ltr'>homine</span> <span class='ocrx_word' id='word_1_59' title='bbox 1327 633 1529 695; x_wconf 86' lang='lat' dir='ltr'>dignum!</span> <span class='ocrx_word' id='word_1_60' title='bbox 1557 635 1643 679; x_wconf 85' lang='lat' dir='ltr'>Sed</span> <span class='ocrx_word' id='word_1_61' title='bbox 1669 651 1867 695; x_wconf 59' lang='lat' dir='ltr'>quaenam</span> <span class='ocrx_word' id='word_1_62' title='bbox 1891 637 2056 695; x_wconf 85' lang='lat' dir='ltr'>abjecta</span> <span class='ocrx_word' id='word_1_63' title='bbox 2085 640 2331 685; x_wconf 81' lang='lat' dir='ltr'>muliercula</span> <span class='ocrx_word' id='word_1_64' title='bbox 2351 674 2365 697; x_wconf 94' lang='lat'>,</span> 
     </span>
     <span class='ocr_line' id='line_1_7' title="bbox 208 707 2358 782; baseline 0.007 -33"><span class='ocrx_word' id='word_1_65' title='bbox 208 707 407 767; x_wconf 79' lang='lat' dir='ltr'>quisnam</span> <span class='ocrx_word' id='word_1_66' title='bbox 431 707 519 751; x_wconf 89' lang='lat' dir='ltr'>hoc</span> <span class='ocrx_word' id='word_1_67' title='bbox 539 707 710 769; x_wconf 85' lang='lat' dir='ltr'>ignoret</span> <span class='ocrx_word' id='word_1_68' title='bbox 739 720 956 754; x_wconf 87' lang='lat' dir='ltr'>extremus</span> <span class='ocrx_word' id='word_1_69' title='bbox 979 711 1143 754; x_wconf 80' lang='lat' dir='ltr'>idiota?</span> <span class='ocrx_word' id='word_1_70' title='bbox 1165 713 1233 756; x_wconf 92' lang='lat' dir='ltr'>Sic</span> <span class='ocrx_word' id='word_1_71' title='bbox 1253 713 1613 774; x_wconf 88' lang='lat' dir='ltr'>philosophantur</span> <span class='ocrx_word' id='word_1_72' title='bbox 1642 716 1686 758; x_wconf 87' lang='lat' dir='ltr'>iu</span> <span class='ocrx_word' id='word_1_73' title='bbox 1714 718 1909 761; x_wconf 84' lang='lat' dir='ltr'>textrinis</span> <span class='ocrx_word' id='word_1_74' title='bbox 1936 718 2130 763; x_wconf 82' lang='lat' dir='ltr'>aniculae.</span> <span class='ocrx_word' id='word_1_75' title='bbox 2154 720 2224 764; x_wconf 89' lang='lat' dir='ltr'>Sic</span> <span class='ocrx_word' id='word_1_76' title='bbox 2252 738 2358 782; x_wconf 85' lang='lat' dir='ltr'>pro-</span> 
     </span>
     <span class='ocr_line' id='line_1_8' title="bbox 205 787 2362 862; baseline 0.006 -31"><span class='ocrx_word' id='word_1_77' title='bbox 205 787 443 848; x_wconf 84' lang='lat' dir='ltr'>positiones</span> <span class='ocrx_word' id='word_1_78' title='bbox 472 788 641 848; x_wconf 81' lang='lat' dir='ltr'>Dagani</span> <span class='ocrx_word' id='word_1_79' title='bbox 669 805 767 832; x_wconf 90' lang='lat' dir='ltr'>cum</span> <span class='ocrx_word' id='word_1_80' title='bbox 793 791 895 848; x_wconf 90' lang='lat' dir='ltr'>joco</span> <span class='ocrx_word' id='word_1_81' title='bbox 928 791 1076 835; x_wconf 88' lang='lat' dir='ltr'>mirari</span> <span class='ocrx_word' id='word_1_82' title='bbox 1103 792 1304 837; x_wconf 90' lang='lat' dir='ltr'>solemus.</span> <span class='ocrx_word' id='word_1_83' title='bbox 1339 795 1403 837; x_wconf 95' lang='lat' dir='ltr'>De</span> <span class='ocrx_word' id='word_1_84' title='bbox 1436 796 1555 853; x_wconf 92' lang='lat' dir='ltr'>cujus</span> <span class='ocrx_word' id='word_1_85' title='bbox 1588 797 1952 856; x_wconf 84' lang='lat' dir='ltr'>propositionibus</span> <span class='ocrx_word' id='word_1_86' title='bbox 1984 798 2143 860; x_wconf 87' lang='lat' dir='ltr'>aliquas</span> <span class='ocrx_word' id='word_1_87' title='bbox 2178 800 2362 862; x_wconf 86' lang='lat' dir='ltr'>exempli</span> 
     </span>
     <span class='ocr_line' id='line_1_9' title="bbox 205 869 2366 941; baseline 0.007 -31"><span class='ocrx_word' id='word_1_88' title='bbox 205 869 342 931; x_wconf 85' lang='lat' dir='ltr'>gratia</span> <span class='ocrx_word' id='word_1_89' title='bbox 363 869 632 913; x_wconf 83' lang='lat' dir='ltr'>interseram.</span> <span class='ocrx_word' id='word_1_90' title='bbox 665 890 680 907; x_wconf 83' lang='lat'><strong><em>«</em></strong></span> <span class='ocrx_word' id='word_1_91' title='bbox 698 870 830 915; x_wconf 90' lang='lat' dir='ltr'>Filius</span> <span class='ocrx_word' id='word_1_92' title='bbox 845 905 856 927; x_wconf 94' lang='lat'>,</span> <span class='ocrx_word' id='word_1_93' title='bbox 880 873 1042 932; x_wconf 89' lang='lat' dir='ltr'>inquit,</span> <span class='ocrx_word' id='word_1_94' title='bbox 1069 889 1164 916; x_wconf 87' lang='lat' dir='ltr'>sum</span> <span class='ocrx_word' id='word_1_95' title='bbox 1186 875 1333 918; x_wconf 90' lang='lat' dir='ltr'>matris</span> <span class='ocrx_word' id='word_1_96' title='bbox 1355 891 1480 920; x_wconf 86' lang='lat' dir='ltr'>meae.</span> <span class='ocrx_word' id='word_1_97' title='bbox 1507 876 1708 920; x_wconf 89' lang='lat' dir='ltr'>Placenta</span> <span class='ocrx_word' id='word_1_98' title='bbox 1731 889 1794 921; x_wconf 91' lang='lat' dir='ltr'>est</span> <span class='ocrx_word' id='word_1_99' title='bbox 1813 880 1951 939; x_wconf 87' lang='lat' dir='ltr'>panis.</span> <span class='ocrx_word' id='word_1_100' title='bbox 1977 881 2114 941; x_wconf 88' lang='lat' dir='ltr'>Caput</span> <span class='ocrx_word' id='word_1_101' title='bbox 2136 898 2279 925; x_wconf 87' lang='lat' dir='ltr'>meum</span> <span class='ocrx_word' id='word_1_102' title='bbox 2301 894 2366 926; x_wconf 88' lang='lat' dir='ltr'>est</span> 
     </span>
     <span class='ocr_line' id='line_1_10' title="bbox 204 950 2365 1012; baseline 0.007 -21"><span class='ocrx_word' id='word_1_103' title='bbox 204 950 391 1011; x_wconf 82' lang='lat' dir='ltr'>grossius</span> <span class='ocrx_word' id='word_1_104' title='bbox 411 966 560 1011; x_wconf 85' lang='lat' dir='ltr'>pugno</span> <span class='ocrx_word' id='word_1_105' title='bbox 583 967 699 994; x_wconf 90' lang='lat' dir='ltr'>meo.</span> <span class='ocrx_word' id='word_1_106' title='bbox 726 953 836 996; x_wconf 90' lang='lat' dir='ltr'>Cum</span> <span class='ocrx_word' id='word_1_107' title='bbox 860 953 1061 998; x_wconf 89' lang='lat' dir='ltr'>meridies</span> <span class='ocrx_word' id='word_1_108' title='bbox 1082 965 1161 1009; x_wconf 91' lang='lat' dir='ltr'>est,</span> <span class='ocrx_word' id='word_1_109' title='bbox 1182 954 1272 998; x_wconf 88' lang='lat' dir='ltr'>dies</span> <span class='ocrx_word' id='word_1_110' title='bbox 1295 967 1374 999; x_wconf 88' lang='lat' dir='ltr'>est.</span> <span class='ocrx_word' id='word_1_111' title='bbox 1399 978 1417 994; x_wconf 88' lang='lat'>»</span> <span class='ocrx_word' id='word_1_112' title='bbox 1447 957 1553 1012; x_wconf 86' lang='lat' dir='ltr'>Quis</span> <span class='ocrx_word' id='word_1_113' title='bbox 1576 968 1655 1012; x_wconf 91' lang='lat' dir='ltr'>est,</span> <span class='ocrx_word' id='word_1_114' title='bbox 1680 959 1748 1001; x_wconf 91' lang='lat' dir='ltr'>cui</span> <span class='ocrx_word' id='word_1_115' title='bbox 1774 959 1920 1002; x_wconf 88' lang='lat' dir='ltr'>audita</span> <span class='ocrx_word' id='word_1_116' title='bbox 1944 971 2032 1003; x_wconf 87' lang='lat' dir='ltr'>tam</span> <span class='ocrx_word' id='word_1_117' title='bbox 2055 961 2233 1005; x_wconf 86' lang='lat' dir='ltr'>ridicula</span> <span class='ocrx_word' id='word_1_118' title='bbox 2254 963 2365 1006; x_wconf 82' lang='lat' dir='ltr'>veri-</span> 
     </span>
     <span class='ocr_line' id='line_1_11' title="bbox 201 1031 2360 1105; baseline 0.006 -30"><span class='ocrx_word' id='word_1_119' title='bbox 201 1041 314 1087; x_wconf 82' lang='lat' dir='ltr'>tate,</span> <span class='ocrx_word' id='word_1_120' title='bbox 348 1031 465 1075; x_wconf 86' lang='lat' dir='ltr'>labia</span> <span class='ocrx_word' id='word_1_121' title='bbox 494 1033 582 1075; x_wconf 92' lang='lat' dir='ltr'>risu</span> <span class='ocrx_word' id='word_1_122' title='bbox 608 1049 699 1075; x_wconf 89' lang='lat' dir='ltr'>non</span> <span class='ocrx_word' id='word_1_123' title='bbox 727 1035 1001 1093; x_wconf 80' lang='lat' dir='ltr'>quatiantur?</span> <span class='ocrx_word' id='word_1_124' title='bbox 1024 1036 1228 1081; x_wconf 86' lang='lat' dir='ltr'>Similiter</span> <span class='ocrx_word' id='word_1_125' title='bbox 1257 1048 1300 1080; x_wconf 88' lang='lat' dir='ltr'>et</span> <span class='ocrx_word' id='word_1_126' title='bbox 1331 1054 1431 1081; x_wconf 91' lang='lat' dir='ltr'>cum</span> <span class='ocrx_word' id='word_1_127' title='bbox 1458 1038 1700 1082; x_wconf 88' lang='lat' dir='ltr'>Bernardus</span> <span class='ocrx_word' id='word_1_128' title='bbox 1723 1039 1855 1096; x_wconf 85' lang='lat' dir='ltr'>dixit,</span> <span class='ocrx_word' id='word_1_129' title='bbox 1882 1042 2022 1085; x_wconf 91' lang='lat' dir='ltr'>Deum</span> <span class='ocrx_word' id='word_1_130' title='bbox 2054 1058 2143 1086; x_wconf 86' lang='lat' dir='ltr'>esse</span> <span class='ocrx_word' id='word_1_131' title='bbox 2176 1043 2360 1105; x_wconf 84' lang='lat' dir='ltr'>diligen-</span> 
     </span>
    </p>
   </div>
   <div class='ocr_carea' id='block_1_3' title="bbox 203 1111 2362 1183">
    <p class='ocr_par' dir='ltr' id='par_1_3' title="bbox 203 1111 2362 1183">
     <span class='ocr_line' id='line_1_12' title="bbox 203 1111 2362 1183; baseline 0.006 -29"><span class='ocrx_word' id='word_1_132' title='bbox 203 1111 327 1164; x_wconf 87' lang='lat' dir='ltr'>dum,</span> <span class='ocrx_word' id='word_1_133' title='bbox 355 1113 624 1156; x_wconf 85' lang='lat' dir='ltr'>verissimum</span> <span class='ocrx_word' id='word_1_134' title='bbox 652 1114 829 1173; x_wconf 88' lang='lat' dir='ltr'>quidem</span> <span class='ocrx_word' id='word_1_135' title='bbox 857 1116 986 1172; x_wconf 84' lang='lat' dir='ltr'>dixit,</span> <span class='ocrx_word' id='word_1_136' title='bbox 1019 1129 1061 1161; x_wconf 92' lang='lat' dir='ltr'>et</span> <span class='ocrx_word' id='word_1_137' title='bbox 1083 1117 1330 1162; x_wconf 86' lang='lat' dir='ltr'>venerabile</span> <span class='ocrx_word' id='word_1_138' title='bbox 1360 1135 1535 1174; x_wconf 82' lang='lat' dir='ltr'>verum3</span> <span class='ocrx_word' id='word_1_139' title='bbox 1567 1119 1642 1163; x_wconf 89' lang='lat' dir='ltr'>sed</span> <span class='ocrx_word' id='word_1_140' title='bbox 1672 1120 1728 1163; x_wconf 91' lang='lat' dir='ltr'>ad</span> <span class='ocrx_word' id='word_1_141' title='bbox 1756 1122 1841 1163; x_wconf 90' lang='lat' dir='ltr'>hoc</span> <span class='ocrx_word' id='word_1_142' title='bbox 1864 1121 2095 1166; x_wconf 87' lang='lat' dir='ltr'>dicendum</span> <span class='ocrx_word' id='word_1_143' title='bbox 2124 1140 2202 1183; x_wconf 88' lang='lat' dir='ltr'>pro</span> <span class='ocrx_word' id='word_1_144' title='bbox 2225 1124 2362 1168; x_wconf 90' lang='lat' dir='ltr'>nihilo</span> 
     </span>
    </p>
   </div>
   <div class='ocr_carea' id='block_1_4' title="bbox 188 1200 2362 2558">
    <p class='ocr_par' dir='ltr' id='par_1_4' title="bbox 188 1200 2362 2558">
     <span class='ocr_line' id='line_1_13' title="bbox 202 1200 2362 1269; baseline 0.006 -28"><span class='ocrx_word' id='word_1_145' title='bbox 202 1200 369 1259; x_wconf 87' lang='lat' dir='ltr'>aperuit</span> <span class='ocrx_word' id='word_1_146' title='bbox 397 1216 446 1243; x_wconf 91' lang='lat' dir='ltr'>os</span> <span class='ocrx_word' id='word_1_147' title='bbox 476 1216 617 1246; x_wconf 90' lang='lat' dir='ltr'>suum.</span> <span class='ocrx_word' id='word_1_148' title='bbox 649 1200 790 1245; x_wconf 91' lang='lat' dir='ltr'>Nemo</span> <span class='ocrx_word' id='word_1_149' title='bbox 823 1204 938 1246; x_wconf 89' lang='lat' dir='ltr'>enim</span> <span class='ocrx_word' id='word_1_150' title='bbox 968 1203 1023 1247; x_wconf 91' lang='lat' dir='ltr'>de</span> <span class='ocrx_word' id='word_1_151' title='bbox 1053 1204 1140 1248; x_wconf 91' lang='lat' dir='ltr'>hoc</span> <span class='ocrx_word' id='word_1_152' title='bbox 1175 1204 1360 1248; x_wconf 88' lang='lat' dir='ltr'>dubitat.</span> <span class='ocrx_word' id='word_1_153' title='bbox 1395 1205 1605 1266; x_wconf 88' lang='lat' dir='ltr'>Sperabat</span> <span class='ocrx_word' id='word_1_154' title='bbox 1638 1207 1755 1250; x_wconf 91' lang='lat' dir='ltr'>enim</span> <span class='ocrx_word' id='word_1_155' title='bbox 1784 1224 1987 1252; x_wconf 86' lang='lat' dir='ltr'>romanus</span> <span class='ocrx_word' id='word_1_156' title='bbox 2022 1209 2182 1269; x_wconf 87' lang='lat' dir='ltr'>aliquid</span> <span class='ocrx_word' id='word_1_157' title='bbox 2209 1211 2362 1255; x_wconf 84' lang='lat' dir='ltr'>secreti</span> 
     </span>
     <span class='ocr_line' id='line_1_14' title="bbox 200 1280 2357 1352; baseline 0.005 -29"><span class='ocrx_word' id='word_1_158' title='bbox 200 1280 368 1336; x_wconf 84' lang='lat' dir='ltr'>audire,</span> <span class='ocrx_word' id='word_1_159' title='bbox 393 1292 438 1325; x_wconf 91' lang='lat' dir='ltr'>et</span> <span class='ocrx_word' id='word_1_160' title='bbox 458 1282 809 1327; x_wconf 86' lang='lat' dir='ltr'>Archimandrita</span> <span class='ocrx_word' id='word_1_161' title='bbox 833 1295 978 1328; x_wconf 88' lang='lat' dir='ltr'>noster</span> <span class='ocrx_word' id='word_1_162' title='bbox 1000 1284 1086 1328; x_wconf 89' lang='lat' dir='ltr'>tale</span> <span class='ocrx_word' id='word_1_163' title='bbox 1116 1285 1219 1345; x_wconf 91' lang='lat' dir='ltr'>quid</span> <span class='ocrx_word' id='word_1_164' title='bbox 1242 1286 1427 1342; x_wconf 84' lang='lat' dir='ltr'>intonat,</span> <span class='ocrx_word' id='word_1_165' title='bbox 1453 1287 1572 1347; x_wconf 89' lang='lat' dir='ltr'>quod</span> <span class='ocrx_word' id='word_1_166' title='bbox 1594 1288 1773 1347; x_wconf 91' lang='lat' dir='ltr'>quilibet</span> <span class='ocrx_word' id='word_1_167' title='bbox 1794 1290 1972 1332; x_wconf 87' lang='lat' dir='ltr'>rusticus</span> <span class='ocrx_word' id='word_1_168' title='bbox 1995 1289 2154 1333; x_wconf 87' lang='lat' dir='ltr'>valeret</span> <span class='ocrx_word' id='word_1_169' title='bbox 2175 1307 2357 1352; x_wconf 88' lang='lat' dir='ltr'>respon-</span> 
     </span>
     <span class='ocr_line' id='line_1_15' title="bbox 199 1360 2358 1432; baseline 0.005 -28"><span class='ocrx_word' id='word_1_170' title='bbox 199 1360 318 1406; x_wconf 89' lang='lat' dir='ltr'>dere.</span> <span class='ocrx_word' id='word_1_171' title='bbox 344 1363 401 1406; x_wconf 92' lang='lat' dir='ltr'>Et</span> <span class='ocrx_word' id='word_1_172' title='bbox 424 1374 571 1407; x_wconf 87' lang='lat' dir='ltr'>tamen</span> <span class='ocrx_word' id='word_1_173' title='bbox 595 1364 699 1408; x_wconf 91' lang='lat' dir='ltr'>dum</span> <span class='ocrx_word' id='word_1_174' title='bbox 722 1366 863 1409; x_wconf 88' lang='lat' dir='ltr'>Deum</span> <span class='ocrx_word' id='word_1_175' title='bbox 895 1365 1164 1428; x_wconf 85' lang='lat' dir='ltr'>diligendum</span> <span class='ocrx_word' id='word_1_176' title='bbox 1187 1384 1275 1411; x_wconf 89' lang='lat' dir='ltr'>esse</span> <span class='ocrx_word' id='word_1_177' title='bbox 1298 1370 1575 1428; x_wconf 89' lang='lat' dir='ltr'>pronunciat,</span> <span class='ocrx_word' id='word_1_178' title='bbox 1603 1368 1786 1413; x_wconf 88' lang='lat' dir='ltr'>latenter</span> <span class='ocrx_word' id='word_1_179' title='bbox 1808 1370 1906 1413; x_wconf 88' lang='lat' dir='ltr'>ferit</span> <span class='ocrx_word' id='word_1_180' title='bbox 1938 1387 2186 1426; x_wconf 86' lang='lat' dir='ltr'>romanum,</span> <span class='ocrx_word' id='word_1_181' title='bbox 2216 1374 2289 1432; x_wconf 87' lang='lat' dir='ltr'>qui</span> <span class='ocrx_word' id='word_1_182' title='bbox 2312 1374 2358 1416; x_wconf 92' lang='lat' dir='ltr'>in</span> 
     </span>
     <span class='ocr_line' id='line_1_16' title="bbox 197 1428 2354 1514; baseline 0.005 -28"><span class='ocrx_word' id='word_1_183' title='bbox 197 1444 317 1487; x_wconf 86' lang='lat' dir='ltr'>curia</span> <span class='ocrx_word' id='word_1_184' title='bbox 339 1428 469 1504; x_wconf 44' lang='lat' dir='ltr'>Pap&amp;</span> <span class='ocrx_word' id='word_1_185' title='bbox 491 1462 581 1488; x_wconf 89' lang='lat' dir='ltr'>non</span> <span class='ocrx_word' id='word_1_186' title='bbox 603 1435 755 1489; x_wconf 49' lang='lat' dir='ltr'>Deum&#39;</span> <span class='ocrx_word' id='word_1_187' title='bbox 769 1446 979 1491; x_wconf 87' lang='lat' dir='ltr'>didicerat</span> <span class='ocrx_word' id='word_1_188' title='bbox 1003 1464 1170 1501; x_wconf 84' lang='lat' dir='ltr'>amare,</span> <span class='ocrx_word' id='word_1_189' title='bbox 1196 1449 1274 1492; x_wconf 91' lang='lat' dir='ltr'>sed</span> <span class='ocrx_word' id='word_1_190' title='bbox 1297 1465 1467 1493; x_wconf 89' lang='lat' dir='ltr'>aurum.</span> <span class='ocrx_word' id='word_1_191' title='bbox 1493 1450 1691 1509; x_wconf 91' lang='lat' dir='ltr'>Sequitur</span> <span class='ocrx_word' id='word_1_192' title='bbox 1713 1461 1861 1510; x_wconf 89' lang='lat' dir='ltr'>postea</span> <span class='ocrx_word' id='word_1_193' title='bbox 1884 1451 1938 1494; x_wconf 90' lang='lat' dir='ltr'>de</span> <span class='ocrx_word' id='word_1_194' title='bbox 1960 1452 2094 1495; x_wconf 86' lang='lat' dir='ltr'>modo</span> <span class='ocrx_word' id='word_1_195' title='bbox 2118 1451 2324 1514; x_wconf 84' lang='lat' dir='ltr'>diligendi</span> <span class='ocrx_word' id='word_1_196' title='bbox 2344 1469 2354 1497; x_wconf 90' lang='lat'><strong>:</strong></span> 
     </span>
     <span class='ocr_line' id='line_1_17' title="bbox 204 1523 2358 1592; baseline 0.004 -25"><span class='ocrx_word' id='word_1_197' title='bbox 204 1543 221 1562; x_wconf 72' lang='grc' dir='ltr'><strong>α</strong></span> <span class='ocrx_word' id='word_1_198' title='bbox 245 1523 428 1577; x_wconf 84' lang='lat' dir='ltr'>Modus,</span> <span class='ocrx_word' id='word_1_199' title='bbox 467 1527 630 1586; x_wconf 86' lang='lat' dir='ltr'>inquit,</span> <span class='ocrx_word' id='word_1_200' title='bbox 662 1538 726 1570; x_wconf 87' lang='lat' dir='ltr'>est</span> <span class='ocrx_word' id='word_1_201' title='bbox 753 1529 844 1571; x_wconf 90' lang='lat' dir='ltr'>sine</span> <span class='ocrx_word' id='word_1_202' title='bbox 873 1528 1008 1571; x_wconf 89' lang='lat' dir='ltr'>modo</span> <span class='ocrx_word' id='word_1_203' title='bbox 1044 1527 1221 1592; x_wconf 77' lang='lat' dir='ltr'>diligere</span> <span class='ocrx_word' id='word_1_204' title='bbox 1261 1551 1279 1568; x_wconf 88' lang='lat'>»</span> <span class='ocrx_word' id='word_1_205' title='bbox 1317 1530 1607 1584; x_wconf 88' lang='lat' dir='ltr'>Aimericum,</span> <span class='ocrx_word' id='word_1_206' title='bbox 1642 1530 1700 1573; x_wconf 89' lang='lat' dir='ltr'>sic</span> <span class='ocrx_word' id='word_1_207' title='bbox 1731 1531 1847 1573; x_wconf 87' lang='lat' dir='ltr'>enim</span> <span class='ocrx_word' id='word_1_208' title='bbox 1878 1530 2014 1574; x_wconf 88' lang='lat' dir='ltr'>dictus</span> <span class='ocrx_word' id='word_1_209' title='bbox 2046 1543 2109 1574; x_wconf 90' lang='lat' dir='ltr'>est</span> <span class='ocrx_word' id='word_1_210' title='bbox 2140 1532 2196 1575; x_wconf 92' lang='lat' dir='ltr'>ad</span> <span class='ocrx_word' id='word_1_211' title='bbox 2229 1549 2358 1592; x_wconf 90' lang='lat' dir='ltr'>quem</span> 
     </span>
     <span class='ocr_line' id='line_1_18' title="bbox 196 1605 2361 1672; baseline 0.005 -25"><span class='ocrx_word' id='word_1_212' title='bbox 196 1605 366 1660; x_wconf 85' lang='lat' dir='ltr'>scribis,</span> <span class='ocrx_word' id='word_1_213' title='bbox 402 1607 522 1666; x_wconf 87' lang='lat' dir='ltr'>quasi</span> <span class='ocrx_word' id='word_1_214' title='bbox 552 1607 693 1652; x_wconf 89' lang='lat' dir='ltr'>lacteo</span> <span class='ocrx_word' id='word_1_215' title='bbox 726 1624 853 1652; x_wconf 91' lang='lat' dir='ltr'>succo</span> <span class='ocrx_word' id='word_1_216' title='bbox 886 1610 1061 1669; x_wconf 89' lang='lat' dir='ltr'>pavisti,</span> <span class='ocrx_word' id='word_1_217' title='bbox 1101 1610 1206 1654; x_wconf 90' lang='lat' dir='ltr'>dum</span> <span class='ocrx_word' id='word_1_218' title='bbox 1241 1612 1382 1654; x_wconf 85' lang='lat' dir='ltr'>Deum</span> <span class='ocrx_word' id='word_1_219' title='bbox 1414 1611 1683 1672; x_wconf 87' lang='lat' dir='ltr'>diligendum</span> <span class='ocrx_word' id='word_1_220' title='bbox 1715 1623 1859 1671; x_wconf 86' lang='lat' dir='ltr'>aperte</span> <span class='ocrx_word' id='word_1_221' title='bbox 1893 1614 2200 1672; x_wconf 85' lang='lat' dir='ltr'>pronunciasti.</span> <span class='ocrx_word' id='word_1_222' title='bbox 2231 1614 2361 1658; x_wconf 89' lang='lat' dir='ltr'>Nunc</span> 
     </span>
     <span class='ocr_line' id='line_1_19' title="bbox 194 1687 2355 1752; baseline 0.003 -22"><span class='ocrx_word' id='word_1_223' title='bbox 194 1701 297 1730; x_wconf 88' lang='lat' dir='ltr'>eum</span> <span class='ocrx_word' id='word_1_224' title='bbox 318 1687 461 1732; x_wconf 86' lang='lat' dir='ltr'>subito</span> <span class='ocrx_word' id='word_1_225' title='bbox 486 1688 542 1732; x_wconf 87' lang='lat' dir='ltr'>ad</span> <span class='ocrx_word' id='word_1_226' title='bbox 565 1690 717 1733; x_wconf 87' lang='lat' dir='ltr'>altiora</span> <span class='ocrx_word' id='word_1_227' title='bbox 740 1691 989 1752; x_wconf 85' lang='lat' dir='ltr'>suberigens</span> <span class='ocrx_word' id='word_1_228' title='bbox 1014 1691 1117 1735; x_wconf 82' lang='lat' dir='ltr'>dicis</span> <span class='ocrx_word' id='word_1_229' title='bbox 1133 1727 1143 1744; x_wconf 94' lang='lat'>,</span> <span class='ocrx_word' id='word_1_230' title='bbox 1178 1692 1297 1752; x_wconf 92' lang='lat' dir='ltr'>quod</span> <span class='ocrx_word' id='word_1_231' title='bbox 1326 1692 1481 1735; x_wconf 88' lang='lat' dir='ltr'>modus</span> <span class='ocrx_word' id='word_1_232' title='bbox 1505 1691 1712 1752; x_wconf 86' lang='lat' dir='ltr'>diligendi</span> <span class='ocrx_word' id='word_1_233' title='bbox 1735 1693 1876 1734; x_wconf 91' lang='lat' dir='ltr'>Deum</span> <span class='ocrx_word' id='word_1_234' title='bbox 1906 1694 1959 1735; x_wconf 87' lang='lat' dir='ltr'>sit</span> <span class='ocrx_word' id='word_1_235' title='bbox 1986 1693 2075 1737; x_wconf 86' lang='lat' dir='ltr'>sine</span> <span class='ocrx_word' id='word_1_236' title='bbox 2102 1693 2237 1737; x_wconf 91' lang='lat' dir='ltr'>modo</span> <span class='ocrx_word' id='word_1_237' title='bbox 2258 1695 2355 1737; x_wconf 87' lang='lat' dir='ltr'>dili-</span> 
     </span>
     <span class='ocr_line' id='line_1_20' title="bbox 194 1769 2356 1835; baseline 0.004 -24"><span class='ocrx_word' id='word_1_238' title='bbox 194 1783 311 1827; x_wconf 89' lang='lat' dir='ltr'>gere.</span> <span class='ocrx_word' id='word_1_239' title='bbox 338 1769 425 1824; x_wconf 89' lang='lat' dir='ltr'>Qui</span> <span class='ocrx_word' id='word_1_240' title='bbox 447 1772 700 1830; x_wconf 81' lang='lat' dir='ltr'>quaesiverat</span> <span class='ocrx_word' id='word_1_241' title='bbox 721 1771 827 1831; x_wconf 89' lang='lat' dir='ltr'>quid</span> <span class='ocrx_word' id='word_1_242' title='bbox 848 1784 957 1816; x_wconf 86' lang='lat' dir='ltr'>esset</span> <span class='ocrx_word' id='word_1_243' title='bbox 980 1771 1276 1833; x_wconf 87' lang='lat' dir='ltr'>diligendum,</span> <span class='ocrx_word' id='word_1_244' title='bbox 1313 1773 1367 1816; x_wconf 91' lang='lat' dir='ltr'>de</span> <span class='ocrx_word' id='word_1_245' title='bbox 1390 1789 1477 1832; x_wconf 93' lang='lat' dir='ltr'>quo</span> <span class='ocrx_word' id='word_1_246' title='bbox 1501 1788 1582 1816; x_wconf 87' lang='lat' dir='ltr'>nec</span> <span class='ocrx_word' id='word_1_247' title='bbox 1603 1771 2159 1832; x_wconf 71' lang='lat' dir='ltr'>pauperculus&#39;cbristianus</span> <span class='ocrx_word' id='word_1_248' title='bbox 2181 1775 2356 1835; x_wconf 87' lang='lat' dir='ltr'>quidem</span> 
     </span>
     <span class='ocr_line' id='line_1_21' title="bbox 192 1848 2355 1914; baseline 0.004 -23"><span class='ocrx_word' id='word_1_249' title='bbox 192 1848 432 1905; x_wconf 86' lang='lat' dir='ltr'>haesitaret,</span> <span class='ocrx_word' id='word_1_250' title='bbox 466 1851 690 1910; x_wconf 90' lang='lat' dir='ltr'>quomodo</span> <span class='ocrx_word' id='word_1_251' title='bbox 717 1853 877 1911; x_wconf 89' lang='lat' dir='ltr'>poterit</span> <span class='ocrx_word' id='word_1_252' title='bbox 901 1854 1017 1896; x_wconf 89' lang='lat' dir='ltr'>hanc</span> <span class='ocrx_word' id='word_1_253' title='bbox 1048 1853 1330 1896; x_wconf 84' lang='lat' dir='ltr'>subtilitatem</span> <span class='ocrx_word' id='word_1_254' title='bbox 1357 1852 1615 1914; x_wconf 86' lang='lat' dir='ltr'>intelligere,</span> <span class='ocrx_word' id='word_1_255' title='bbox 1649 1852 1768 1912; x_wconf 92' lang='lat' dir='ltr'>quod</span> <span class='ocrx_word' id='word_1_256' title='bbox 1791 1852 1947 1896; x_wconf 86' lang='lat' dir='ltr'>modus</span> <span class='ocrx_word' id='word_1_257' title='bbox 1977 1853 2182 1914; x_wconf 85' lang='lat' dir='ltr'>diligendi</span> <span class='ocrx_word' id='word_1_258' title='bbox 2215 1857 2355 1899; x_wconf 91' lang='lat' dir='ltr'>Deum</span> 
     </span>
     <span class='ocr_line' id='line_1_22' title="bbox 193 1929 2348 1993; baseline 0.004 -22"><span class='ocrx_word' id='word_1_259' title='bbox 193 1929 247 1971; x_wconf 89' lang='lat' dir='ltr'>sit</span> <span class='ocrx_word' id='word_1_260' title='bbox 270 1930 361 1974; x_wconf 90' lang='lat' dir='ltr'>sine</span> <span class='ocrx_word' id='word_1_261' title='bbox 383 1931 519 1975; x_wconf 91' lang='lat' dir='ltr'>modo</span> <span class='ocrx_word' id='word_1_262' title='bbox 544 1931 749 1993; x_wconf 80' lang='lat' dir='ltr'>diligere?</span> <span class='ocrx_word' id='word_1_263' title='bbox 772 1933 823 1975; x_wconf 92' lang='lat' dir='ltr'>In</span> <span class='ocrx_word' id='word_1_264' title='bbox 846 1948 933 1992; x_wconf 92' lang='lat' dir='ltr'>quo</span> <span class='ocrx_word' id='word_1_265' title='bbox 956 1933 1221 1993; x_wconf 88' lang='lat' dir='ltr'>impossibile</span> <span class='ocrx_word' id='word_1_266' title='bbox 1245 1933 1452 1992; x_wconf 87' lang='lat' dir='ltr'>quiddam</span> <span class='ocrx_word' id='word_1_267' title='bbox 1475 1933 1689 1993; x_wconf 90' lang='lat' dir='ltr'>spondere</span> <span class='ocrx_word' id='word_1_268' title='bbox 1711 1932 1881 1976; x_wconf 84' lang='lat' dir='ltr'>videris.</span> <span class='ocrx_word' id='word_1_269' title='bbox 1916 1935 2026 1977; x_wconf 90' lang='lat' dir='ltr'>Cum</span> <span class='ocrx_word' id='word_1_270' title='bbox 2052 1936 2167 1978; x_wconf 89' lang='lat' dir='ltr'>enim</span> <span class='ocrx_word' id='word_1_271' title='bbox 2197 1936 2348 1979; x_wconf 87' lang='lat' dir='ltr'>stabile</span> 
     </span>
     <span class='ocr_line' id='line_1_23' title="bbox 192 2008 2351 2073; baseline 0.003 -21"><span class='ocrx_word' id='word_1_272' title='bbox 192 2008 412 2071; x_wconf 83' lang='lat' dir='ltr'>fixumque</span> <span class='ocrx_word' id='word_1_273' title='bbox 435 2013 488 2055; x_wconf 89' lang='lat' dir='ltr'>sit</span> <span class='ocrx_word' id='word_1_274' title='bbox 520 2014 661 2056; x_wconf 89' lang='lat' dir='ltr'>Deum</span> <span class='ocrx_word' id='word_1_275' title='bbox 685 2029 735 2056; x_wconf 89' lang='lat' dir='ltr'>ea</span> <span class='ocrx_word' id='word_1_276' title='bbox 765 2013 1060 2057; x_wconf 87' lang='lat' dir='ltr'>munificentia</span> <span class='ocrx_word' id='word_1_277' title='bbox 1084 2029 1174 2056; x_wconf 89' lang='lat' dir='ltr'>esse</span> <span class='ocrx_word' id='word_1_278' title='bbox 1196 2014 1442 2073; x_wconf 77' lang='lat' dir='ltr'>praeditum,</span> <span class='ocrx_word' id='word_1_279' title='bbox 1462 2024 1510 2055; x_wconf 91' lang='lat' dir='ltr'>ut</span> <span class='ocrx_word' id='word_1_280' title='bbox 1530 2029 1802 2072; x_wconf 84' lang='lat' dir='ltr'>nequaquam</span> <span class='ocrx_word' id='word_1_281' title='bbox 1820 2024 1963 2056; x_wconf 86' lang='lat' dir='ltr'>nostra</span> <span class='ocrx_word' id='word_1_282' title='bbox 1977 2014 2021 2056; x_wconf 91' lang='lat' dir='ltr'>in</span> <span class='ocrx_word' id='word_1_283' title='bbox 2041 2014 2161 2058; x_wconf 91' lang='lat' dir='ltr'>illum</span> <span class='ocrx_word' id='word_1_284' title='bbox 2179 2015 2351 2060; x_wconf 87' lang='lat' dir='ltr'>dilectio</span> 
     </span>
     <span class='ocr_line' id='line_1_24' title="bbox 192 2092 2347 2154; baseline 0.003 -21"><span class='ocrx_word' id='word_1_285' title='bbox 192 2092 283 2147; x_wconf 89' lang='lat' dir='ltr'>ejus</span> <span class='ocrx_word' id='word_1_286' title='bbox 293 2092 493 2152; x_wconf 87' lang='lat' dir='ltr'>dignitati</span> <span class='ocrx_word' id='word_1_287' title='bbox 510 2092 837 2153; x_wconf 80' lang='lat' dir='ltr'>aequipollenter</span> <span class='ocrx_word' id='word_1_288' title='bbox 852 2093 1115 2154; x_wconf 88' lang='lat' dir='ltr'>respondere</span> <span class='ocrx_word' id='word_1_289' title='bbox 1130 2093 1312 2137; x_wconf 87' lang='lat' dir='ltr'>sufficiat</span> <span class='ocrx_word' id='word_1_290' title='bbox 1329 2109 1339 2136; x_wconf 78' lang='lat' dir='ltr'><em>z</em></span> <span class='ocrx_word' id='word_1_291' title='bbox 1356 2093 1581 2153; x_wconf 91' lang='lat' dir='ltr'>quomodo</span> <span class='ocrx_word' id='word_1_292' title='bbox 1597 2093 1687 2135; x_wconf 91' lang='lat' dir='ltr'>sine</span> <span class='ocrx_word' id='word_1_293' title='bbox 1700 2093 1834 2136; x_wconf 91' lang='lat' dir='ltr'>modo</span> <span class='ocrx_word' id='word_1_294' title='bbox 1850 2093 2090 2154; x_wconf 86' lang='lat' dir='ltr'>diligemus,</span> <span class='ocrx_word' id='word_1_295' title='bbox 2106 2112 2234 2154; x_wconf 90' lang='lat' dir='ltr'>quem</span> <span class='ocrx_word' id='word_1_296' title='bbox 2248 2112 2347 2140; x_wconf 89' lang='lat' dir='ltr'>cum</span> 
     </span>
     <span class='ocr_line' id='line_1_25' title="bbox 192 2171 2348 2234; baseline 0.003 -19"><span class='ocrx_word' id='word_1_297' title='bbox 192 2171 328 2215; x_wconf 91' lang='lat' dir='ltr'>modo</span> <span class='ocrx_word' id='word_1_298' title='bbox 357 2172 534 2234; x_wconf 85' lang='lat' dir='ltr'>diligere</span> <span class='ocrx_word' id='word_1_299' title='bbox 562 2189 652 2216; x_wconf 91' lang='lat' dir='ltr'>non</span> <span class='ocrx_word' id='word_1_300' title='bbox 674 2173 894 2217; x_wconf 78' lang='lat' dir='ltr'>valemus?</span> <span class='ocrx_word' id='word_1_301' title='bbox 918 2174 1173 2230; x_wconf 87' lang='lat' dir='ltr'>Quomodo,</span> <span class='ocrx_word' id='word_1_302' title='bbox 1198 2175 1400 2233; x_wconf 91' lang='lat' dir='ltr'>inquam,</span> <span class='ocrx_word' id='word_1_303' title='bbox 1426 2174 1668 2234; x_wconf 83' lang='lat' dir='ltr'>porrigetur</span> <span class='ocrx_word' id='word_1_304' title='bbox 1695 2172 1867 2217; x_wconf 88' lang='lat' dir='ltr'>dilectio</span> <span class='ocrx_word' id='word_1_305' title='bbox 1890 2173 2000 2217; x_wconf 90' lang='lat' dir='ltr'>ultra</span> <span class='ocrx_word' id='word_1_306' title='bbox 2019 2175 2198 2218; x_wconf 90' lang='lat' dir='ltr'>modum</span> <span class='ocrx_word' id='word_1_307' title='bbox 2213 2210 2223 2230; x_wconf 92' lang='lat'>,</span> <span class='ocrx_word' id='word_1_308' title='bbox 2248 2193 2348 2221; x_wconf 89' lang='lat' dir='ltr'>cum</span> 
     </span>
     <span class='ocr_line' id='line_1_26' title="bbox 191 2242 2347 2318; baseline 0.003 -22"><span class='ocrx_word' id='word_1_309' title='bbox 191 2268 360 2313; x_wconf 89' lang='lat' dir='ltr'>semper</span> <span class='ocrx_word' id='word_1_310' title='bbox 380 2242 604 2298; x_wconf 82' lang='lat' dir='ltr'>remaneat</span> <span class='ocrx_word' id='word_1_311' title='bbox 630 2254 736 2298; x_wconf 86' lang='lat' dir='ltr'>citra</span> <span class='ocrx_word' id='word_1_312' title='bbox 763 2254 974 2298; x_wconf 79' lang='lat' dir='ltr'>modum?</span> <span class='ocrx_word' id='word_1_313' title='bbox 993 2256 1081 2298; x_wconf 92' lang='lat' dir='ltr'>Aut</span> <span class='ocrx_word' id='word_1_314' title='bbox 1109 2256 1143 2298; x_wconf 91' lang='lat' dir='ltr'>si</span> <span class='ocrx_word' id='word_1_315' title='bbox 1167 2255 1226 2298; x_wconf 91' lang='lat' dir='ltr'>sic</span> <span class='ocrx_word' id='word_1_316' title='bbox 1247 2255 1493 2299; x_wconf 84' lang='lat' dir='ltr'>intellexisti</span> <span class='ocrx_word' id='word_1_317' title='bbox 1515 2255 1605 2298; x_wconf 90' lang='lat' dir='ltr'>sine</span> <span class='ocrx_word' id='word_1_318' title='bbox 1627 2254 1761 2297; x_wconf 92' lang='lat' dir='ltr'>modo</span> <span class='ocrx_word' id='word_1_319' title='bbox 1793 2254 1985 2315; x_wconf 86' lang='lat' dir='ltr'>diligere,</span> <span class='ocrx_word' id='word_1_320' title='bbox 2011 2255 2056 2298; x_wconf 90' lang='lat' dir='ltr'>id</span> <span class='ocrx_word' id='word_1_321' title='bbox 2085 2267 2147 2299; x_wconf 90' lang='lat' dir='ltr'>est</span> <span class='ocrx_word' id='word_1_322' title='bbox 2170 2256 2347 2318; x_wconf 86' lang='lat' dir='ltr'>diligere</span> 
     </span>
     <span class='ocr_line' id='line_1_27' title="bbox 192 2334 2349 2398; baseline 0.003 -21"><span class='ocrx_word' id='word_1_323' title='bbox 192 2334 311 2393; x_wconf 91' lang='lat' dir='ltr'>quod</span> <span class='ocrx_word' id='word_1_324' title='bbox 332 2351 423 2379; x_wconf 89' lang='lat' dir='ltr'>non</span> <span class='ocrx_word' id='word_1_325' title='bbox 453 2335 727 2397; x_wconf 89' lang='lat' dir='ltr'>perveniatur</span> <span class='ocrx_word' id='word_1_326' title='bbox 749 2336 806 2379; x_wconf 88' lang='lat' dir='ltr'>ad</span> <span class='ocrx_word' id='word_1_327' title='bbox 827 2352 1068 2397; x_wconf 88' lang='lat' dir='ltr'>congruum</span> <span class='ocrx_word' id='word_1_328' title='bbox 1093 2336 1299 2397; x_wconf 85' lang='lat' dir='ltr'>diligendi</span> <span class='ocrx_word' id='word_1_329' title='bbox 1320 2335 1516 2390; x_wconf 88' lang='lat' dir='ltr'>modum,</span> <span class='ocrx_word' id='word_1_330' title='bbox 1540 2334 1767 2378; x_wconf 88' lang='lat' dir='ltr'>ridiculam</span> <span class='ocrx_word' id='word_1_331' title='bbox 1786 2336 2110 2397; x_wconf 86' lang='lat' dir='ltr'>intelligentiam</span> <span class='ocrx_word' id='word_1_332' title='bbox 2130 2339 2349 2398; x_wconf 85' lang='lat' dir='ltr'>portendit</span> 
     </span>
     <span class='ocr_line' id='line_1_28' title="bbox 191 2415 2346 2478; baseline 0.003 -22"><span class='ocrx_word' id='word_1_333' title='bbox 191 2416 410 2459; x_wconf 92' lang='lat' dir='ltr'>somnium</span> <span class='ocrx_word' id='word_1_334' title='bbox 441 2427 582 2460; x_wconf 88' lang='lat' dir='ltr'>tuum.</span> <span class='ocrx_word' id='word_1_335' title='bbox 609 2416 723 2458; x_wconf 91' lang='lat' dir='ltr'>Dum</span> <span class='ocrx_word' id='word_1_336' title='bbox 749 2417 892 2477; x_wconf 89' lang='lat' dir='ltr'>itaque</span> <span class='ocrx_word' id='word_1_337' title='bbox 925 2417 1179 2460; x_wconf 86' lang='lat' dir='ltr'>rhetoricari</span> <span class='ocrx_word' id='word_1_338' title='bbox 1207 2416 1400 2471; x_wconf 84' lang='lat' dir='ltr'>voluisti,</span> <span class='ocrx_word' id='word_1_339' title='bbox 1437 2426 1482 2459; x_wconf 90' lang='lat' dir='ltr'>et</span> <span class='ocrx_word' id='word_1_340' title='bbox 1511 2415 1816 2459; x_wconf 87' lang='lat' dir='ltr'>obscuritatem</span> <span class='ocrx_word' id='word_1_341' title='bbox 1850 2416 2029 2472; x_wconf 90' lang='lat' dir='ltr'>dedisti,</span> <span class='ocrx_word' id='word_1_342' title='bbox 2066 2428 2109 2461; x_wconf 90' lang='lat' dir='ltr'>et</span> <span class='ocrx_word' id='word_1_343' title='bbox 2137 2419 2346 2478; x_wconf 86' lang='lat' dir='ltr'>quiddam</span> 
     </span>
     <span class='ocr_line' id='line_1_29' title="bbox 188 2495 2192 2558; baseline 0.002 -21"><span class='ocrx_word' id='word_1_344' title='bbox 188 2495 419 2556; x_wconf 89' lang='lat' dir='ltr'>inopinum</span> <span class='ocrx_word' id='word_1_345' title='bbox 442 2508 570 2557; x_wconf 88' lang='lat' dir='ltr'>atque</span> <span class='ocrx_word' id='word_1_346' title='bbox 593 2496 856 2557; x_wconf 90' lang='lat' dir='ltr'>impossibile</span> <span class='ocrx_word' id='word_1_347' title='bbox 879 2497 1124 2554; x_wconf 86' lang='lat' dir='ltr'>confecisti,</span> <span class='ocrx_word' id='word_1_348' title='bbox 1148 2497 1254 2541; x_wconf 91' lang='lat' dir='ltr'>dum</span> <span class='ocrx_word' id='word_1_349' title='bbox 1272 2499 1412 2541; x_wconf 92' lang='lat' dir='ltr'>Deum</span> <span class='ocrx_word' id='word_1_350' title='bbox 1434 2497 1525 2540; x_wconf 91' lang='lat' dir='ltr'>sine</span> <span class='ocrx_word' id='word_1_351' title='bbox 1549 2496 1683 2540; x_wconf 91' lang='lat' dir='ltr'>modo</span> <span class='ocrx_word' id='word_1_352' title='bbox 1707 2497 1974 2558; x_wconf 82' lang='lat' dir='ltr'>diligendum</span> <span class='ocrx_word' id='word_1_353' title='bbox 1996 2497 2192 2542; x_wconf 89' lang='lat' dir='ltr'>docuisti.</span> 
     </span>
    </p>
   </div>
   <div class='ocr_carea' id='block_1_5' title="bbox 626 2649 1572 2703">
    <p class='ocr_par' dir='ltr' id='par_1_5' title="bbox 626 2649 1572 2703">
     <span class='ocr_line' id='line_1_30' title="bbox 626 2649 1572 2703; baseline -0.003 -13"><span class='ocrx_word' id='word_1_354' title='bbox 626 2652 781 2700; x_wconf 82' lang='lat' dir='ltr'>Quanto</span> <span class='ocrx_word' id='word_1_355' title='bbox 800 2650 942 2690; x_wconf 83' lang='lat' dir='ltr'>rectius</span> <span class='ocrx_word' id='word_1_356' title='bbox 966 2649 1032 2690; x_wconf 87' lang='lat' dir='ltr'>hic</span> <span class='ocrx_word' id='word_1_357' title='bbox 1050 2650 1118 2703; x_wconf 90' lang='lat' dir='ltr'>qui</span> <span class='ocrx_word' id='word_1_358' title='bbox 1134 2650 1190 2689; x_wconf 91' lang='lat' dir='ltr'>nil</span> <span class='ocrx_word' id='word_1_359' title='bbox 1208 2649 1366 2689; x_wconf 84' lang='lat' dir='ltr'>molitur</span> <span class='ocrx_word' id='word_1_360' title='bbox 1382 2650 1513 2703; x_wconf 85' lang='lat' dir='ltr'>inepte</span> <span class='ocrx_word' id='word_1_361' title='bbox 1527 2650 1540 2673; x_wconf 86' lang='lat'><strong>¹</strong></span> <span class='ocrx_word' id='word_1_362' title='bbox 1554 2651 1572 2687; x_wconf 73' lang='lat' dir='ltr'><strong>P</strong></span> 
     </span>
    </p>
   </div>
   <div class='ocr_carea' id='block_1_6' title="bbox 189 2809 2344 3197">
    <p class='ocr_par' dir='ltr' id='par_1_6' title="bbox 189 2809 2344 3197">
     <span class='ocr_line' id='line_1_31' title="bbox 189 2809 2338 2874; baseline 0.001 -19"><span class='ocrx_word' id='word_1_363' title='bbox 189 2811 519 2856; x_wconf 81' lang='lat' dir='ltr'>Iesus-Christus</span> <span class='ocrx_word' id='word_1_364' title='bbox 542 2813 716 2868; x_wconf 85' lang='lat' dir='ltr'>scilicet,</span> <span class='ocrx_word' id='word_1_365' title='bbox 736 2814 810 2873; x_wconf 92' lang='lat' dir='ltr'>qui</span> <span class='ocrx_word' id='word_1_366' title='bbox 826 2829 906 2874; x_wconf 83' lang='lat' dir='ltr'>per</span> <span class='ocrx_word' id='word_1_367' title='bbox 925 2811 1208 2873; x_wconf 85' lang='lat' dir='ltr'>Evangelium</span> <span class='ocrx_word' id='word_1_368' title='bbox 1225 2828 1349 2855; x_wconf 87' lang='lat' dir='ltr'>suum</span> <span class='ocrx_word' id='word_1_369' title='bbox 1372 2810 1579 2872; x_wconf 87' lang='lat' dir='ltr'>diligendi</span> <span class='ocrx_word' id='word_1_370' title='bbox 1600 2809 1782 2854; x_wconf 92' lang='lat' dir='ltr'>modum</span> <span class='ocrx_word' id='word_1_371' title='bbox 1806 2811 2069 2872; x_wconf 83' lang='lat' dir='ltr'>exprimens²</span> <span class='ocrx_word' id='word_1_372' title='bbox 2101 2828 2110 2856; x_wconf 92' lang='lat'>:</span> <span class='ocrx_word' id='word_1_373' title='bbox 2136 2813 2338 2874; x_wconf 83' lang='lat' dir='ltr'>«Diliges,</span> 
     </span>
     <span class='ocr_line' id='line_1_32' title="bbox 189 2892 2341 2952; baseline 0.001 -17"><span class='ocrx_word' id='word_1_374' title='bbox 189 2893 350 2952; x_wconf 89' lang='lat' dir='ltr'>inquit,</span> <span class='ocrx_word' id='word_1_375' title='bbox 383 2894 622 2937; x_wconf 90' lang='lat' dir='ltr'>Dominum</span> <span class='ocrx_word' id='word_1_376' title='bbox 642 2895 783 2937; x_wconf 92' lang='lat' dir='ltr'>Deum</span> <span class='ocrx_word' id='word_1_377' title='bbox 805 2905 929 2937; x_wconf 86' lang='lat' dir='ltr'>tuum</span> <span class='ocrx_word' id='word_1_378' title='bbox 960 2910 1014 2937; x_wconf 86' lang='lat' dir='ltr'>ex</span> <span class='ocrx_word' id='word_1_379' title='bbox 1042 2904 1136 2936; x_wconf 89' lang='lat' dir='ltr'>toto</span> <span class='ocrx_word' id='word_1_380' title='bbox 1158 2892 1290 2936; x_wconf 91' lang='lat' dir='ltr'>corde</span> <span class='ocrx_word' id='word_1_381' title='bbox 1313 2903 1388 2935; x_wconf 92' lang='lat' dir='ltr'>tuo</span> <span class='ocrx_word' id='word_1_382' title='bbox 1402 2925 1413 2947; x_wconf 97' lang='lat'>,</span> <span class='ocrx_word' id='word_1_383' title='bbox 1441 2903 1484 2935; x_wconf 91' lang='lat' dir='ltr'>et</span> <span class='ocrx_word' id='word_1_384' title='bbox 1505 2908 1559 2935; x_wconf 81' lang='lat' dir='ltr'>ex</span> <span class='ocrx_word' id='word_1_385' title='bbox 1581 2903 1672 2935; x_wconf 89' lang='lat' dir='ltr'>tota</span> <span class='ocrx_word' id='word_1_386' title='bbox 1694 2903 1839 2936; x_wconf 90' lang='lat' dir='ltr'>mente</span> <span class='ocrx_word' id='word_1_387' title='bbox 1870 2903 1965 2948; x_wconf 89' lang='lat' dir='ltr'>tua,</span> <span class='ocrx_word' id='word_1_388' title='bbox 1997 2903 2042 2936; x_wconf 88' lang='lat' dir='ltr'>et</span> <span class='ocrx_word' id='word_1_389' title='bbox 2063 2909 2117 2937; x_wconf 86' lang='lat' dir='ltr'>ex</span> <span class='ocrx_word' id='word_1_390' title='bbox 2140 2895 2341 2938; x_wconf 89' lang='lat' dir='ltr'>omnibus</span> 
     </span>
     <span class='ocr_line' id='line_1_33' title="bbox 189 2972 2344 3034; baseline 0 -16"><span class='ocrx_word' id='word_1_391' title='bbox 189 2974 350 3018; x_wconf 87' lang='lat' dir='ltr'>viribus</span> <span class='ocrx_word' id='word_1_392' title='bbox 371 2976 470 3019; x_wconf 88' lang='lat' dir='ltr'>tuis.</span> <span class='ocrx_word' id='word_1_393' title='bbox 493 2996 512 3013; x_wconf 88' lang='lat'>»</span> <span class='ocrx_word' id='word_1_394' title='bbox 541 2975 623 3018; x_wconf 88' lang='lat' dir='ltr'>Hic</span> <span class='ocrx_word' id='word_1_395' title='bbox 646 2974 788 3019; x_wconf 90' lang='lat' dir='ltr'>nullus</span> <span class='ocrx_word' id='word_1_396' title='bbox 811 2975 1069 3034; x_wconf 79' lang='lat' dir='ltr'>eloquentiae</span> <span class='ocrx_word' id='word_1_397' title='bbox 1090 2973 1227 3025; x_wconf 82' lang='lat' dir='ltr'>fucus,</span> <span class='ocrx_word' id='word_1_398' title='bbox 1256 2972 1333 3016; x_wconf 89' lang='lat' dir='ltr'>sed</span> <span class='ocrx_word' id='word_1_399' title='bbox 1355 2989 1474 3016; x_wconf 88' lang='lat' dir='ltr'>mera</span> <span class='ocrx_word' id='word_1_400' title='bbox 1497 2983 1665 3016; x_wconf 80' lang='lat' dir='ltr'>tantum</span> <span class='ocrx_word' id='word_1_401' title='bbox 1685 2973 1854 3027; x_wconf 85' lang='lat' dir='ltr'>veritas,</span> <span class='ocrx_word' id='word_1_402' title='bbox 1880 2973 2059 3034; x_wconf 88' lang='lat' dir='ltr'>simplici</span> <span class='ocrx_word' id='word_1_403' title='bbox 2078 2986 2121 3018; x_wconf 87' lang='lat' dir='ltr'>et</span> <span class='ocrx_word' id='word_1_404' title='bbox 2143 2973 2344 3022; x_wconf 82' lang='lat' dir='ltr'>absoluto</span> 
     </span>
     <span class='ocr_line' id='line_1_34' title="bbox 190 3040 2339 3117; baseline 0 -18"><span class='ocrx_word' id='word_1_405' title='bbox 190 3066 255 3099; x_wconf 85' lang='lat' dir='ltr'>est</span> <span class='ocrx_word' id='word_1_406' title='bbox 277 3072 475 3117; x_wconf 85' lang='lat' dir='ltr'>expressa</span> <span class='ocrx_word' id='word_1_407' title='bbox 498 3040 687 3115; x_wconf 90' lang='lat' dir='ltr'>eloquio.</span> <span class='ocrx_word' id='word_1_408' title='bbox 713 3056 796 3099; x_wconf 92' lang='lat' dir='ltr'>Hic</span> <span class='ocrx_word' id='word_1_409' title='bbox 816 3071 1021 3099; x_wconf 90' lang='lat' dir='ltr'>romanus</span> <span class='ocrx_word' id='word_1_410' title='bbox 1045 3070 1194 3098; x_wconf 90' lang='lat' dir='ltr'>aurem</span> <span class='ocrx_word' id='word_1_411' title='bbox 1216 3053 1530 3098; x_wconf 80' lang='lat' dir='ltr'>accommodet.</span> <span class='ocrx_word' id='word_1_412' title='bbox 1566 3054 1648 3096; x_wconf 89' lang='lat' dir='ltr'>Hic</span> <span class='ocrx_word' id='word_1_413' title='bbox 1679 3054 1889 3114; x_wconf 62' lang='lat' dir='ltr'>superbiae</span> <span class='ocrx_word' id='word_1_414' title='bbox 1921 3065 2125 3098; x_wconf 87' lang='lat' dir='ltr'>strumam</span> <span class='ocrx_word' id='word_1_415' title='bbox 2148 3054 2339 3115; x_wconf 86' lang='lat' dir='ltr'>deponat</span> 
     </span>
     <span class='ocr_line' id='line_1_35' title="bbox 189 3134 2333 3197; baseline -0 -16"><span class='ocrx_word' id='word_1_416' title='bbox 189 3138 393 3193; x_wconf 83' lang='lat' dir='ltr'>camelus,</span> <span class='ocrx_word' id='word_1_417' title='bbox 418 3138 519 3197; x_wconf 82' lang='lat' dir='ltr'>quia</span> <span class='ocrx_word' id='word_1_418' title='bbox 539 3138 658 3181; x_wconf 79' lang='lat' dir='ltr'>Iesus</span> <span class='ocrx_word' id='word_1_419' title='bbox 678 3137 750 3181; x_wconf 90' lang='lat' dir='ltr'>hic</span> <span class='ocrx_word' id='word_1_420' title='bbox 771 3136 833 3179; x_wconf 89' lang='lat' dir='ltr'>nil</span> <span class='ocrx_word' id='word_1_421' title='bbox 854 3135 1120 3197; x_wconf 88' lang='lat' dir='ltr'>impossibile</span> <span class='ocrx_word' id='word_1_422' title='bbox 1140 3136 1411 3197; x_wconf 85' lang='lat' dir='ltr'>pronunciat.</span> <span class='ocrx_word' id='word_1_423' title='bbox 1436 3135 1571 3190; x_wconf 89' lang='lat' dir='ltr'>Jesus,</span> <span class='ocrx_word' id='word_1_424' title='bbox 1595 3135 1789 3195; x_wconf 84' lang='lat' dir='ltr'>inquam,</span> <span class='ocrx_word' id='word_1_425' title='bbox 1813 3135 2035 3180; x_wconf 81' lang='lat' dir='ltr'>sententiae</span> <span class='ocrx_word' id='word_1_426' title='bbox 2056 3134 2197 3180; x_wconf 87' lang='lat' dir='ltr'>lucem</span> <span class='ocrx_word' id='word_1_427' title='bbox 2217 3147 2333 3180; x_wconf 86' lang='lat' dir='ltr'>tene·</span> 
     </span>
    </p>
   </div>
   <div class='ocr_carea' id='block_1_7' title="bbox 232 3289 1389 3350">
    <p class='ocr_par' dir='ltr' id='par_1_7' title="bbox 232 3289 1389 3350">
     <span class='ocr_line' id='line_1_36' title="bbox 232 3289 1389 3350; baseline -0.002 -11"><span class='ocrx_word' id='word_1_428' title='bbox 232 3308 240 3327; x_wconf 89' lang='lat'><strong>¹</strong></span> <span class='ocrx_word' id='word_1_429' title='bbox 256 3306 424 3344; x_wconf 77' lang='lat' dir='ltr'>Horatius.</span> <span class='ocrx_word' id='word_1_430' title='bbox 446 3307 487 3341; x_wconf 84' lang='lat' dir='ltr'>de</span> <span class='ocrx_word' id='word_1_431' title='bbox 499 3308 571 3340; x_wconf 81' lang='lat' dir='ltr'>Art.</span> <span class='ocrx_word' id='word_1_432' title='bbox 586 3307 702 3350; x_wconf 82' lang='lat' dir='ltr'>Poet.,</span> <span class='ocrx_word' id='word_1_433' title='bbox 732 3315 764 3340; x_wconf 85' lang='lat' dir='ltr'>v.</span> <span class='ocrx_word' id='word_1_434' title='bbox 781 3307 855 3341; x_wconf 80' lang='lat'><strong>140.</strong></span> <span class='ocrx_word' id='word_1_435' title='bbox 874 3323 912 3330; x_wconf 91' lang='lat'>-—</span> <span class='ocrx_word' id='word_1_436' title='bbox 927 3289 1081 3347; x_wconf 73' lang='lat' dir='ltr'>’Matth.‚</span> <span class='ocrx_word' id='word_1_437' title='bbox 1097 3314 1171 3347; x_wconf 79' lang='lat' dir='ltr'>cap.</span> <span class='ocrx_word' id='word_1_438' title='bbox 1187 3313 1268 3345; x_wconf 86' lang='lat' dir='ltr'>xxu,</span> <span class='ocrx_word' id='word_1_439' title='bbox 1284 3313 1316 3338; x_wconf 82' lang='lat' dir='ltr'>v.</span> <span class='ocrx_word' id='word_1_440' title='bbox 1333 3306 1389 3338; x_wconf 87' lang='grc'>37.</span> 
     </span>
    </p>
   </div>
  </div>
 </body>
</html>
