2638 3866
1207 204 1518 257 DIALOGUS.
2340 204 2432 254 667

285 301 446 351 adhuc
469 306 747 370 temporalis
770 306 832 354 ad
851 309 1202 357 correctionem
1226 322 1460 371 servetur,
1487 309 1609 357 sicut
1633 307 1762 356 idern
1784 307 1896 356 alibi
1915 317 2266 356 commemorat
2286 317 2439 356 vester

287 383 526 449 propheta
545 384 710 433 dicens
738 405 747 433 z
780 405 803 431 «
825 387 1069 452 Castigans
1090 390 1333 455 castigavit
1356 407 1434 438 me
1457 390 1695 438 Dominus
1716 399 1762 437 et
1786 390 1927 437 morti
1947 406 2047 437 non
2065 388 2262 437 tradidit
2283 406 2377 437 me.
2413 410 2435 433 υ

83 485 100 508 x
125 491 177 506 x·
193 481 266 506 «νε
289 465 386 512 Nec
405 481 483 513 me
501 482 647 532 super
666 467 838 514 animae
861 484 977 516 meae
1003 469 1153 518 salute
1175 471 1468 536 inquirendo
1492 471 1554 519 de
1572 470 1668 519 fide
1691 481 1773 520 tua
1791 488 1873 519 seu
1897 470 1994 519 fide
2015 487 2122 519 mea
2144 470 2441 519 consuluisse

288 545 400 592 satis
425 545 648 594 arbitror.
676 550 727 594 {n
754 564 847 613 qua
868 548 1065 612 quidem
1089 561 1260 599 nostrae
1285 539 1649 600 consultationis
1675 551 1932 599 collatione
1954 551 2004 599 id
2029 562 2187 600 actum
2212 568 2314 599 esse
2337 567 2442 617 per-

291 625 472 689 pendO,
500 637 552 674 ut
573 644 664 675 nec
691 628 976 677 auctoritate
1002 630 1118 694 legis
1140 640 1249 691 tuae,
1282 633 1370 679 etsi
1392 648 1498 680 eam
1528 647 1557 680 a
1580 634 1683 679 Deo
1707 631 1870 679 datam
1897 633 2098 697 recipias
2114 670 2126 694 ,
2153 648 2445 696 cognoscere

291 706 462 770 possis,
495 707 558 755 ad
587 707 688 772 ejus
712 708 949 756 sarcinam
973 726 1052 757 me
1071 709 1247 760 debere
1272 712 1578 775 submittere,
1604 722 1833 777 tanquam
1857 712 1923 760 illi
1949 729 2095 777 quam
2123 712 2265 760 nobis
2287 729 2446 760 exem-

289 784 373 850 plo
392 787 465 833 sui
494 787 583 836 Iob
608 788 870 854 praescribit
896 789 989 854 legi
1011 791 1272 856 quicquam
1300 794 1620 840 necessarium
1644 793 1705 840 sit
1727 792 1857 851 addi,
1884 802 1966 840 aut
1993 793 2059 840 ini
2083 809 2275 840 morum
2303 792 2447 841 disci-

291 865 434 931 plinae
463 883 609 931 quam
638 868 700 917 de
720 870 975 918 virtutibus
995 870 1054 918 ad
1076 871 1423 920 beatitudinem
1440 872 1787 921 sufficientibus
1809 873 2012 938 posteris
2033 873 2278 939 prophetae
2297 874 2448 921 nostri

295 945 609 1012 reliquerunt.
630 952 702 998 De
722 966 821 1014 quo
845 968 977 999 nunc
1001 962 1217 1018 superest
1239 955 1485 1018 praesentis
1503 954 1679 1019 judicis
1701 955 1986 1001 sententiam
2009 953 2194 1014 audire,
2221 953 2296 1001 vel
2315 954 2448 1019 quod

295 1027 415 1074 mihi
439 1039 675 1094 superest,
705 1041 879 1079 nostrae
901 1032 1225 1097 inquisitionis
1253 1050 1451 1099 operam
1475 1034 1537 1083 ad
1560 1035 1884 1082 Christianum
1907 1035 2180 1083 transferre.

361 1106 564 1175 [JUDEx.]
591 1113 817 1159 Asserunt
845 1112 991 1161 ambo
1016 1114 1168 1161 nostri
1195 1113 1366 1178 judicii
1394 1116 1683 1164 sententiam
1713 1116 1952 1181 excipere.
1981 1118 2082 1180 Ego
2104 1133 2221 1164 vero
2246 1117 2451 1182 cupidus

296 1187 514 1238 discendi
543 1192 722 1255 magis,
757 1209 903 1257 quam
929 1193 1210 1258 judicandi,
1249 1196 1471 1243 omnium
1506 1196 1640 1262 prius
1675 1197 1886 1244 rationes
1919 1214 1996 1244 me
2027 1197 2150 1244 velle
2181 1197 2348 1245 audire
2380 1214 2452 1245 re-

296 1269 536 1334 spondeo,
565 1281 617 1320 ut
647 1281 784 1321 tanto
817 1290 968 1321 essem
991 1273 1242 1322 discretior
1265 1276 1314 1323 in
1341 1276 1626 1340 judicando,
1661 1287 1843 1342 quanto
1877 1278 2137 1343 sapientior
2168 1277 2333 1326 fierem
2371 1294 2453 1326 au·

297 1348 497 1410 diendo,
531 1352 667 1416 juxta
700 1353 845 1414 illud,
885 1354 1020 1418 quod
1051 1372 1193 1421 supra
1219 1358 1448 1417 memini,
1477 1358 1746 1405 secundum
1777 1359 1953 1406 summi
1992 1359 2222 1424 sapientis
2256 1375 2453 1424 prover-

298 1429 431 1478 bium
448 1435 484 1479 ¹:
505 1453 529 1477 «
552 1434 761 1482 Audiens
783 1436 974 1500 sapiens
997 1436 1260 1502 sapientior
1283 1438 1390 1496 erit,
1419 1448 1466 1486 et
1482 1438 1753 1503 intelligens
1777 1438 2104 1503 gubernacula
2125 1439 2405 1504 possidebit.
2429 1459 2452 1484 »

304 1514 355 1558 In
389 1530 683 1577 quoomnes
707 1517 886 1581 pariter
910 1527 1233 1578 assenserunt,
1259 1518 1435 1566 eodem
1458 1521 1648 1568 accensi
1672 1519 1912 1568 desiderio
1936 1520 2173 1568 discendi.

366 1595 559 1642 PulLos.
600 1599 694 1660 Age
732 1613 881 1658 nunc,
921 1597 1205 1655 Christiane,
1231 1598 1473 1664 alloquor,
1509 1610 1564 1648 ut
1595 1610 1647 1648 tu
1680 1601 1982 1665 inquisitioni
2024 1618 2140 1648 meae
2185 1600 2455 1648 secundum

301 1676 539 1740 propositi
572 1678 723 1724 nostri
758 1678 1094 1726 conditionem
1127 1680 1436 1745 respondeas.
1477 1682 1621 1746 Cujus
1651 1681 1850 1746 quidem
1886 1681 1960 1729 lex
1996 1691 2131 1730 tanto
2171 1682 2318 1729 debet
2355 1699 2457 1730 esse

302 1755 560 1819 perfectior
587 1767 635 1804 et
669 1759 1057 1806 remuneratione
1082 1760 1246 1825 potior
1278 1761 1477 1826 ejusque
1508 1762 1730 1811 doctrina
1760 1762 2112 1824 rationabilior,
2145 1773 2328 1827 quanto
2355 1764 2455 1829 ipsa

302 1844 375 1882 est
410 1838 666 1900 posterior.
713 1841 909 1887 Frustra
946 1840 1126 1905 quippe
1172 1841 1357 1906 populo
1401 1843 1588 1907 priores
1636 1843 1764 1906 leges
1811 1842 2153 1905 scriberentur,
2203 1844 2294 1891 nisi
2341 1844 2459 1909 quid

257 1969 261 1972 ,
302 1915 366 1963 ad
397 1915 629 1965 doctrinae
650 1919 998 1984 perfectionem
1034 1920 1103 1967 eis
1136 1920 1412 1970 adderetur.
1440 1922 1587 1981 Quod
1618 1922 1819 1987 quidam
1852 1934 2132 1971 nostrorum
2165 1925 2215 1971 in
2242 1924 2457 1972 secundo

303 1995 569 2045 Rhetoricae
603 1999 858 2064 diligenter
890 2000 1204 2048 considerans
1232 2018 1346 2049 cum
1380 2003 1441 2050 de
1470 2004 1722 2050 contrariis
1750 2003 1935 2068 legibus
1969 2020 2164 2052 causam
2198 2005 2453 2063 formaret,

303 2077 652 2126 attendendum
674 2097 774 2128 esse
802 2081 1044 2146 praecepit,
1065 2090 1173 2129 utra
1188 2081 1262 2129 lex
1279 2084 1520 2147 posterior
1549 2083 1661 2130 data
1684 2084 1768 2131 sit:
1793 2104 1815 2127 «
1842 2100 1954 2131 nam
1970 2094 2233 2149 postrema,
2256 2086 2412 2150 inquit
2425 2088 2456 2146 ²,

306 2174 508 2222 quaeque
531 2161 805 2223 gravissima
831 2171 917 2210 est.
937 2182 961 2208 »

372 2242 650 2290 Cflmsrmiv.
698 2243 847 2290 Miror
892 2253 940 2291 te
975 2245 1036 2292 ab
1072 2245 1148 2292 his
1191 2262 1298 2310 quae
1333 2246 1382 2293 in
1421 2245 1624 2294 exordio
1660 2247 1903 2312 professus
1938 2238 2017 2310 es,
2052 2249 2117 2296 ita
2154 2247 2463 2314 impudenter

299 2319 572 2372 dissonare.
615 2324 737 2370 Cum
789 2324 920 2371 enim
958 2326 1294 2391 praemisisses,
1337 2336 1382 2374 te
1421 2327 1814 2391 inquisitionibus
1851 2330 1943 2376 tuis
1989 2330 2223 2395 reperisse
2271 2329 2462 2377 Judaeos

307 2401 504 2460 stultos,
544 2401 842 2452 Christianos
877 2405 1073 2453 insanos
1091 2442 1103 2466 ,
1145 2406 1461 2472 postmodum
1504 2408 1680 2456 dixeris
1720 2418 1766 2456 te
1805 2426 1905 2457 non
1947 2409 2010 2457 ad
2051 2410 2461 2458 concertationem

308 2482 620 2543 contendere,
657 2484 743 2532 sed
772 2485 834 2532 ad
868 2486 1209 2551 inquirendam
1235 2489 1488 2536 veritatem
1521 2490 1765 2551 conferre,
1793 2506 1889 2554 qua
1915 2491 2101 2539 ratione
2129 2507 2261 2538 nunc
2283 2489 2344 2536 ab
2368 2489 2460 2550 his,

309 2578 434 2625 quos
464 2564 610 2611 etiam
642 2565 838 2613 insanos
869 2568 1105 2632 reperisti,
1135 2568 1331 2616 tandem
1364 2571 1576 2618 veritatis
1611 2570 1883 2618 doctrinam
1915 2572 2190 2637 exspectes?
2218 2570 2463 2635 Numquid

304 2641 407 2704 jam
438 2654 548 2708 post
580 2645 916 2710 inquisitiones
939 2657 1061 2708 tuas,
1090 2665 1261 2696 eorum
1294 2649 1531 2698 Insaniam
1564 2650 1809 2699 arbitraris
1832 2667 2035 2713 cessare,
2062 2662 2113 2699 ut
2137 2652 2238 2716 jam
2268 2650 2331 2699 ad
2355 2667 2465 2698 eru-

311 2723 546 2772 ditionem
575 2735 708 2773 tuam
734 2728 922 2791 possint
943 2728 1195 2776 sufficere?
1218 2731 1356 2777 Certe
1381 2730 1420 2777 si
1442 2730 1713 2778 christianae
1736 2731 1850 2779 fidei
1874 2741 2051 2779 sectam
2075 2731 2320 2779 arbitraris
2342 2732 2468 2779 insa-

312 2803 442 2851 niam
460 2815 507 2852 et
525 2821 610 2852 eos
633 2807 717 2871 qui
739 2807 866 2855 hanc
889 2818 1133 2856 sectantur
1154 2809 1359 2874 deputas
1378 2810 1592 2866 insanos,
1619 2810 1731 2858 vide
1753 2820 1804 2858 tu
1826 2811 2164 2878 philosophus,
2187 2812 2248 2860 de
2266 2812 2467 2860 summis

313 2883 404 2931 illis
424 2887 704 2934 Graecorum
724 2887 1026 2953 philosophis
1049 2889 1167 2952 quid
1189 2890 1524 2937 aestimandum
1547 2891 1623 2952 sit,
1646 2892 1731 2956 qui
1749 2892 1830 2939 illa
1850 2892 1962 2941 rudi
1983 2903 2031 2941 et
2051 2894 2231 2942 inculta
2251 2894 2467 2941 virorum

313 2964 604 3031 simplicium
626 2967 986 3032 praedicatione,
1015 2969 1065 3017 id
1087 2978 1158 3017 est
1179 2970 1531 3035 apostolorum,
1559 2988 1732 3020 omnes
1753 2972 1816 3020 ad
1838 2972 1966 3021 hanc
1983 2975 2204 3022 conversi
2225 2974 2337 3022 facti
2356 2984 2468 3021 sunt

314 3045 622 3095 insanissimi.
652 3050 897 3096 intantum
923 3065 1039 3097 vero
1067 3049 1194 3116 apud
1221 3052 1414 3099 Graecos
1439 3051 1542 3100 haec
1567 3062 1755 3115 nostra,
1782 3062 1837 3100 ut
1863 3053 2008 3114 dicis,
2047 3055 2233 3103 insania
2259 3054 2470 3102 radicata

317 3133 389 3170 est
423 3133 471 3172 et
505 3125 812 3186 confirmata,
852 3138 906 3174 ut
938 3126 1006 3175 ibi
1033 3138 1130 3177 tam
1163 3130 1440 3193 evangelica
1473 3146 1620 3195 quam
1651 3130 1917 3197 apostolica
1951 3132 2174 3183 doctrina
2198 3133 2470 3197 conscripta

363 3308 370 3326 ¹
389 3306 510 3349 Pron„
528 3317 600 3349 cap.
619 3317 640 3350 1,
660 3318 689 3341 v.
706 3311 738 3343 5.
759 3327 796 3334 —
813 3312 822 3329 ²
840 3310 923 3350 Cic..
939 3311 1067 3345 Invent.
1086 3311 1170 3346 Rhet
1186 3310 1255 3354 ,11,
1270 3313 1324 3345 49.
