2638 3866
313 172 406 218 442
1113 166 1282 215 PETRI
1318 165 1632 214 ABAELARDI

312 287 489 319 nomen
532 267 916 317 accommodare.
951 267 1096 327 Quod
1134 276 1184 315 et
1216 266 1424 314 fortassis
1458 265 1519 313 ad
1553 264 1802 329 sequentia
1837 267 2090 331 praenotari
2130 271 2452 317 necessarium

312 353 421 413 fuit,
448 351 531 399 ubi
559 349 801 410 videlicet,
824 350 959 414 juxta
988 348 1118 396 illam
1150 357 1382 405 veterem,
1410 355 1460 393 ut
1485 346 1550 393 ait
1572 344 1895 411 philosophia,
1936 347 2197 412 querelam,
2230 348 2456 398 videntur

315 433 478 480 omnia
509 429 775 479 secundum
814 430 987 477 divinae
1023 427 1336 495 providentiae
1362 425 1896 474 incommutabilitatem
1928 444 1986 475 ex
2019 429 2300 478 necessitate
2334 446 2454 479 con-

312 515 510 577 tingere.

379 597 450 640 De
489 609 588 658 quo
629 602 677 640 et
715 608 846 639 nunc
879 591 1021 639 nobis
1055 598 1269 655 superest
1302 588 1556 646 disserere,
1599 605 1710 635 cum
1750 588 1846 636 hoc
1889 590 2095 639 maxime
2139 590 2201 639 ad
2242 591 2456 640 divinam

320 683 504 721 constet
526 673 808 739 sapientiam
830 673 1082 738 pertinere.
1114 673 1223 717 Haec
1242 668 1421 734 quippe
1443 668 1786 735 prospiciendo
1813 670 1995 730 futura,
2029 671 2335 737 providentia
2373 671 2456 720 di-

321 756 444 802 citur
463 755 560 801 sive
580 754 890 820 praescientia.
930 756 1090 819 Ipsum
1116 751 1244 798 enim
1267 749 1355 796 Dei
1377 750 1656 816 prospicere
1677 751 1933 817 providere
1968 762 2062 815 est,
2104 753 2201 801 sive
2235 756 2455 819 praescire

315 836 499 893 futura,
539 835 635 882 hoc
662 845 755 895 est,
782 835 945 882 omnia
966 849 1070 897 quae
1095 831 1252 878 futura
1273 840 1385 878 sunt
1406 835 1700 896 cognoscere
1722 841 1983 898 antequam
2009 832 2148 894 fiant,
2175 834 2305 882 etita
2323 843 2376 882 ut
2395 834 2455 882 de

320 915 630 981 praesentibus
654 915 729 963 vel
755 914 999 981 praeteritis
1015 953 1028 971 ,
1058 913 1118 960 de
1136 911 1210 958 his
1235 927 1431 976 quoque
1465 911 1627 978 ipsum
1640 913 1741 977 jam
1763 924 1948 962 certum
1971 915 2195 975 existere,
2221 915 2343 963 sicut
2361 914 2462 962 du-

318 997 435 1044 dum
473 997 689 1062 superius
720 996 904 1044 ratione
939 992 1153 1042 adhibita
1191 991 1605 1040 confirmavimus.
1632 993 1725 1041 Sed
1756 995 1794 1040 si
1820 994 2070 1059 diligenter
2102 996 2231 1061 ipsos
2260 1012 2456 1061 quoque

319 1078 637 1144 philosophos
662 1076 978 1136 revolvamus,
1006 1074 1244 1140 praecipue
1281 1090 1396 1121 vero
1429 1074 1758 1137 Aristotelem,
1792 1075 1915 1125 adeo
1936 1077 1985 1123 in
2012 1075 2282 1124 rationibus
2313 1093 2457 1140 argu-

323 1169 593 1206 mentorum
639 1158 925 1217 discretum,
953 1165 1006 1203 ut
1027 1154 1139 1202 inde
1175 1155 1623 1221 Peripateticorum,
1665 1156 1712 1203 id
1748 1166 1817 1204 est
1842 1156 2202 1205 dialecticorum
2233 1158 2458 1224 princeps

320 1238 411 1287 dici
448 1248 736 1298 mereretur,
777 1237 1078 1285 inveniemus
1116 1235 1247 1301 apud
1282 1253 1366 1284 eos
1387 1274 1398 1296 ,
1433 1236 1636 1301 qualiter
1677 1237 2207 1304 pseudo-philosophos
2244 1238 2457 1288 refellere

320 1321 582 1386 possimus,
610 1329 656 1367 et
679 1335 845 1366 eorum
868 1334 969 1365 non
993 1317 1203 1365 rationes
1221 1356 1233 1379 ,
1260 1317 1344 1365 sed
1370 1317 1664 1384 sophismata
1687 1318 1971 1381 dissolvere,
2005 1318 2181 1385 quibus
2214 1319 2274 1367 de
2297 1320 2460 1385 provi-

318 1401 477 1448 dentia
495 1401 583 1448 Dei
604 1399 727 1447 adeo
753 1398 1044 1464 simplicium
1064 1397 1210 1446 fidem
1227 1398 1511 1464 perturbare
1534 1397 1707 1461 solent,
1734 1410 1786 1448 ut
1810 1417 1910 1448 non
1936 1400 2096 1448 solum
2121 1399 2271 1462 bona,
2296 1418 2466 1449 verum

317 1485 458 1530 etiam
503 1481 630 1528 mala
667 1480 933 1528 necessario
968 1480 1226 1545 provenire
1263 1489 1503 1542 astruant,
1525 1497 1616 1529 nec
1638 1480 1875 1529 ullatenus
1893 1498 1920 1529 a
1943 1481 2084 1530 nobis
2101 1491 2297 1548 peccata
2324 1498 2467 1548 posse

320 1563 478 1621 vitari,
506 1561 590 1610 sed
613 1561 881 1609 necessario
907 1577 1305 1625 unumquemque
1342 1560 1476 1625 quod
1512 1561 1769 1626 deliquerit
1790 1563 2109 1622 committere,
2142 1579 2256 1610 cum
2296 1573 2343 1611 et
2372 1562 2469 1610 hoc

325 1642 542 1690 videlicet
564 1659 591 1690 a
610 1645 712 1690 Deo
737 1651 925 1690 constet
948 1642 1196 1707 provisum
1223 1658 1351 1704 esse,
1377 1642 1513 1706 cujus
1536 1642 1894 1708 providentiam
1923 1653 2111 1691 constat
2137 1642 2272 1691 nullo
2312 1643 2464 1692 modo

319 1724 417 1771 falli
450 1740 607 1789 posse.
651 1725 835 1770 Horum
874 1722 1018 1787 igitur
1052 1723 1365 1770 musciculam
1400 1723 1779 1789 disrumpentes,
1820 1724 1963 1772 telam
1999 1724 2128 1772 illam
2163 1724 2467 1772 fortissimam

325 1805 653 1870 inspiciamUS,
677 1820 823 1868 quam
847 1804 896 1851 in
919 1804 1078 1870 primo
1107 1806 1505 1867 Peryarmenias¹
1532 1804 1803 1853 Aristoteles
1823 1805 2027 1864 orditur,
2058 1814 2109 1852 ut
2134 1820 2240 1853 earn
2275 1815 2472 1853 contra-

329 1886 550 1932 dictionis
573 1886 913 1951 proprietatem
933 1885 1234 1945 corroboret,
1252 1886 1398 1934 etiam
1415 1887 1462 1933 in
1483 1886 1898 1953 propositionibus
1919 1886 1979 1933 de
2004 1886 2185 1945 futuro,
2215 1903 2362 1951 quam
2386 1902 2467 1950 ge-

326 1966 545 2013 neraliter
562 1965 623 2013 de
648 1965 873 2014 omnibus
898 1968 1188 2032 praemiserat
1204 2003 1216 2025 ,
1239 1966 1404 2014 dicens
1430 1967 1651 2015 videlicet
1674 1968 1808 2032 quod
1831 1967 2050 2015 omnium
2090 1966 2471 2015 affirmationum

327 2057 372 2092 et
408 2047 719 2110 negationum
750 2048 948 2095 alteram
980 2064 1080 2096 esse
1115 2065 1279 2096 veram
1301 2065 1495 2096 necesse
1525 2050 1607 2108 sit,
1640 2049 1762 2097 sicut
1796 2059 1842 2097 et
1876 2049 2074 2097 alteram
2111 2048 2295 2097 falsam.
2324 2047 2472 2096 Verbi

328 2128 498 2189 gratia,
522 2128 692 2175 navale
713 2127 894 2194 bellum
918 2138 987 2176 est
1008 2146 1113 2177 cras
1137 2129 1377 2188 futurum,
1398 2139 1446 2177 et
1477 2146 1577 2177 non
1610 2140 1679 2177 est
1712 2130 1926 2178 futurum
1960 2146 2067 2178 cras
2096 2149 2106 2176 :
2136 2129 2392 2177 affirmatio
2427 2138 2474 2175 et

332 2209 518 2272 negatio
545 2219 656 2256 sunt
675 2208 961 2257 dividentes·
989 2210 1128 2257 Unde
1151 2220 1197 2257 et
1221 2210 1421 2259 alteram
1451 2227 1617 2259 earum
1653 2228 1755 2259 esse
1783 2228 1965 2273 veram,
2001 2220 2048 2258 et
2079 2210 2278 2258 alteram
2307 2225 2473 2259 earum

330 2306 489 2336 rursus
512 2306 705 2337 necesse
725 2300 796 2337 est
819 2307 919 2337 esse
939 2291 1120 2353 falsam,
1139 2308 1251 2338 cum
1272 2291 1495 2339 videlicet
1518 2309 1608 2340 nec
1633 2292 1784 2340 ambae
1807 2293 1949 2340 simul
1973 2309 2074 2340 esse
2096 2307 2236 2352 verae,
2259 2307 2350 2338 nec
2371 2307 2473 2338 am-

330 2370 401 2416 bae
425 2381 599 2434 queant
626 2370 768 2418 simul
792 2388 893 2419 esse
918 2370 1060 2433 falsae,
1087 2389 1176 2419 nec
1199 2372 1298 2419 ulla
1327 2373 1386 2419 sit
1408 2374 1694 2438 propositio,
1721 2390 1868 2438 quam
1894 2390 1993 2420 non
2020 2383 2188 2420 veram
2209 2373 2284 2420 vel
2308 2370 2473 2419 salsam

330 2468 517 2498 necesse
534 2452 593 2498 sit
616 2468 736 2499 esse.
765 2452 905 2499 Unde
922 2452 1049 2500 hanc
1066 2453 1140 2500 vel
1168 2453 1299 2500 illam
1322 2470 1517 2501 necesse
1540 2464 1610 2500 est
1634 2470 1736 2501 esse
1753 2470 1917 2501 veram
1940 2473 1950 2499 :
1977 2454 2077 2501 hoc
2102 2465 2169 2502 est
2188 2469 2382 2500 necesse
2405 2462 2475 2499 est

327 2548 428 2579 esse
448 2532 630 2580 bellum
653 2533 746 2580 tale
768 2550 872 2580 cras
895 2533 996 2581 fieri
1022 2535 1097 2581 vel
1118 2551 1219 2581 non
1240 2534 1383 2581 fieri’.
1407 2537 1524 2593 Quae
1543 2535 1742 2600 quidem
1763 2535 1912 2583 verba
1935 2535 2150 2583 diversos
2181 2551 2347 2582 sensus
2378 2533 2475 2581 ha-

329 2611 484 2659 bentia
512 2613 782 2661 Aristoteles
812 2613 1064 2679 diligenter
1099 2615 1418 2663 determinare
1448 2632 1537 2663 nos
1571 2615 1775 2678 docens,
1805 2626 1859 2663 ut
1880 2614 2100 2664 videlicet
2127 2631 2273 2681 supra
2295 2614 2474 2662 dictam

332 2693 722 2741 contradictionis
738 2695 1080 2760 proprietatem
1099 2711 1383 2744 conservare
1398 2695 1579 2761 ubique
1596 2712 1652 2743 ac
1669 2695 1927 2744 defendere
1947 2697 2208 2762 possimus,
2226 2695 2475 2759 diligenter

334 2772 525 2819 tandem
550 2774 610 2822 de
635 2775 971 2839 praedicatione
1003 2777 1260 2824 necessarii
1284 2786 1380 2824 tam
1401 2776 1606 2843 simplici
1623 2787 1671 2824 et
1692 2777 1911 2825 absoluta
1940 2793 2086 2842 quam
2128 2776 2444 2824 determinata
2459 2812 2471 2833 ‚

334 2867 422 2898 nos
446 2852 650 2901 instruit.
684 2856 810 2902 Dicit
841 2857 1003 2921 itaque
1025 2858 1138 2921 quia
1163 2874 1358 2905 necesse
1382 2867 1452 2905 est
1475 2857 1644 2906 navale
1673 2856 1855 2905 bellum
1882 2874 1986 2905 cras
2024 2874 2126 2905 esse
2160 2857 2374 2904 futurum
2401 2853 2475 2902 vel

334 2947 434 2977 non
452 2948 550 2979 esse
570 2934 796 2982 futurum.
826 2940 932 2984 Non
957 2947 1121 2986 tamen
1144 2938 1255 2985 ideo
1279 2938 1355 2985 vel
1374 2938 1541 2986 navale
1566 2938 1747 2986 bellum
1775 2955 1878 2987 cras
1913 2955 2012 2986 esse
2041 2938 2255 2985 futurum
2282 2952 2475 2983 necesse

331 3020 425 3071 est,
453 3011 528 3058 vel
553 3030 649 3060 non
672 3031 774 3063 cras
799 3033 898 3064 esse
933 3034 1144 3066 necesse.
1175 3020 1286 3065 Haec
1310 3019 1490 3085 quippe
1521 3020 1789 3085 propositio
1819 3038 1828 3066 ε
1860 3022 2058 3066 Necesse
2085 3028 2154 3065 est
2179 3015 2347 3064 navale
2374 3015 2477 3063 bel-

334 3089 435 3136 lum
460 3108 562 3138 cras
594 3093 803 3142 futurum
831 3114 961 3156 esse,
990 3098 1064 3145 vel
1090 3115 1187 3145 non
1220 3115 1321 3146 esse
1355 3115 1458 3146 cras
1490 3100 1731 3159 futurum,
1768 3099 1891 3146 duos
1924 3098 2066 3146 habet
2099 3114 2289 3156 sensus;
2325 3112 2477 3143 unum

380 3278 384 3293 ¹
402 3274 454 3306 Sic
481 3274 561 3307 Cori.
583 3274 678 3312 Vict„
695 3276 776 3317 Περὶ
801 3276 986 3318 Ἑρμηνείας
1005 3281 1096 3313 Amb.
1118 3300 1154 3305 ——
1174 3283 1184 3300 ²
1205 3281 1258 3313 Vel
1275 3290 1343 3313 non
1363 3281 1441 3322 fieri
1457 3283 1573 3314 desunt
1589 3283 1621 3313 in
1639 3283 1706 3315 edit
1725 3283 1820 3314 Amb.
