2638 3866
961 249 1293 299 THEOLOGIA
1326 249 1690 298 CHRISTIANA.
2313 253 2366 299 51
2381 254 2399 299 1

254 356 344 401 Aut
369 368 485 400 cum
515 350 734 399 Christus
763 367 818 398 ex
843 349 1093 399 divinitate
1117 361 1165 399 et
1186 350 1489 399 humanitate
1512 367 1611 399 una
1638 351 1698 398 sit
1720 360 1973 417 compacta
1995 368 2221 418 persona,
2247 363 2296 401 et
2318 371 2410 420 pro

251 443 386 499 parte
416 435 564 493 Deus,
602 449 693 498 pro
728 441 864 497 parte
897 431 1055 479 homo
1082 431 1288 494 dicatur,
1327 442 1474 496 atque
1503 433 1553 480 in
1588 431 1694 498 ipso
1718 432 1871 479 homo
1905 434 2036 480 Deus
2067 449 2169 481 esse
2200 433 2404 492 dicatur,

251 514 366 579 quia
393 513 474 561 hic
501 513 570 562 illi
594 513 645 561 in
678 529 825 561 unam
848 527 1108 578 personam
1139 513 1199 560 sit
1221 513 1400 574 unitus,
1429 514 1586 579 sitque
1610 513 1776 561 divina
1801 511 2067 562 substantia
2093 524 2287 576 aeterna,
2317 514 2409 563 hu-

251 610 397 643 mana
426 611 527 643 non
560 603 760 655 aeterna,
787 609 888 641 non
912 602 1072 640 tamen
1096 592 1208 640 ideo
1237 594 1505 642 concedere
1534 594 1755 659 cogimur
1777 593 1908 659 quod
1944 611 2046 641 non
2079 604 2150 642 est
2173 604 2406 644 aeternum

251 691 354 724 esse
383 685 641 737 aeternum3
686 690 777 722 nec
809 674 1067 740 Scripturae
1099 672 1374 738 figurativas
1412 675 1684 723 locutiones
1720 674 1849 722 ultra
1882 674 1978 722 hoc
2006 674 2141 739 quod
2174 676 2406 742 scriptum

250 772 447 804 necesse
478 765 549 804 est
573 754 785 803 extendi.
820 753 916 802 Sed
938 770 1028 802 nec
1059 754 1288 820 cuiquam
1318 756 1386 803 fas
1415 766 1504 815 est,
1536 772 1566 803 a
1592 764 1825 803 consueta
1854 753 2203 818 significatione
2228 773 2410 805 sermo-

251 852 362 884 nem
379 846 700 897 commutare,
729 835 822 883 nisi
845 835 890 883 ei
915 834 1051 899 cujus
1077 835 1356 899 gravissima
1378 836 1571 884 videtur
1602 836 1882 898 auctoritas,
1914 844 1999 883 aut
2028 836 2187 899 aliqua
2210 847 2408 885 ornatus

248 916 347 965 hoc
378 916 690 965 commendet
720 917 889 982 gratia.
916 915 1045 974 Quid
1081 917 1226 964 etiam
1253 917 1431 964 mirum
1466 917 1504 965 si
1535 933 1679 965 voces
1708 933 1821 964 cum
1850 932 1879 964 a
1902 916 2134 963 creaturis
2165 916 2228 963 ad
2251 920 2406 966 Deum

249 997 621 1058 transferuntur,
652 997 1053 1062 significationem
1080 998 1298 1058 varient,
1327 1008 1499 1064 utpote
1522 997 1619 1045 hoc
1640 1013 1822 1046 nomen
1848 1000 1989 1044 Pater
2011 997 2087 1044 vel
2109 997 2269 1060 Filius,
2297 1014 2410 1046 con-

250 1079 524 1126 structionis
544 1094 742 1144 quoque
762 1079 860 1125 vim
879 1088 1200 1140 commutent,
1221 1095 1333 1127 cum
1351 1079 1440 1126 illae
1456 1079 1602 1126 etiam
1618 1077 1668 1126 id
1689 1078 1864 1126 saciant
1882 1095 1988 1143 quae
2008 1077 2408 1142 significationem

249 1157 523 1206 nullatenus
541 1168 730 1208 mutare
751 1158 1012 1207 videntur?
1036 1161 1188 1208 Nemo
1212 1161 1393 1226 quippe
1414 1169 1544 1207 recte
1568 1159 1836 1224 intelligens
1860 1159 2094 1206 unitatem
2124 1168 2206 1206 aut
2230 1159 2410 1224 pleras-

249 1255 345 1302 que
380 1239 496 1288 alias
528 1240 708 1289 formas
732 1241 798 1288 ita
829 1257 858 1288 a
892 1239 1118 1305 subjectis
1149 1239 1430 1288 substantiis
1461 1240 1661 1302 dividit,
1698 1250 1751 1287 ut
1785 1255 1865 1287 eas
1902 1238 1964 1286 ab
1998 1239 2067 1287 eis
2105 1256 2309 1288 numero
2333 1241 2409 1288 vel

249 1320 563 1368 essentialiter
595 1321 808 1370 diversas
845 1322 1099 1370 existimet.
1135 1325 1234 1370 Nec
1267 1322 1394 1387 quis,
1430 1338 1543 1369 cum
1578 1321 1694 1368 dicit
1726 1321 1963 1369 unitatem
1996 1321 2110 1382 Dei,
2142 1321 2218 1369 vel
2254 1338 2409 1369 unum

247 1402 431 1461 Deum,
468 1412 553 1450 aut
589 1403 946 1468 simplicitatem
969 1404 1082 1462 Dei,
1118 1413 1165 1451 et
1197 1403 1466 1469 simplicem
1492 1405 1678 1464 Deum,
1713 1403 1837 1450 sicut
1861 1402 2095 1449 unitatem
2129 1403 2301 1451 animae
2333 1403 2408 1450 vel

247 1497 398 1529 unam
421 1483 661 1544 animam,
690 1494 774 1532 aut
796 1484 1155 1550 simplicitatem
1177 1485 1349 1531 animae
1370 1485 1447 1532 vel
1469 1483 1735 1549 simplicem
1757 1483 2000 1541 animam3
2031 1482 2095 1530 ad
2120 1482 2270 1530 alium
2293 1500 2409 1531 sen-

248 1577 356 1609 sum
390 1562 494 1611 haec
527 1565 731 1612 nomina
773 1565 824 1612 in
867 1568 972 1613 Deo
1017 1566 1190 1631 accipit
1224 1581 1372 1630 quam
1404 1565 1455 1612 in
1497 1564 1659 1612 anima
1697 1582 1707 1610 :
1745 1581 1847 1611 non
1882 1573 2045 1611 tamen
2090 1562 2155 1609 ita
2205 1563 2411 1611 dicimus

248 1642 483 1691 unitatem
505 1645 583 1692 vel
612 1645 969 1711 simplicitatem
992 1663 1095 1694 esse
1127 1647 1358 1705 animam,
1386 1646 1509 1693 sicut
1539 1661 1641 1693 esse
1664 1647 1840 1692 Deum.
1866 1643 1961 1690 Sed
1985 1642 2208 1707 quaelibet
2233 1643 2410 1691 sorma—

247 1738 358 1771 rum
377 1725 581 1773 nomina
601 1728 707 1774 Deo
730 1726 958 1792 copulata
980 1727 1136 1775 solam
1159 1727 1460 1775 identitatem
1483 1725 1698 1774 essentiae
1719 1733 1992 1772 monstrant
2015 1741 2026 1770 ε
2054 1740 2110 1771 ac
2135 1724 2174 1770 si
2193 1723 2411 1772 dicamus

246 1802 379 1853 idem
407 1821 511 1853 esse
533 1806 768 1854 unitatem
793 1807 929 1871 quod
950 1810 1130 1870 Deum,
1164 1807 1301 1873 quod
1330 1807 1530 1855 minime
1561 1807 1611 1854 in
1641 1805 1812 1853 ceteris
1843 1804 2079 1870 contingit
2110 1803 2406 1866 substantiis,

246 1884 368 1932 sicut
396 1885 539 1946 alibi,
577 1904 691 1935 cum
724 1887 786 1935 de
821 1888 1111 1937 discretione
1143 1888 1631 1955 praedicamentorum
1668 1886 2038 1947 dissereremus,
2087 1885 2405 1934 ostendimus.

246 1965 377 2024 Quid
395 1967 558 2032 itaque
574 1968 752 2016 mirum
771 1969 810 2016 si
832 1972 970 2018 Pater
986 1980 1034 2018 et
1051 1970 1198 2018 Filius
1217 1971 1319 2018 haec
1333 1970 1534 2018 nomina
1549 1986 1578 2017 a
1597 1968 1826 2016 creaturis
1840 1967 1902 2015 ad
1915 1970 2073 2015 Deum
2090 1967 2336 2028 translata,
2359 1968 2407 2014 in

244 2048 476 2096 creaturis
506 2048 599 2096 sibi
628 2049 859 2115 copulata
882 2051 1038 2100 solam
1061 2052 1363 2100 identitatem
1396 2050 1611 2098 essentiae
1635 2058 1935 2109 monstrent,
1962 2049 2012 2094 in
2038 2051 2144 2095 Deo
2173 2058 2335 2095 autem
2358 2047 2408 2095 id

244 2127 405 2176 solum
439 2146 543 2177 non
578 2129 775 2192 faciant,
811 2132 897 2179 sed
929 2142 977 2180 et
1010 2133 1210 2198 insuper
1246 2131 1550 2179 identitatem
1586 2130 1913 2196 proprietatis,
1951 2145 2063 2175 cum
2099 2144 2126 2175 e
2161 2128 2407 2175 contrario

244 2209 447 2257 nomina
470 2210 739 2259 formarum
762 2215 867 2260 Deo
890 2213 1137 2278 copulata,
1165 2212 1319 2261 solam
1346 2212 1649 2260 identitatem
1671 2210 1886 2258 essentiae
1910 2217 2198 2268 monstrent,
2228 2224 2334 2273 quoe
2356 2208 2406 2254 in

245 2290 476 2338 creaturis
498 2302 728 2340 contenta
751 2310 854 2341 non
878 2293 1022 2341 sunt?

310 2370 435 2418 Illud
453 2382 615 2420 autem
637 2372 897 2435 Athanasii,
921 2374 1058 2440 quod
1087 2374 1153 2422 ait
1176 2394 1199 2418 ε(
1215 2375 1540 2440 Omnipotens
1560 2376 1717 2435 Pater,
1734 2371 2044 2437 omnipotens
2064 2369 2225 2429 Filius,
2247 2370 2408 2417 omni-

244 2460 419 2514 potens
442 2453 646 2519 Spiritus
673 2465 884 2516 sanctus,
904 2473 926 2500 »
964 2455 1174 2503 maxime
1203 2455 1402 2503 fortasse
1432 2453 1725 2502 confirmare
1762 2452 1967 2513 videtur,
1998 2461 2052 2499 ut
2082 2450 2408 2499 concedamus

244 2531 419 2580 Filium
465 2550 687 2600 quoque,
729 2535 828 2584 sive
860 2537 1091 2602 Spiritum
1137 2545 1358 2584 sanctum
1393 2551 1496 2584 esse
1534 2538 1743 2595 Patrem,
1770 2550 1883 2581 cum
1928 2532 2125 2591 scilicet,
2168 2541 2219 2578 ut
2263 2546 2406 2595 supra

245 2610 480 2676 diximus,
507 2617 647 2663 Pater
678 2633 738 2664 ex
769 2618 987 2682 potentia
1019 2618 1078 2665 sit
1112 2616 1287 2678 dictus,
1324 2617 1450 2664 sicut
1479 2616 1624 2663 Fili-us
1652 2632 1712 2663 ex
1742 2614 2003 2679 Sapientia,
2032 2622 2081 2659 et
2110 2612 2313 2677 Spiritus
2350 2628 2406 2658 ex

244 2689 557 2757 benignitate.
594 2696 713 2754 Quis
738 2697 884 2745 etiam
919 2714 1096 2762 negare
1133 2706 1278 2762 queat
1314 2697 1432 2760 quin
1465 2711 1767 2760 unaquaeque
1796 2708 2115 2760 personarum
2145 2701 2317 2757 potens
2348 2691 2407 2736 sit

247 2781 293 2818 et
333 2773 525 2838 sapiens
565 2784 612 2822 et
648 2776 890 2841 benigna?
930 2780 1056 2825 Cum
1087 2778 1248 2842 itaque
1286 2776 1431 2823 Filius
1471 2776 1529 2823 sit
1564 2779 1695 2823 Deus
1728 2774 2062 2838 omnipotens,
2108 2781 2155 2819 et
2199 2780 2406 2819 tantum-

247 2850 361 2899 dem
398 2853 555 2902 valeat
590 2855 752 2903 dicere
787 2859 946 2905 Deum
981 2858 1398 2923 omnipotentem,
1435 2865 1675 2920 quantum
1711 2854 1874 2902 dicere
1906 2856 2126 2914 Patrem,
2165 2851 2409 2916 numquid

245 2941 294 2980 et
328 2933 474 2982 Filius
509 2945 580 2984 est
611 2936 777 2984 Pater?
808 2937 879 2985 Ad
911 2938 1048 3002 quod
1082 2939 1297 3004 primum
1336 2935 1633 3002 respondere
1669 2937 1784 2984 satis
1828 2934 2056 2994 arbitror,
2096 2933 2231 2999 quod
2259 2948 2400 2998 saepe,

245 3023 300 3061 ut
331 3014 558 3079 diximus,
598 3034 745 3066 voces
781 3034 870 3084 per
908 3035 961 3067 se
993 3028 1199 3085 acceptae
1238 3017 1461 3067 eamdem
1493 3017 1595 3065 vim
1622 3018 1813 3084 penitus
1850 3015 2037 3064 habent
2067 3024 2211 3080 atque
2258 3013 2401 3078 aequi-

245 3091 553 3156 pollentiam,
583 3095 717 3159 juxta
744 3097 994 3163 propriam
1033 3113 1200 3146 earum
1240 3094 1664 3162 significationem,
1709 3112 1816 3160 quae
1853 3104 2016 3142 tamen
2051 3091 2275 3140 eamdem
2305 3092 2402 3138 vim

245 3173 295 3221 in
330 3178 690 3226 constructione
723 3195 827 3227 non
861 3179 1158 3228 custodiunt.
1197 3182 1348 3239 Nam,
1393 3189 1513 3228 teste
1559 3179 1822 3238 Prisciano,
1864 3191 2033 3225 amans
2072 3184 2120 3223 et
2154 3175 2238 3239 qui
2276 3182 2402 3221 amat

244 3253 377 3303 idem
415 3258 595 3322 valent,
637 3276 739 3308 non
777 3270 941 3309 tamen
973 3261 1114 3308 sicuti
1137 3260 1198 3308 de
1229 3277 1288 3308 eo
1320 3260 1405 3326 qui
1442 3260 1594 3308 modo
1622 3276 1725 3307 non
1757 3268 1904 3320 amat,
1930 3273 2100 3305 verum
2139 3265 2209 3303 est
2242 3254 2402 3301 dicere

247 3336 382 3399 quod
415 3339 507 3387 erit
539 3356 725 3402 amans,
761 3342 828 3390 ita
857 3357 1027 3390 verum
1061 3351 1136 3390 est
1159 3341 1321 3389 dicere
1350 3341 1487 3407 quod
1520 3341 1611 3388 erit
1642 3340 1727 3405 qui
1753 3349 1900 3388 amat.
1931 3338 2098 3385 Unitas
2131 3350 2327 3400 quoque
2355 3341 2402 3379 et
