2638 3866
994 212 1337 260 THEOLOGlA
1385 212 1750 262 CHRlSTlANA.
2353 216 2445 260 555

300 325 456 362 torem
486 330 541 362 ac
561 323 799 362 rectorem
826 313 1011 361 mundo
1033 331 1233 380 praeesse
1257 314 1514 363 conveniat
1542 330 1690 379 quam
1720 313 1907 380 plures,
1934 323 2080 380 atque
2109 331 2263 362 unum
2288 317 2448 381 potius

300 398 457 444 Deum
492 411 550 443 ac
578 395 845 443 Dominum
875 395 1097 442 omnium
1121 412 1268 460 quam
1291 396 1452 462 plures
1482 394 1614 442 credi
1644 404 1880 461 oporteat.
1917 397 2111 443 Certum
2143 396 2324 462 quippe
2357 407 2443 457 est,

300 477 465 525 omnia
488 485 623 524 tanto
656 476 829 540 majori
859 474 1120 523 concordia
1151 476 1269 540 regi,
1295 485 1477 540 quanto
1508 475 1818 541 paucioribus
1848 492 1964 524 cura
1999 477 2243 540 regiminis
2276 493 2446 525 eorum

299 557 557 605 commissa
591 565 676 605 est.
716 555 842 604 Nihil
873 565 1032 604 autem
1069 556 1240 604 melius
1277 565 1359 605 aut
1394 555 1564 619 majori
1597 555 1857 604 concordia
1889 558 1986 620 regi
2025 573 2171 622 quam
2209 558 2447 606 mundum

299 647 488 686 constat
508 638 812 698 universum,
838 636 961 684 sicut
993 652 1138 702 supra
1158 636 1373 685 Tulliana
1397 636 1619 702 exposuit
1644 636 1786 684 ratio.
1815 636 1910 683 Uni
1933 637 2075 700 igitur
2103 638 2204 702 ejus
2234 638 2446 703 regimen

299 718 570 782 subjectum
602 727 689 766 est.
726 716 853 765 Nihil
888 717 1087 783 quippe,
1126 727 1181 764 ut
1214 717 1398 765 dictum
1432 727 1527 777 est,
1556 717 1730 781 majori
1759 717 2023 765 concordia
2056 735 2204 783 quam
2236 719 2447 767 mundus

299 799 496 862 regitur,
518 815 608 846 nec
626 798 769 845 etiam
790 814 866 845 res
888 814 945 846 ea
964 796 1204 863 quaelibet,
1228 799 1307 845 cui
1330 814 1454 845 unus
1473 806 1660 845 tantum
1678 797 1900 863 praesidet
1920 807 2096 845 rector.
2123 797 2264 845 Nullo
2288 800 2446 864 itaque

300 877 450 926 modo
487 877 704 944 pluribus
743 877 1012 926 rectoribus
1047 877 1258 925 mundus
1307 877 1547 942 subjacet,
1588 876 1674 925 sed
1708 877 1792 924 uni
1830 887 2034 925 tantum.
2072 880 2224 925 Tanto
2267 881 2445 946 quippe

298 959 456 1022 major
493 960 543 1006 in
580 958 810 1007 omnibus
844 958 1117 1006 custoditur
1147 959 1437 1015 concordia,
1479 968 1662 1021 quanto
1697 957 1853 1021 major
1887 967 2076 1005 tenetur
2111 958 2362 1019 identitas;
2399 971 2446 1007 et

297 1048 434 1087 tanto
467 1040 675 1105 amplius
704 1055 731 1086 a
766 1039 1029 1088 concordia
1062 1038 1319 1099 receditur,
1355 1048 1537 1104 quanto
1572 1038 1634 1086 ab
1667 1038 1850 1086 unitate
1883 1039 2034 1102 magis
2067 1038 2355 1088 absceditur.
2386 1044 2447 1088 Ut

297 1136 414 1184 ergo
438 1136 628 1168 summa
658 1120 720 1167 sit
741 1120 1023 1181 concordia,
1052 1136 1241 1168 summa
1269 1130 1489 1168 teneatur
1514 1119 1764 1178 identitas,
1791 1135 1846 1166 ac
1872 1120 2112 1184 praecipua
2134 1131 2447 1168 conservetur

297 1200 470 1248 unitas.
506 1200 632 1247 Nihil
656 1209 818 1248 autem
841 1217 954 1248 cum
977 1200 1139 1265 aliquo
1162 1201 1229 1248 ita
1250 1210 1303 1247 ut
1324 1217 1487 1249 secum
1512 1200 1640 1248 idem
1665 1216 1767 1247 esse
1789 1199 1865 1247 vel
1891 1216 2041 1247 unum
2065 1210 2242 1266 potest,
2269 1218 2359 1249 nec
2381 1203 2445 1249 ita

295 1279 376 1326 alii
401 1280 699 1328 concordare
723 1291 776 1328 ut
802 1280 910 1342 sibi,
937 1297 1047 1328 cum
1073 1296 1102 1328 a
1127 1281 1283 1346 seipso
1308 1280 1429 1328 nihil
1451 1280 1680 1329 dissimile
1702 1280 1778 1327 sit.
1815 1278 1886 1326 Ad
1911 1297 2065 1327 unum
2085 1281 2248 1345 itaque
2271 1292 2445 1330 cuncta

296 1370 512 1424 spectare
557 1377 614 1409 ac
649 1362 816 1409 referri
853 1362 1107 1424 convenit,
1148 1371 1199 1408 ut
1235 1361 1371 1426 quod
1408 1378 1571 1409 rerum
1606 1361 1879 1408 diversitate
1914 1362 2087 1424 agitur,
2130 1378 2226 1409 una
2259 1363 2446 1410 ratione

294 1441 606 1490 concorditer
642 1442 1025 1498 administretur,
1065 1442 1215 1490 modo
1252 1443 1301 1489 in
1338 1442 1566 1490 omnibus
1589 1459 1734 1506 quem
1766 1451 1958 1506 oportet
1990 1451 2196 1489 servato.
2232 1442 2326 1490 Sed
2356 1459 2446 1491 nec

294 1520 456 1585 plures
480 1522 542 1569 ad
576 1539 739 1570 rerum
763 1524 1057 1571 creationem
1087 1523 1238 1587 magis
1258 1540 1406 1588 quam
1431 1522 1494 1570 ad
1518 1521 1737 1586 generale
1760 1538 1926 1568 earum
1950 1523 2161 1585 regimen
2186 1525 2446 1571 convenire

296 1601 596 1649 credendum
622 1613 710 1663 est,
737 1603 822 1651 sed
842 1603 905 1651 ab
927 1621 1028 1652 uno
1054 1614 1249 1652 naturas
1269 1620 1439 1651 omnes
1457 1603 1562 1650 fieri
1583 1603 1705 1650 sicut
1726 1611 1774 1649 et
1795 1602 1895 1666 regi
1918 1612 2194 1667 opportune
2216 1604 2442 1666 creditur,

297 1692 349 1729 ut
373 1692 509 1730 tanto
532 1684 825 1732 concordius
850 1686 950 1749 regi
974 1685 1179 1745 valeant,
1207 1694 1390 1750 quanto
1414 1683 1584 1748 majori
1607 1692 1721 1731 sunt
1742 1699 1972 1730 connexae
1991 1683 2270 1731 concordia.
2295 1687 2445 1732 Tanto

294 1772 456 1810 autem
489 1764 646 1827 major
678 1774 749 1812 est
779 1781 947 1813 earum
978 1765 1260 1826 concordia,
1295 1774 1478 1830 quanto
1509 1763 1714 1829 amplius
1740 1763 1803 1810 ab
1835 1779 1936 1810 uno
1960 1763 2231 1829 eodemque
2256 1766 2447 1831 penitus

294 1859 488 1908 semper
505 1845 746 1910 principio
761 1855 979 1907 manant,
1003 1856 1049 1894 et
1063 1862 1230 1894 earum
1250 1845 1416 1893 artifex
1441 1861 1467 1892 a
1492 1843 1844 1909 multiplicitate
1867 1860 1923 1891 ac
1948 1843 2222 1893 diversitate
2246 1846 2443 1894 recedit.

293 1925 436 1971 Facta
454 1933 617 1972 autem
639 1935 752 1973 sunt
773 1927 1014 1991 primitus,
1042 1938 1094 1974 ut
1115 1926 1298 1992 optime
1321 1935 1488 1991 postea
1510 1935 1808 1989 regerentur,
1834 1935 1882 1972 et
1904 1941 2011 1990 quae
2032 1924 2213 1973 flebant
2234 1936 2287 1973 ut
2310 1943 2444 1991 rege—

292 2014 477 2066 rentur,
505 2005 568 2053 ad
603 2006 872 2070 regendum
904 2008 1070 2071 utique
1093 2007 1214 2055 dum
1238 2006 1409 2055 fierent
1431 2005 1842 2071 praeparabantur.
1875 2008 1934 2052 Ut
1966 2022 2079 2070 ergo
2110 2007 2290 2071 optime
2312 2024 2445 2072 rege-

292 2094 461 2132 rentur
496 2085 645 2146 facta,
685 2088 868 2152 optime
903 2088 1023 2135 dum
1049 2087 1227 2136 fierent
1257 2088 1321 2135 ad
1354 2086 1619 2151 regendum
1655 2095 1791 2133 erant
1825 2085 2152 2152 praeparanda.
2178 2089 2443 2145 Quomodo

292 2174 455 2213 autem
478 2167 661 2231 optime
682 2177 1012 2232 praeparantur
1035 2167 1154 2215 dum
1177 2168 1364 2228 fierent,
1393 2177 1445 2214 ut
1467 2167 1590 2214 facta
1611 2166 1925 2232 postmodum
1945 2166 2128 2231 optime
2147 2178 2440 2230 regerentur,

294 2245 384 2291 nisi
408 2262 600 2294 summa
625 2248 832 2295 invicem
861 2249 1125 2297 concordia
1155 2265 1213 2296 ex
1236 2249 1341 2314 ipsa
1371 2248 1613 2295 creatione
1638 2247 1713 2294 sui
1740 2246 2042 2310 colligentur,
2079 2255 2133 2292 ut
2152 2263 2212 2294 eo
2238 2248 2443 2314 amplius

292 2325 603 2374 concorditer
624 2336 769 2391 atque
789 2328 960 2376 melius
981 2339 1224 2392 regantur,
1251 2338 1435 2393 quanto
1459 2326 1750 2375 concordius
1768 2327 1815 2373 in
1836 2326 1940 2392 ipsa
1971 2342 2142 2373 eorum
2164 2327 2443 2377 conditione

293 2415 474 2454 naturae
498 2407 717 2472 ipsorum
737 2419 849 2456 sunt
868 2410 1076 2458 invicem
1099 2408 1363 2474 colligatae?
1390 2407 1460 2455 Ad
1481 2423 1625 2471 quam
1648 2408 1792 2455 etiam
1816 2406 2108 2454 conditionis
2130 2409 2442 2457 concordiam

290 2486 414 2533 sicut
449 2496 495 2533 et
534 2488 805 2551 regiminiS,
841 2490 1000 2538 unitas
1031 2491 1131 2556 ipsa
1165 2500 1310 2555 atque
1338 2488 1562 2536 identitas
1595 2488 1803 2535 maxima
1839 2486 2106 2535 conditoris
2144 2487 2352 2553 perficit,
2391 2501 2441 2537 ut

291 2566 406 2614 hinc
435 2584 632 2632 quoque
664 2586 818 2616 unum
842 2570 1167 2636 eumdemque
1192 2571 1383 2636 penitus
1414 2568 1718 2616 conditorem
1744 2568 1866 2615 sicut
1887 2577 1936 2614 et
1962 2578 2197 2614 rectorem
2221 2570 2439 2617 omnium

292 2663 393 2694 esse
418 2658 623 2711 constet,
645 2666 791 2713 quem
809 2667 899 2698 nos
918 2654 1073 2699 Deum
1095 2651 1319 2709 dicimuS,
1346 2666 1401 2697 ac
1420 2665 1663 2697 summum
1677 2649 1786 2713 jure
1807 2646 2093 2713 profitemur
2116 2647 2318 2695 bonum.
2346 2651 2440 2707 Qui

292 2727 543 2790 quomodo
569 2745 814 2776 summum
843 2730 1085 2780 diceretur
1119 2735 1330 2791 Bonum,
1365 2729 1457 2776 nisi
1489 2730 1659 2776 ceteris
1692 2727 1920 2776 omnibus
1943 2727 2232 2792 praecelleret
2262 2728 2440 2777 bonis?

291 2807 425 2871 quod
448 2824 563 2854 vero
597 2809 825 2857 omnibus
848 2810 951 2858 aliis
983 2811 1235 2877 praecellit,
1263 2826 1415 2857 unum
1447 2809 1666 2874 profecto
1690 2818 1738 2855 et
1763 2808 1961 2855 unicum
1984 2824 2086 2854 esse
2116 2810 2365 2871 convenit3
2392 2822 2439 2858 et

290 2886 426 2950 quod
459 2888 508 2934 in
542 2903 592 2934 se
619 2888 882 2953 perfectum
913 2907 1015 2938 esse
1038 2889 1339 2949 conceditur,
1372 2899 1518 2953 atque
1540 2888 1603 2936 ad
1626 2888 1791 2936 omnia
1822 2904 1929 2951 quae
1960 2887 2180 2936 facienda
2211 2899 2349 2949 sunt,
2381 2908 2438 2938 ex

290 2966 486 3032 propria
508 2966 757 3016 voluntate
770 2986 856 3035 per
878 2986 929 3018 se
951 2970 1210 3030 sufficiens,
1237 2987 1294 3018 ex
1307 2986 1407 3035 quo
1421 2979 1469 3017 et
1488 2970 1797 3034 omnipotens
1814 2967 2007 3029 dicitur,
2023 2984 2226 3034 compar
2241 2970 2439 3036 aliquod

289 3045 670 3095 bonumhabere
683 3065 784 3096 non
809 3060 984 3115 potest.
1004 3054 1168 3116 Neque
1193 3051 1324 3098 enim
1342 3049 1530 3098 bonum
1552 3066 1653 3097 esse
1676 3049 1869 3115 poterit,
1892 3048 2028 3113 quod
2047 3049 2348 3115 superfluum
2361 3054 2436 3100 sit.

290 3127 571 3192 Superfluus
583 3138 744 3176 autem
762 3129 881 3178 alius
891 3131 968 3178 vel
992 3142 1180 3179 creator
1192 3141 1316 3178 esset
1332 3130 1409 3178 vel
1422 3139 1597 3188 rector,
1625 3130 1665 3177 si
1686 3145 1809 3176 unus
1824 3127 1886 3176 ad
1905 3129 2070 3177 omnia
2090 3146 2225 3195 aeque
2238 3131 2440 3180 sufficiat

291 3220 344 3257 ut
357 3212 535 3277 plures.
555 3212 739 3261 Sufficit
751 3224 912 3262 autem
926 3231 1038 3262 cum
1057 3215 1116 3262 sit
1135 3231 1378 3262 summum
1397 3230 1454 3262 ac
1472 3213 1757 3280 perfectum,
1771 3223 1914 3277 atque
1931 3212 1994 3260 ad
2006 3213 2170 3261 omnia
2183 3214 2437 3276 sufficiens,

292 3300 346 3338 ut
370 3290 552 3340 dictum
574 3303 662 3356 est,
688 3294 894 3342 honum.
924 3294 1066 3343 Nullo
1089 3296 1250 3361 itaque
1274 3294 1423 3343 modo
1446 3294 1608 3360 plures
1632 3296 1761 3342 Deos
1784 3308 1886 3341 esse
1920 3293 2018 3341 sive
2043 3293 2174 3341 credi
2197 3296 2436 3342 convenit.
