2638 3866
323 218 416 265 688
1124 215 1295 263 PETRI
1329 214 1641 264 ABAELARDI

323 320 409 366 Hic
447 319 586 381 igitur
623 316 907 364 obedientiae
934 317 1155 364 virtutem
1190 326 1377 363 constat
1409 309 1614 376 includi,
1650 333 1745 381 qua
1775 317 1995 365 videlicet
2027 318 2274 382 praeceptis
2308 333 2447 381 supe·

322 399 503 445 riorum
529 395 934 461 obtemperando,
963 396 1074 442 hinc
1098 413 1292 460 quoque
1315 396 1405 442 illis
1426 396 1662 444 honorem
1687 397 1967 457 deferimus,
1993 397 2126 461 quod
2149 396 2448 444 rationabilia

323 493 490 523 eorum
513 476 728 523 instituta
750 492 1057 540 nequaquam
1083 476 1453 523 contemnimus.

1164 599 1280 654 Quid
1301 600 1598 644 beneficentia.

391 712 703 758 Beneficentia
738 727 852 758 vero
889 721 985 769 est,
1020 727 1106 775 per
1137 727 1283 775 quam
1315 711 1741 760 necessitudinibus
1772 712 2027 759 hominum
2062 728 2205 776 opem
2237 709 2455 758 debitam·

323 792 489 839 afferre
512 792 724 856 prompti
758 808 947 851 sumus,
972 792 1045 838 vel
1079 791 1402 854 indigentibus
1424 792 1600 839 scilicet
1622 792 1887 839 necessaria
1910 791 2092 852 dando,
2125 807 2230 855 quae
2259 789 2449 853 largitas

322 872 513 933 dicitur,
550 889 661 919 cum
694 872 742 918 in
779 871 1028 935 superfluis
1061 871 1364 936 prodigalitas
1399 873 1650 931 consistat,
1676 872 1751 918 vel
1786 870 2015 918 violenter
2050 886 2302 936 oppressos
2333 868 2449 915 libe-

322 951 501 1011 rando,
539 968 644 1015 quae
677 950 928 998 clementia
959 960 1174 997 vocatur.
1212 951 1586 998 Misericordiam
1621 961 1779 998 autem
1811 967 1840 998 a
1874 951 2056 998 miseris
2100 951 2165 998 ita
2196 958 2446 1007 vocatam,

323 1030 526 1093 majores
558 1031 706 1077 nostri
741 1030 906 1076 vitium
941 1031 1099 1094 potius
1130 1039 1178 1076 et
1206 1030 1451 1094 quandam
1486 1029 1811 1077 infirmitatem
1841 1030 2016 1088 animi,
2052 1046 2196 1093 quam
2225 1029 2450 1076 virtutem

323 1109 565 1169 dixerunt,
600 1127 685 1175 per
706 1126 854 1174 quam
878 1109 1100 1156 videlieet
1125 1109 1226 1156 aliis
1252 1126 1311 1156 eo
1337 1119 1524 1157 tantum
1550 1126 1648 1173 quo
1671 1110 1947 1173 affliguntur
1967 1109 2241 1157 naturaliter
2262 1123 2452 1173 compa-

322 1193 487 1240 tiendo
523 1193 777 1240 subvenire
805 1193 1044 1256 cupimus.
1078 1191 1339 1240 Clementia
1366 1209 1481 1239 vero
1509 1193 1704 1239 nonnisi
1737 1192 2007 1239 rationabili
2037 1191 2209 1238 affectu
2243 1191 2305 1238 ad
2339 1186 2452 1238 sub-

322 1273 615 1320 veniendum
653 1272 888 1336 aliquibus
935 1272 1098 1331 fertur,
1152 1289 1242 1319 nec
1278 1282 1373 1318 tam
1410 1272 1542 1336 quod
1582 1272 1873 1335 affliguntur,
1913 1288 2058 1337 quam
2100 1271 2232 1336 quod
2278 1272 2452 1336 injuste

324 1352 596 1416 affliguntur
618 1352 845 1413 attendit,
871 1362 925 1398 ut
954 1351 1191 1414 injustitiae
1221 1351 1492 1413 obviandO,
1517 1352 1705 1416 justitiae
1733 1351 2048 1417 obtemperet,
2077 1352 2298 1415 Alioquin
2319 1351 2453 1413 justi-

325 1434 397 1480 tiae
423 1450 521 1479 non
548 1443 660 1479 sunt
683 1448 847 1496 opera,
873 1431 1070 1495 quando
1090 1432 1193 1479 aliis
1215 1432 1543 1493 subvenimus,
1570 1433 1661 1479 nisi
1681 1433 1729 1479 in
1753 1433 1848 1479 hoc
1871 1449 1955 1480 sua
1977 1433 2151 1496 cuique
2173 1431 2447 1479 reddamus.

325 1513 418 1560 Sed
445 1523 491 1560 et
514 1530 625 1559 cum
649 1513 798 1558 virtus
821 1511 1012 1559 habitus
1035 1513 1094 1559 sit
1116 1512 1281 1571 animi,
1307 1529 1479 1576 quem,
1506 1523 1560 1559 ut
1584 1529 1640 1560 ex
1662 1512 1986 1577 superioribus
2007 1513 2173 1576 liquet,
2195 1528 2281 1577 per
2301 1511 2452 1576 appli-

325 1594 563 1640 cationem
596 1593 671 1639 vel
708 1592 919 1639 studium
948 1593 1120 1654 magis,
1160 1609 1307 1655 quarn
1332 1609 1418 1657 per
1454 1602 1671 1639 naturam
1708 1591 1875 1639 haberi
1909 1601 2115 1647 constat,
2150 1607 2455 1656 nequaquam

326 1672 430 1720 talis
466 1673 734 1737 compassio
771 1671 999 1718 naturalis
1033 1671 1095 1718 ad
1123 1672 1319 1719 virtutes
1365 1672 1613 1720 referenda
1642 1682 1738 1734 est,
1780 1688 1866 1737 per
1905 1687 2048 1736 quam
2086 1671 2305 1719 videlicet
2342 1671 2455 1737 ipsis

326 1753 467 1799 etiam
501 1753 592 1798 reis
630 1752 678 1797 in
713 1751 969 1798 afflictione
1001 1753 1168 1815 positis
1204 1752 1419 1800 humano
1455 1753 1669 1816 quodam
1701 1752 1774 1799 vel
1813 1751 2013 1811 carnali,
2052 1768 2152 1798 non
2183 1751 2454 1800 rationabili

327 1831 522 1888 affectu,
551 1830 804 1878 subvenire
829 1831 1101 1893 satagimUS,
1140 1831 1187 1876 in
1215 1831 1310 1878 hoc
1338 1832 1498 1895 potius
1522 1832 1712 1895 justitiae
1733 1831 2060 1891 adversantes,
2088 1849 2149 1878 ne
2171 1831 2260 1878 illis
2284 1831 2453 1878 debitae

325 1910 590 1957 reddantur
618 1927 788 1976 poenae.
822 1911 1041 1973 Denique
1067 1910 1223 1957 dolori
1243 1911 1458 1957 animum
1485 1911 1780 1970 submittere,
1813 1910 2097 1957 infirmitatis
2126 1911 2286 1975 potius
2310 1927 2454 1974 quam

327 1991 509 2037 virtutis
531 2000 624 2049 est,
663 2000 711 2037 et
747 1991 943 2036 miseriae
978 2005 1123 2054 quam
1159 1989 1492 2050 beatitudinis,
1529 2001 1577 2037 et
1606 1990 1891 2055 perturbatae
1924 2005 2024 2036 non
2061 1992 2230 2054 quietae
2263 1992 2451 2037 mentis.

387 2072 507 2116 Cum
532 2070 661 2117 enim
685 2069 805 2116 nihil
828 2070 930 2116 sine
962 2085 1105 2115 causa
1134 2072 1236 2116 Deo
1270 2079 1444 2116 cuncta
1471 2071 1652 2135 optime
1674 2070 1961 2135 disponente
1989 2068 2097 2125 fiat,
2125 2069 2241 2133 quid
2266 2069 2451 2130 accidit,

328 2149 459 2196 unde
486 2150 668 2213 justum
688 2149 860 2196 tristari
881 2148 956 2195 vel
976 2148 1141 2195 dolere
1160 2157 1396 2214 oporteat,
1420 2159 1467 2196 et
1485 2150 1552 2197 sic
1569 2150 1761 2215 optimae
1777 2149 2077 2213 dispositioni
2095 2150 2201 2208 Dei,
2222 2158 2457 2213 quantum

325 2230 375 2275 in
399 2246 447 2276 se
470 2239 555 2290 est,
581 2230 834 2288 contraire,
863 2230 996 2292 quasi
1019 2245 1124 2276 eam
1148 2239 1336 2277 censeat
1357 2230 1689 2294 corrigendam
1711 2229 1845 2276 esse?

1173 2355 1289 2410 Quid
1312 2356 1365 2398 sit
1387 2356 1607 2399 veracitas.

399 2471 636 2517 Veracitas
665 2480 759 2531 est,
784 2487 870 2535 per
892 2486 1037 2534 quam
1060 2487 1115 2517 ea
1145 2487 1353 2535 quorum
1382 2487 1473 2517 nos
1505 2470 1745 2518 debitores
1779 2471 2053 2536 pollicendo
2079 2470 2335 2532 efficimur,
2362 2471 2452 2518 ob-

330 2566 515 2598 servare
540 2550 802 2598 studemus.
832 2553 938 2597 Non
964 2551 1093 2597 enim
1120 2551 1159 2597 si
1194 2550 1328 2615 quod
1361 2567 1460 2597 non
1501 2560 1692 2615 oportet
1721 2551 2065 2615 promittimus,
2102 2551 2171 2598 rei
2207 2550 2454 2612 efficimur,

329 2630 378 2677 id
409 2647 509 2677 non
545 2630 816 2695 implendo,
852 2630 986 2694 cujus
1021 2647 1112 2677 nos
1147 2630 1388 2677 debitores
1428 2629 1553 2677 mala
1584 2630 1838 2695 promissio
1875 2646 2179 2694 nequaquam
2210 2630 2336 2678 fecit.
2365 2629 2460 2688 Qui

329 2711 457 2756 enim
491 2711 625 2773 quod
655 2710 1036 2775 promittendum
1064 2726 1164 2757 non
1191 2710 1278 2757 fuit
1310 2711 1600 2774 exsequitur,
1629 2709 1743 2757 mali
1779 2710 1937 2774 operis
1970 2710 2178 2773 geminat
2212 2710 2456 2767 effectum,

331 2806 441 2835 cum
463 2807 692 2854 perversae
723 2790 900 2837 scilieet
925 2790 1233 2855 promissioni
1260 2806 1538 2855 perversum
1561 2788 1788 2853 adjungat
1812 2789 2006 2850 factum,
2033 2805 2123 2837 nec
2145 2789 2376 2837 cessando
2399 2788 2459 2836 ab

333 2884 477 2931 opere
501 2869 675 2917 malam
698 2870 1066 2934 promissionem
1091 2870 1231 2934 eligat
1252 2870 1504 2933 corrigere.

1191 2988 1308 3043 Quid
1328 2989 1579 3032 vindicatio.

400 3099 669 3148 Vindicatio
701 3111 771 3148 est
795 3102 873 3149 ille
906 3113 1131 3150 constans
1166 3104 1388 3162 affectus,
1422 3122 1509 3169 per
1539 3121 1683 3168 quem
1713 3103 1853 3151 illatis
1877 3105 2014 3151 malis
2044 3102 2207 3150 debita
2235 3101 2461 3152 inferatur

334 3194 495 3244 poena.
521 3179 571 3225 ln
596 3180 790 3243 singulis
813 3190 972 3228 autem
993 3182 1068 3228 his
1092 3192 1300 3244 quatuor
1318 3185 1508 3246 justitiae
1530 3183 1763 3247 partibuS,
1798 3183 1917 3230 illud
1948 3182 2079 3247 quod
2111 3183 2159 3228 in
2183 3180 2462 3228 definitione

334 3260 666 3325 praemisimUS,
694 3261 940 3307 communi
971 3261 1148 3308 scilicet
1180 3262 1384 3310 utilitate
1409 3273 1616 3323 servata,
1646 3262 2096 3326 subintelligendum
2121 3277 2222 3309 esse
2257 3270 2457 3309 constat.
