2638 3866
774 217 1113 267 TRACTATUS
1147 219 1229 268 DE
1265 220 1725 272 INTELLECTlBUS.
2234 230 2320 276 751

181 318 341 385 plexio
368 317 683 367 concedenda
710 327 807 380 est,
835 319 970 385 quod
999 321 1039 368 si
1068 322 1221 370 sentio
1246 321 1495 371 hominem
1511 359 1525 383 ,
1556 341 1667 372 cum
1692 327 1849 375 omnis
1877 326 2029 376 homo
2060 329 2121 376 sit
2147 328 2228 378 hic
2259 331 2332 379 vel

175 399 277 462 ille,
310 398 466 447 sentio
500 398 632 447 hunc
658 399 734 447 vel
764 399 924 459 illum,
963 402 1182 450 concedo
1217 403 1381 468 utique
1419 421 1520 451 non
1555 422 1657 453 esse
1695 406 1884 456 firmam
1919 409 2327 475 complexionem.

183 484 247 530 Ex
279 490 452 529 natura
488 491 649 530 tamen
685 481 833 548 ipsius
870 497 1036 530 sensus
1072 483 1158 548 qui
1191 500 1292 531 non
1327 485 1418 541 nisi
1441 485 1490 532 in
1515 486 1726 552 aliquam
1759 505 1860 536 rem
1895 489 2177 538 existentem
2205 501 2328 556 agat,

179 563 387 611 exerceri
410 579 510 611 non
537 572 711 630 potest,
734 561 1104 611 concedendum
1127 563 1335 613 arbitror
1363 565 1496 630 quod
1521 566 1559 614 si
1581 568 1689 632 quis
1710 568 1959 618 hominem
1983 572 2172 631 sentiat,
2201 572 2333 620 hunc

180 643 254 691 vel
292 643 427 692 illum
464 644 651 692 sentiat.
679 646 737 691 At
756 660 872 691 vero
895 643 1164 692 intellectus
1196 661 1295 692 non
1327 646 1487 694 minus
1510 645 1677 695 haberi
1708 658 1879 714 potest,
1905 653 2047 699 etiam
2071 653 2109 699 si
2133 669 2207 701 res
2232 670 2331 701 non

180 724 260 785 sit,
286 726 402 789 quia
438 734 486 773 et
516 741 688 773 eorum
719 740 825 789 quae
851 723 953 788 jam
975 725 1213 789 praeterita
1235 736 1348 774 sunt
1377 743 1465 792 per
1490 729 1774 777 memoriam
1805 730 2132 791 recordamur,
2160 743 2208 780 et
2227 750 2334 797 quae

181 804 338 854 futura
360 815 474 854 sunt
502 822 590 872 per
610 805 967 872 providentiam
995 806 1096 870 jam
1119 807 1438 872 concipimuS,
1465 818 1510 856 et
1534 825 1639 873 quae
1662 810 1805 858 etiam
1828 828 2078 876 nunquam
2102 823 2213 861 sunt
2234 831 2332 862 non

179 903 429 952 nunquam
454 887 713 954 opinamur
735 897 881 952 atque
904 886 1148 951 fingimus,
1179 897 1233 935 ut
1255 888 1549 949 chimaeram,
1584 900 1886 954 centaurum,
1911 893 2142 956 sirenem,
2175 894 2333 943 hireo-

180 984 393 1016 cervum.
414 972 521 1017 Non
544 978 615 1017 est
634 968 795 1033 itaque
815 984 1011 1016 necesse
1032 977 1084 1016 ut
1103 968 1141 1015 si
1161 967 1412 1017 hominem
1434 970 1695 1035 intelligam
1718 972 1795 1020 vel
1818 973 2024 1038 aliquem
2044 984 2332 1040 conceptum

179 1048 387 1098 habeam
410 1051 461 1098 in
485 1067 584 1116 quo
610 1060 832 1098 naturam
860 1049 1125 1098 humanam
1158 1050 1459 1116 concipiam,
1497 1051 1610 1100 ideo
1637 1052 1771 1101 hunc
1803 1054 2054 1102 hominem
2088 1055 2163 1103 vel
2200 1056 2333 1104 illum

179 1131 453 1193 attendam,
491 1148 603 1179 cum
636 1131 775 1179 multi
805 1130 884 1179 alii
914 1140 962 1179 et
993 1130 1372 1179 innumerabiles
1405 1142 1670 1198 conceptus
1702 1135 1796 1182 sint
1825 1136 1874 1183 in
1910 1135 2087 1201 quihus
2122 1136 2335 1185 humana

176 1213 470 1278 excogitatur
513 1222 709 1271 natura,
747 1213 870 1260 sicut
898 1212 1000 1259 haec
1023 1211 1124 1276 ipsa
1163 1211 1364 1277 simplex
1399 1215 1654 1279 conceptio
1693 1214 1834 1280 hujus
1874 1217 2093 1282 specialis
2126 1219 2335 1266 nominis

178 1296 312 1360 quod
344 1307 414 1345 est
448 1297 618 1359 homo,
652 1297 730 1345 vel
768 1297 978 1345 hominis
1018 1294 1114 1344 albi
1148 1296 1444 1361 simpliciter,
1480 1296 1556 1344 vel
1585 1297 1799 1347 hominis
1830 1300 2040 1348 sedentis
2079 1301 2152 1349 vel
2191 1303 2333 1349 etiam

177 1376 389 1426 hominis
430 1379 643 1441 cornuti,
687 1380 775 1426 etsi
808 1393 1060 1443 nunquam
1097 1375 1176 1425 ille
1208 1377 1293 1436 sit,
1331 1387 1380 1425 et
1413 1377 1462 1424 in
1496 1378 1883 1445 quibuscumque
1932 1382 2335 1447 conceptionibus

177 1467 349 1506 natura
373 1459 686 1507 humanitatis
714 1458 995 1517 attenditur,
1022 1458 1122 1505 sive
1146 1474 1259 1506 cum
1282 1457 1571 1507 discretione
1601 1470 1740 1508 certae
1762 1478 1996 1527 personae,
2025 1472 2077 1509 ut
2105 1465 2331 1523 Socratis,

175 1539 248 1586 vel
281 1539 480 1605 alicujus
503 1541 721 1600 alterius,
746 1540 845 1587 sive
870 1539 1212 1601 indifferenter,
1241 1538 1423 1604 absque
1450 1540 1546 1588 ulla
1573 1541 1754 1589 scilicet
1775 1559 1992 1608 personae
2016 1543 2318 1591 certitudine.

244 1622 426 1678 Quaerit
455 1622 600 1669 etiam
630 1621 749 1668 illud
774 1620 986 1668 fortassis
1016 1619 1203 1684 aliquis,
1234 1637 1345 1667 cum
1379 1620 1526 1668 audio
1555 1622 1752 1669 «omnis
1784 1621 1936 1670 homo
1955 1644 1978 1666 »
2006 1633 2167 1671 utrum
2197 1624 2335 1672 iutel-

176 1700 320 1765 ligam
343 1719 542 1750 omnem
565 1702 835 1763 hominem,
862 1701 937 1749 vel
961 1717 1071 1748 cum
1096 1700 1273 1748 dicitur
1294 1701 1356 1749 de
1379 1701 1620 1767 aliquibus
1643 1702 1838 1750 duobus
1861 1703 1996 1768 quod
2025 1703 2144 1752 alter
2166 1721 2334 1752 eorum

178 1783 343 1842 currit,
367 1793 528 1831 utrum
551 1783 814 1848 intelligam
834 1782 1038 1830 alterum
1059 1798 1229 1829 eorum
1253 1798 1463 1842 currere,
1483 1783 1559 1830 vel
1582 1799 1695 1830 cum
1713 1782 1888 1831 dicitur
1912 1804 1935 1827 «
1950 1783 2175 1833 chimaera
2189 1803 2212 1829 »
2232 1803 2337 1850 qna’

178 1873 248 1911 est
281 1863 415 1926 alba,
447 1874 611 1912 utrum
642 1864 908 1928 intelligam
935 1883 956 1907 c‹
978 1862 1205 1911 chimaera
1234 1879 1341 1927 quae
1373 1872 1446 1911 est
1477 1861 1613 1923 alba,
1635 1882 1660 1908 »
1690 1864 1830 1924 sicut,
1871 1880 1982 1911 cum
2019 1865 2164 1913 audio
2191 1886 2213 1909 «
2236 1866 2337 1913 chi-

179 1960 340 2005 maera,
362 1965 385 1989 2)
426 1945 642 2010 intelligo
680 1945 980 2006 chimaeram,
1021 1960 1111 1991 nec
1145 1960 1246 1990 non
1285 1944 1428 1991 etiam
1458 1953 1646 2004 utrum,
1684 1961 1797 1991 cum
1835 1944 1981 1992 audio
2023 1945 2118 1993 hoc
2156 1962 2335 1994 nomen

186 2045 208 2069 «
227 2042 326 2072 non
351 2025 666 2090 intelligibile,
689 2045 711 2070 »
738 2024 1004 2087 intelligam
1029 2040 1128 2070 non
1154 2023 1464 2087 intelligibile.

243 2109 302 2152 At
325 2123 442 2154 vero
462 2106 571 2171 quis
590 2123 690 2153 non
715 2105 914 2171 recipiat
936 2103 1070 2168 quod
1092 2103 1131 2150 si
1154 2103 1417 2167 intelligam
1437 2120 1634 2151 omnem
1657 2104 1925 2165 hominem,
1955 2105 2049 2153 hoc
2072 2116 2142 2154 est
2166 2124 2336 2154 unum-

177 2203 421 2252 quemque
438 2224 450 2248 ,
478 2203 578 2234 non
606 2185 868 2249 intelligam
901 2184 1047 2232 etiam
1070 2184 1241 2241 istum,
1277 2184 1369 2230 nisi
1393 2183 1514 2232 forte
1537 2185 1645 2249 quis
1670 2185 1735 2232 ita
1757 2185 2040 2250 profiteatur
2063 2203 2113 2234 se
2139 2204 2334 2235 omnem

177 2267 429 2314 hominem
448 2266 711 2331 intelligere
732 2283 787 2314 ac
807 2266 846 2313 si
870 2265 997 2312 dicat
1019 2280 1070 2311 se
1088 2262 1232 2327 hujus
1251 2264 1484 2312 orationis
1507 2281 1611 2329 quae
1635 2275 1706 2313 est
1730 2286 1753 2309 <c
1765 2266 1923 2313 omnis
1942 2266 2094 2314 homo
2110 2287 2132 2310 »
2159 2267 2336 2315 habere

178 2348 507 2414 conceptum?
535 2348 676 2405 Quod
699 2346 898 2412 quidem
922 2361 1095 2392 verum
1121 2354 1217 2404 est,
1256 2345 1442 2394 etiamsi
1473 2361 1630 2409 neque
1661 2345 1794 2393 hunc
1828 2363 1985 2411 neque
2009 2346 2143 2395 illum
2167 2347 2337 2397 distin-

180 2438 311 2493 guat.
356 2431 475 2477 Nam
501 2438 548 2477 et
583 2446 696 2477 cum
729 2428 936 2476 dicimus
969 2425 1100 2491 quod
1138 2425 1241 2473 haec
1273 2426 1542 2491 propositio
1581 2427 1781 2475 «omnis
1810 2426 1963 2475 homo
1998 2429 2182 2476 currit»
2219 2429 2335 2476 dicit

179 2526 376 2558 omnem
404 2509 658 2558 hominem
691 2525 907 2569 currere,
936 2524 1037 2556 non
1068 2517 1227 2554 tamen
1251 2506 1363 2554 ideo
1394 2507 1622 2572 ponimus
1650 2507 1781 2573 quod
1817 2519 2059 2574 proponat
2089 2511 2332 2557 Socratem

181 2607 374 2638 currere
403 2591 479 2638 vel
506 2591 772 2639 Platonem.
803 2590 1027 2653 Alioquin
1049 2586 1298 2652 multiplex
1324 2597 1468 2649 esset,
1502 2604 1602 2635 non
1637 2604 1753 2650 una,
1785 2590 1906 2636 sicut
1927 2589 2197 2637 Aristoteles
2223 2606 2334 2655 pro-

181 2670 334 2718 hibet.
381 2672 532 2719 Nobis
574 2682 737 2719 tamen
772 2670 962 2718 videtur
994 2685 1095 2716 non
1138 2676 1266 2714 recte
1299 2684 1439 2732 posse
1482 2668 1579 2715 dici
1621 2678 1674 2715 ut
1711 2669 1819 2733 quis
1857 2685 2052 2716 omnem
2085 2669 2331 2718 hominem

181 2751 431 2816 intelligat,
464 2752 557 2799 nisi
581 2752 726 2800 etiam
749 2753 993 2799 Socratem
1020 2759 1067 2797 et
1089 2747 1304 2812 singulos
1325 2747 1565 2811 attendat,
1593 2747 1729 2813 quod
1752 2765 1896 2796 nemo
1920 2766 2134 2814 unquam
2159 2750 2331 2809 facere,

184 2832 350 2895 credo,
378 2832 569 2880 sufficit.
1372 2826 1377 2833 ¹

246 2913 341 2960 Sed
382 2929 541 2977 neque
578 2922 690 2960 cum
728 2913 905 2960 dicitur
946 2912 1104 2959 «alter
1140 2910 1343 2958 istorum
1382 2910 1547 2968 currit,
1566 2929 1589 2955 »
1632 2909 1729 2958 hoc
1779 2920 1849 2958 est
1890 2910 2125 2976 «quidam
2174 2928 2231 2960 ex
2268 2913 2334 2959 eis

181 2994 346 3055 currit,
374 3013 397 3039 »
439 2994 630 3042 videtur
678 2993 1052 3042 concedendum
1093 3001 1146 3039 ut
1187 2990 1449 3055 intelligam
1503 3006 1660 3054 neque
1699 2990 1851 3038 illum.
1901 2994 1957 3039 Et
2005 3008 2118 3039 cum
2161 2991 2336 3040 dicitur

186 3094 208 3119 a
226 3074 424 3140 quidam
446 3074 773 3122 homo‘currit
791 3095 812 3118 »
841 3073 1003 3121 nullus
1027 3072 1187 3138 potius
1211 3070 1386 3119 dicitur
1414 3071 1462 3118 in
1494 3087 1728 3119 «currere
1744 3091 1766 3115 »
1789 3087 1935 3136 quam
1965 3071 2164 3137 quidam
2182 3111 2194 3134 ,
2223 3090 2332 3120 cum

182 3155 402 3203 videlicet
439 3172 598 3219 neque
628 3154 708 3203 hic
734 3155 921 3203 dicatur
953 3153 1020 3201 ibi
1056 3168 1248 3200 currere
1278 3168 1437 3216 neque
1470 3151 1565 3199 ille.
1599 3151 1671 3199 Ad
1695 3151 1829 3217 quod
1865 3152 2144 3218 responderi
2180 3163 2333 3219 potest

183 3236 314 3301 quod
351 3237 472 3284 sicut
503 3236 604 3284 haec
643 3236 911 3302 propositio
952 3234 1112 3282 «alter
1146 3234 1350 3281 istorum
1385 3233 1574 3280 currit»
1613 3232 1738 3280 duos
1768 3231 1915 3281 habet
1949 3250 2140 3294 sensus,
2181 3250 2331 3280 unum

182 3316 402 3364 videlicet
427 3317 757 3383 hypoteticum
780 3316 1028 3381 disjunctae
1049 3314 1193 3379 hujus
1214 3332 1223 3361 :
1249 3333 1273 3360 «
1291 3317 1380 3361 Aut
1407 3313 1488 3361 hic
1510 3313 1657 3360 currit
1688 3322 1771 3361 aut
1794 3314 1871 3361 ille
1895 3314 2060 3375 currit,
2080 3334 2102 3357 ›>
2130 3314 2329 3361 alterum
