2638 3866
333 214 426 260 434
1131 217 1300 263 PETRI
1335 215 1651 265 ABAELARDI

330 314 641 379 postmodum
666 314 983 378 quiescendo,
1014 316 1206 381 physica
1231 316 1352 363 ratio
1375 317 1518 364 etiam
1547 316 1734 364 alterari
1753 316 2077 365 demonstrat:
2103 319 2169 366 ita
2195 319 2339 367 etiam
2359 321 2462 385 ipse

328 394 453 441 hanc
478 395 769 442 alterationis
790 396 1105 444 mutationem
1126 396 1316 444 videtur
1338 397 1600 444 incurrere.
1628 397 1715 444 Cui
1734 397 1877 445 etiam
1901 397 2065 445 localis
2091 409 2251 447 motus
2274 400 2463 449 videtur

329 473 519 535 adesse,
546 491 658 520 cum
693 475 841 522 modo
881 475 1170 524 descendere
1206 477 1396 540 aliquo,
1428 476 1504 523 vel
1533 476 1735 524 transire
1767 476 1925 541 aliqua
1962 476 2159 536 dicitur,
2195 479 2271 527 vel
2302 481 2463 544 egredi

327 569 588 616 quoquam,
611 554 710 601 sive
732 554 846 603 inde
869 557 1057 621 regredi
1078 555 1388 604 describatur.
1417 555 1552 603 Unde
1575 566 1622 603 et
1643 557 1694 602 in
1711 556 1952 620 Virginem
1976 567 2074 605 tam
2086 557 2297 606 Verbum
2316 561 2463 609 Patris

326 648 471 695 quam
506 634 738 698 Spiritum
773 646 991 684 sanctum
1025 636 1325 684 descendisse
1367 635 1619 683 salubriter
1648 634 1908 697 tradimus,
1948 646 1997 684 et
2023 637 2255 685 veraciter
2294 639 2463 704 praedi·

325 728 504 760 camus.
543 716 596 760 In
632 730 728 778 qua
752 716 893 763 etiam
916 717 1096 781 virgine
1124 719 1251 763 Deus
1277 715 1426 763 homo
1448 715 1600 762 factus
1627 714 1749 762 adeo
1784 717 1956 764 mutari
1982 717 2197 780 videtur,
2240 728 2294 766 ut
2332 718 2463 767 aliud

324 808 469 855 quam
495 793 634 841 fuerit
662 794 811 842 factus
834 813 934 844 esse
958 797 1143 844 dicatur
1167 814 1176 842 z
1209 795 1343 861 quod
1375 794 1438 842 ad
1466 794 1602 842 illum
1625 794 1899 843 substantiae
1927 806 2116 845 motum
2137 798 2458 864 praecipuum,

324 888 427 935 quae
462 889 491 921 a
530 873 831 940 philosophis
875 877 1117 939 generatio
1155 875 1352 936 dicitur,
1391 875 1632 940 pertinere
1664 875 1871 923 videtur.
1919 880 2025 925 Non
2069 878 2271 925 omnino
2318 878 2463 942 igitur

322 952 725 1002 incommutabilis
748 956 938 1003 videtur
969 960 1123 1018 Deus,
1150 973 1262 1004 eum
1293 957 1411 1021 ipse,
1450 965 1502 1002 ut
1528 955 1711 1003 dictum
1743 966 1839 1019 est,
1870 966 1970 1004 tam
2000 956 2290 1005 alterationis
2315 974 2463 1023 quam

322 1031 441 1093 loci,
468 1050 552 1080 seu
591 1035 734 1082 etiam
763 1038 1081 1099 generationis
1115 1046 1302 1083 motum
1330 1037 1568 1101 suscipere
1587 1035 1825 1084 videatur.
1853 1036 1947 1084 Sed
1975 1037 2015 1084 si
2043 1036 2297 1101 diligenter
2315 1048 2465 1087 atten-

322 1111 493 1160 damus
507 1153 520 1170 ,
544 1116 693 1161 necin
713 1115 786 1163 his
803 1133 893 1164 nec
908 1118 1009 1165 aliis
1030 1116 1177 1164 ullam
1196 1116 1472 1164 mutationis
1487 1117 1767 1164 varietatem
1781 1117 2002 1166 incurrit.
2017 1118 2208 1183 Quippe
2222 1134 2336 1166 cum
2350 1118 2464 1167 dici-

321 1208 428 1239 mus
449 1209 561 1240 eum
581 1194 760 1258 aliquid
775 1196 951 1258 facere,
969 1214 1069 1244 non
1084 1198 1292 1260 aliquem
1313 1197 1362 1243 in
1386 1196 1635 1261 operando
1658 1206 1845 1244 motum
1867 1196 1934 1244 illi
1953 1197 2106 1245 inesse
2125 1198 2432 1262 intelligimus
2447 1238 2460 1261 ‚
2523 1262 2527 1270 .

320 1271 393 1317 vel
416 1272 624 1336 aliquam
647 1275 695 1320 in
717 1275 987 1324 laborando
1009 1277 1312 1341 passionem,
1339 1277 1461 1323 sicut
1496 1275 1635 1323 nobis
1667 1276 1882 1325 accidere
1918 1276 2061 1339 solet,
2088 1277 2173 1326 sed
2196 1278 2298 1342 ejus
2328 1295 2464 1327 sem-

318 1351 512 1414 piternae
536 1353 789 1402 voluntatis
805 1372 988 1402 novum
1010 1356 1217 1420 aliquem
1241 1355 1565 1420 significamus
1588 1356 1828 1405 effectum.
1849 1360 1971 1405 Cum
1995 1374 2109 1422 ergo
2133 1357 2338 1406 dicimus
2350 1375 2462 1407 eum

317 1430 496 1494 aliquid
528 1432 709 1495 facere,
747 1434 906 1482 dicere
941 1445 1011 1483 est
1041 1436 1176 1499 juxta
1200 1436 1300 1500 ejus
1323 1435 1623 1484 voluntatem
1655 1436 1837 1502 aliquid
1875 1438 2178 1502 contingere,
2206 1447 2258 1485 ut
2283 1439 2331 1485 in
2357 1439 2462 1503 ipso

317 1510 436 1557 nihil
452 1514 560 1560 novi
580 1515 825 1579 contingat
844 1552 855 1575 ,
883 1516 967 1563 sed
991 1532 1174 1563 novum
1193 1516 1374 1580 aliquid
1390 1553 1402 1576 ‚
1428 1517 1549 1565 sicut
1570 1517 1619 1566 in
1640 1518 1741 1582 ejus
1753 1517 1999 1566 voluntate
2020 1517 2173 1565 fixum
2191 1528 2457 1584 permanet,

318 1589 414 1638 fiat.
442 1593 580 1640 Unde
605 1594 730 1642 bene
753 1606 821 1642 est
849 1595 966 1642 illud
989 1596 1406 1661 philosophicum²
1421 1633 1436 1657 ,

900 1750 1153 1810 Stabilisque
1176 1768 1354 1796 manens
1378 1753 1452 1796 dat
1479 1764 1630 1796 cuncta
1653 1756 1832 1798 moveri.

318 1906 411 1963 Qui
431 1906 572 1953 etiam
586 1923 698 1953 cum
716 1906 776 1954 ab
794 1907 1042 1973 operando
1063 1909 1307 1971 quiescere
1321 1908 1516 1969 dicitur,
1536 1910 2004 1957 consummationem
2024 1911 2185 1975 operis
2207 1911 2309 1974 ejus
2324 1947 2336 1969 ‚
2360 1928 2460 1958 non

316 2001 427 2031 eum
448 1985 509 2032 ab
534 1985 695 2050 aliquo
730 1988 931 2034 actionis
966 1997 1104 2034 motu
1123 2004 1307 2035 cessare
1335 1988 1675 2052 significamus,
1703 1992 1799 2036 Nos
1823 1999 1987 2038 autem
2012 1989 2164 2037 modo
2188 1990 2457 2055 operando,

317 2064 465 2111 modo
479 2065 711 2113 cessando
728 2067 991 2131 permutari
1011 2067 1232 2128 dicimur,
1252 2068 1364 2131 quia
1387 2068 1437 2114 in
1453 2068 1565 2128 hoc,
1584 2069 1855 2116 secundum
1873 2069 2134 2134 quamdam
2153 2070 2461 2134 agitationem

315 2144 662 2207 membrorum,
680 2147 753 2193 vel
768 2148 1040 2212 passionem
1061 2148 1250 2206 mentis,
1270 2147 1406 2194 aliter
1419 2165 1565 2212 quam
1583 2149 1716 2213 prius
1734 2150 2058 2215 nosmetipsos
2070 2148 2324 2209 habemus,
2342 2159 2390 2196 et
2409 2150 2460 2197 in

315 2225 670 2291 nobismetipsis
695 2228 948 2274 variamur.
982 2230 1104 2274 Eum
1126 2243 1243 2275 vero
1271 2228 1425 2275 facere
1455 2228 1636 2293 aliquid
1661 2246 1762 2276 non
1788 2229 1923 2277 aliter
1953 2229 2286 2294 intelligimus,
2314 2246 2460 2294 quam

315 2321 426 2352 eum
460 2306 720 2369 quamdam
745 2324 845 2354 esse
879 2323 1070 2355 causam
1099 2323 1268 2354 eorum
1292 2325 1397 2372 quae
1429 2308 1552 2355 fiunt
1573 2327 1583 2356 ε
1607 2309 1824 2373 quamvis
1845 2325 1902 2356 ea
1934 2307 2067 2356 nulla
2093 2326 2180 2357 sua
2203 2310 2461 2373 agitatione

311 2385 449 2432 faciat
464 2421 475 2443 ,
502 2396 555 2433 ut
580 2387 704 2434 actio
736 2388 929 2453 proprie
953 2387 1047 2434 dici
1070 2398 1241 2452 queat,
1270 2405 1381 2435 cum
1406 2388 1627 2436 videlicet
1645 2389 1803 2435 omnis
1826 2389 1952 2436 actio
1974 2390 2023 2436 in
2045 2398 2180 2436 motu
2211 2389 2453 2437 consistat.

311 2467 418 2529 Ipsa
435 2466 616 2531 quippe
639 2467 740 2530 ejus
763 2467 1039 2532 dispositio,
1058 2484 1204 2532 quam
1221 2468 1272 2515 in
1295 2477 1457 2515 mente
1478 2467 1651 2515 habuit
1675 2467 1737 2515 ab
1762 2478 1940 2515 aeterno
1955 2506 1967 2529 ,
1987 2468 2090 2532 ejus
2115 2469 2238 2516 actio
2262 2468 2454 2529 dicitur,

312 2561 421 2591 cum
444 2545 506 2592 ad
526 2546 750 2593 effectum
774 2547 1069 2612 perducitur.
1096 2550 1192 2595 Nec
1220 2548 1269 2594 in
1295 2548 1395 2612 ipsa
1429 2548 1544 2594 novi
1568 2548 1750 2612 aliquid
1773 2547 1972 2608 accidit,
1999 2564 2110 2594 cum
2136 2565 2222 2613 per
2243 2564 2348 2595 eam
2365 2565 2460 2595 no-

313 2641 427 2670 vum
456 2625 651 2689 aliquod
674 2643 797 2691 opus
818 2628 1054 2691 contingit
1071 2663 1083 2687 ,
1106 2643 1195 2674 nec
1214 2643 1272 2673 ex
1288 2628 1393 2692 ipsa
1415 2627 1626 2675 variatur
1643 2630 1773 2676 Deus
1788 2665 1801 2690 ,
1831 2644 1979 2693 quam
2004 2628 2054 2674 in
2083 2637 2245 2675 mente
2269 2644 2459 2693 semper

272 2736 275 2740 ,
312 2704 551 2767 aequaliter
571 2706 735 2768 habet,
762 2707 827 2754 ita
843 2707 985 2754 etiam
999 2716 1110 2772 post
1126 2707 1582 2772 reicompletionem
1596 2743 1609 2766 ,
1634 2708 1760 2756 sicut
1782 2717 1893 2756 ante
1906 2746 1918 2769 ,
1938 2709 1988 2754 in
2011 2706 2188 2755 eodem
2207 2708 2457 2773 proposito

312 2786 635 2850 dispositionis
654 2790 918 2837 consistens
936 2828 948 2849 ,
973 2800 1027 2837 ut
1048 2792 1114 2838 ita
1135 2790 1186 2837 id
1210 2791 1322 2837 velit
1343 2791 1666 2856 completum,
1689 2791 1814 2839 sicut
1836 2801 1946 2838 ante
1965 2790 2185 2839 voluerat
2209 2792 2457 2857 complen-

312 2865 446 2913 dum.
474 2868 602 2914 Sicut
618 2886 729 2933 ergo
751 2870 844 2932 sol,
870 2887 981 2918 cum
1003 2887 1059 2917 ex
1085 2870 1243 2917 calore
1266 2870 1368 2933 ejus
1393 2870 1552 2934 aliqua
1571 2870 1780 2918 calefieri
1805 2871 2045 2935 contingit
2064 2907 2077 2931 ‚
2105 2871 2237 2918 nulla
2258 2870 2374 2918 hinc
2406 2871 2455 2918 in

311 2947 415 3010 ipso
439 2946 514 2993 vel
543 2948 591 2994 in
613 2949 769 2996 calore
793 2950 893 3014 ejus
912 2952 1113 2998 mutatio
1136 2950 1213 3011 fit,
1244 2951 1462 3014 quamvis
1485 2968 1560 2999 res
1575 2951 1691 2999 inde
1713 2952 1940 3000 calefacta
1958 2952 2021 2999 sit
2040 2960 2248 2999 mutata:
2277 2951 2342 2999 ita
2366 2968 2456 2999 nec

312 3028 456 3087 Deus,
484 3043 595 3073 cum
620 3028 776 3092 aliqua
798 3030 898 3093 ejus
918 3047 1046 3077 nova
1068 3030 1208 3077 fuerit
1225 3029 1512 3094 dispositio²,
1539 3032 1650 3080 ideo
1678 3032 1852 3080 mutari
1872 3032 2010 3079 dicen
2023 3031 2113 3078 dus
2134 3040 2220 3091 est,
2240 3032 2457 3096 quamvis

311 3106 424 3152 novi
449 3107 606 3170 operis
625 3107 698 3154 vel
717 3111 990 3158 mutationis
1011 3127 1172 3158 rerum
1195 3109 1415 3174 quaedam
1437 3110 1539 3175 ipse
1560 3113 1619 3159 sit
1641 3128 1784 3161 causa
1803 3112 1879 3160 vel
1901 3121 2094 3160 auctor.
2125 3110 2270 3169 Quod
2295 3121 2453 3160 autem

356 3295 361 3312 ¹
385 3292 548 3332 Boethius,
568 3294 608 3326 de
630 3294 756 3329 consol.
774 3295 918 3337 Philos„
941 3298 999 3331 lib.
1021 3297 1078 3333 ΠΙ.
1095 3317 1133 3323 -
1149 3302 1160 3320 ²
1177 3299 1360 3342 Disponere
1375 3300 1470 3332 Amb.
