2638 3866
851 178 1245 229 lNTRODUCTlO
1285 178 1362 226 AD
1395 177 1802 227 THEOLOGIAM.
2339 179 2400 227 33

257 282 525 331 honoribus
547 280 768 346 digniora
786 295 934 345 quam
955 295 1011 328 ea
1029 296 1136 345 quae
1157 279 1207 327 in
1225 256 1417 346 templis
1437 278 1740 328 colebantur.
1762 282 1869 327 Non
1886 277 2023 344 quod
2046 294 2159 326 vere
2175 280 2306 327 canis
2321 290 2403 328 aut

254 362 378 429 lapis
405 371 566 411 essent
586 359 790 411 colenda
811 358 1131 429 sapientibus,
1170 359 1254 407 sed
1285 368 1337 406 ut
1367 359 1464 407 hoc
1496 358 1647 406 modo
1674 358 2014 423 intelligerent,
2050 357 2185 424 quod
2208 370 2403 424 possent

257 451 389 491 tanta
410 441 750 508 superstitione
772 439 1040 488 demersos²
1058 455 1162 487 esse
1183 439 1434 502 homines,
1467 447 1524 486 ut
1545 448 1670 486 esset
1692 447 1790 487 tam
1822 438 1974 505 turpis
1998 437 2403 487 demonstrandus

255 522 458 587 gradus,
484 522 547 571 ad
568 537 715 588 quem
733 520 898 568 venire
917 519 956 567 si
977 517 1206 585 puderet,
1243 519 1464 567 viderent
1497 527 1682 584 quanto
1706 519 1857 582 magis
1887 517 2173 585 pudendum
2196 527 2319 566 esset
2351 519 2400 566 in

255 604 472 671 turpiore
504 603 784 652 consistere.
823 601 1052 649 Similiter
1089 610 1138 648 et
1174 600 1282 648 illos
1318 601 1403 664 qui
1437 599 1677 648 mundum
1707 600 1850 647 istum
1884 598 2119 647 visibilem
2157 615 2400 647 summum

258 687 411 733 Deum
428 701 529 732 esse
553 683 844 750 opinantur,
869 680 1168 730 admonebat
1188 681 1502 747 turpitudinis
1524 697 1646 742 suae,
1674 679 1859 728 docens
1880 696 1983 728 esse
2005 695 2329 744 consequens,
2350 691 2402 728 ut

256 763 456 828 quilibet
466 763 587 830 lapis
602 773 832 828 tanquam
851 762 1027 810 summi
1038 762 1128 810 Dei
1143 762 1378 827 particula
1392 761 1502 826 jure
1517 761 1772 809 coleretur.
1790 779 1815 806 »
1834 761 1992 807 ltem’:
2017 779 2040 805 (ι
2057 762 2276 808 Socrates
2288 777 2399 808 cum

263 845 447 912 populo
480 844 734 894 simulacra
762 842 1109 902 venerabatur,
1149 851 1200 891 et
1234 852 1345 909 post
1376 842 1478 907 ejus
1515 842 1880 890 damnationem
1913 850 2218 905 mortemque
2254 858 2399 890 nemo

258 939 402 972 ausus
424 932 494 972 est
513 923 675 987 jurare
695 938 783 988 per
804 937 999 983 canem,
1034 937 1125 969 nec
1161 920 1405 986 appellare
1428 935 1789 985 quemcumque
1823 917 2061 984 lapidem⁸
2089 920 2258 965 Jovem
2276 955 2290 980 ‚
2316 919 2397 966 sed

255 1003 350 1052 hoc
381 1002 721 1051 tantummodo
753 1002 998 1050 memoriae
1019 1001 1285 1066 litterisque
1307 1000 1557 1049 mandare.
1591 999 1738 1058 Quod
1771 1008 1933 1047 utrum
1954 999 2127 1046 timore
2148 1014 2210 1046 an
2241 998 2401 1063 aliqua

256 1084 531 1149 cognitione
555 1084 777 1141 fecerint,
795 1082 1014 1148 judicare
1036 1098 1139 1130 non
1161 1091 1234 1130 est
1257 1098 1438 1129 meum.
1467 1101 1490 1125 >³
1522 1084 1587 1128 Ex
1607 1080 1683 1128 his
1707 1081 1867 1145 itaque
1883 1077 2043 1127 verbis
2065 1087 2226 1144 aperte
2254 1078 2403 1127 doce-

255 1180 364 1212 mur
383 1165 518 1229 quod
548 1164 725 1223 scholae
753 1163 804 1212 id
841 1172 914 1211 est
943 1162 1176 1211 doctrinae
1199 1161 1607 1227 Philosophorum
1636 1160 1782 1224 longe
1821 1160 1870 1207 in
1907 1158 2003 1207 fide
2038 1158 2343 1207 dissentirent
2375 1177 2401 1207 a

257 1243 422 1309 vulgo,
445 1261 559 1292 cum
582 1261 680 1310 quo
703 1254 866 1292 tamen
890 1242 1136 1292 habebant
1169 1242 1350 1308 templa
1387 1242 1691 1303 communia,
1733 1258 1847 1289 cum
1875 1256 1960 1288 eos
1982 1240 2173 1287 omnes⁸
2203 1255 2232 1287 a
2268 1256 2317 1288 se
2353 1240 2400 1287 in

256 1323 351 1372 lide
374 1324 605 1372 dissidere
630 1335 725 1373 tam
745 1323 956 1390 populus
977 1340 1124 1388 quam
1141 1322 1412 1371 sacerdotes
1425 1323 1678 1381 sentirent;
1704 1337 1794 1369 nec
1817 1320 1975 1368 solum
1998 1319 2213 1368 diversos
2234 1336 2263 1368 a
2285 1319 2397 1381 fide,

253 1404 337 1453 sed
359 1404 586 1454 adversos
610 1406 755 1454 etiam
788 1404 987 1453 existere
1004 1441 1017 1465 ,
1046 1404 1130 1468 qui
1158 1419 1270 1450 cum
1295 1401 1542 1449 manifeste
1565 1418 1677 1449 cum
1700 1400 1885 1466 populo
1905 1400 2191 1448 exteriorem
2213 1399 2401 1466 religio-

255 1500 366 1533 nem
385 1485 575 1551 templis
589 1484 886 1544 exhiberent,
907 1484 1205 1531 «stultorum
1222 1501 1245 1525 »
1271 1482 1466 1542 scilicet,
1491 1498 1700 1546 quorum
1727 1501 1750 1525 <t
1770 1479 1986 1528 infinitus
2007 1489 2078 1527 est
2094 1482 2396 1542 numerus⁸,»

255 1563 613 1613 multitudinem
632 1573 899 1613 metuentes
917 1600 930 1625 ,
956 1563 1180 1629 privatim
1201 1572 1361 1611 tamen
1383 1599 1395 1622 ,
1429 1575 1477 1610 et
1510 1561 1646 1626 quasi
1678 1560 1961 1625 sapientiam
1994 1558 2247 1624 loquentes
2278 1560 2402 1609 inter

254 1645 514 1709 perfectos,
556 1646 662 1710 ipso
685 1644 829 1692 etiam
862 1659 1217 1708 nonnunquam
1246 1642 1431 1708 populo
1457 1641 1710 1703 audiente,
1747 1650 1926 1688 sectam
1961 1638 2074 1688 fidei
2111 1640 2399 1688 contrariam

254 1725 609 1789 profitebantur
628 1734 771 1789 atque
796 1722 1140 1771 defendebant.
1165 1725 1385 1781 Quorum
1408 1721 1605 1786 quidem
1629 1722 1848 1768 Socrates
1870 1720 2107 1769 maximus
2123 1719 2401 1768 idololatriae

253 1805 438 1854 derisor
453 1843 466 1867 ,
493 1807 541 1854 in
560 1814 746 1852 tantum
763 1804 924 1870 plures
948 1803 1091 1865 deos,
1120 1802 1171 1850 id
1203 1813 1273 1851 est
1291 1802 1447 1864 idola,
1473 1810 1806 1866 contemptum
1829 1799 2052 1862 adduxit,
2075 1809 2128 1848 ut
2149 1801 2216 1848 eis
2232 1817 2402 1848 canem

255 1886 473 1951 praeferre
497 1885 696 1934 auderet
711 1921 726 1947 ‚
745 1899 833 1950 per
852 1900 999 1949 quem
1022 1883 1083 1939 ad
1107 1883 1233 1931 hanc
1265 1883 1539 1931 irrisionem
1569 1880 1910 1946 jusjurandum
1942 1889 2236 1946 susceperat,
2274 1880 2403 1928 unde

254 1977 300 2014 et
322 1967 632 2031 antiquorum
654 1965 914 2013 nominum
941 1963 1143 2029 gloriam
1168 1963 1282 2029 ipsis
1303 1962 1500 2011 abstulit
1523 1962 1683 2010 idolis.
1723 1964 1951 2027 Superest
1980 1976 2112 2009 nunc
2141 1970 2195 2008 ut
2223 1977 2402 2026 propo·

254 2046 343 2095 sita
364 2063 562 2111 quoque
586 2045 992 2111 Philosophorum
1014 2044 1318 2109 proferamus
1342 2042 1404 2090 de
1426 2041 1524 2090 fide
1547 2042 1845 2103 testimonia,
1882 2050 1938 2088 ut
1961 2050 2222 2106 utrumque
2246 2057 2402 2106 popu·

255 2125 617 2175 lum'infidelem
632 2143 691 2174 ex
707 2126 819 2192 ipsis
845 2126 943 2173 suis
964 2123 1247 2178 doctoribus
1274 2123 1579 2179 confutemus
1603 2139 1612 2169 :
1641 2122 1830 2171 Judaeos
1853 2121 2032 2168 scilicet
2050 2138 2106 2168 ex
2132 2120 2398 2186 ProplietiS‚

255 2206 466 2255 Gentiles
484 2224 541 2255 ex
560 2205 883 2272 Philosophis.
1006 2205 1008 2207 ’

319 2287 504 2337 Primus
521 2297 683 2335 autem
699 2303 830 2334 nunc
845 2286 924 2333 ille
944 2285 1304 2351 antiquissimus
1322 2282 1749 2348 Philosophorum,
1768 2292 1815 2330 et
1831 2283 1992 2348 magni
2010 2282 2220 2330 nominis
2238 2298 2405 2329 occur-

256 2377 326 2415 rat
348 2368 651 2427 -Mercurius,
684 2383 830 2431 quem
862 2383 952 2432 pro
991 2366 1268 2414 excellentia
1303 2381 1389 2413 sua
1423 2364 1570 2412 deum
1608 2380 1804 2429 quoque
1843 2363 2220 2430 appellaverunt.
2258 2363 2404 2425 Cujus

253 2446 451 2511 quidem
484 2448 814 2495 testimonium
836 2447 898 2494 de
923 2447 1232 2510 generatione
1255 2445 1401 2494 Verbi
1426 2445 1712 2509 Augustinus
1737 2447 1918 2492 Contra
1951 2446 2162 2509 quinque
2182 2443 2402 2491 haereses⁶

254 2526 521 2593 disputans,
541 2527 744 2587 inducit,
764 2527 960 2574 dicens:
981 2547 1001 2572 α
1021 2528 1219 2575 Hermes
1233 2526 1318 2591 qui
1331 2525 1594 2573 Mercurius
1616 2524 1781 2572 Latine
1799 2524 1991 2583 dicitur,
2015 2523 2202 2588 scripsit
2224 2521 2399 2569 librum

254 2607 339 2671 qui
356 2607 626 2672 appellatur
645 2628 667 2652 α
684 2610 1012 2674 λόγοςπέλειοςζ
1030 2626 1054 2651 »
1073 2606 1125 2654 id
1142 2615 1214 2654 est
1229 2605 1433 2654 verbum
1457 2605 1742 2670 perfectum.
1766 2605 2026 2652 Audiamus
2044 2601 2162 2668 quid
2175 2602 2403 2666 loquatur

252 2687 316 2735 de
340 2687 491 2735 verbo
506 2688 738 2753 perfecto.
764 2688 1054 2745 «Dominus,
1082 2687 1256 2751 inquit,
1277 2696 1326 2734 et
1349 2686 1501 2734 factor
1527 2684 1747 2736 omnium
1772 2684 1976 2732 deorum
2006 2681 2273 2730 secundum
2297 2682 2404 2730 fecit

255 2768 537 2827 dominum,
562 2768 695 2816 hunc
720 2769 831 2817 fecit
851 2770 1063 2834 primum
1080 2805 1093 2828 ,
1116 2778 1163 2815 et
1181 2767 1340 2815 solum
1365 2776 1412 2813 et
1440 2782 1624 2812 verum.
1652 2768 1814 2811 Bonus
1835 2772 1997 2811 autem
2017 2763 2061 2811 ei
2085 2763 2215 2810 visus
2236 2771 2330 2824 est,
2357 2773 2403 2810 et

256 2848 562 2914 plenissimus
601 2850 824 2896 omnium
859 2849 1106 2896 honorum
1147 2865 1158 2895 z
1197 2846 1380 2895 laetatus
1422 2854 1494 2892 est
1514 2881 1527 2906 ,
1567 2853 1616 2900 et
1651 2842 1789 2892 valde
1824 2843 1988 2891 dilexit
2022 2825 2136 2891 euni
2173 2852 2401 2908 tanquam

256 2928 556 2994 unigenitum
579 2945 738 2976 suum.
759 2950 781 2972 »
798 2931 919 2976 ltem
942 2928 1038 2975 alio
1060 2927 1171 2975 loco
1190 2944 1201 2973 :
1224 2946 1246 2971 <t
1262 2925 1406 2973 Filius
1425 2923 1671 2977 benedicti
1692 2923 1780 2972 Dei
1796 2934 1940 2989 atque
1959 2922 2100 2972 bonae
2122 2923 2397 2982 voluntatis,

253 3009 391 3073 cujus
413 3025 593 3056 nomen
618 3025 720 3055 non
741 3017 902 3074 potest
927 3007 1151 3064 humano.
1169 3023 1255 3055 ore
1278 3005 1479 3055 narrari.
1509 3025 1532 3050 ι)
1557 3005 1849 3069 Augustinus
1871 3020 2017 3068 quem
2043 3005 2201 3070 primo
2226 3004 2399 3052 sactum

300 3220 307 3238 ¹
323 3218 377 3252 Sic
395 3217 476 3251 Cod.
494 3217 576 3250 vict.
596 3219 737 3250 Eversos
754 3217 849 3250 Amb.
870 3235 907 3241 -
923 3216 1032 3250 ²1b2'd.
1051 3235 1091 3242 —
1107 3218 1120 3239 ³
1134 3216 1297 3259 Lapidem
1373 3215 1455 3249 vict.
1475 3233 1513 3240 -—
1527 3215 1647 3257 ⁵Eccl.‚
1663 3225 1733 3257 cap.
1752 3224 1775 3256 ι,
1794 3225 1823 3248 v.
1848 3217 1897 3249 15.
1911 3215 1968 3238 —0
1980 3214 2107 3247 contra
2127 3212 2278 3255 quinque
2298 3211 2402 3245 haere·

257 3273 348 3305 deest
369 3281 423 3313 ap.
448 3273 670 3304 Amboesium.
688 3289 726 3295 -—
745 3274 755 3292 ⁴
771 3272 851 3304 Cum
871 3280 927 3304 eos
951 3275 1061 3304 tamen
1081 3279 1196 3304 omnes
1214 3270 1294 3303 cod.
1372 3279 1437 3310 ses,
1454 3278 1526 3311 cap.
1547 3278 1596 3303 ιιι.
1612 3287 1649 3294 -
1664 3271 1674 3290 ⁷
1688 3270 1793 3310 Λόγος
1804 3269 1912 3305 τέλεος
1925 3268 2006 3300 (lod.
2026 3266 2106 3299 Vlct

422 3348 453 3371 11
2215 3327 2237 3361 5
