2638 3866
240 177 335 223 250
1044 167 1216 214 PETRI
1251 167 1568 214 ABAELA-RDI

240 276 351 339 quia
377 283 569 339 possent
587 271 654 319 illi
675 271 833 318 dicere
857 286 906 317 se
926 270 1146 333 ignorare
1164 267 1364 332 quando
1386 278 1602 333 peccam,
1616 269 1810 333 quando
1829 273 1933 318 Deo
1949 271 2182 332 viverent,
2206 288 2384 337 praeve-

241 358 382 404 niens
405 365 548 418 atque
580 352 801 400 auferens
823 350 952 398 hanc
985 350 1363 409 excusationem,
1391 349 1507 396 dicit
1533 359 1588 396 ut
1621 351 1787 397 saltem
1807 368 1898 416 pro
1921 352 2270 401 existimatione
2300 369 2387 400 sua

241 446 288 483 et
303 435 563 501 capacitate
583 449 679 479 suae
703 431 1027 495 intelligentiae
1051 431 1102 477 id
1121 428 1322 494 implere
1340 429 1581 477 studeant.
1611 433 1668 477 Et
1690 431 1786 478 hoc
1804 442 1874 479 est
1893 432 2026 497 quod
2045 433 2137 481 ait:
2169 453 2194 477 α
2217 434 2387 481 Existi—

241 526 384 577 mate,
405 525 519 574 etc„
544 532 566 557 »
586 513 682 560 hoc
706 522 776 560 est
798 513 861 559 ita
880 511 1046 559 saltem
1068 510 1255 570 vivatis,
1275 519 1329 557 ut
1342 527 1428 558 vos
1441 527 1542 558 non
1561 510 1884 576 reprehendat
1902 522 2057 561 vestra
2073 515 2383 576 conscientia,

240 597 326 644 sed
348 595 585 643 mundum
607 593 669 641 ad
690 594 888 658 plenum
914 592 1119 657 qualiter
1142 590 1407 638 vivendum
1424 592 1483 639 sit
1506 593 1805 655 cognoscatis
1834 612 1844 639 ι
1874 595 1988 658 quia
2020 604 2068 641 et
2095 595 2135 642 si
2161 595 2296 643 aliter
2317 611 2389 643 sa·

240 678 366 743 pitis,
406 685 460 723 ut
489 676 591 740 ipse
617 674 731 722 alibi
759 673 1011 740 Apostolus
1037 672 1117 731 ait,
1159 671 1210 718 id
1249 687 1444 737 quoque
1481 675 1614 720 Deus
1648 673 1786 721 vobis
1819 674 2062 737 revelavit,
2101 675 2387 740 corrigendo

240 757 416 805 scilicet
441 766 606 803 vestrae
631 755 944 820 simplicitatis
966 754 1128 800 minus
1149 751 1344 800 doctam
1363 754 1785 801 existimationem..
1812 774 1837 797 <c
1852 757 1905 801 In
1929 755 2117 804 Christo
2135 759 2264 817 Jesu,
2286 775 2310 802 υ
2336 756 2388 804 id

239 847 326 899 est,
352 854 439 902 per
462 837 661 900 gratiam
686 835 829 883 vobis
851 835 899 881 in
925 834 1121 882 Christo.
1148 833 1390 896 collatam,
1417 851 1530 882 cum
1560 851 1659 900 quo
1700 834 1836 882 vobis
1865 835 2042 885 collata
2064 847 2176 885 sunt
2202 838 2384 899 omnia,

240 934 341 965 non
365 935 452 983 per
475 918 642 964 merita
659 925 831 963 vestra.

308 1020 331 1042 ιι
352 1002 459 1046 Non
483 1015 613 1062 ergo.
635 1019 656 1041 »
677 996 746 1044 Ad
771 996 1019 1061 superiora
1041 996 1120 1043 illa
1143 997 1398 1044 revertitur
1425 996 1512 1044 ubi
1542 996 1728 1044 dictum
1749 1007 1820 1045 est
1835 1000 1875 1045 ²:
1907 1017 1930 1044 c<
1954 998 2084 1057 Quid
2115 1015 2230 1063 ergo
2265 997 2391 1046 dice—

238 1080 381 1126 mus?
411 1078 801 1144 permanebimus
820 1076 870 1131 in
890 1087 1090 1141 peccato
1116 1086 1168 1124 ut
1192 1079 1341 1141 gratia
1363 1077 1613 1126 abundet?
1631 1098 1654 1121 »
1677 1081 1738 1125 Et
1756 1079 1920 1127 multis
1950 1080 2219 1128 rationibus
2239 1080 2394 1127 inter-

237 1160 404 1225 positis
426 1159 672 1207 concludit
687 1175 787 1205 non
807 1174 911 1206 esse
936 1158 1399 1223 permanendumin
1426 1169 1645 1225 peccato,
1665 1158 1715 1206 id
1737 1169 1825 1223 est,
1852 1178 1954 1208 non
1979 1172 2205 1227 oportere
2229 1159 2390 1226 aliqua

237 1240 298 1287 de
321 1257 465 1288 causa
486 1250 738 1304 peccatum
758 1255 960 1302 regnare
982 1239 1033 1286 in
1059 1238 1219 1287 nobis.
1250 1240 1581 1288 Continuatio.
1610 1240 2021 1306 Quandoquidem
2041 1244 2111 1290 sic
2127 1241 2391 1290 vivendum

236 1329 373 1366 estut
394 1320 668 1367 existimetis
692 1336 779 1367 vos
803 1329 1023 1367 mortuos
1043 1336 1144 1367 esse
1167 1330 1385 1386 peccato.
1415 1325 1542 1385 Ergo
1567 1340 1590 1364 t<
1607 1337 1706 1368 non
1717 1332 1884 1385 regnet
1896 1333 2149 1388 peccatum
2162 1323 2212 1369 in
2231 1331 2391 1370 vestro

234 1400 425 1448 mortali
448 1416 672 1465 corpore,
694 1418 716 1444 »
743 1399 840 1447 hoc
863 1410 950 1460 est,
972 1417 1074 1448 non
1098 1411 1370 1466 perseveret
1395 1402 1447 1448 in
1477 1401 1727 1466 fragilitate
1748 1412 1915 1450 vestrae
1943 1403 2251 1451 carnalitatiS.
2284 1405 2391 1451 Non

234 1479 365 1542 dicit,
389 1500 412 1526 «
434 1498 535 1528 non
559 1482 635 1543 sit,
655 1501 678 1524 »
698 1480 784 1528 sed
802 1501 825 1524 c<
843 1498 943 1528 non
965 1491 1147 1545 regnet,
1163 1501 1186 1526 >2
1208 1482 1257 1529 id
1282 1493 1353 1531 est
1377 1500 1478 1530 non
1503 1482 1805 1531 dominando
1828 1493 2117 1550 perseveret.
2140 1482 2286 1542 Quod
2309 1498 2394 1530 au·

233 1570 332 1608 tem
355 1578 455 1609 non
480 1562 610 1609 dicat
633 1582 657 1608 α
683 1579 784 1609 non
802 1563 879 1620 sit,
902 1581 924 1607 »
952 1563 1162 1611 insinuat
1185 1562 1352 1611 dicens
1374 1582 1384 1610 :
1417 1584 1440 1610 «
1459 1567 1513 1611 In
1536 1574 1697 1612 vestro
1715 1566 1910 1613 mortali
1931 1581 2155 1631 corpore,
2183 1583 2206 1610 υ
2231 1563 2283 1611 id
2301 1573 2387 1624 est,

233 1641 281 1688 in
315 1642 466 1706 fragili
501 1653 550 1692 et
579 1643 642 1691 ad
674 1643 978 1709 peccandum
1011 1661 1168 1709 prona
1195 1644 1422 1693 humanae
1455 1655 1636 1694 naturae
1662 1646 1944 1694 substantia.
1978 1645 2180 1693 Difficile
2215 1645 2402 1711 quippe·

234 1733 320 1782 est,
345 1725 498 1772 immo
517 1725 884 1790 quodammodo
904 1725 1201 1791 impossibile
1225 1734 1278 1772 ut
1300 1726 1597 1791 quandoque
1615 1737 1781 1774 nostra
1801 1727 1902 1774 haec
1919 1728 2184 1775 mortalitas
2206 1726 2269 1774 ad
2287 1741 2395 1791 peo-

234 1814 394 1852 catum
422 1822 521 1854 non
545 1805 804 1853 inclinetur
817 1825 835 1865 3,
857 1806 941 1853 sed
964 1823 1076 1853 cum
1100 1806 1374 1854 humanum
1398 1823 1601 1872 peccare
1615 1845 1627 1867 ,
1656 1808 1953 1855 diabolicum
1975 1817 2045 1855 est
2061 1844 2073 1868 ,
2099 1822 2201 1854 non
2222 1807 2395 1853 huma-

233 1902 378 1947 num,
413 1903 733 1952 perseverare.
772 1886 1035 1945 Quomodo
1071 1897 1235 1934 autem
1267 1897 1433 1950 regnet
1469 1888 1519 1935 in
1551 1888 1694 1936 nobis
1724 1898 1978 1955 peccatum
1997 1925 2010 1949 ‚
2046 1898 2094 1936 et
2122 1887 2395 1936 dominium

236 1965 472 2028 obtineat,
510 1967 797 2014 determinat
829 1967 1158 2031 subjungens:
1193 1987 1216 2011 α
1243 1970 1307 2014 Ut
1335 1967 1571 2017 obediatis
1605 1969 2011 2036 concupiscentiis
2041 1969 2157 2034 ejus».
2189 1988 2212 2012 >›
2247 1967 2397 2026 Quasi

236 2048 507 2107 transitum,
530 2064 631 2095 non
663 2064 866 2112 regnum
890 2048 941 2094 in
964 2047 1106 2095 nobis
1128 2047 1278 2096 habet
1299 2059 1576 2114 peccatum,
1603 2050 1801 2115 quando
1827 2050 1962 2115 quod
1984 2049 2194 2114 suggerit
2215 2063 2395 2095 concu-

235 2128 465 2192 piscentia
487 2128 610 2176 ratio
633 2128 857 2175 refrenat.
889 2131 1024 2176 Tunc
1049 2146 1166 2177 vero
1189 2131 1327 2195 quasi
1351 2147 1559 2195 regnans
1583 2141 1631 2179 et
1659 2131 1917 2179 dominans
1939 2131 2160 2179 stabilem
2183 2131 2232 2177 in
2255 2127 2396 2176 nobis

238 2209 541 2256 mansionem
568 2209 704 2269 facit,
744 2208 941 2274 quando
978 2209 1159 2257 malum
1193 2210 1329 2275 quod
1364 2221 1527 2258 mente
1562 2212 1890 2277 concipimus,
1926 2227 2075 2277 opere
2109 2209 2392 2275 implemus,

238 2288 312 2335 vel
347 2288 482 2352 quod
518 2289 654 2354 pejus
695 2299 789 2350 est,
827 2290 877 2336 in
909 2290 1316 2338 consuetudinem
1345 2290 1594 2354 ducimus,
1629 2291 1848 2339 nolentes
1878 2292 1929 2339 id
1958 2309 2045 2357 per
2067 2290 2398 2357 poenitentiam

241 2368 513 2417 emendare.
550 2373 632 2416 Est
663 2371 822 2434 itaque
845 2370 1045 2417 obedire
1069 2371 1472 2435 concupiscentiae
1495 2381 1748 2437 peccatum
1771 2373 1838 2420 ita
1861 2372 1923 2419 ad
1949 2371 2175 2419 affectum
2198 2370 2394 2432 ducere,

241 2449 362 2496 sicut
406 2466 550 2514 prava
598 2451 988 2515 concupiscentia
1026 2468 1132 2516 quae
1175 2452 1357 2516 peccati
1396 2461 1466 2499 est
1504 2452 1777 2518 persuadet.
1825 2472 1846 2498 «
1883 2452 1978 2500 Sed
2018 2467 2193 2516 neque.
2230 2471 2253 2494 >2
2288 2453 2395 2497 Non

242 2529 400 2577 solum
442 2547 545 2577 non
587 2530 820 2578 obediatis
867 2532 1004 2579 malae
1053 2531 1454 2596 concupiscentiae
1474 2569 1487 2593 ,
1528 2549 1698 2580 verum
1736 2543 1785 2580 et
1827 2534 1981 2598 ipsam
2030 2533 2094 2579 ita
2137 2531 2398 2597 praevenire

242 2620 399 2657 vestra
432 2610 735 2675 providentia
758 2611 973 2672 studeat,
1006 2622 1059 2658 ut
1081 2629 1194 2659 cum
1215 2612 1424 2674 voluerit
1447 2612 1690 2661 dominari
1713 2630 1814 2661 non
1837 2614 2003 2679 possit.
2032 2611 2178 2670 Quod
2202 2610 2399 2676 quidem

244 2689 444 2751 facietis,
476 2692 515 2738 si
548 2708 647 2738 non
683 2691 1023 2753 exhibueritis,
1060 2713 1082 2735 «
1118 2691 1334 2739 membra
1371 2703 1526 2741 vestra
1566 2710 1701 2741 arma
1736 2695 2002 2759 iniquitatis-
2034 2702 2248 2759 peccato,
2284 2711 2308 2735 >v
2348 2690 2399 2738 id

246 2779 340 2828 est,
366 2787 465 2817 non
496 2772 820 2836 praeparabitis
848 2789 906 2819 ea
940 2773 1261 2820 instrumenta
1291 2784 1537 2840 conceptae
1571 2776 1735 2823 animo
1764 2775 2042 2839 iniquitatis,
2069 2773 2119 2820 id
2142 2782 2236 2831 est,
2265 2770 2400 2819 malae

246 2851 666 2913 concupiscentiae,
706 2852 767 2900 ad
808 2863 1063 2917 peccatum
1101 2870 1248 2918 opere
1290 2854 1655 2920 complendum.
1695 2858 1830 2903 Tunc
1869 2864 2029 2902 autem
2075 2867 2399 2918 praeparamus

247 2929 466 2977 membra
495 2941 657 2979 nostra
692 2933 749 2979 ad
778 2934 955 2981 mala-m
978 2935 1425 2999 concupiscentiam
1451 2952 1555 2999 quae
1584 2936 1647 2984 ad
1679 2945 1841 2983 actum
1868 2934 2166 3001 perducitur,
2202 2930 2398 2996 quando

246 3009 397 3055 nimio
421 3009 531 3056 cibo
550 3011 625 3057 vel
649 3013 784 3075 potui
810 3013 1131 3077 indulgemus,
1159 3014 1291 3061 unde
1327 3015 1544 3064 lascivire
1581 3016 1718 3064 facile
1745 3032 1859 3063 caro
1889 3015 2057 3082 possit,
2093 3012 2167 3059 vel
2201 3009 2398 3075 quando

246 3090 584 3154 componimus
609 3108 696 3139 nos
721 3102 861 3158 atque
885 3094 1197 3156 adornamuS,
1225 3104 1278 3142 ut
1300 3096 1582 3145 mulieribus
1605 3097 1795 3163 placere
1815 3097 2077 3155 valeamus,
2106 3091 2182 3140 vel
2199 3090 2398 3157 quando

287 3277 294 3295 ¹
311 3275 420 3317 Rom„
437 3285 509 3318 cap.
528 3285 572 3317 vi,
596 3285 628 3311 v.
648 3277 677 3310 1.
