2638 3866
218 204 311 253 548
1017 201 1193 250 PETRI
1226 201 1543 250 ABAELARDI

215 305 342 352 sario
362 319 463 351 esse
488 304 641 368 ipsam
656 302 950 350 Trinitatem.
975 303 1143 350 Posset
1160 302 1343 368 quippe
1365 318 1467 349 esse
1491 311 1545 348 ut
1568 300 1701 350 nulla
1721 311 1935 350 creatura
1957 318 2186 366 umquam
2209 311 2346 363 esset,

216 402 328 432 cum
351 384 481 431 nulla
503 400 560 430 ex
583 382 860 430 necessitate
880 382 964 444 sit,
989 398 1045 429 ac
1054 398 1147 447 per
1168 382 1264 430 hoc
1291 398 1592 447 consequens
1613 381 1821 444 videtur,
1850 392 1904 429 ut
1920 382 2019 446 jam
2043 399 2133 430 nec
2155 382 2350 429 affectus

217 466 387 529 ipsius,
416 479 560 528 quem
587 461 811 510 videlicet
836 479 947 527 erga
972 473 1215 511 creaturas
1236 462 1401 520 habet,
1429 479 1485 510 ex
1516 463 1793 511 necessitate
1825 463 1907 523 sit,
1935 479 1991 510 ac
2020 479 2107 528 per
2126 462 2222 509 hoc
2249 463 2352 526 Spi-

215 546 332 591 ritus
365 545 466 608 ipse
499 560 556 590 ex
585 544 861 591 necessitate
892 560 993 591 non
1022 544 1099 603 sit,
1136 560 1281 608 quem
1315 543 1518 591 dicimus
1556 544 1714 609 ipsum
1744 542 1969 590 affectum
1998 543 2087 589 Dei
2121 556 2223 589 esse·
2253 541 2351 588 sive

214 640 448 671 amorem.
484 626 540 669 At
557 636 675 671 vero
705 624 743 670 si
765 640 981 671 amorem
1003 624 1094 671 Dei
1119 641 1220 672 non
1243 623 1402 672 solum
1431 640 1543 688 erga
1562 633 1818 682 creaturaS,
1849 640 2016 671 verum
2040 623 2182 670 etiam
2210 622 2353 668 unius

216 721 431 768 personae
462 720 576 768 erga
611 705 810 752 alteram
844 705 1154 770 accipiamus,
1184 715 1347 771 aperte
1378 705 1474 753 hoc
1509 705 1853 752 inconveniens
1879 705 2127 751 evitamus.
2164 705 2229 749 Ac
2261 701 2353 749 for-

214 795 337 832 tasse
358 801 471 832 cum
505 794 732 832 creaturae
763 785 876 850 ipsae
901 802 960 832 ex
995 785 1275 832 necessitate
1307 801 1405 832 non
1439 785 1551 846 sint,
1585 784 1682 831 hoc
1711 794 1782 831 est
1813 784 1999 849 possint
2027 783 2227 831 omnino
2251 797 2351 828 non

215 882 333 924 esse,
361 866 462 930 ipse
483 875 643 913 tamen
664 869 794 913 Deus
817 866 919 931 ipsa
940 882 1027 913 sua
1045 865 1292 914 voluntate
1317 865 1584 913 necessario
1606 874 1876 930 permanet,
1902 880 1991 911 nec
2010 872 2169 928 potest
2190 862 2351 926 aliquo

214 964 305 994 suo
326 946 461 994 bono
482 963 661 1009 carere,
694 964 780 1012 per
811 947 976 994 omnia
1010 946 1434 995 incommutabilis.
1477 945 1571 992 Sed
1605 944 1666 992 de
1700 945 1796 992 hoc
1826 944 2014 1010 plenius
2045 943 2351 991 tractandum

214 1027 357 1075 nobis
395 1027 709 1094 postmodum
750 1045 1078 1088 reservamus,
1113 1045 1225 1076 cum
1261 1026 1321 1075 de
1359 1026 1522 1074 divina
1553 1035 1791 1091 potestate
1822 1025 2110 1090 principale¹
2133 1023 2354 1071 tractanti

216 1125 266 1155 se
312 1107 541 1155 obtulerit
585 1109 852 1172 negotium.
904 1111 1101 1156 Donum
1146 1118 1307 1156 tamen
1346 1107 1498 1154 Patris
1544 1115 1782 1170 quantum
1817 1105 1880 1154 ad
1915 1106 2116 1165 Filium,
2160 1114 2205 1151 et
2250 1102 2355 1150 Filii

216 1198 451 1253 quantum
494 1187 556 1235 ad
597 1191 787 1235 Patrem
824 1205 1131 1254 nequaquam
1167 1187 1429 1237 dicendum
1460 1203 1562 1234 esse
1592 1186 1802 1234 arbitror
1835 1187 2084 1252 Spiritum,
2124 1186 2236 1249 quia
2268 1199 2353 1230 ne-

215 1285 457 1334 quaquam
479 1268 582 1316 dari
617 1270 661 1316 ei
691 1280 867 1334 potest,
893 1270 972 1317 cui
993 1269 1155 1317 abesse
1174 1285 1275 1317 non
1297 1277 1473 1334 potest,
1499 1267 1596 1315 hoc
1616 1277 1688 1315 est
1709 1268 1788 1315 cui
1810 1268 2079 1315 necessario
2106 1267 2245 1325 inest,
2273 1264 2354 1328 qui

214 1346 484 1394 necessario
507 1346 756 1411 utriusque
779 1357 849 1394 est
873 1347 1093 1413 Spiritus.

281 1431 388 1474 Non
425 1427 637 1474 alienum
667 1444 696 1474 a
731 1429 992 1492 quaestione
1030 1444 1168 1489 reor,
1207 1437 1372 1474 utrum
1407 1427 1508 1475 haec
1541 1428 1742 1475 nomina
1778 1426 2103 1493 personalium
2136 1431 2356 1494 proprie-

214 1517 384 1567 tatum,
424 1524 530 1572 quae
561 1509 611 1554 in
642 1510 746 1555 Deo
770 1518 897 1570 sunt,
935 1508 1197 1556 Paternitas
1228 1508 1423 1569 scilicet,
1462 1508 1673 1570 Filiatio,
1711 1509 1978 1566 Prooessio,
2017 1508 2078 1556 de
2106 1512 2209 1556 Deo
2238 1527 2358 1575 prae-

215 1588 365 1636 dicari
402 1589 592 1636 valeant
628 1589 750 1636 sicut
789 1598 837 1636 et
874 1599 1048 1636 cetera.
1076 1589 1140 1637 Ut
1177 1588 1400 1636 videlicet
1438 1587 1853 1653 quemadmodum
1889 1589 2079 1651 dicitur,
2125 1593 2253 1637 Deus
2289 1601 2360 1639 est

215 1669 607 1733 Omnipotentia,
647 1670 721 1716 vel
757 1670 1027 1734 Sapientia,
1057 1670 1156 1717 sive
1189 1670 1392 1731 Caritas,
1418 1670 1716 1734 Benignitas‚
1749 1669 1962 1730 Justitia,
2000 1671 2354 1729 Misericordia,

215 1749 396 1810 Pietas3
424 1749 491 1796 ita
516 1749 661 1796 etiam
685 1749 781 1796 dici
802 1749 960 1809 liceat,
983 1751 1112 1797 Deus
1139 1760 1209 1797 est
1233 1750 1495 1797 Paternitas
1516 1750 1594 1798 vel
1617 1751 1801 1798 Filiatio
1823 1751 1921 1798 sive
1944 1751 2207 1799 Processio.
2234 1751 2359 1799 Nihil

217 1829 395 1895 quippe
424 1829 473 1875 in
496 1831 600 1876 Deo
632 1846 734 1876 esse
757 1839 968 1888 constat,
1001 1829 1137 1894 quod
1170 1830 1271 1894 ipse
1302 1845 1402 1876 non
1429 1830 1514 1891 sit,
1547 1840 1598 1877 ut
1626 1830 1769 1894 longe
1802 1840 1914 1877 ante
1948 1831 2128 1896 praefati
2161 1848 2354 1893 sumus,

215 1927 330 1957 cum
350 1926 496 1957 omne
516 1910 651 1974 quod
670 1920 740 1958 est
761 1910 968 1972 bonum,
991 1911 1088 1958 hoc
1111 1927 1307 1958 omnem
1330 1920 1569 1970 naturam,
1598 1921 1680 1958 aut
1701 1921 1966 1958 creatorem
1989 1922 2071 1959 aut
2090 1923 2358 1960 creaturam

217 2008 318 2038 esse
350 2007 541 2038 necesse
572 1991 647 2037 sit.
683 1994 774 2038 Aut
798 1992 958 2056 itaque
985 1991 1072 2038 has
1094 1992 1410 2057 proprietates
1432 2007 1534 2038 non
1565 2008 1666 2039 esse
1696 2008 1771 2038 res
1791 1991 1973 2056 aliquas
1996 1992 2152 2040 bonas
2172 1994 2249 2041 vel
2273 2009 2359 2040 na—

216 2082 347 2118 turas
382 2070 624 2130 dicemus,
676 2080 758 2119 aut
789 2074 947 2118 Deum
980 2088 1062 2119 eas
1095 2089 1197 2119 esse
1241 2070 1594 2137 profitebimur,
1631 2088 1742 2118 cum
1785 2089 2054 2136 numquam
2097 2089 2176 2120 eas
2209 2074 2361 2120 creari

214 2161 429 2212 constet,
455 2168 561 2215 quae
593 2151 808 2217 incipere
842 2152 1115 2201 nullatenus
1149 2162 1434 2218 potuerunt,
1468 2151 1554 2199 sed
1583 2153 1777 2217 penitus
1799 2163 1986 2200 aeternae
2008 2163 2137 2201 sunt.
2171 2155 2233 2200 Ac
2265 2154 2361 2201 for-

215 2242 336 2280 tasse
358 2231 478 2280 nihil
500 2231 720 2297 impedit,
751 2233 790 2279 si
813 2233 1226 2297 quemadmodum
1253 2233 1657 2299 omnipotentiam
1678 2234 1764 2280 Dei
1795 2236 1952 2280 Deum
1977 2234 2361 2299 omnipotentem

215 2329 316 2360 esse
356 2313 604 2376 ponimus,
647 2313 761 2376 quia
800 2315 1090 2379 Sapientiam
1129 2315 1219 2362 Dei
1257 2314 1378 2361 nihil
1417 2313 1547 2362 aliud
1585 2331 1734 2379 quam
1767 2317 1924 2361 Deum
1957 2315 2221 2380 sapientem
2260 2331 2364 2362 esse

216 2392 550 2456 intelligimus,
578 2392 655 2440 vel
690 2394 1037 2456 Benignitatem
1067 2395 1241 2460 ipsius,
1272 2411 1416 2458 quam
1448 2395 1606 2459 ipsum
1630 2393 1925 2459 benignum3
1965 2395 2028 2442 ita
2062 2405 2110 2442 et
2139 2396 2358 2442 Paterni-

216 2483 364 2520 tatem
395 2474 484 2521 Dei
521 2475 678 2519 Deum
710 2476 898 2521 Patrem
936 2491 1038 2522 esse
1067 2474 1418 2534 concedamus;
1457 2484 1504 2521 et
1531 2474 1831 2522 Filiationem
1867 2475 2060 2534 Filium,
2092 2470 2145 2522 'et
2170 2479 2360 2522 Proces-

217 2554 405 2601 sionem
442 2552 818 2619 procedentem,
862 2554 913 2602 id
953 2564 1022 2602 est
1060 2555 1290 2620 Spiritum
1323 2564 1560 2602 sanctum.
1606 2555 1690 2600 His
1737 2564 1896 2602 tamen
1943 2554 2361 2603 enunciationibus

217 2650 457 2698 nusquam
487 2633 822 2681 auctoritatem
855 2637 1052 2682 Patrum
1082 2651 1220 2683 usam
1245 2634 1386 2682 fuisse
1409 2634 1742 2695 meminimus,
1769 2635 1893 2682 sicut
1915 2636 2227 2701 suprapositis
2250 2635 2357 2695 illis,

218 2714 303 2761 sed
335 2714 628 2778 ubicumque
674 2714 735 2762 de
785 2715 898 2780 ipsis
921 2725 1122 2779 egerunt
1149 2714 1546 2780 proprietatibus,
1576 2731 1656 2761 eas
1684 2724 1768 2763 aut
1792 2716 2110 2781 proprietates
2127 2752 2139 2776 ,
2178 2725 2262 2763 aut
2286 2731 2361 2762 re-

218 2793 420 2841 lationes
448 2796 741 2854 nominasse,
768 2794 947 2859 quibus
970 2812 1115 2843 nemo
1147 2811 1382 2860 umquam
1405 2794 1685 2842 nominibus
1717 2798 1873 2843 Deum
1898 2796 2224 2861 appellaverit.
2254 2798 2361 2842 Non

220 2883 289 2918 est
320 2874 481 2938 itaque
517 2875 864 2939 incongruum,
907 2885 959 2922 ut
989 2875 1403 2940 quemadmodum
1434 2877 1484 2923 in
1522 2876 1690 2923 ceteris
1725 2875 1869 2923 rebus
1904 2876 2157 2925 relationes
2194 2893 2221 2923 a
2255 2874 2363 2923 sub-

216 2953 353 3015 jectis
375 2955 469 3001 suis
495 2971 570 3001 res
593 2954 802 3003 diversas
825 2973 924 3002 non
949 2957 1194 3022 ponimUS,
1224 2972 1314 3004 nec
1337 2966 1500 3003 tamen
1523 2955 1634 3003 ideo
1665 2972 1834 3004 eorum
1858 2957 2060 3005 nomina
2082 2973 2169 3022 per
2192 2954 2363 3021 praedi-

221 3034 460 3080 cationem
492 3035 582 3082 sibi
614 3036 952 3100 conjungimus
993 3056 1003 3084 :
1043 3037 1109 3083 ita
1143 3037 1287 3084 etiam
1323 3037 1401 3085 hic
1436 3037 1774 3099 observemus,
1817 3047 1870 3084 ut
1899 3037 2121 3085 videlicet
2149 3035 2361 3083 Paterni·

222 3122 369 3161 tatem
399 3114 488 3160 Dei
510 3115 585 3162 vel
616 3115 897 3164 relationem
928 3115 1193 3181 quamlibet
1220 3116 1284 3165 ad
1307 3117 1502 3178 Filium,
1539 3117 1675 3165 nullo
1706 3117 1855 3164 modo
1888 3120 2043 3163 Deum
2076 3120 2264 3163 Patrem
2286 3113 2363 3161 vel

265 3299 270 3315 ¹
290 3296 341 3329 Sic
351 3297 424 3329 cod.
433 3295 557 3329 Turon.
565 3297 646 3330 Male
657 3299 689 3330 in
702 3299 798 3331 editis
809 3307 884 3331 cum
893 3298 933 3331 de
944 3298 1062 3331 divina
1075 3303 1238 3342 potestate
1245 3300 1488 3343 principaliter
1494 3300 1717 3342 processionis
1725 3300 1863 3332 modum
1879 3298 2075 3340 distinquit,
2092 3307 2170 3331 cum
2185 3298 2361 3332 tractanti.
