2638 3866
912 263 970 310 ΙΝ
1003 263 1331 311 EPlSTOLAM
1365 262 1446 311 AD
1479 262 1780 311 ROMANOS.
2324 258 2418 307 345

285 375 337 424 id
367 386 437 424 est
465 385 519 424 ut
542 393 626 442 per
655 392 732 424 me
754 377 1052 439 contingeret
1079 375 1213 441 quod
1240 393 1327 442 per
1351 377 1485 424 illum
1517 375 1858 442 prophetatum
1883 384 1952 422 est
1981 396 2003 420 a
2025 372 2085 422 de
2108 390 2167 422 eo
2185 411 2199 436 ,
2228 393 2250 419 »
2280 375 2328 423 id
2351 385 2421 423 est

283 456 492 518 Christo,
516 477 539 502 <t
556 456 824 506 videbunt»
841 455 1015 504 scilicet
1026 456 1356 521 intelligendo.
1368 456 1512 515 Quod
1524 457 1681 503 statim
1696 471 1942 520 exponens
1957 456 2044 503 ait:
2068 475 2092 501 «
2109 456 2277 521 thui,
2292 466 2383 504 etc.
2394 476 2417 500 »

288 538 529 603 «Propter
550 536 702 603 quod,
724 556 746 582 »
773 537 885 601 quia
902 535 1121 585 videlicet
1140 537 1201 584 ad
1222 546 1294 584 tot
1316 538 1506 602 penitus
1518 537 1709 601 ignaros
1723 535 2031 584 intendebam
2045 536 2416 585 convertendos.

290 636 313 660 α
337 616 655 683 Impediebar.
676 636 699 663 n
727 620 790 665 Ut
810 617 994 683 pseudo
1028 617 1358 682 apostolorum
1390 627 1664 664 commenta
1688 615 1910 664 excludat
1931 615 2194 664 dicentium
2214 633 2326 665 eum
2359 615 2421 664 ad

289 695 402 745 tales
419 697 495 745 vel
512 707 670 745 tantos
688 696 912 745 accedere
931 713 1029 745 non
1042 696 1237 757 audere,
1255 697 1322 744 eis
1339 697 1546 744 maxime
1563 695 1890 762 praesentibus,
1908 696 1983 743 vel
2006 707 2059 744 ut
2080 713 2130 745 se
2150 695 2423 745 rationabili

288 792 430 825 causa
463 786 674 839 excuset,
711 796 735 823 «
764 776 1061 843 plurimum»
1084 776 1217 836 dicit,
1249 776 1300 824 id
1318 787 1387 825 est
1412 777 1634 838 maxime,
1658 777 1771 837 quia
1790 785 1838 823 et
1855 776 1957 824 aliae
1976 777 2217 825 nonnullae
2241 788 2422 835 potue-

289 866 430 905 erunt
448 857 591 922 hujus
607 857 935 923 impedimenti
952 874 1055 905 esse
1070 874 1239 905 causae.
1279 860 1521 918 «Locum,
1547 876 1571 903 »
1597 857 1775 905 scilicet
1794 856 2086 922 praedicandi
2115 857 2190 905 vel
2230 874 2422 906 causam

287 939 513 987 morandi
536 940 762 988 omnibus
784 941 908 989 bene
927 939 1241 988 confirmatis.
1266 942 1497 1004 Origenes
1524 958 1535 987 ε
1565 961 1588 984 ι(
1613 939 1810 987 Videtur
1834 939 1929 987 hoc
1958 941 2006 986 in
2037 939 2216 987 Achaia
2240 941 2423 1005 positus

290 1019 448 1068 dicere
470 1020 600 1087 apud
624 1021 928 1070 Corinthum.
949 1039 973 1066 »
1000 1041 1022 1064 «
1040 1023 1092 1067 ln
1112 1021 1410 1087 Hispaniam.
1429 1043 1452 1066 1>
1480 1024 1532 1068 In
1561 1022 1762 1069 transitu
1796 1036 1845 1068 se
1869 1037 1952 1068 eos
1982 1020 2145 1068 videre
2169 1021 2421 1086 promittit,

291 1101 425 1165 quasi
447 1101 653 1150 innuens
675 1102 803 1167 apud
828 1119 909 1150 eos
933 1102 1016 1166 qui
1036 1101 1136 1165 jam
1159 1102 1379 1150 conversi
1405 1112 1539 1149 erant
1563 1118 1663 1149 non
1692 1101 1775 1149 diu
1799 1100 1889 1148 sibi
1910 1100 2274 1148 immorandum
2303 1118 2423 1161 esse,

289 1180 410 1229 sicut
426 1191 478 1228 ‘et
493 1182 542 1229 iu
562 1182 761 1230 exordio
780 1181 1001 1248 Epistolae
1018 1198 1102 1229 eos
1118 1181 1166 1228 in
1186 1181 1425 1246 aliquibus
1441 1181 1801 1230 confirmandos
1819 1181 1938 1229 dixit
1956 1181 2117 1246 potius
2138 1197 2284 1245 quam
2309 1198 2427 1228 con-

290 1261 576 1322 vertendos3
600 1261 738 1310 decet
747 1263 892 1311 etiam
911 1277 1205 1326 quemquam
1220 1261 1408 1310 bonum
1424 1263 1580 1310 virum
1598 1263 1759 1309 minus
1776 1263 2058 1327 promittere
2081 1278 2226 1326 quam
2251 1263 2425 1320 facere,

291 1349 339 1388 et
352 1340 471 1388 boni
485 1340 696 1390 doctoris
711 1353 846 1391 tanto
861 1343 1039 1407 gratior
1056 1357 1194 1389 mora
1208 1341 1275 1402 fit,
1299 1352 1347 1390 et
1360 1342 1565 1408 amplius
1578 1342 1893 1400 desideratur,
1912 1354 2095 1407 quanto
2115 1341 2311 1389 brevior
2324 1359 2429 1408 spe·

294 1430 443 1469 ratur.
470 1423 702 1471 Praevenit
736 1422 801 1471 ita
828 1424 951 1484 illos,
981 1432 1035 1470 ut
1062 1422 1111 1469 in
1143 1422 1351 1471 adventu
1375 1440 1464 1470 suo
1488 1440 1537 1470 se
1561 1433 1855 1489 praeparent,
1890 1432 1938 1470 et
1966 1422 2026 1470 de
2055 1422 2231 1487 quibus
2261 1423 2431 1470 instrui

290 1500 438 1549 velint
463 1502 772 1568 praevideant.
796 1506 1000 1569 «Spero.
1017 1521 1041 1547 »
1070 1502 1144 1549 Nil
1161 1502 1378 1551 videlicet
1391 1520 1447 1551 ex
1460 1504 1646 1569 meipso
1663 1502 1725 1550 de
1752 1519 1829 1550 me
1843 1519 2155 1569 praesumens,
2175 1502 2259 1551 sed
2276 1512 2431 1550 totum

294 1583 400 1628 Deo
418 1583 741 1631 committens.
773 1604 795 1627 α
814 1587 871 1630 Et
893 1600 920 1631 a
940 1581 1096 1631 vobis.
1118 1600 1140 1628 »ι
1166 1583 1281 1630 Vult
1302 1584 1431 1631 enim
1456 1601 1539 1631 eos
1566 1583 1766 1631 comites
1788 1583 1970 1630 itineris
2003 1583 2077 1630 sui
2105 1599 2224 1644 esse,
2254 1592 2359 1630 tum
2379 1593 2434 1630 ut

291 1663 575 1711 auctoritate
598 1666 928 1712 Romanorum
949 1674 1123 1712 caeterae
1142 1674 1306 1728 gentes
1329 1664 1510 1712 facilius
1531 1664 1754 1728 subjectae
1779 1672 2139 1724 convertantur,
2168 1673 2272 1710 tum
2290 1664 2432 1711 etiam

291 1751 346 1788 ut
385 1741 613 1791 adversus
648 1743 1081 1810 pseudoapostolos
1118 1753 1166 1791 et
1212 1744 1450 1807 quoslibet
1482 1745 1527 1792 ei
1562 1741 1871 1791 detrahentes
1904 1717 2294 1808 praehicationem
2335 1744 2434 1808 ejus

292 1837 439 1886 quam
467 1823 557 1888 ipsi
587 1824 826 1872 audierint
849 1825 1037 1872 valeant
1069 1825 1299 1883 attestari,
1327 1834 1374 1872 et
1396 1825 1463 1872 eis
1486 1824 1569 1872 diu
1598 1841 1764 1871 secum
1795 1824 1843 1871 in
1870 1823 2212 1890 praedicatione
2234 1824 2434 1871 circum-

292 1901 535 1965 euntibus,
569 1904 636 1951 sic
659 1903 825 1953 saltem
850 1915 1182 1970 recompenset
1204 1905 1338 1971 quod
1361 1906 1409 1952 in
1438 1905 1641 1953 transitu
1663 1921 1745 1953 eos
1766 1904 1954 1952 viderit.
1978 1908 2102 1952 Bene
2122 1904 2238 1951 dicit
2260 1904 2435 1952 deduci

291 1997 341 2029 se
368 1982 430 2030 ab
462 1982 568 2045 illis,
598 1986 734 2049 quasi
758 1994 915 2033 tutum
946 2002 998 2034 se
1032 1985 1291 2034 ostendens
1313 2002 1401 2051 per
1432 1984 1728 2034 'conductum
1753 2001 1924 2033 eorum
1953 1985 2038 2049 qui
2072 1986 2250 2032 caeteris
2284 1985 2436 2050 impe-

291 2072 415 2111 rant.
442 2065 499 2111 In
522 2081 621 2129 quo
645 2075 693 2112 et
716 2082 800 2114 eos
823 2066 883 2114 de
905 2083 1044 2115 mora
1071 2084 1157 2115 sua
1185 2066 1317 2132 apud
1349 2066 1454 2114 illos
1475 2066 1771 2128 consolatur,
1798 2066 1931 2131 quasi
1957 2066 2005 2112 in
2037 2082 2208 2112 eorum
2236 2065 2435 2112 arbitrio

291 2142 419 2191 hanc
438 2145 752 2193 constituens.
775 2166 798 2189 c<
817 2146 866 2193 Si
889 2146 1044 2194 vobis.
1065 2167 1088 2190 »
1114 2149 1320 2211 Haymo.
1345 2166 1366 2190 «
1386 2146 1497 2193 Frui
1518 2153 1588 2193 est
1605 2145 1787 2210 aliquid
1801 2162 1912 2192 cum
1932 2144 2248 2192 delectatione
2271 2145 2430 2209 possi-

292 2223 467 2285 sidere,
491 2224 566 2272 vel
590 2225 813 2291 amplecti
835 2237 881 2274 et
899 2227 1112 2275 videre.»
1132 2230 1189 2274 Et
1211 2225 1406 2275 attende
1427 2226 1560 2291 quod
1581 2242 1692 2273 cum
1711 2226 1908 2292 proprie
1925 2226 2013 2273 Dei
2033 2225 2126 2272 frui
2150 2226 2225 2285 sit,
2244 2234 2298 2273 ut
2320 2229 2435 2272 Bea-

290 2313 369 2350 tus
389 2304 609 2351 meminit
633 2296 941 2370 Augustinus,
969 2307 1048 2355 hic
1071 2324 1171 2355 non
1196 2307 1312 2354 dicit
1332 2307 1424 2354 frui
1440 2306 1734 2372 simpliciter,
1761 2306 1844 2352 sed
1869 2305 1961 2352 frui
1984 2322 2039 2352 ex
2064 2315 2217 2370 parte,
2245 2306 2368 2352 sicut
2391 2316 2438 2352 et

293 2383 356 2432 ad
389 2383 721 2433 Philomenem
753 2404 867 2435 cum
900 2388 1096 2449 diceret,
1136 2388 1308 2436 «fruar
1330 2398 1404 2448 te,
1426 2408 1449 2431 ι)
1476 2387 1691 2451 adjunxit
1716 2387 1876 2434 statim
1907 2406 1930 2431 «
1947 2386 1995 2432 in
2032 2386 2263 2433 Domino.
2284 2407 2306 2430 >›
2334 2389 2437 2433 Deo

293 2464 474 2530 quippe
487 2466 688 2514 omnino
704 2466 924 2527 fruimur,
943 2468 1062 2516 dum
1078 2467 1215 2516 illum
1234 2478 1430 2535 propter
1446 2485 1497 2515 se
1517 2477 1705 2515 tantum
1720 2467 1941 2514 obtinere
1954 2467 2193 2531 cupimus,
2214 2466 2438 2531 proximo

294 2560 409 2591 vero
429 2545 631 2593 fruimur
657 2563 715 2594 ex
733 2557 887 2612 parte,
914 2547 1035 2595 dum
1059 2549 1127 2596 sic
1156 2565 1269 2596 euin
1297 2557 1497 2614 propter
1528 2548 1782 2594 utilitatem
1815 2547 1963 2617 ipsius
1984 2563 2070 2611 per
2092 2562 2308 2593 amorem
2338 2562 2438 2593 am-

294 2624 565 2689 plectimur,
594 2636 646 2675 ut
666 2637 826 2676 tamen
849 2628 993 2693 hujus
1025 2629 1264 2676 fruitionis
1292 2628 1460 2688 finem,
1487 2628 1538 2675 id
1562 2637 1633 2675 est
1655 2627 1848 2674 finalem
1873 2636 1920 2674 et
1947 2642 2221 2690 supremam
2245 2642 2437 2674 causam

294 2704 344 2750 in
364 2707 468 2752 Deo
490 2723 745 2771 ponamus.
771 2709 948 2756 Partim
968 2710 1149 2775 quippe
1167 2710 1416 2774 proximus
1437 2708 1487 2755 in
1512 2723 1657 2755 causa
1680 2716 1767 2766 est,
1794 2706 1879 2753 sed
1902 2722 2043 2753 causa
2066 2708 2194 2753 Deus
2215 2721 2437 2771 suprema

295 2792 381 2831 est.
424 2787 493 2832 Ex
524 2797 660 2850 parte
694 2788 855 2853 itaque
891 2789 1095 2836 fruimur
1136 2788 1360 2854 proximo
1375 2823 1388 2844 ,
1428 2787 1512 2834 sed
1549 2803 1605 2833 ex
1642 2796 1745 2834 toto
1779 2786 1982 2833 fruimur
2015 2787 2119 2832 Deo
2134 2823 2146 2846 ,
2188 2789 2301 2850 quia
2334 2785 2437 2850 ipse

296 2863 532 2911 fruitionis
555 2882 650 2913 suae
675 2876 773 2915 tota
795 2876 865 2915 est
883 2884 1044 2927 causa,
1073 2868 1323 2933 proximus
1347 2882 1463 2912 vero
1487 2882 1587 2912 non
1611 2875 1713 2913 tota
1737 2882 1832 2912 suae
1855 2865 2108 2925 fruitioniS,
2136 2873 2188 2911 ut
2211 2863 2434 2927 diximus,

295 2959 439 2991 causa
470 2954 564 3004 est,
602 2962 714 2993 cum
744 2947 805 2994 sit
838 2948 1060 3013 superior
1091 2950 1246 3009 Deus,
1280 2963 1393 2994 cum
1422 2945 1646 2993 videlicet
1673 2945 1734 2992 de
1765 2945 1987 3011 proximo
2015 2960 2211 3008 quoque
2242 2955 2440 3012 propter

295 3025 452 3071 Deum
474 3025 757 3089 cogitemus.
786 3028 910 3075 Nota
930 3027 1065 3090 quod
1094 3026 1213 3075 dicit
1233 3046 1256 3072 α
1274 3025 1754 3092 proficisci-coepero,
1781 3043 1806 3069 »
1833 3024 1947 3089 quia
1969 3040 2081 3071 cum
2109 3023 2171 3071 ad
2197 3026 2439 3074 Romanos

298 3111 499 3166 propter
521 3102 652 3167 ipsos
677 3103 854 3165 veniat,
884 3121 986 3153 non
1006 3103 1096 3152 sibi
1110 3105 1314 3170 imputat
1327 3103 1569 3170 proficisci
1595 3102 1657 3150 ad
1670 3102 1970 3167 Hispaniam,
1991 3101 2083 3149 nisi
2107 3118 2218 3149 cum
2240 3103 2302 3150 ab
2324 3104 2438 3169 ipsis

296 3183 763 3248 recesserit‚quando
785 3184 1006 3257 videlicet
1026 3194 1223 3251 propter
1246 3185 1488 3250 Hispanos
1511 3192 1666 3230 totum
1690 3183 1856 3246 egerit.
1880 3186 1941 3230 Et
1956 3182 2151 3230 attende
2170 3183 2303 3246 quod
2324 3200 2433 3230 cum

298 3262 430 3324 dicit,
459 3283 482 3310 «
504 3266 543 3312 si
558 3266 697 3314 vobis
720 3268 952 3332 primum,
971 3287 995 3313 »
1022 3269 1198 3316 iterum
1218 3284 1391 3316 eorum
1416 3266 1803 3314 benevolentiam
1839 3274 2025 3330 captat,
2061 3265 2198 3329 quasi
2223 3281 2437 3312 necessa-

300 3341 423 3390 rium
459 3343 551 3394 sibi
582 3346 790 3410 judicet,
820 3365 912 3396 nec
936 3365 986 3396 se
1011 3348 1147 3397 aliter
1169 3348 1230 3396 de
1254 3347 1476 3413 Hispanis
1504 3347 1659 3394 facere
1689 3361 1855 3411 posse,
1883 3345 1974 3392 nisi
2007 3345 2137 3409 prius
2163 3361 2244 3392 eos
2263 3345 2433 3392 visitet.

457 3441 490 3467 11
2231 3429 2281 3466 44
