2638 3866
951 235 1295 286 THEOLOGlA
1330 237 1695 286 CHRISTlANA.
2300 239 2388 286 461

245 335 550 399 sacrificium,
588 336 684 383 hoc
709 346 780 384 est
814 337 1058 385 orationes
1087 347 1135 386 et
1165 338 1410 403 lacrymae3
1439 339 1576 403 cujus
1598 337 1819 388 videlicet
1853 356 1946 389 arae
1975 350 2020 388 et
2054 340 2231 388 Statius
2257 341 2306 388 in
2332 358 2398 388 κη

247 416 496 478 meminit,
535 416 721 464 dicens¹
748 435 760 464 ε

574 558 694 601 Urbe
718 556 799 599 fuit
817 556 961 600 media
983 557 1088 600 nulli
1111 574 1311 602 concessa
1331 571 1559 619 potentum

576 627 664 669 Ara
686 626 853 681 Deum;
879 626 994 668 mitis
1017 628 1160 686 posuit
1182 628 1418 672 Clementia
1442 629 1606 681 sedem,
1632 639 1716 672 etc.

246 769 375 828 Quid
411 767 474 817 ad
498 768 601 816 haec
632 769 909 834 responsuri
940 778 1052 816 sunt
1078 770 1372 835 professores
1408 771 1693 831 dialecticae,
1723 772 1763 818 si
1800 770 1920 818 illud
1952 772 2136 819 ratione
2161 783 2403 820 conantur

244 849 500 907 discutere,
526 848 662 914 quod
690 849 917 915 piaecipui
952 848 1177 897 doctores
1205 866 1376 898 eorum
1406 851 1663 917 perhibent
1699 852 1926 917 explicari
1959 867 2060 898 non
2092 852 2269 916 posse?
2296 855 2399 901 lrri-

245 929 432 978 debunt
468 930 692 978 doctores
729 947 870 992 suos,
911 929 1025 994 quia
1055 930 1336 996 inspiratam
1373 931 1463 978 sibi
1495 948 1523 979 a
1554 934 1659 979 Deo
1687 932 1936 980 veritatem
1973 948 2074 979 non
2107 941 2355 979 tacuerunt
2382 952 2397 980 :

246 1027 393 1076 quam
428 1021 593 1059 tamen
629 1011 822 1077 ipsimet
851 1011 1047 1059 edisseri
1079 1029 1181 1058 non
1216 1028 1358 1077 posse
1394 1012 1702 1078 profitentur,
1746 1023 1794 1061 et
1827 1023 1962 1062 tanto
1997 1012 2047 1059 id
2080 1013 2401 1061 venerabilius

245 1091 535 1154 habuerunt,
566 1102 750 1158 quanto
770 1092 978 1158 amplius
998 1092 1159 1158 ipsum
1182 1109 1381 1140 omnem
1411 1093 1635 1140 humanae
1668 1093 1989 1158 intelligentiae
2011 1104 2264 1159 exsuperat
2292 1111 2399 1141 sen-

246 1189 372 1220 sum.
405 1176 512 1221 Non
542 1172 758 1239 pudebat
791 1190 874 1220 eos
897 1173 1114 1239 profiteri
1146 1189 1196 1220 se
1218 1174 1371 1222 multa
1402 1174 1569 1222 audire
1598 1174 1674 1221 vel
1697 1175 1842 1221 etiam
1872 1173 2050 1235 dicere,
2080 1183 2127 1221 et
2149 1191 2262 1222 vera
2285 1192 2400 1239 pro-

246 1242 395 1314 fiteri,
430 1270 535 1318 quae
566 1270 668 1301 non
700 1254 974 1301 sufficerent
1013 1253 1276 1316 disserere3
1320 1256 1403 1319 qui
1439 1256 1582 1303 etiam
1618 1255 1742 1303 adeo
1766 1254 2057 1302 obscuritate
2093 1255 2398 1320 aenigmatum

244 1333 537 1397 gaudebant,
561 1334 685 1382 sicut
706 1351 850 1400 supra
870 1334 1195 1394 meminimus,
1220 1344 1273 1382 ut
1296 1335 1345 1382 in
1366 1335 1442 1383 his
1463 1352 1662 1399 quoque
1681 1352 1786 1400 quae
1807 1334 1944 1382 facile
1967 1345 2163 1400 possent
2182 1335 2394 1396 edisseri,

245 1412 413 1461 litterae
453 1414 673 1462 velamen
709 1414 1037 1474 obducerent,
1076 1431 1138 1462 ne
1176 1414 1354 1462 scilicet
1395 1415 1528 1463 nuda
1562 1416 1638 1463 vel
1673 1425 1838 1481 aperta
1874 1416 2048 1464 veritas
2085 1432 2141 1462 ex
2177 1415 2402 1463 facilitate

245 1494 566 1559 intelligentiae
602 1505 1010 1543 contemneretur.
1039 1495 1180 1543 Unde
1217 1505 1264 1542 et
1300 1495 1611 1558 Macrobius’,
1639 1496 1690 1543 in
1715 1506 2053 1561 argumentum
2088 1496 2398 1560 mysticarum

244 1573 551 1622 locutionum
587 1575 994 1641 philosophorum
1037 1575 1156 1623 illud
1203 1577 1459 1623 assumsit:
1504 1575 1758 1640 quomodo
1810 1577 2050 1623 Numenio
2099 1575 2398 1641 philosopho

246 1655 366 1703 irata
396 1672 483 1721 per
517 1657 763 1704 somnium
797 1657 1108 1723 apparuerint
1140 1657 1359 1715 numina,
1387 1657 1595 1722 ipsaeque
1626 1656 1858 1703 Eleusinae
1889 1656 1990 1703 deae
2019 1657 2068 1702 in
2094 1655 2265 1703 habitu
2297 1673 2400 1703 me-

247 1736 437 1783 retricio
455 1737 567 1784 visae
592 1738 688 1785 sint
714 1738 758 1785 ei
781 1748 891 1784 ante
915 1738 1120 1803 lupanar
1142 1737 1420 1797 consistere,
1447 1746 1494 1783 et
1516 1745 1774 1801 querentes
1797 1735 1859 1783 ab
1882 1736 1987 1801 ipso
2013 1753 2063 1783 se
2087 1736 2234 1799 adyto
2259 1736 2399 1801 pudi-

246 1816 365 1863 citiae
388 1833 476 1882 per
501 1834 613 1864 eum
637 1818 686 1864 vi
708 1817 851 1864 fuisse
873 1818 1154 1875 abstractas,
1190 1833 1249 1864 eo
1276 1816 1501 1864 videlicet
1527 1817 1662 1881 quod
1688 1816 1748 1864 de
1779 1817 1847 1864 eis
1872 1816 1951 1864 ille
1973 1827 2139 1882 aperta
2168 1817 2227 1863 sit
2254 1817 2402 1864 inter-

245 1905 459 1962 pretatus
488 1898 813 1963 expositione,
841 1907 888 1944 et
916 1914 1019 1944 non
1043 1897 1167 1944 sicut
1191 1895 1271 1944 alii
1294 1896 1355 1944 de
1385 1897 1453 1944 eis
1486 1897 1685 1962 mystice
1719 1907 1766 1944 et
1795 1896 2011 1944 involute
2043 1898 2102 1943 sit
2124 1898 2330 1944 locutus.
2357 1900 2401 1944 Ο

241 1976 427 2025 utinam
450 1977 525 2025 vel
549 1994 636 2043 per
668 1978 915 2025 somnium
939 1986 986 2024 et
1007 1978 1102 2039 isti,
1129 1977 1212 2041 qui
1238 1994 1288 2024 se
1314 1976 1633 2043 philosophos
1659 1976 1966 2042 profitentur,
2001 1993 2029 2023 a
2052 1978 2402 2042 praesumtione

245 2072 334 2105 sua
355 2067 800 2123 compescerentur,
826 2068 879 2105 ut
899 2058 1001 2106 veri
1026 2067 1074 2105 et
1099 2058 1276 2105 summi
1302 2058 1519 2105 numinis
1544 2056 2082 2122 incomprehensibilem
2107 2058 2402 2119 majestatem

246 2153 347 2185 esse
381 2155 483 2185 non
515 2149 765 2202 negarent,
802 2139 894 2186 nisi
924 2155 1032 2186 eam
1067 2147 1233 2202 aperte
1270 2137 1444 2185 discuti
1481 2136 1761 2185 audirent⁸l
1791 2136 1886 2184 Sed
1918 2137 2115 2184 fortasse
2147 2137 2396 2201 inquiunt,

246 2217 366 2282 quid
399 2235 508 2265 eam
543 2219 794 2267 veritatem
826 2218 923 2266 dici
954 2218 1123 2265 attinet
1160 2217 1222 2264 ab
1254 2217 1435 2282 aliquo,
1471 2234 1620 2282 quam
1649 2217 1751 2282 ipse
1778 2233 1878 2263 non
1903 2217 2030 2263 valet
2061 2215 2317 2281 explicare,
2347 2226 2403 2263 ut

247 2297 445 2361 intelligi
475 2299 654 2363 possit?
679 2299 882 2346 Multum
911 2297 1139 2363 equidem
1173 2297 1465 2363 respondeo.
1503 2300 1627 2344 Cum
1661 2297 1792 2344 enim
1817 2297 2012 2345 auditur
2040 2296 2101 2344 de
2132 2299 2236 2344 Deo
2265 2296 2399 2361 quod

247 2393 348 2424 non
372 2377 669 2442 intelligitur,
698 2379 871 2426 excitat
889 2378 1161 2426 auditorem
1188 2378 1251 2425 ad
1282 2378 1675 2441 inquisitionem3
1705 2376 1839 2441 quod
1863 2393 1954 2423 nec
1978 2377 2130 2435 fieret,
2156 2377 2248 2423 nisi
2271 2377 2396 2423 audi·

247 2467 395 2505 retur.
429 2459 680 2524 Inquisitio
717 2476 833 2507 vero
867 2458 1004 2506 facile
1036 2458 1400 2523 intelligentiam
1432 2458 1576 2523 parit,
1606 2459 1644 2504 si
1674 2456 1871 2504 devotio
1902 2456 2041 2504 adsit.
2069 2458 2157 2504 Cui
2189 2474 2239 2504 se
2274 2460 2402 2503 Deus

249 2537 463 2586 revelare
498 2538 744 2604 dignatur,
783 2549 832 2587 et
865 2556 988 2605 saepe
1020 2538 1156 2602 quod
1189 2538 1353 2586 divina
1388 2538 1701 2603 inspiratione
1737 2537 1936 2598 dicitur,
1973 2537 2048 2584 vel
2082 2537 2246 2584 divina
2283 2553 2403 2601 ope-

247 2619 434 2666 ratione
469 2620 665 2684 geritur,
703 2637 806 2667 non
839 2620 900 2666 ad
925 2636 1048 2685 opus
1081 2635 1251 2666 eorum
1286 2618 1354 2679 fit,
1394 2635 1482 2683 per
1511 2635 1635 2683 quos
1666 2618 1839 2681 agitur,
1877 2617 1962 2664 sed
1994 2617 2056 2664 ad
2087 2616 2402 2663 commodum

247 2697 455 2746 aliorum
486 2699 771 2761 intenditur,
804 2700 927 2747 sicut
958 2699 1019 2746 de
1043 2698 1285 2746 miraculis
1316 2713 1463 2762 supra
1498 2698 1824 2745 meminimus.
1862 2697 1974 2743 Aliis
2008 2697 2169 2760 itaque
2207 2695 2400 2743 dicendi

311 2875 326 2891 ⁸
346 2867 578 2927 Gregorius
599 2867 643 2908 in
668 2866 916 2909 Ριιεΐοναῖι·Ι
946 2883 956 2909 z
983 2887 999 2903 «
1019 2867 1128 2909 Sunt
1141 2864 1341 2908 nonnulli
1363 2865 1454 2924 qui,
1481 2864 1586 2907 dum
1610 2864 1808 2907 aestimari
1830 2864 2005 2907 hebetes
2028 2863 2198 2918 nolunt,
2221 2878 2334 2923 saepe
2358 2864 2404 2905 in

250 2932 510 2990 quibusdam
522 2931 868 2990 inquisitionibus
876 2931 1104 2990 plusquam
1119 2945 1290 2973 necesse
1302 2941 1364 2973 est
1378 2945 1422 2973 se
1438 2941 1686 2974 exercentes
1699 2945 1752 2972 ex
1760 2929 1892 2972 nimia
1902 2929 2134 2972 subtilitate
2143 2929 2362 2972 falluntur.
2380 2950 2398 2966 »

249 2997 381 3041 Unde
408 2998 480 3040 hic
511 3013 682 3056 quoque
711 2997 924 3039 subditur.
945 2996 1025 3039 Vel
1048 2995 1233 3055 «grandi
1254 2995 1324 3038 vel
1354 3006 1470 3038 torto
1501 3012 1621 3039 naso.
1644 3016 1661 3033 υ
1689 2995 1828 3038 Nasus
1860 2996 1976 3038 enim
1998 2995 2171 3055 grandis
2202 3005 2245 3038 et
2266 3005 2403 3037 tortus

251 3074 315 3106 est
345 3062 611 3106 discretionis
642 3062 852 3105 subtilitas
881 3061 1166 3104 immoderata
1192 3076 1203 3104 ι
1229 3077 1325 3120 quae
1358 3061 1463 3104 dum
1494 3061 1589 3121 plus
1617 3076 1747 3121 quam
1779 3060 1905 3104 decet
1935 3061 2188 3116 excreverit,
2224 3061 2403 3103 actionis

252 3143 339 3171 suae
361 3128 663 3171 rectitudinem
686 3129 777 3187 ipsa
797 3126 1040 3170 confundit.

303 3332 483 3366 'Thebaid.
495 3359 503 3374 ,
520 3334 579 3367 lib.
597 3332 673 3375 xn,
691 3342 720 3366 v.
738 3333 796 3367 481
820 3337 853 3366 et
870 3333 946 3367 482.
961 3348 1001 3356 —
1024 3332 1036 3351 ²
1051 3332 1094 3364 In
1110 3331 1224 3365 Somn.
1245 3331 1436 3373 Scipionis,
1454 3332 1511 3364 lib.
1529 3332 1563 3373 1,
1581 3341 1654 3373 cap.
1674 3341 1709 3366 ιι.
1727 3350 1769 3356 -
1783 3333 1795 3353 ⁸
1811 3333 1905 3366 Part.
1919 3356 1929 3374 ‚
1948 3332 1983 3366 P.
2001 3332 2031 3375 1,
2051 3342 2123 3373 cap.
2142 3341 2188 3365 xi.
