2638 3866
866 255 924 307 IN
958 256 1290 308 EPlSTOLAM
1323 256 1405 305 AD
1443 254 1750 306 ROMANOS.
2291 262 2385 310 725

241 357 547 408 mortificatio
586 353 883 422 intelligitur.
927 360 977 406 Si
1020 361 1148 408 enim
1193 370 1414 409 nostrum
1452 360 1649 408 inser-ius
1697 358 2146 408 mortificaverimus
2163 398 2175 422 ,
2222 371 2387 410 nostra

239 438 382 488 nobis
415 437 748 488 subtrahendo
781 448 831 486 et
860 440 1154 505 pauperibus
1185 441 1375 503 dando,
1414 440 1708 506 jejunando,
1747 440 2012 505 vigilando,
2053 441 2264 502 orando,
2303 459 2389 508 per

238 520 367 568 hanc
398 519 748 568 concavitatem
771 519 1043 584 jucundum
1069 537 1245 569 sonum
1274 531 1322 570 et
1347 521 1628 570 delectabile
1661 524 1764 569 Deo
1787 522 2074 587 obsequium
2107 522 2382 571 reddemus.

243 604 332 649 Per
365 600 880 667 Psalteriumfspiritus
909 600 1165 650 vivificatio
1202 602 1497 667 intelligitur.
1533 603 1664 650 Sicut
1697 603 1826 650 enim
1863 603 2139 668 psalterium
2172 620 2262 669 per
2292 603 2387 651 hoc

240 680 378 746 quod
398 682 616 747 superius
647 690 717 729 est
745 697 1034 743 concavum,
1067 691 1112 730 et
1136 699 1222 747 per
1243 683 1372 731 hanc
1392 683 1561 732 decem
1594 683 1856 731 cordarum
1884 701 2029 750 super
2060 685 2387 732 extensionem

235 761 509 825 =iucundum
534 778 709 809 sonum
732 760 909 824 reddit,
935 761 1001 809 ita
1025 771 1073 810 et
1098 772 1262 810 noster
1284 764 1494 829 spiritus,
1522 780 1609 830 per
1630 763 1727 811 hoc
1761 764 1895 828 quod
1917 765 2008 812 sibi
2039 764 2180 812 datur
2202 782 2229 813 a
2252 781 2389 831 supe-

241 840 468 904 rioribus,
496 841 547 890 id
566 851 638 890 est
658 858 746 909 per
763 841 894 891 dona
915 842 1108 908 spiritus
1126 844 1296 905 sancti,
1324 854 1371 892 et
1389 860 1475 910 per
1494 844 1825 892 executionem
1849 844 2015 892 decem
2040 855 2387 911 praeceptorum

241 921 375 987 legis,
400 922 676 987 jucundum
699 940 894 984 sonum,
922 923 971 971 id
996 933 1092 986 est,
1118 923 1452 972 delectabilem
1475 926 1807 991 operationem
1832 925 2006 973 reddit.
2039 929 2098 973 Et
2120 927 2240 973 sicut
2263 925 2389 992 psal-

242 1003 416 1051 terium
439 1019 468 1051 a
489 1004 725 1070 superiori
750 1005 1050 1054 concavitate
1081 1015 1302 1068 resonat,
1330 1006 1393 1053 ita
1424 1006 1521 1054 hoc
1544 1023 1667 1072 opus
1698 1023 1725 1054 a
1751 1005 2080 1073 superioribus
2112 1016 2207 1068 est,
2240 1006 2289 1054 id
2320 1015 2390 1054 est

242 1083 304 1132 de
326 1084 582 1133 celestibus
604 1095 801 1146 tractat3
827 1096 1129 1153 quapropter
1154 1087 1436 1135 Psalterium
1458 1097 1679 1136 vocatur.

309 1249 528 1294 PsALMUs
559 1263 614 1295 11.
651 1247 866 1296 Psalmus
888 1249 973 1296 iste
1003 1248 1174 1297 David.
1207 1248 1422 1297 Psalmus
1444 1249 1600 1297 David
1622 1250 1922 1298 intitulatur:
1954 1269 1977 1294 α
2004 1253 2165 1308 Quare
2189 1250 2390 1297 fremue-

242 1337 356 1375 runt
378 1337 542 1392 gentes
569 1349 592 1372 »
619 1329 701 1394 qui
723 1345 836 1376 cum
858 1329 996 1377 titulo
1024 1339 1072 1377 et
1103 1331 1372 1378 intentione
1395 1347 1422 1378 a
1458 1331 1692 1396 superiori
1721 1330 1907 1396 psalmo
1933 1330 2113 1378 divisus
2136 1347 2237 1378 esse
2260 1346 2393 1378 com-

241 1407 495 1473 probatur,
519 1410 742 1475 quamvis
762 1411 811 1457 in
831 1410 1030 1458 Actibus
1052 1411 1393 1476 Apostolorum
1413 1411 1613 1477 quidam
1634 1428 1797 1459 versus
1816 1412 1948 1459 istius
1967 1410 2138 1477 psalmi
2158 1410 2218 1458 de
2235 1411 2393 1476 primo

243 1505 346 1537 esse
367 1489 554 1555 psalmo
572 1490 811 1539 dicantur.
838 1491 930 1539 Sed
955 1508 1068 1539 cum
1096 1492 1184 1540 iste
1213 1493 1399 1558 primus
1427 1493 1486 1540 sit
1509 1502 1744 1558 quantum
1775 1492 1838 1541 ad
1867 1493 2075 1549 titulum,
2101 1491 2221 1539 nihil
2244 1492 2395 1556 impe-

244 1569 447 1617 dimenti
470 1571 638 1618 oritur.
661 1573 852 1620 Divisus
869 1572 1067 1638 quidem
1089 1582 1160 1621 est
1181 1573 1244 1622 ab
1268 1573 1350 1621 illo
1373 1574 1659 1636 intentione,
1686 1574 1799 1638 quia
1822 1590 1935 1621 cum
1957 1572 2025 1620 ibi
2045 1583 2167 1620 esset
2190 1572 2395 1620 intentio

243 1665 335 1697 nos
366 1666 395 1698 a
428 1651 603 1716 triplici
634 1663 792 1700 morte
824 1654 996 1702 animae
1030 1670 1283 1716 revocare,
1334 1664 1383 1701 et
1412 1671 1503 1702 nos
1541 1655 1778 1702 instruere
1814 1663 1892 1713 ut,
1939 1654 2063 1700 sicut
2100 1653 2397 1719 portavimus

244 1731 503 1796 imaginem
529 1734 672 1798 primi
696 1734 934 1796 hominis,
958 1736 1026 1783 ita
1049 1745 1298 1802 portemus
1321 1735 1581 1800 imaginem
1607 1735 1833 1795 secundi,
1859 1734 1940 1782 hic
1973 1744 2044 1782 est
2069 1734 2276 1781 intentio
2307 1750 2397 1780 nos

245 1827 463 1872 monere,
498 1823 573 1876 ut,
607 1815 829 1880 exemplo
864 1816 1032 1881 capitis
1054 1817 1226 1878 nostri,
1267 1815 1318 1863 id
1345 1825 1416 1863 est
1438 1816 1641 1875 Christi,
1677 1817 1824 1864 simus
1857 1815 2228 1881 compatientes,
2265 1825 2311 1862 et
2330 1815 2396 1861 sic

245 1904 615 1960 conregnantes.
642 1897 867 1945 Diversus
885 1906 957 1945 est
980 1896 1120 1945 titulo
1138 1915 1152 1960 3
1178 1897 1260 1945 hic
1282 1898 1413 1946 enim
1436 1898 1620 1961 titulus,
1650 1897 1716 1946 ibi
1740 1896 1984 1945 nulluS....

606 2426 1004 2487 EXPOSITIO
1051 2426 1291 2486 SUPER
1336 2425 1746 2486 EPISTOLAS
1791 2424 2043 2486 PAULI.

923 2613 983 2659 IN
1004 2612 1311 2658 EPISTOLAM
1341 2612 1416 2658 An
1448 2611 1723 2659 ROMANOS.

316 2784 434 2830 CAP.
461 2800 495 2830 1.
523 2785 722 2830 Initium
740 2783 884 2832 deest.
914 2788 1082 2832 Factus
1110 2794 1158 2832 et
1178 2783 1539 2850 praedestinatus
1563 2782 1739 2830 dicitur
1774 2781 2041 2830 secundum
2070 2779 2205 2846 quod
2245 2779 2397 2828 homo

251 2862 377 2910 filius
410 2863 496 2910 Dei
528 2864 577 2911 in
611 2865 803 2926 virtute,
833 2865 1100 2913 secundum
1123 2864 1258 2930 quod
1280 2868 1427 2912 Deus.
1461 2862 1740 2912 Notandum
1773 2878 1999 2927 magnam
2035 2878 2136 2909 esse
2171 2861 2400 2908 unionem

252 2944 500 3008 utriusque
521 2953 719 3006 naturae,
741 2946 974 3010 quoniam
1000 2956 1046 2993 et
1064 2948 1194 2993 Deus
1218 2945 1393 2993 dicitur
1413 2945 1567 2993 homo
1588 2954 1635 2992 et
1657 2944 1809 2992 factus
1831 2953 1877 2991 et
1900 2958 2068 3009 passus
2092 2952 2139 2989 et
2162 2951 2399 3000 mortuus,

252 3035 299 3072 et
325 3024 478 3072 homo
502 3024 678 3072 dicitur
702 3028 859 3088 Deus,
894 3043 995 3074 non
1036 3026 1172 3092 quod
1195 3025 1420 3074 divinitas
1443 3027 1493 3074 in
1525 3025 1876 3073 humanitatem
1892 3064 1904 3086 ,
1941 3023 2014 3072 vel
2049 3022 2326 3070 humanitas
2351 3022 2398 3068 in

252 3106 553 3154 divinitatem
575 3107 634 3154 sit
664 3123 916 3155 conversa.
961 3106 1105 3156 Aliter
1137 3106 1313 3155 dicitur
1343 3106 1666 3174 providentia,
1694 3105 1829 3153 aliter
1862 3103 2235 3171 praedestinatio.
2272 3105 2401 3150 Deus

254 3185 388 3233 dedit
411 3186 600 3234 homini
620 3187 829 3235 liberum
859 3187 1110 3236 arbitrium
1134 3175 1220 3254 per
1239 3204 1289 3236 se
1319 3197 1493 3254 potens
1528 3187 1590 3235 ad
1628 3185 1837 3246 malum,
1866 3202 1952 3251 per
1989 3183 2270 3249 adjutricem
2294 3199 2399 3247 gra-

254 3266 370 3313 tiam
403 3267 491 3314 Dei
524 3266 585 3315 ad
620 3267 823 3317 bonum.
853 3268 949 3317 Illis
979 3285 1093 3333 ergo
1117 3285 1239 3334 quos
1264 3268 1446 3333 judicat
1469 3267 1627 3333 gratiae
1650 3283 1747 3315 suae
1769 3265 2057 3325 adhesuros,
2090 3265 2289 3329 gratiam
2320 3262 2400 3309 tri-

256 3345 387 3409 buit,
419 3347 511 3395 illis
532 3366 649 3397 vero
671 3367 794 3415 quos
828 3350 959 3399 videt
990 3367 1089 3398 non
1116 3348 1400 3412 adhesuros,
1429 3366 1536 3397 eam
1567 3366 1668 3397 non
1704 3346 1888 3395 tribuit.
1925 3348 2021 3393 Nec
2049 3344 2250 3393 attendit
2274 3346 2400 3391 Deus
