<?xml version="1.0" encoding="UTF-8"?>
<!DOCTYPE html PUBLIC "-//W3C//DTD XHTML 1.0 Transitional//EN"
    "http://www.w3.org/TR/xhtml1/DTD/xhtml1-transitional.dtd">
<html xmlns="http://www.w3.org/1999/xhtml" xml:lang="en" lang="en">
 <head>
  <title>
</title>
<meta http-equiv="Content-Type" content="text/html;charset=utf-8" />
  <meta name='ocr-system' content='tesseract 3.04.00' />
  <meta name='ocr-capabilities' content='ocr_page ocr_carea ocr_par ocr_line ocrx_word'/>
</head>
<body>
  <div class='ocr_page' id='page_1' title='image "./operahactenusseo00abeluoft_0689.png"; bbox 0 0 2638 3866; ppageno 0'>
   <div class='ocr_carea' id='block_1_1' title="bbox 1144 265 2369 313">
    <p class='ocr_par' dir='ltr' id='par_1_1' title="bbox 1144 265 2369 313">
     <span class='ocr_line' id='line_1_1' title="bbox 1144 265 2369 313; baseline -0.001 0"><span class='ocrx_word' id='word_1_1' title='bbox 1144 265 1455 313; x_wconf 83' lang='lat' dir='ltr'><strong>DIALOGUS.</strong></span> <span class='ocrx_word' id='word_1_2' title='bbox 2273 265 2369 313; x_wconf 79' lang='lat'><strong>679</strong></span> 
     </span>
    </p>
   </div>
   <div class='ocr_carea' id='block_1_2' title="bbox 228 363 2371 494">
    <p class='ocr_par' dir='ltr' id='par_1_2' title="bbox 228 363 2371 494">
     <span class='ocr_line' id='line_1_2' title="bbox 229 363 2371 435; baseline 0.003 -23"><span class='ocrx_word' id='word_1_3' title='bbox 229 380 374 429; x_wconf 89' lang='lat' dir='ltr'><strong>quam</strong></span> <span class='ocrx_word' id='word_1_4' title='bbox 407 363 570 411; x_wconf 87' lang='lat' dir='ltr'><strong>merita</strong></span> <span class='ocrx_word' id='word_1_5' title='bbox 597 373 705 411; x_wconf 90' lang='lat' dir='ltr'><strong>sunt</strong></span> <span class='ocrx_word' id='word_1_6' title='bbox 739 363 943 426; x_wconf 89' lang='lat' dir='ltr'><strong>diversa,</strong></span> <span class='ocrx_word' id='word_1_7' title='bbox 973 376 1020 414; x_wconf 88' lang='lat' dir='ltr'><strong>et</strong></span> <span class='ocrx_word' id='word_1_8' title='bbox 1048 366 1109 415; x_wconf 92' lang='lat' dir='ltr'><strong>de</strong></span> <span class='ocrx_word' id='word_1_9' title='bbox 1127 368 1232 434; x_wconf 89' lang='lat' dir='ltr'><strong>ipso</strong></span> <span class='ocrx_word' id='word_1_10' title='bbox 1252 386 1447 435; x_wconf 90' lang='lat' dir='ltr'><strong>quoque</strong></span> <span class='ocrx_word' id='word_1_11' title='bbox 1468 387 1660 418; x_wconf 90' lang='lat' dir='ltr'><strong>summo</strong></span> <span class='ocrx_word' id='word_1_12' title='bbox 1686 369 1820 418; x_wconf 89' lang='lat' dir='ltr'><strong>bono</strong></span> <span class='ocrx_word' id='word_1_13' title='bbox 1845 386 1945 418; x_wconf 89' lang='lat' dir='ltr'><strong>non</strong></span> <span class='ocrx_word' id='word_1_14' title='bbox 1974 369 2164 420; x_wconf 89' lang='lat' dir='ltr'><strong>modice</strong></span> <span class='ocrx_word' id='word_1_15' title='bbox 2187 370 2371 419; x_wconf 89' lang='lat' dir='ltr'><strong>dissen-</strong></span> 
     </span>
     <span class='ocr_line' id='line_1_3' title="bbox 228 456 387 494; baseline 0 -2"><span class='ocrx_word' id='word_1_16' title='bbox 228 456 387 494; x_wconf 82' lang='lat' dir='ltr'><strong>umus.</strong></span> 
     </span>
    </p>
   </div>
   <div class='ocr_carea' id='block_1_3' title="bbox 228 524 2382 3402">
    <p class='ocr_par' dir='ltr' id='par_1_3' title="bbox 265 524 1282 594">
     <span class='ocr_line' id='line_1_4' title="bbox 265 524 1282 594; baseline 0.004 -21"><span class='ocrx_word' id='word_1_17' title='bbox 265 582 271 586; x_wconf 25' lang='lat'>¹</span> <span class='ocrx_word' id='word_1_18' title='bbox 295 529 484 574; x_wconf 65' lang='lat' dir='ltr'><strong>Pntros.</strong></span> <span class='ocrx_word' id='word_1_19' title='bbox 512 524 563 572; x_wconf 83' lang='lat' dir='ltr'><strong>Id</strong></span> <span class='ocrx_word' id='word_1_20' title='bbox 589 524 812 583; x_wconf 77' lang='lat' dir='ltr'><strong>obsecre,</strong></span> <span class='ocrx_word' id='word_1_21' title='bbox 841 526 879 573; x_wconf 90' lang='lat' dir='ltr'><strong>si</strong></span> <span class='ocrx_word' id='word_1_22' title='bbox 905 527 1052 589; x_wconf 80' lang='lat' dir='ltr'><strong>valeS,</strong></span> <span class='ocrx_word' id='word_1_23' title='bbox 1081 530 1282 594; x_wconf 87' lang='lat' dir='ltr'><strong>aperias.</strong></span> 
     </span>
    </p>

    <p class='ocr_par' dir='ltr' id='par_1_4' title="bbox 228 608 2377 992">
     <span class='ocr_line' id='line_1_5' title="bbox 295 608 2367 675; baseline 0.002 -21"><span class='ocrx_word' id='word_1_24' title='bbox 295 609 563 654; x_wconf 74' lang='lat' dir='ltr'><strong>CnmsrtAN.</strong></span> <span class='ocrx_word' id='word_1_25' title='bbox 595 608 746 653; x_wconf 90' lang='lat' dir='ltr'><strong>Nemo</strong></span> <span class='ocrx_word' id='word_1_26' title='bbox 773 616 901 654; x_wconf 83' lang='lat' dir='ltr'><strong>recte</strong></span> <span class='ocrx_word' id='word_1_27' title='bbox 929 624 1174 656; x_wconf 91' lang='lat' dir='ltr'><strong>summum</strong></span> <span class='ocrx_word' id='word_1_28' title='bbox 1198 609 1388 657; x_wconf 91' lang='lat' dir='ltr'><strong>bonum</strong></span> <span class='ocrx_word' id='word_1_29' title='bbox 1414 609 1552 669; x_wconf 91' lang='lat' dir='ltr'><strong>dicit,</strong></span> <span class='ocrx_word' id='word_1_30' title='bbox 1580 627 1678 675; x_wconf 91' lang='lat' dir='ltr'><strong>quo</strong></span> <span class='ocrx_word' id='word_1_31' title='bbox 1703 610 1853 674; x_wconf 87' lang='lat' dir='ltr'><strong>majus</strong></span> <span class='ocrx_word' id='word_1_32' title='bbox 1884 610 2079 675; x_wconf 85' lang='lat' dir='ltr'>aliquod</span> <span class='ocrx_word' id='word_1_33' title='bbox 2110 611 2367 659; x_wconf 86' lang='lat' dir='ltr'><strong>invenitur.</strong></span> 
     </span>
     <span class='ocr_line' id='line_1_6' title="bbox 230 685 2373 756; baseline 0.003 -22"><span class='ocrx_word' id='word_1_34' title='bbox 230 686 373 745; x_wconf 90' lang='lat' dir='ltr'><strong>Quod</strong></span> <span class='ocrx_word' id='word_1_35' title='bbox 397 686 525 734; x_wconf 92' lang='lat' dir='ltr'><strong>enim</strong></span> <span class='ocrx_word' id='word_1_36' title='bbox 547 685 744 733; x_wconf 86' lang='lat' dir='ltr'><strong>inferius</strong></span> <span class='ocrx_word' id='word_1_37' title='bbox 768 685 842 733; x_wconf 88' lang='lat' dir='ltr'><strong>vel</strong></span> <span class='ocrx_word' id='word_1_38' title='bbox 865 687 1025 734; x_wconf 90' lang='lat' dir='ltr'><strong>minus</strong></span> <span class='ocrx_word' id='word_1_39' title='bbox 1047 698 1118 735; x_wconf 86' lang='lat' dir='ltr'><strong>est</strong></span> <span class='ocrx_word' id='word_1_40' title='bbox 1141 689 1322 754; x_wconf 89' lang='lat' dir='ltr'><strong>aliquo,</strong></span> <span class='ocrx_word' id='word_1_41' title='bbox 1346 689 1395 737; x_wconf 90' lang='lat' dir='ltr'><strong>id</strong></span> <span class='ocrx_word' id='word_1_42' title='bbox 1422 690 1555 737; x_wconf 84' lang='lat' dir='ltr'><strong>nullo</strong></span> <span class='ocrx_word' id='word_1_43' title='bbox 1582 700 1722 756; x_wconf 89' lang='lat' dir='ltr'><strong>pacto</strong></span> <span class='ocrx_word' id='word_1_44' title='bbox 1737 707 2016 755; x_wconf 90' lang='lat' dir='ltr'><strong>supremum</strong></span> <span class='ocrx_word' id='word_1_45' title='bbox 2033 690 2107 738; x_wconf 87' lang='lat' dir='ltr'><strong>vel</strong></span> <span class='ocrx_word' id='word_1_46' title='bbox 2129 709 2373 740; x_wconf 86' lang='lat' dir='ltr'><strong>summum</strong></span> 
     </span>
     <span class='ocr_line' id='line_1_7' title="bbox 228 765 2371 834; baseline 0.002 -20"><span class='ocrx_word' id='word_1_47' title='bbox 228 767 323 814; x_wconf 91' lang='lat' dir='ltr'><strong>dici</strong></span> <span class='ocrx_word' id='word_1_48' title='bbox 348 775 520 831; x_wconf 87' lang='lat' dir='ltr'><strong>potest.</strong></span> <span class='ocrx_word' id='word_1_49' title='bbox 550 768 760 814; x_wconf 87' lang='lat' dir='ltr'><strong>Omnem</strong></span> <span class='ocrx_word' id='word_1_50' title='bbox 783 782 898 814; x_wconf 85' lang='lat' dir='ltr'><strong>vero</strong></span> <span class='ocrx_word' id='word_1_51' title='bbox 923 765 1269 816; x_wconf 88' lang='lat' dir='ltr'><strong>beatitudinem</strong></span> <span class='ocrx_word' id='word_1_52' title='bbox 1293 769 1367 817; x_wconf 89' lang='lat' dir='ltr'><strong>vel</strong></span> <span class='ocrx_word' id='word_1_53' title='bbox 1394 769 1595 834; x_wconf 89' lang='lat' dir='ltr'><strong>gloriam</strong></span> <span class='ocrx_word' id='word_1_54' title='bbox 1618 770 1884 818; x_wconf 89' lang='lat' dir='ltr'>humanam</span> <span class='ocrx_word' id='word_1_55' title='bbox 1907 770 2049 833; x_wconf 86' lang='lat' dir='ltr'><strong>longe</strong></span> <span class='ocrx_word' id='word_1_56' title='bbox 2075 781 2121 818; x_wconf 90' lang='lat' dir='ltr'><strong>et</strong></span> <span class='ocrx_word' id='word_1_57' title='bbox 2145 771 2371 819; x_wconf 73' lang='lat' dir='ltr'><strong>ineffabi-</strong></span> 
     </span>
     <span class='ocr_line' id='line_1_8' title="bbox 230 846 2377 915; baseline 0.002 -21"><span class='ocrx_word' id='word_1_58' title='bbox 230 846 336 894; x_wconf 83' lang='lat' dir='ltr'><strong>liter</strong></span> <span class='ocrx_word' id='word_1_59' title='bbox 363 863 392 894; x_wconf 90' lang='lat' dir='ltr'><strong>a</strong></span> <span class='ocrx_word' id='word_1_60' title='bbox 414 846 577 894; x_wconf 87' lang='lat' dir='ltr'><strong>divina</strong></span> <span class='ocrx_word' id='word_1_61' title='bbox 605 846 875 894; x_wconf 75' lang='lat' dir='ltr'>transcendi</span> <span class='ocrx_word' id='word_1_62' title='bbox 907 857 1112 895; x_wconf 88' lang='lat' dir='ltr'><strong>constat.</strong></span> <span class='ocrx_word' id='word_1_63' title='bbox 1141 849 1277 896; x_wconf 90' lang='lat' dir='ltr'><strong>Nulla</strong></span> <span class='ocrx_word' id='word_1_64' title='bbox 1308 849 1451 913; x_wconf 86' lang='lat' dir='ltr'><strong>igitur</strong></span> <span class='ocrx_word' id='word_1_65' title='bbox 1474 860 1642 915; x_wconf 86' lang='lat' dir='ltr'><strong>praeter</strong></span> <span class='ocrx_word' id='word_1_66' title='bbox 1664 850 1793 897; x_wconf 87' lang='lat' dir='ltr'><strong>illam</strong></span> <span class='ocrx_word' id='word_1_67' title='bbox 1819 860 1946 897; x_wconf 92' lang='lat' dir='ltr'><strong>recte</strong></span> <span class='ocrx_word' id='word_1_68' title='bbox 1976 867 2163 899; x_wconf 90' lang='lat' dir='ltr'><strong>summa</strong></span> <span class='ocrx_word' id='word_1_69' title='bbox 2193 868 2377 899; x_wconf 89' lang='lat' dir='ltr'><strong>nuncu-</strong></span> 
     </span>
     <span class='ocr_line' id='line_1_9' title="bbox 231 927 1848 992; baseline 0.001 -17"><span class='ocrx_word' id='word_1_70' title='bbox 231 927 391 992; x_wconf 90' lang='lat' dir='ltr'><strong>panda</strong></span> <span class='ocrx_word' id='word_1_71' title='bbox 413 936 510 989; x_wconf 66' lang='grc' dir='ltr'><strong>θεῖς</strong></span> <span class='ocrx_word' id='word_1_72' title='bbox 540 936 707 992; x_wconf 83' lang='lat' dir='ltr'><strong>praeter</strong></span> <span class='ocrx_word' id='word_1_73' title='bbox 728 927 886 992; x_wconf 87' lang='lat' dir='ltr'><strong>ipsum</strong></span> <span class='ocrx_word' id='word_1_74' title='bbox 909 927 1028 974; x_wconf 87' lang='lat' dir='ltr'><strong>nihil</strong></span> <span class='ocrx_word' id='word_1_75' title='bbox 1049 927 1156 991; x_wconf 88' lang='lat' dir='ltr'><strong>jure</strong></span> <span class='ocrx_word' id='word_1_76' title='bbox 1179 946 1425 976; x_wconf 90' lang='lat' dir='ltr'><strong>summum</strong></span> <span class='ocrx_word' id='word_1_77' title='bbox 1447 929 1634 977; x_wconf 91' lang='lat' dir='ltr'><strong>bonum</strong></span> <span class='ocrx_word' id='word_1_78' title='bbox 1658 930 1848 978; x_wconf 91' lang='lat' dir='ltr'><strong>dicitur.</strong></span> 
     </span>
    </p>

    <p class='ocr_par' dir='ltr' id='par_1_5' title="bbox 229 1006 2376 1136">
     <span class='ocr_line' id='line_1_10' title="bbox 248 1006 2376 1072; baseline 0.002 -18"><span class='ocrx_word' id='word_1_79' title='bbox 248 1034 252 1037; x_wconf 89' lang='lat'><em>-</em></span> <span class='ocrx_word' id='word_1_80' title='bbox 302 1011 494 1056; x_wconf 67' lang='lat' dir='ltr'><strong>Pinnos.</strong></span> <span class='ocrx_word' id='word_1_81' title='bbox 537 1010 644 1055; x_wconf 90' lang='lat' dir='ltr'><strong>Non</strong></span> <span class='ocrx_word' id='word_1_82' title='bbox 685 1006 781 1055; x_wconf 90' lang='lat' dir='ltr'><strong>hoc</strong></span> <span class='ocrx_word' id='word_1_83' title='bbox 819 1007 928 1055; x_wconf 88' lang='lat' dir='ltr'><strong>loco</strong></span> <span class='ocrx_word' id='word_1_84' title='bbox 967 1008 1185 1057; x_wconf 89' lang='lat' dir='ltr'><strong>absolute</strong></span> <span class='ocrx_word' id='word_1_85' title='bbox 1219 1026 1463 1057; x_wconf 88' lang='lat' dir='ltr'><strong>summum</strong></span> <span class='ocrx_word' id='word_1_86' title='bbox 1501 1010 1720 1072; x_wconf 87' lang='lat' dir='ltr'><strong>bonum,</strong></span> <span class='ocrx_word' id='word_1_87' title='bbox 1763 1010 1848 1058; x_wconf 91' lang='lat' dir='ltr'><strong>sed</strong></span> <span class='ocrx_word' id='word_1_88' title='bbox 1885 1027 2130 1058; x_wconf 89' lang='lat' dir='ltr'><strong>summum</strong></span> <span class='ocrx_word' id='word_1_89' title='bbox 2166 1009 2376 1058; x_wconf 88' lang='lat' dir='ltr'><strong>hominis</strong></span> 
     </span>
     <span class='ocr_line' id='line_1_11' title="bbox 229 1086 761 1136; baseline 0.002 -2"><span class='ocrx_word' id='word_1_90' title='bbox 229 1086 418 1136; x_wconf 91' lang='lat' dir='ltr'><strong>bonum</strong></span> <span class='ocrx_word' id='word_1_91' title='bbox 448 1087 761 1136; x_wconf 76' lang='lat' dir='ltr'><strong>intendimus.</strong></span> 
     </span>
    </p>

    <p class='ocr_par' dir='ltr' id='par_1_6' title="bbox 229 1167 2376 1315">
     <span class='ocr_line' id='line_1_12' title="bbox 295 1167 2376 1235; baseline 0.001 -20"><span class='ocrx_word' id='word_1_92' title='bbox 295 1170 564 1217; x_wconf 71' lang='lat' dir='ltr'><strong>Cnmsrnm.</strong></span> <span class='ocrx_word' id='word_1_93' title='bbox 599 1167 693 1216; x_wconf 85' lang='lat' dir='ltr'><strong>Sed</strong></span> <span class='ocrx_word' id='word_1_94' title='bbox 718 1184 808 1216; x_wconf 93' lang='lat' dir='ltr'><strong>nec</strong></span> <span class='ocrx_word' id='word_1_95' title='bbox 830 1185 1073 1217; x_wconf 90' lang='lat' dir='ltr'><strong>summum</strong></span> <span class='ocrx_word' id='word_1_96' title='bbox 1101 1170 1315 1218; x_wconf 91' lang='lat' dir='ltr'><strong>hominis</strong></span> <span class='ocrx_word' id='word_1_97' title='bbox 1346 1170 1533 1218; x_wconf 91' lang='lat' dir='ltr'><strong>bonum</strong></span> <span class='ocrx_word' id='word_1_98' title='bbox 1558 1181 1685 1219; x_wconf 88' lang='lat' dir='ltr'><strong>recte</strong></span> <span class='ocrx_word' id='word_1_99' title='bbox 1716 1170 1947 1232; x_wconf 89' lang='lat' dir='ltr'><strong>dicimus,</strong></span> <span class='ocrx_word' id='word_1_100' title='bbox 1975 1187 2073 1235; x_wconf 90' lang='lat' dir='ltr'><strong>quo</strong></span> <span class='ocrx_word' id='word_1_101' title='bbox 2110 1172 2263 1235; x_wconf 90' lang='lat' dir='ltr'><strong>majus</strong></span> <span class='ocrx_word' id='word_1_102' title='bbox 2293 1172 2376 1218; x_wconf 87' lang='lat' dir='ltr'><strong>ali-</strong></span> 
     </span>
     <span class='ocr_line' id='line_1_13' title="bbox 229 1248 1080 1315; baseline 0.002 -20"><span class='ocrx_word' id='word_1_103' title='bbox 229 1248 362 1312; x_wconf 89' lang='lat' dir='ltr'><strong>quod</strong></span> <span class='ocrx_word' id='word_1_104' title='bbox 383 1248 596 1296; x_wconf 90' lang='lat' dir='ltr'><strong>hominis</strong></span> <span class='ocrx_word' id='word_1_105' title='bbox 619 1248 804 1297; x_wconf 91' lang='lat' dir='ltr'><strong>bonum</strong></span> <span class='ocrx_word' id='word_1_106' title='bbox 828 1250 1080 1315; x_wconf 85' lang='lat' dir='ltr'><strong>reperitur.</strong></span> 
     </span>
    </p>

    <p class='ocr_par' dir='ltr' id='par_1_7' title="bbox 298 1329 1019 1395">
     <span class='ocr_line' id='line_1_14' title="bbox 298 1329 1019 1395; baseline 0.003 -21"><span class='ocrx_word' id='word_1_107' title='bbox 298 1332 488 1377; x_wconf 67' lang='lat' dir='ltr'><strong>Panos.</strong></span> <span class='ocrx_word' id='word_1_108' title='bbox 517 1332 586 1377; x_wconf 90' lang='lat' dir='ltr'><strong>Ita</strong></span> <span class='ocrx_word' id='word_1_109' title='bbox 609 1329 827 1395; x_wconf 86' lang='lat' dir='ltr'><strong>profecto</strong></span> <span class='ocrx_word' id='word_1_110' title='bbox 851 1330 1019 1395; x_wconf 89' lang='lat' dir='ltr'><strong>liquet.</strong></span> 
     </span>
    </p>

    <p class='ocr_par' dir='ltr' id='par_1_8' title="bbox 230 1410 2377 1620">
     <span class='ocr_line' id='line_1_15' title="bbox 295 1410 2377 1475; baseline 0 -18"><span class='ocrx_word' id='word_1_111' title='bbox 295 1411 569 1458; x_wconf 68' lang='lat' dir='ltr'><strong>Cnmsnm.</strong></span> <span class='ocrx_word' id='word_1_112' title='bbox 591 1413 764 1468; x_wconf 88' lang='lat' dir='ltr'><strong>Quaero</strong></span> <span class='ocrx_word' id='word_1_113' title='bbox 790 1412 948 1475; x_wconf 84' lang='lat' dir='ltr'><strong>igitur,</strong></span> <span class='ocrx_word' id='word_1_114' title='bbox 976 1428 1038 1459; x_wconf 89' lang='lat' dir='ltr'><strong>an</strong></span> <span class='ocrx_word' id='word_1_115' title='bbox 1063 1411 1114 1458; x_wconf 92' lang='lat' dir='ltr'><strong>in</strong></span> <span class='ocrx_word' id='word_1_116' title='bbox 1136 1410 1218 1458; x_wconf 86' lang='lat' dir='ltr'><strong>illa</strong></span> <span class='ocrx_word' id='word_1_117' title='bbox 1242 1410 1543 1459; x_wconf 88' lang='lat' dir='ltr'><strong>beatitudine</strong></span> <span class='ocrx_word' id='word_1_118' title='bbox 1566 1412 1685 1459; x_wconf 84' lang='lat' dir='ltr'><strong>alius</strong></span> <span class='ocrx_word' id='word_1_119' title='bbox 1708 1410 1802 1459; x_wconf 89' lang='lat' dir='ltr'><strong>alio</strong></span> <span class='ocrx_word' id='word_1_120' title='bbox 1826 1411 2013 1459; x_wconf 89' lang='lat' dir='ltr'><strong>beatior</strong></span> <span class='ocrx_word' id='word_1_121' title='bbox 2038 1411 2122 1473; x_wconf 90' lang='lat' dir='ltr'><strong>sit,</strong></span> <span class='ocrx_word' id='word_1_122' title='bbox 2148 1412 2272 1459; x_wconf 91' lang='lat' dir='ltr'><strong>sicut</strong></span> <span class='ocrx_word' id='word_1_123' title='bbox 2299 1411 2377 1459; x_wconf 88' lang='lat' dir='ltr'><strong>hic</strong></span> 
     </span>
     <span class='ocr_line' id='line_1_16' title="bbox 230 1489 2377 1556; baseline 0 -19"><span class='ocrx_word' id='word_1_124' title='bbox 230 1489 433 1538; x_wconf 87' lang='lat' dir='ltr'><strong>alterum</strong></span> <span class='ocrx_word' id='word_1_125' title='bbox 470 1490 564 1539; x_wconf 89' lang='lat' dir='ltr'><strong>alio</strong></span> <span class='ocrx_word' id='word_1_126' title='bbox 594 1491 845 1555; x_wconf 88' lang='lat' dir='ltr'><strong>justiorem</strong></span> <span class='ocrx_word' id='word_1_127' title='bbox 883 1491 956 1540; x_wconf 90' lang='lat' dir='ltr'><strong>vel</strong></span> <span class='ocrx_word' id='word_1_128' title='bbox 993 1492 1280 1540; x_wconf 86' lang='lat' dir='ltr'><strong>sanctiorem</strong></span> <span class='ocrx_word' id='word_1_129' title='bbox 1316 1509 1419 1540; x_wconf 92' lang='lat' dir='ltr'><strong>esse</strong></span> <span class='ocrx_word' id='word_1_130' title='bbox 1456 1493 1717 1556; x_wconf 86' lang='lat' dir='ltr'><strong>contingit,</strong></span> <span class='ocrx_word' id='word_1_131' title='bbox 1759 1502 1812 1540; x_wconf 89' lang='lat' dir='ltr'><strong>ut</strong></span> <span class='ocrx_word' id='word_1_132' title='bbox 1850 1491 2072 1539; x_wconf 86' lang='lat' dir='ltr'><strong>videlicet</strong></span> <span class='ocrx_word' id='word_1_133' title='bbox 2109 1490 2377 1539; x_wconf 89' lang='lat' dir='ltr'><strong>secundum</strong></span> 
     </span>
     <span class='ocr_line' id='line_1_17' title="bbox 231 1569 1600 1620; baseline 0.002 -3"><span class='ocrx_word' id='word_1_134' title='bbox 231 1569 556 1619; x_wconf 78' lang='lat' dir='ltr'><strong>diversitatem</strong></span> <span class='ocrx_word' id='word_1_135' title='bbox 583 1571 869 1619; x_wconf 87' lang='lat' dir='ltr'><strong>meritorum</strong></span> <span class='ocrx_word' id='word_1_136' title='bbox 894 1573 956 1620; x_wconf 89' lang='lat' dir='ltr'><strong>sit</strong></span> <span class='ocrx_word' id='word_1_137' title='bbox 978 1582 1026 1620; x_wconf 89' lang='lat' dir='ltr'><strong>et</strong></span> <span class='ocrx_word' id='word_1_138' title='bbox 1051 1573 1374 1620; x_wconf 76' lang='lat' dir='ltr'><strong>remuneratio</strong></span> <span class='ocrx_word' id='word_1_139' title='bbox 1398 1572 1600 1620; x_wconf 89' lang='lat' dir='ltr'><strong>diversa.</strong></span> 
     </span>
    </p>

    <p class='ocr_par' dir='ltr' id='par_1_9' title="bbox 300 1651 918 1710">
     <span class='ocr_line' id='line_1_18' title="bbox 300 1651 918 1710; baseline 0.003 -12"><span class='ocrx_word' id='word_1_140' title='bbox 300 1654 489 1699; x_wconf 67' lang='lat' dir='ltr'><strong>szos.</strong></span> <span class='ocrx_word' id='word_1_141' title='bbox 518 1651 648 1710; x_wconf 87' lang='lat' dir='ltr'><strong>Quid</strong></span> <span class='ocrx_word' id='word_1_142' title='bbox 670 1652 709 1699; x_wconf 95' lang='lat' dir='ltr'><strong>si</strong></span> <span class='ocrx_word' id='word_1_143' title='bbox 732 1652 798 1700; x_wconf 91' lang='lat' dir='ltr'><strong>ita</strong></span> <span class='ocrx_word' id='word_1_144' title='bbox 819 1652 918 1700; x_wconf 80' lang='lat' dir='ltr'><strong>est?</strong></span> 
     </span>
    </p>

    <p class='ocr_par' dir='ltr' id='par_1_10' title="bbox 230 1731 2380 2430">
     <span class='ocr_line' id='line_1_19' title="bbox 297 1731 2379 1799; baseline -0.001 -20"><span class='ocrx_word' id='word_1_145' title='bbox 297 1734 566 1781; x_wconf 75' lang='lat' dir='ltr'><strong>CnmsrrAN.</strong></span> <span class='ocrx_word' id='word_1_146' title='bbox 608 1736 782 1794; x_wconf 89' lang='lat' dir='ltr'><strong>Immo,</strong></span> <span class='ocrx_word' id='word_1_147' title='bbox 819 1734 933 1798; x_wconf 90' lang='lat' dir='ltr'><strong>quia</strong></span> <span class='ocrx_word' id='word_1_148' title='bbox 966 1734 1031 1781; x_wconf 91' lang='lat' dir='ltr'><strong>ita</strong></span> <span class='ocrx_word' id='word_1_149' title='bbox 1064 1743 1163 1794; x_wconf 90' lang='lat' dir='ltr'><strong>est,</strong></span> <span class='ocrx_word' id='word_1_150' title='bbox 1204 1743 1400 1799; x_wconf 88' lang='lat' dir='ltr'><strong>oportes</strong></span> <span class='ocrx_word' id='word_1_151' title='bbox 1434 1733 1672 1780; x_wconf 89' lang='lat' dir='ltr'><strong>concedas</strong></span> <span class='ocrx_word' id='word_1_152' title='bbox 1710 1732 1857 1780; x_wconf 89' lang='lat' dir='ltr'><strong>alium</strong></span> <span class='ocrx_word' id='word_1_153' title='bbox 1894 1731 1962 1778; x_wconf 89' lang='lat' dir='ltr'><strong>ibi</strong></span> <span class='ocrx_word' id='word_1_154' title='bbox 1999 1731 2251 1778; x_wconf 89' lang='lat' dir='ltr'><strong>hominem</strong></span> <span class='ocrx_word' id='word_1_155' title='bbox 2286 1731 2379 1778; x_wconf 82' lang='lat' dir='ltr'><strong>aiio</strong></span> 
     </span>
     <span class='ocr_line' id='line_1_20' title="bbox 230 1811 2380 1879; baseline 0 -21"><span class='ocrx_word' id='word_1_156' title='bbox 230 1811 493 1861; x_wconf 89' lang='lat' dir='ltr'><strong>beatiorem</strong></span> <span class='ocrx_word' id='word_1_157' title='bbox 534 1812 680 1873; x_wconf 86' lang='lat' dir='ltr'><strong>effici,</strong></span> <span class='ocrx_word' id='word_1_158' title='bbox 716 1830 806 1862; x_wconf 90' lang='lat' dir='ltr'><strong>nec</strong></span> <span class='ocrx_word' id='word_1_159' title='bbox 834 1830 921 1879; x_wconf 90' lang='lat' dir='ltr'><strong>per</strong></span> <span class='ocrx_word' id='word_1_160' title='bbox 947 1813 1045 1861; x_wconf 91' lang='lat' dir='ltr'><strong>hoc</strong></span> <span class='ocrx_word' id='word_1_161' title='bbox 1074 1814 1176 1878; x_wconf 91' lang='lat' dir='ltr'><strong>ejus</strong></span> <span class='ocrx_word' id='word_1_162' title='bbox 1205 1813 1419 1861; x_wconf 91' lang='lat' dir='ltr'><strong>hominis</strong></span> <span class='ocrx_word' id='word_1_163' title='bbox 1449 1813 1800 1861; x_wconf 87' lang='lat' dir='ltr'><strong>beatitudinem</strong></span> <span class='ocrx_word' id='word_1_164' title='bbox 1831 1829 1939 1876; x_wconf 86' lang='lat' dir='ltr'><strong>quae</strong></span> <span class='ocrx_word' id='word_1_165' title='bbox 1972 1812 2132 1859; x_wconf 90' lang='lat' dir='ltr'><strong>minor</strong></span> <span class='ocrx_word' id='word_1_166' title='bbox 2158 1821 2257 1872; x_wconf 88' lang='lat' dir='ltr'><strong>est,</strong></span> <span class='ocrx_word' id='word_1_167' title='bbox 2299 1827 2380 1858; x_wconf 90' lang='lat' dir='ltr'><strong>ne-</strong></span> 
     </span>
     <span class='ocr_line' id='line_1_21' title="bbox 230 1890 2380 1958; baseline -0.001 -18"><span class='ocrx_word' id='word_1_168' title='bbox 230 1909 472 1958; x_wconf 85' lang='lat' dir='ltr'><strong>quaquam</strong></span> <span class='ocrx_word' id='word_1_169' title='bbox 505 1910 749 1941; x_wconf 90' lang='lat' dir='ltr'><strong>summum</strong></span> <span class='ocrx_word' id='word_1_170' title='bbox 773 1894 987 1942; x_wconf 88' lang='lat' dir='ltr'><strong>hominis</strong></span> <span class='ocrx_word' id='word_1_171' title='bbox 1017 1893 1206 1941; x_wconf 90' lang='lat' dir='ltr'><strong>bonum</strong></span> <span class='ocrx_word' id='word_1_172' title='bbox 1242 1909 1343 1941; x_wconf 92' lang='lat' dir='ltr'><strong>esse</strong></span> <span class='ocrx_word' id='word_1_173' title='bbox 1373 1892 1778 1958; x_wconf 90' lang='lat' dir='ltr'><strong>nuncupandum.</strong></span> <span class='ocrx_word' id='word_1_174' title='bbox 1806 1891 1944 1940; x_wconf 90' lang='lat' dir='ltr'><strong>Unde</strong></span> <span class='ocrx_word' id='word_1_175' title='bbox 1977 1908 2067 1939; x_wconf 94' lang='lat' dir='ltr'><strong>nec</strong></span> <span class='ocrx_word' id='word_1_176' title='bbox 2103 1890 2260 1950; x_wconf 89' lang='lat' dir='ltr'><strong>illum,</strong></span> <span class='ocrx_word' id='word_1_177' title='bbox 2298 1893 2380 1955; x_wconf 89' lang='lat' dir='ltr'><strong>qui</strong></span> 
     </span>
     <span class='ocr_line' id='line_1_22' title="bbox 231 1971 2380 2038; baseline -0.001 -18"><span class='ocrx_word' id='word_1_178' title='bbox 231 1974 390 2020; x_wconf 86' lang='lat' dir='ltr'><strong>minus</strong></span> <span class='ocrx_word' id='word_1_179' title='bbox 421 1973 516 2021; x_wconf 90' lang='lat' dir='ltr'><strong>alio</strong></span> <span class='ocrx_word' id='word_1_180' title='bbox 547 1973 716 2021; x_wconf 90' lang='lat' dir='ltr'><strong>heatus</strong></span> <span class='ocrx_word' id='word_1_181' title='bbox 747 1984 834 2035; x_wconf 88' lang='lat' dir='ltr'><strong>est,</strong></span> <span class='ocrx_word' id='word_1_182' title='bbox 865 1975 966 2038; x_wconf 88' lang='lat' dir='ltr'><strong>jam</strong></span> <span class='ocrx_word' id='word_1_183' title='bbox 997 1974 1194 2022; x_wconf 89' lang='lat' dir='ltr'><strong>beatum</strong></span> <span class='ocrx_word' id='word_1_184' title='bbox 1226 1973 1322 2021; x_wconf 90' lang='lat' dir='ltr'><strong>dici</strong></span> <span class='ocrx_word' id='word_1_185' title='bbox 1351 1974 1598 2021; x_wconf 85' lang='lat' dir='ltr'><strong>convenit.</strong></span> <span class='ocrx_word' id='word_1_186' title='bbox 1622 1975 1876 2020; x_wconf 87' lang='lat' dir='ltr'><strong>Summum</strong></span> <span class='ocrx_word' id='word_1_187' title='bbox 1913 1972 2092 2036; x_wconf 91' lang='lat' dir='ltr'><strong>quippe</strong></span> <span class='ocrx_word' id='word_1_188' title='bbox 2118 1971 2305 2018; x_wconf 91' lang='lat' dir='ltr'><strong>bonum</strong></span> <span class='ocrx_word' id='word_1_189' title='bbox 2331 1972 2380 2017; x_wconf 90' lang='lat' dir='ltr'><strong>id</strong></span> 
     </span>
     <span class='ocr_line' id='line_1_23' title="bbox 231 2050 2380 2119; baseline -0.002 -19"><span class='ocrx_word' id='word_1_190' title='bbox 231 2051 464 2113; x_wconf 86' lang='lat' dir='ltr'><strong>definisti,</strong></span> <span class='ocrx_word' id='word_1_191' title='bbox 492 2070 591 2118; x_wconf 91' lang='lat' dir='ltr'><strong>quo</strong></span> <span class='ocrx_word' id='word_1_192' title='bbox 622 2071 734 2101; x_wconf 91' lang='lat' dir='ltr'><strong>cum</strong></span> <span class='ocrx_word' id='word_1_193' title='bbox 762 2055 966 2119; x_wconf 89' lang='lat' dir='ltr'><strong>quisque</strong></span> <span class='ocrx_word' id='word_1_194' title='bbox 998 2054 1273 2119; x_wconf 87' lang='lat' dir='ltr'><strong>pervenerit</strong></span> <span class='ocrx_word' id='word_1_195' title='bbox 1294 2053 1465 2100; x_wconf 88' lang='lat' dir='ltr'><strong>heatus</strong></span> <span class='ocrx_word' id='word_1_196' title='bbox 1496 2063 1589 2112; x_wconf 81' lang='lat' dir='ltr'><strong>est3</strong></span> <span class='ocrx_word' id='word_1_197' title='bbox 1626 2063 1708 2100; x_wconf 88' lang='lat' dir='ltr'><strong>aut</strong></span> <span class='ocrx_word' id='word_1_198' title='bbox 1742 2052 1885 2115; x_wconf 85' lang='lat' dir='ltr'><strong>igitur</strong></span> <span class='ocrx_word' id='word_1_199' title='bbox 1910 2051 2045 2098; x_wconf 90' lang='lat' dir='ltr'><strong>illum</strong></span> <span class='ocrx_word' id='word_1_200' title='bbox 2076 2051 2159 2115; x_wconf 91' lang='lat' dir='ltr'><strong>qui</strong></span> <span class='ocrx_word' id='word_1_201' title='bbox 2190 2050 2284 2097; x_wconf 90' lang='lat' dir='ltr'><strong>alio</strong></span> <span class='ocrx_word' id='word_1_202' title='bbox 2313 2050 2380 2097; x_wconf 91' lang='lat' dir='ltr'><strong>ibi</strong></span> 
     </span>
     <span class='ocr_line' id='line_1_24' title="bbox 231 2129 2376 2199; baseline -0.002 -19"><span class='ocrx_word' id='word_1_203' title='bbox 231 2135 391 2181; x_wconf 92' lang='lat' dir='ltr'><strong>minor</strong></span> <span class='ocrx_word' id='word_1_204' title='bbox 414 2144 501 2195; x_wconf 89' lang='lat' dir='ltr'><strong>est,</strong></span> <span class='ocrx_word' id='word_1_205' title='bbox 529 2151 774 2181; x_wconf 91' lang='lat' dir='ltr'><strong>summum</strong></span> <span class='ocrx_word' id='word_1_206' title='bbox 796 2134 983 2182; x_wconf 89' lang='lat' dir='ltr'><strong>bonum</strong></span> <span class='ocrx_word' id='word_1_207' title='bbox 1007 2134 1237 2199; x_wconf 90' lang='lat' dir='ltr'><strong>adeptum</strong></span> <span class='ocrx_word' id='word_1_208' title='bbox 1260 2149 1361 2180; x_wconf 92' lang='lat' dir='ltr'><strong>esse</strong></span> <span class='ocrx_word' id='word_1_209' title='bbox 1385 2133 1694 2191; x_wconf 89' lang='lat' dir='ltr'><strong>concesseris,</strong></span> <span class='ocrx_word' id='word_1_210' title='bbox 1717 2141 1800 2178; x_wconf 89' lang='lat' dir='ltr'><strong>aut</strong></span> <span class='ocrx_word' id='word_1_211' title='bbox 1821 2147 1934 2178; x_wconf 89' lang='lat' dir='ltr'><strong>eum</strong></span> <span class='ocrx_word' id='word_1_212' title='bbox 1957 2130 2156 2177; x_wconf 89' lang='lat' dir='ltr'><strong>minime</strong></span> <span class='ocrx_word' id='word_1_213' title='bbox 2179 2129 2376 2177; x_wconf 89' lang='lat' dir='ltr'><strong>beatum</strong></span> 
     </span>
     <span class='ocr_line' id='line_1_25' title="bbox 231 2210 2379 2277; baseline -0.001 -18"><span class='ocrx_word' id='word_1_214' title='bbox 231 2229 332 2260; x_wconf 90' lang='lat' dir='ltr'><strong>esse</strong></span> <span class='ocrx_word' id='word_1_215' title='bbox 362 2214 677 2274; x_wconf 89' lang='lat' dir='ltr'><strong>concesseris,</strong></span> <span class='ocrx_word' id='word_1_216' title='bbox 712 2213 797 2261; x_wconf 93' lang='lat' dir='ltr'><strong>sed</strong></span> <span class='ocrx_word' id='word_1_217' title='bbox 828 2230 940 2261; x_wconf 88' lang='lat' dir='ltr'><strong>eum</strong></span> <span class='ocrx_word' id='word_1_218' title='bbox 969 2212 1326 2274; x_wconf 79' lang='lat' dir='ltr'><strong>tantummode,</strong></span> <span class='ocrx_word' id='word_1_219' title='bbox 1363 2229 1463 2277; x_wconf 89' lang='lat' dir='ltr'><strong>quo</strong></span> <span class='ocrx_word' id='word_1_220' title='bbox 1497 2228 1642 2259; x_wconf 91' lang='lat' dir='ltr'><strong>nemo</strong></span> <span class='ocrx_word' id='word_1_221' title='bbox 1669 2211 1736 2258; x_wconf 93' lang='lat' dir='ltr'><strong>ibi</strong></span> <span class='ocrx_word' id='word_1_222' title='bbox 1769 2212 1829 2257; x_wconf 91' lang='lat' dir='ltr'><strong>sit</strong></span> <span class='ocrx_word' id='word_1_223' title='bbox 1857 2210 2063 2258; x_wconf 84' lang='lat' dir='ltr'><strong>beatior.</strong></span> <span class='ocrx_word' id='word_1_224' title='bbox 2097 2210 2146 2256; x_wconf 91' lang='lat' dir='ltr'><strong>Si</strong></span> <span class='ocrx_word' id='word_1_225' title='bbox 2169 2210 2298 2257; x_wconf 92' lang='lat' dir='ltr'><strong>enim</strong></span> <span class='ocrx_word' id='word_1_226' title='bbox 2330 2210 2379 2257; x_wconf 88' lang='lat' dir='ltr'><strong>id</strong></span> 
     </span>
     <span class='ocr_line' id='line_1_26' title="bbox 231 2288 2374 2359; baseline -0.002 -19"><span class='ocrx_word' id='word_1_227' title='bbox 231 2292 365 2357; x_wconf 93' lang='lat' dir='ltr'><strong>quod</strong></span> <span class='ocrx_word' id='word_1_228' title='bbox 387 2293 589 2359; x_wconf 89' lang='lat' dir='ltr'><strong>adeptus</strong></span> <span class='ocrx_word' id='word_1_229' title='bbox 613 2303 701 2354; x_wconf 87' lang='lat' dir='ltr'><strong>est,</strong></span> <span class='ocrx_word' id='word_1_230' title='bbox 728 2311 839 2342; x_wconf 89' lang='lat' dir='ltr'><strong>eum</strong></span> <span class='ocrx_word' id='word_1_231' title='bbox 861 2294 1055 2342; x_wconf 88' lang='lat' dir='ltr'><strong>beatum</strong></span> <span class='ocrx_word' id='word_1_232' title='bbox 1079 2292 1243 2353; x_wconf 86' lang='lat' dir='ltr'><strong>efficit,</strong></span> <span class='ocrx_word' id='word_1_233' title='bbox 1271 2292 1488 2357; x_wconf 88' lang='lat' dir='ltr'><strong>profecto</strong></span> <span class='ocrx_word' id='word_1_234' title='bbox 1507 2293 1642 2356; x_wconf 87' lang='lat' dir='ltr'><strong>juxta</strong></span> <span class='ocrx_word' id='word_1_235' title='bbox 1664 2291 2018 2358; x_wconf 90' lang='lat' dir='ltr'><strong>suprapositam</strong></span> <span class='ocrx_word' id='word_1_236' title='bbox 2040 2288 2374 2337; x_wconf 85' lang='lat' dir='ltr'><strong>definitionem</strong></span> 
     </span>
     <span class='ocr_line' id='line_1_27' title="bbox 233 2373 1228 2430; baseline 0 -10"><span class='ocrx_word' id='word_1_237' title='bbox 233 2390 479 2430; x_wconf 80' lang='lat' dir='ltr'><strong>summum</strong></span> <span class='ocrx_word' id='word_1_238' title='bbox 504 2373 691 2422; x_wconf 86' lang='lat' dir='ltr'><strong>honum</strong></span> <span class='ocrx_word' id='word_1_239' title='bbox 715 2373 834 2422; x_wconf 86' lang='lat' dir='ltr'><strong>illud</strong></span> <span class='ocrx_word' id='word_1_240' title='bbox 863 2374 959 2422; x_wconf 90' lang='lat' dir='ltr'><strong>dici</strong></span> <span class='ocrx_word' id='word_1_241' title='bbox 983 2374 1228 2422; x_wconf 90' lang='lat' dir='ltr'><strong>convenit.</strong></span> 
     </span>
    </p>

    <p class='ocr_par' dir='ltr' id='par_1_11' title="bbox 233 2451 2380 2679">
     <span class='ocr_line' id='line_1_28' title="bbox 299 2451 2380 2520; baseline -0.003 -18"><span class='ocrx_word' id='word_1_242' title='bbox 299 2457 486 2502; x_wconf 67' lang='lat' dir='ltr'><strong>Pfflnos.</strong></span> <span class='ocrx_word' id='word_1_243' title='bbox 515 2455 704 2503; x_wconf 87' lang='lat' dir='ltr'><strong>Sustine</strong></span> <span class='ocrx_word' id='word_1_244' title='bbox 727 2454 996 2520; x_wconf 86' lang='lat' dir='ltr'><strong>paululum,</strong></span> <span class='ocrx_word' id='word_1_245' title='bbox 1023 2454 1243 2512; x_wconf 89' lang='lat' dir='ltr'><strong>obsecro,</strong></span> <span class='ocrx_word' id='word_1_246' title='bbox 1266 2464 1314 2501; x_wconf 89' lang='lat' dir='ltr'><strong>et</strong></span> <span class='ocrx_word' id='word_1_247' title='bbox 1337 2452 1573 2513; x_wconf 89' lang='lat' dir='ltr'><strong>adtende,</strong></span> <span class='ocrx_word' id='word_1_248' title='bbox 1603 2453 1721 2518; x_wconf 85' lang='lat' dir='ltr'><strong>quid</strong></span> <span class='ocrx_word' id='word_1_249' title='bbox 1745 2469 1877 2500; x_wconf 91' lang='lat' dir='ltr'><strong>nunc</strong></span> <span class='ocrx_word' id='word_1_250' title='bbox 1901 2451 2265 2515; x_wconf 87' lang='lat' dir='ltr'><strong>interrogationi</strong></span> <span class='ocrx_word' id='word_1_251' title='bbox 2288 2467 2380 2497; x_wconf 76' lang='lat' dir='ltr'><strong>no-</strong></span> 
     </span>
     <span class='ocr_line' id='line_1_29' title="bbox 233 2530 2380 2600; baseline -0.002 -19"><span class='ocrx_word' id='word_1_252' title='bbox 233 2535 434 2583; x_wconf 86' lang='lat' dir='ltr'><strong>vissimae</strong></span> <span class='ocrx_word' id='word_1_253' title='bbox 472 2535 787 2599; x_wconf 87' lang='lat' dir='ltr'><strong>subjecerim,</strong></span> <span class='ocrx_word' id='word_1_254' title='bbox 826 2536 940 2600; x_wconf 88' lang='lat' dir='ltr'><strong>quia</strong></span> <span class='ocrx_word' id='word_1_255' title='bbox 978 2536 1122 2583; x_wconf 90' lang='lat' dir='ltr'><strong>etiam</strong></span> <span class='ocrx_word' id='word_1_256' title='bbox 1164 2534 1420 2582; x_wconf 86' lang='lat' dir='ltr'><strong>maledicta</strong></span> <span class='ocrx_word' id='word_1_257' title='bbox 1464 2534 1702 2598; x_wconf 76' lang='lat' dir='ltr'><strong>corrigere</strong></span> <span class='ocrx_word' id='word_1_258' title='bbox 1747 2534 1883 2589; x_wconf 90' lang='lat' dir='ltr'><strong>licet,</strong></span> <span class='ocrx_word' id='word_1_259' title='bbox 1926 2549 2037 2580; x_wconf 91' lang='lat' dir='ltr'><strong>cum</strong></span> <span class='ocrx_word' id='word_1_260' title='bbox 2083 2530 2144 2578; x_wconf 92' lang='lat' dir='ltr'><strong>ad</strong></span> <span class='ocrx_word' id='word_1_261' title='bbox 2180 2531 2380 2594; x_wconf 92' lang='lat' dir='ltr'><strong>inquisi-</strong></span> 
     </span>
     <span class='ocr_line' id='line_1_30' title="bbox 233 2603 2197 2679; baseline -0.002 -17"><span class='ocrx_word' id='word_1_262' title='bbox 233 2616 414 2663; x_wconf 87' lang='lat' dir='ltr'><strong>tionem</strong></span> <span class='ocrx_word' id='word_1_263' title='bbox 439 2617 540 2663; x_wconf 84' lang='lat' dir='ltr'><strong>veri</strong></span> <span class='ocrx_word' id='word_1_264' title='bbox 564 2633 665 2663; x_wconf 85' lang='lat' dir='ltr'><strong>non</strong></span> <span class='ocrx_word' id='word_1_265' title='bbox 691 2615 754 2664; x_wconf 88' lang='lat' dir='ltr'><strong>ad</strong></span> <span class='ocrx_word' id='word_1_266' title='bbox 781 2616 1155 2664; x_wconf 85' lang='lat' dir='ltr'><strong>ostentationem</strong></span> <span class='ocrx_word' id='word_1_267' title='bbox 1179 2615 1380 2679; x_wconf 88' lang='lat' dir='ltr'><strong>ingenii,</strong></span> <span class='ocrx_word' id='word_1_268' title='bbox 1405 2615 1528 2662; x_wconf 90' lang='lat' dir='ltr'><strong>sicut</strong></span> <span class='ocrx_word' id='word_1_269' title='bbox 1552 2603 1736 2662; x_wconf 85' lang='lat' dir='ltr'><strong>dictum</strong></span> <span class='ocrx_word' id='word_1_270' title='bbox 1758 2623 1846 2672; x_wconf 90' lang='lat' dir='ltr'><strong>est,</strong></span> <span class='ocrx_word' id='word_1_271' title='bbox 1876 2612 2197 2661; x_wconf 86' lang='lat' dir='ltr'><strong>conferamus.</strong></span> 
     </span>
    </p>

    <p class='ocr_par' dir='ltr' id='par_1_12' title="bbox 233 2691 2382 3164">
     <span class='ocr_line' id='line_1_31' title="bbox 299 2691 2382 2762; baseline -0.003 -20"><span class='ocrx_word' id='word_1_272' title='bbox 299 2698 573 2744; x_wconf 72' lang='lat' dir='ltr'><strong>Cnms&#39;rnm.</strong></span> <span class='ocrx_word' id='word_1_273' title='bbox 618 2696 847 2762; x_wconf 85' lang='lat' dir='ltr'><strong>Approbo</strong></span> <span class='ocrx_word' id='word_1_274' title='bbox 884 2705 932 2743; x_wconf 90' lang='lat' dir='ltr'><strong>et</strong></span> <span class='ocrx_word' id='word_1_275' title='bbox 966 2694 1183 2743; x_wconf 87' lang='lat' dir='ltr'><strong>concedo</strong></span> <span class='ocrx_word' id='word_1_276' title='bbox 1222 2694 1357 2759; x_wconf 92' lang='lat' dir='ltr'><strong>quod</strong></span> <span class='ocrx_word' id='word_1_277' title='bbox 1399 2694 1536 2742; x_wconf 89' lang='lat' dir='ltr'><strong>dicis.</strong></span> <span class='ocrx_word' id='word_1_278' title='bbox 1574 2698 1682 2742; x_wconf 91' lang='lat' dir='ltr'><strong>Non</strong></span> <span class='ocrx_word' id='word_1_279' title='bbox 1720 2694 1849 2742; x_wconf 90' lang='lat' dir='ltr'><strong>enim</strong></span> <span class='ocrx_word' id='word_1_280' title='bbox 1885 2692 2027 2740; x_wconf 91' lang='lat' dir='ltr'><strong>nobis</strong></span> <span class='ocrx_word' id='word_1_281' title='bbox 2063 2692 2188 2738; x_wconf 88' lang='lat' dir='ltr'><strong>circa</strong></span> <span class='ocrx_word' id='word_1_282' title='bbox 2226 2691 2382 2754; x_wconf 87' lang='lat' dir='ltr'><strong>inqui-</strong></span> 
     </span>
     <span class='ocr_line' id='line_1_32' title="bbox 234 2771 2381 2841; baseline -0.003 -19"><span class='ocrx_word' id='word_1_283' title='bbox 234 2775 458 2823; x_wconf 88' lang='lat' dir='ltr'><strong>sitionem</strong></span> <span class='ocrx_word' id='word_1_284' title='bbox 490 2777 698 2823; x_wconf 86' lang='lat' dir='ltr'><strong>veritatis</strong></span> <span class='ocrx_word' id='word_1_285' title='bbox 729 2777 919 2841; x_wconf 79' lang='lat' dir='ltr'><strong>penitus</strong></span> <span class='ocrx_word' id='word_1_286' title='bbox 950 2775 1195 2841; x_wconf 87' lang='lat' dir='ltr'><strong>occupatis</strong></span> <span class='ocrx_word' id='word_1_287' title='bbox 1227 2791 1364 2822; x_wconf 90' lang='lat' dir='ltr'><strong>more</strong></span> <span class='ocrx_word' id='word_1_288' title='bbox 1396 2775 1569 2840; x_wconf 88' lang='lat' dir='ltr'><strong>puerili</strong></span> <span class='ocrx_word' id='word_1_289' title='bbox 1591 2775 1667 2821; x_wconf 86' lang='lat' dir='ltr'><strong>vel</strong></span> <span class='ocrx_word' id='word_1_290' title='bbox 1698 2774 1987 2839; x_wconf 83' lang='lat' dir='ltr'><strong>importunae</strong></span> <span class='ocrx_word' id='word_1_291' title='bbox 2019 2771 2381 2819; x_wconf 84' lang='lat' dir='ltr'><strong>declamationis</strong></span> 
     </span>
     <span class='ocr_line' id='line_1_33' title="bbox 235 2852 2381 2921; baseline -0.003 -17"><span class='ocrx_word' id='word_1_292' title='bbox 235 2857 464 2904; x_wconf 85' lang='lat' dir='ltr'><strong>corrixari</strong></span> <span class='ocrx_word' id='word_1_293' title='bbox 485 2857 729 2905; x_wconf 89' lang='lat' dir='ltr'><strong>convenit.</strong></span> <span class='ocrx_word' id='word_1_294' title='bbox 754 2860 840 2918; x_wconf 87' lang='lat' dir='ltr'><strong>Ne,</strong></span> <span class='ocrx_word' id='word_1_295' title='bbox 867 2857 905 2904; x_wconf 90' lang='lat' dir='ltr'><strong>si</strong></span> <span class='ocrx_word' id='word_1_296' title='bbox 927 2873 1024 2920; x_wconf 89' lang='lat' dir='ltr'><strong>qua</strong></span> <span class='ocrx_word' id='word_1_297' title='bbox 1043 2857 1204 2904; x_wconf 89' lang='lat' dir='ltr'><strong>minus</strong></span> <span class='ocrx_word' id='word_1_298' title='bbox 1222 2855 1424 2921; x_wconf 89' lang='lat' dir='ltr'><strong>provide</strong></span> <span class='ocrx_word' id='word_1_299' title='bbox 1447 2855 1800 2915; x_wconf 87' lang='lat' dir='ltr'><strong>conceduntur,</strong></span> <span class='ocrx_word' id='word_1_300' title='bbox 1822 2854 1937 2901; x_wconf 89' lang='lat' dir='ltr'><strong>hinc</strong></span> <span class='ocrx_word' id='word_1_301' title='bbox 1966 2869 2077 2900; x_wconf 93' lang='lat' dir='ltr'><strong>eum</strong></span> <span class='ocrx_word' id='word_1_302' title='bbox 2107 2852 2191 2916; x_wconf 92' lang='lat' dir='ltr'><strong>qui</strong></span> <span class='ocrx_word' id='word_1_303' title='bbox 2217 2853 2381 2899; x_wconf 90' lang='lat' dir='ltr'><strong>doceri</strong></span> 
     </span>
     <span class='ocr_line' id='line_1_34' title="bbox 233 2932 2378 2999; baseline -0.002 -15"><span class='ocrx_word' id='word_1_304' title='bbox 233 2938 309 2985; x_wconf 86' lang='lat' dir='ltr'><strong>vel</strong></span> <span class='ocrx_word' id='word_1_305' title='bbox 346 2938 522 2986; x_wconf 88' lang='lat' dir='ltr'><strong>docere</strong></span> <span class='ocrx_word' id='word_1_306' title='bbox 555 2939 790 2999; x_wconf 90' lang='lat' dir='ltr'><strong>intendit,</strong></span> <span class='ocrx_word' id='word_1_307' title='bbox 832 2937 1173 2986; x_wconf 64' lang='lat' dir='ltr'><strong>erubescentiae</strong></span> <span class='ocrx_word' id='word_1_308' title='bbox 1206 2937 1467 2985; x_wconf 83' lang='lat' dir='ltr'><strong>inferendae</strong></span> <span class='ocrx_word' id='word_1_309' title='bbox 1504 2937 1809 2984; x_wconf 89' lang='lat' dir='ltr'><strong>occasionem</strong></span> <span class='ocrx_word' id='word_1_310' title='bbox 1848 2951 2066 2994; x_wconf 89' lang='lat' dir='ltr'><strong>sumere,</strong></span> <span class='ocrx_word' id='word_1_311' title='bbox 2103 2932 2188 2979; x_wconf 91' lang='lat' dir='ltr'><strong>ubi</strong></span> <span class='ocrx_word' id='word_1_312' title='bbox 2236 2934 2378 2980; x_wconf 87' lang='lat' dir='ltr'><strong>etiam</strong></span> 
     </span>
     <span class='ocr_line' id='line_1_35' title="bbox 236 3014 2380 3084; baseline -0.002 -19"><span class='ocrx_word' id='word_1_313' title='bbox 236 3019 606 3082; x_wconf 87' lang='lat' dir='ltr'><strong>argumentandi</strong></span> <span class='ocrx_word' id='word_1_314' title='bbox 636 3019 785 3084; x_wconf 85' lang='lat' dir='ltr'><strong>gratia</strong></span> <span class='ocrx_word' id='word_1_315' title='bbox 816 3018 928 3066; x_wconf 80' lang='lat' dir='ltr'><strong>licet</strong></span> <span class='ocrx_word' id='word_1_316' title='bbox 960 3033 1316 3083; x_wconf 88' lang='lat' dir='ltr'><strong>nonnunquam</strong></span> <span class='ocrx_word' id='word_1_317' title='bbox 1345 3016 1613 3065; x_wconf 91' lang='lat' dir='ltr'><strong>concedere</strong></span> <span class='ocrx_word' id='word_1_318' title='bbox 1645 3016 1777 3064; x_wconf 85' lang='lat' dir='ltr'><strong>salsa.</strong></span> <span class='ocrx_word' id='word_1_319' title='bbox 1812 3018 2021 3063; x_wconf 89' lang='lat' dir='ltr'><strong>Omnem</strong></span> <span class='ocrx_word' id='word_1_320' title='bbox 2043 3014 2204 3077; x_wconf 84' lang='lat' dir='ltr'><strong>itaque</strong></span> <span class='ocrx_word' id='word_1_321' title='bbox 2233 3014 2380 3061; x_wconf 91' lang='lat' dir='ltr'><strong>licen-</strong></span> 
     </span>
     <span class='ocr_line' id='line_1_36' title="bbox 237 3096 1820 3164; baseline -0.001 -19"><span class='ocrx_word' id='word_1_322' title='bbox 237 3099 351 3146; x_wconf 88' lang='lat' dir='ltr'><strong>tiam</strong></span> <span class='ocrx_word' id='word_1_323' title='bbox 375 3099 457 3153; x_wconf 65' lang='lat' dir='ltr'><strong>vel&lt;</strong></span> <span class='ocrx_word' id='word_1_324' title='bbox 473 3098 717 3147; x_wconf 82' lang='lat' dir='ltr'><strong>mittendae</strong></span> <span class='ocrx_word' id='word_1_325' title='bbox 739 3099 930 3164; x_wconf 89' lang='lat' dir='ltr'><strong>penitus</strong></span> <span class='ocrx_word' id='word_1_326' title='bbox 951 3098 1026 3146; x_wconf 86' lang='lat' dir='ltr'><strong>vel</strong></span> <span class='ocrx_word' id='word_1_327' title='bbox 1050 3098 1345 3163; x_wconf 82' lang='lat' dir='ltr'><strong>corrigendae</strong></span> <span class='ocrx_word' id='word_1_328' title='bbox 1367 3098 1612 3146; x_wconf 85' lang='lat' dir='ltr'><strong>sententiae</strong></span> <span class='ocrx_word' id='word_1_329' title='bbox 1634 3096 1820 3144; x_wconf 91' lang='lat' dir='ltr'><strong>damus.</strong></span> 
     </span>
    </p>

    <p class='ocr_par' dir='ltr' id='par_1_13' title="bbox 240 3175 2381 3402">
     <span class='ocr_line' id='line_1_37' title="bbox 306 3175 2374 3244; baseline -0.002 -18"><span class='ocrx_word' id='word_1_330' title='bbox 306 3183 494 3228; x_wconf 64' lang='lat' dir='ltr'><strong>Pmnosss</strong></span> <span class='ocrx_word' id='word_1_331' title='bbox 522 3182 782 3240; x_wconf 85' lang='lat' dir='ltr'><strong>MementO,</strong></span> <span class='ocrx_word' id='word_1_332' title='bbox 812 3180 1007 3244; x_wconf 89' lang='lat' dir='ltr'><strong>inquam</strong></span> <span class='ocrx_word' id='word_1_333' title='bbox 1025 3216 1037 3238; x_wconf 89' lang='lat'>‚</span> <span class='ocrx_word' id='word_1_334' title='bbox 1071 3178 1189 3244; x_wconf 91' lang='lat' dir='ltr'><strong>quid</strong></span> <span class='ocrx_word' id='word_1_335' title='bbox 1214 3178 1417 3227; x_wconf 86' lang='lat' dir='ltr'><strong>dixerim</strong></span> <span class='ocrx_word' id='word_1_336' title='bbox 1443 3188 1491 3227; x_wconf 91' lang='lat' dir='ltr'><strong>et</strong></span> <span class='ocrx_word' id='word_1_337' title='bbox 1518 3178 1810 3226; x_wconf 90' lang='lat' dir='ltr'><strong>conditionis</strong></span> <span class='ocrx_word' id='word_1_338' title='bbox 1836 3178 2065 3243; x_wconf 79' lang='lat' dir='ltr'><strong>appositae</strong></span> <span class='ocrx_word' id='word_1_339' title='bbox 2096 3175 2374 3229; x_wconf 86' lang='lat' dir='ltr'><strong>recordare,</strong></span> 
     </span>
     <span class='ocr_line' id='line_1_38' title="bbox 240 3256 2379 3325; baseline -0.003 -19"><span class='ocrx_word' id='word_1_340' title='bbox 240 3259 322 3307; x_wconf 87' lang='lat' dir='ltr'><strong>ubi</strong></span> <span class='ocrx_word' id='word_1_341' title='bbox 346 3260 568 3309; x_wconf 88' lang='lat' dir='ltr'><strong>videlicet</strong></span> <span class='ocrx_word' id='word_1_342' title='bbox 597 3261 779 3309; x_wconf 90' lang='lat' dir='ltr'><strong>dictum</strong></span> <span class='ocrx_word' id='word_1_343' title='bbox 805 3270 876 3307; x_wconf 87' lang='lat' dir='ltr'><strong>est</strong></span> <span class='ocrx_word' id='word_1_344' title='bbox 903 3279 913 3308; x_wconf 72' lang='grc' dir='ltr'><strong><em>ε</em></strong></span> <span class='ocrx_word' id='word_1_345' title='bbox 941 3260 1071 3318; x_wconf 88' lang='lat' dir='ltr'><strong>Quid</strong></span> <span class='ocrx_word' id='word_1_346' title='bbox 1093 3260 1130 3307; x_wconf 91' lang='lat' dir='ltr'><strong>si</strong></span> <span class='ocrx_word' id='word_1_347' title='bbox 1158 3260 1224 3307; x_wconf 85' lang='lat' dir='ltr'><strong>ita</strong></span> <span class='ocrx_word' id='word_1_348' title='bbox 1249 3260 1353 3307; x_wconf 82' lang='lat' dir='ltr'><strong>est?</strong></span> <span class='ocrx_word' id='word_1_349' title='bbox 1374 3259 1534 3307; x_wconf 86' lang='lat' dir='ltr'><strong>Multis</strong></span> <span class='ocrx_word' id='word_1_350' title='bbox 1564 3275 1773 3325; x_wconf 87' lang='lat' dir='ltr'><strong>namque</strong></span> <span class='ocrx_word' id='word_1_351' title='bbox 1794 3257 2199 3324; x_wconf 83' lang='lat' dir='ltr'><strong>philosophorum</strong></span> <span class='ocrx_word' id='word_1_352' title='bbox 2224 3256 2379 3301; x_wconf 86' lang='lat' dir='ltr'><strong>visum</strong></span> 
     </span>
     <span class='ocr_line' id='line_1_39' title="bbox 240 3328 2381 3402; baseline -0.004 -15"><span class='ocrx_word' id='word_1_353' title='bbox 240 3350 325 3402; x_wconf 89' lang='lat' dir='ltr'><strong>est,</strong></span> <span class='ocrx_word' id='word_1_354' title='bbox 355 3341 580 3389; x_wconf 86' lang='lat' dir='ltr'><strong>omnibus</strong></span> <span class='ocrx_word' id='word_1_355' title='bbox 603 3342 744 3389; x_wconf 85' lang='lat' dir='ltr'><strong>bonis</strong></span> <span class='ocrx_word' id='word_1_356' title='bbox 772 3328 1052 3389; x_wconf 87' lang='lat' dir='ltr'><strong>hominibus</strong></span> <span class='ocrx_word' id='word_1_357' title='bbox 1081 3357 1251 3388; x_wconf 77' lang='lat' dir='ltr'><strong>omnes</strong></span> <span class='ocrx_word' id='word_1_358' title='bbox 1284 3341 1426 3388; x_wconf 88' lang='lat' dir='ltr'><strong>simul</strong></span> <span class='ocrx_word' id='word_1_359' title='bbox 1455 3342 1610 3388; x_wconf 91' lang='lat' dir='ltr'><strong>inesse</strong></span> <span class='ocrx_word' id='word_1_360' title='bbox 1629 3340 1855 3398; x_wconf 84' lang='lat' dir='ltr'><strong>virtutes,</strong></span> <span class='ocrx_word' id='word_1_361' title='bbox 1889 3355 1978 3386; x_wconf 87' lang='lat' dir='ltr'><strong>nec</strong></span> <span class='ocrx_word' id='word_1_362' title='bbox 2011 3355 2121 3385; x_wconf 89' lang='lat' dir='ltr'><strong>eum</strong></span> <span class='ocrx_word' id='word_1_363' title='bbox 2145 3336 2381 3383; x_wconf 87' lang='lat' dir='ltr'><strong>ullatenus</strong></span> 
     </span>
    </p>
   </div>
  </div>
 </body>
</html>
