2638 3866
309 189 363 234 34
377 187 405 234 8
1112 182 1282 230 PETRI
1318 183 1634 233 ABAELARDI

308 284 464 333 verbis
481 285 656 331 nostris
678 282 975 331 ostendimus
998 299 1098 330 non
1120 283 1210 330 nisi
1233 283 1293 331 ab
1318 300 1376 332 eo
1396 285 1446 332 id
1468 301 1557 332 nos
1575 301 1715 350 posse
1736 283 1932 345 habere,
1954 287 2087 350 quod
2103 303 2313 336 oramus.
2334 291 2441 354 Ipsa

307 365 451 414 verba
463 380 567 429 quoe
580 362 865 428 proferimus
879 364 1101 411 affectum
1116 373 1334 412 nostrum
1344 374 1391 412 et
1404 363 1714 412 devotionem
1725 364 1966 413 intellectu
1984 383 2071 414 suo
2083 367 2131 414 in
2140 371 2295 416 Deum
2308 370 2438 416 exci-

307 455 425 507 tant,
452 454 499 492 et
521 453 830 491 commovent
858 462 868 490 :
899 454 951 491 ut
979 453 1114 492 tanto
1140 444 1379 491 efficacior
1403 445 1503 509 ipsa
1526 445 1586 491 sit
1611 444 1784 505 oratiO,
1813 455 1995 510 quanto
2018 447 2068 493 in
2094 458 2263 495 orante
2285 449 2436 511 major

305 536 372 572 est
395 524 607 572 devotio.

373 625 395 649 «
420 603 641 652 Gaudere
680 621 792 652 cum
835 603 1169 669 gaudentibus,
1190 625 1214 648 »
1260 604 1507 654 Infinitivis
1554 621 1643 671 pro
1682 605 1972 671 imperativis
2023 607 2188 667 utitur,
2230 607 2437 656 dicendo

304 685 481 733 scilicet
509 703 534 730 «
554 684 760 748 gaudere
784 694 831 732 et
856 685 1005 733 flere»
1032 702 1121 750 pro
1146 684 1346 748 gaudete
1369 694 1417 733 et
1439 685 1565 747 flete,
1592 676 1643 733 'id
1667 695 1736 734 est
1759 703 1871 734 cum
1894 685 2116 734 fidelibus
2139 687 2201 734 de
2221 686 2436 752 profectu

304 782 474 814 eorum
507 766 731 826 exultate,
765 766 840 813 vel
873 765 935 814 de
967 766 1182 830 ipsorum
1218 765 1387 814 effectu
1420 766 1764 832 compatiendo
1795 768 2163 815 contristemini.
2200 771 2281 816 Est
2310 764 2439 815 enim

306 846 419 894 falsa
449 846 607 894 laetitia
643 847 938 911 iniquorum,
977 847 1055 893 cui
1089 846 1494 911 congaudendum
1526 864 1626 894 non
1666 857 1753 907 est,
1795 857 1843 894 et
1876 847 1993 895 falsa
2029 864 2199 894 eorum
2234 848 2437 908 tristitia,

305 928 381 975 cui
412 926 792 975 contristandum
818 928 1013 974 minime
1047 936 1134 974 est.
1164 926 1303 974 Unde
1339 928 1603 974 Dominus¹
1629 945 1638 973 :
1672 946 1695 971 «
1713 926 1946 988 Mundus,
1988 927 2167 992 inquit,
2196 926 2437 991 gaudebit,

305 1024 390 1055 vos
420 1017 581 1055 autem
609 1007 1027 1055 contristabimini.
1048 1028 1071 1051 »
1098 1009 1158 1054 Et
1181 1006 1407 1055 Salomon
1440 1008 1489 1054 in
1513 1005 1778 1054 Proverbiis
1796 1006 1857 1054 de
1881 1008 2164 1072 perversis²:
2197 1027 2219 1053 α
2236 1007 2332 1066 Qui
2362 1008 2436 1055 lae-

304 1097 466 1136 tantur
498 1105 612 1136 cum
646 1087 769 1135 male
802 1087 1017 1149 fecerint,
1057 1098 1104 1136 et
1142 1086 1355 1135 exultant
1385 1088 1434 1134 in
1474 1087 1618 1135 rebus
1648 1088 1928 1151 pessimis.»
1965 1090 2087 1135 Cum
2121 1098 2281 1136 autem
2311 1086 2440 1136 idem

303 1168 531 1216 Salomon
564 1167 677 1215 alibi
705 1167 879 1216 dicat³2
912 1171 1061 1216 «Non
1086 1166 1386 1216 contristabit
1410 1167 1593 1231 justum
1622 1167 1860 1232 quidquid
1883 1168 1925 1215 ei
1947 1168 2198 1230 acciderit3
2223 1188 2258 1213 »-
2275 1168 2441 1235 etipse

303 1248 558 1314 Apostolus
580 1249 750 1314 supra‘
770 1265 780 1293 ε
817 1268 839 1292 (ε
858 1249 1044 1296 Scimus
1079 1248 1311 1313 quoniam
1347 1247 1655 1312 diligentibus
1677 1251 1834 1295 Deum
1857 1248 2022 1295 omnia
2044 1257 2368 1314 cooperantur
2389 1249 2442 1300 in

301 1328 507 1389 bonum,
543 1338 658 1387 etc.;
693 1329 860 1393 »quid
897 1338 1055 1395 potest
1090 1327 1306 1376 accidere
1341 1326 1503 1376 electis
1541 1327 1670 1376 unde
1711 1328 1926 1376 flendum
1960 1329 2034 1388 sit,
2074 1338 2156 1376 aut
2193 1329 2441 1393 quomodo

302 1408 608 1457 rationabiles
630 1419 742 1457 sunt
765 1408 854 1456 illae
873 1408 1092 1473 lacrymae
1110 1406 1287 1456 Rachel
1308 1407 1369 1456 de
1391 1408 1723 1457 interfectione
1746 1408 1974 1469 filiorum,
1991 1408 2053 1456 de
2078 1409 2268 1457 miseria
2291 1409 2359 1457 sic
2379 1409 2441 1457 ad

302 1489 648 1537 beatitudinem
680 1488 1068 1537 transeuntium?
1101 1487 1237 1536 Unde
1267 1498 1314 1536 et
1340 1488 1401 1536 de
1424 1488 1506 1537 illo
1527 1488 1644 1537 fletu
1666 1488 1886 1537 fidelium
1919 1490 1969 1536 in
1999 1490 2200 1537 transitu
2228 1492 2280 1536 B.
2317 1492 2442 1537 Mar-

304 1571 391 1617 tini
413 1570 642 1635 scriptum
674 1579 743 1617 est
770 1588 780 1616 t
814 1572 936 1617 Cum
960 1569 1156 1617 sentiret
1180 1569 1331 1632 magis
1357 1586 1456 1617 esse
1482 1569 1812 1633 gaudendum,
1836 1569 1873 1616 si
1902 1569 2139 1617 rationem
2160 1569 2233 1616 vis
2255 1569 2438 1617 doloris

305 1651 555 1698 amitteret.
573 1651 892 1714 Hieronymus
913 1648 980 1696 ad
1002 1651 1252 1711 Tyrasium
1271 1648 1331 1695 de
1353 1659 1507 1697 morte
1526 1649 1658 1697 fitiae:
1687 1652 1887 1698 «Tantas
1909 1649 2122 1715 talesque
2141 1658 2441 1715 tempestates

305 1733 441 1790 vitae,
482 1740 552 1778 tot
581 1731 966 1796 impugnationes
1004 1729 1203 1790 diaboli,
1236 1739 1309 1777 tot
1337 1731 1557 1795 corporis
1585 1730 1731 1792 bella,
1770 1739 1841 1777 tot
1878 1731 2026 1779 seculi
2058 1730 2219 1779 clades
2253 1731 2400 1779 evasit
2426 1749 2436 1776 z

305 1822 351 1859 et
382 1812 618 1876 lacrymas
652 1810 914 1872 fundimus,
947 1810 1083 1875 quasi
1118 1810 1209 1875 ipsi
1235 1810 1504 1858 nesciamus
1538 1810 1657 1875 quid
1693 1810 1912 1875 quotidie
1944 1812 2201 1876 patiamur.
2242 1814 2442 1877 Propter

305 1892 437 1956 quod
459 1902 504 1939 et
525 1891 761 1939 Dominus
779 1890 847 1938 sic
863 1889 1092 1938 admonet
1110 1889 1395 1956 discipulos⁵
1416 1908 1426 1937 :
1455 1911 1477 1934 ι(
1499 1890 1548 1937 Si
1570 1889 1824 1956 diligeretis
1846 1907 1941 1953 me,
1963 1889 2231 1955 gauderetis
2254 1891 2435 1955 utique,

307 1993 331 2017 «
360 1972 473 2036 quia
493 1971 620 2020 vado
645 1970 706 2018 ad
731 1980 934 2036 patrem.
951 1990 974 2016 »
991 1970 1137 2018 Plane
1154 1980 1400 2018 mortuum
1416 1973 1649 2019 Lazarum
1669 1969 1817 2030 flevit,
1835 1969 1989 2019 doluit
2010 1986 2120 2017 non>
2135 1970 2435 2026 morientem,

303 2053 387 2100 sed
410 2053 571 2118 potius
589 2061 933 2115 resurgentem,
960 2061 1008 2100 et
1030 2051 1175 2099 flebat
1193 2067 1340 2116 quem
1358 2050 1620 2116 cogebatur
1644 2067 1736 2116 pro
1756 2050 1997 2121 salvandis
2017 2050 2120 2098 aliis
2142 2050 2206 2098 ad
2228 2049 2439 2098 seculum

302 2149 545 2181 revocare.
571 2136 706 2180 Hanc
726 2132 871 2180 vitam
889 2131 1010 2180 dans
1026 2133 1267 2180 Dominus
1285 2131 1646 2195 ingemiscebat,
1671 2147 1818 2196 quam
1838 2142 1890 2179 tu
1910 2128 2045 2178 doles
2064 2146 2165 2179 esse
2183 2129 2434 2178 sublatam.

303 2217 483 2261 Contra
513 2213 745 2277 lacrymas
769 2212 870 2276 ejus
893 2223 1110 2278 pugnant
1134 2223 1239 2261 tuae.
1264 2212 1347 2260 llle
1374 2212 1572 2260 nolebat
1595 2210 1799 2259 reddere
1827 2211 2074 2259 laboribus
2096 2227 2242 2275 quem
2264 2210 2439 2259 dilexe-

305 2303 391 2352 rat,
429 2303 477 2340 et
509 2303 559 2340 tu
596 2309 756 2340 amare
787 2302 834 2340 te
873 2294 1053 2352 credis,
1081 2294 1159 2340 cui
1195 2292 1417 2341 laborum
1453 2291 1647 2340 volebas
1682 2291 1843 2339 adhuc
1876 2302 2053 2339 restare
2086 2284 2341 2339 tormenta.
2369 2294 2439 2338 De

305 2373 463 2420 hostili
480 2373 632 2438 patria
649 2373 867 2436 migravit
889 2373 951 2420 ad
977 2373 1170 2420 coelum.
1198 2373 1452 2438 Apostolus
1476 2374 1754 2420 memorat⁶z
1776 2372 2059 2430 «Quamdiu
2085 2387 2250 2419 sumus
2272 2372 2320 2418 in
2345 2371 2438 2418 hoc

308 2473 330 2497 «
348 2453 527 2513 seculo,
544 2454 905 2519 peregrinamur
920 2470 949 2500 a
965 2456 1085 2501 Deo.
1108 2473 1132 2498 »
1155 2452 1293 2500 Unde
1314 2469 1428 2517 ergo
1452 2452 1543 2499 illae
1558 2453 1777 2515 lacrymae
1795 2452 2003 2499 Rachel?
2022 2451 2148 2498 unde
2164 2452 2436 2515 compassio

306 2534 522 2581 fidelium
550 2550 692 2598 super
720 2533 1055 2581 intersectione
1082 2535 1324 2598 justorum
1357 2549 1464 2596 quae
1493 2532 1598 2579 finit
1619 2533 1669 2579 in
1694 2533 1761 2579 eis
1783 2533 2024 2579 miseriam
2053 2541 2100 2578 et
2118 2531 2304 2578 confert
2326 2530 2437 2594 glo—-

305 2614 453 2662 riam?
470 2614 542 2661 vel
561 2615 702 2662 etiam
728 2630 838 2661 cum
862 2615 1027 2662 omnia
1050 2630 1154 2679 quae
1176 2613 1401 2662 accidunt
1424 2613 1603 2674 electiS,
1620 2613 1705 2674 eis,
1732 2622 1784 2659 ut
1807 2612 1990 2659 dictum
2009 2620 2096 2672 est,
2114 2618 2437 2675 cooperentur

304 2696 351 2741 in
388 2695 600 2757 bonum,
628 2694 702 2742 vel
737 2694 974 2759 quidquid
1009 2695 1077 2742 eis
1112 2694 1323 2756 accidat,
1362 2711 1462 2741 non
1497 2692 1876 2740 contristentur?
1898 2691 2038 2739 Unde
2072 2708 2162 2738 nos
2190 2707 2333 2756 super
2356 2707 2437 2738 eos

305 2775 466 2822 dolere
497 2775 740 2836 convenit,
768 2775 843 2822 vel
872 2775 1001 2840 ipsos
1029 2774 1091 2822 de
1127 2775 1288 2839 aliquo
1311 2775 1563 2840 poenitere,
1596 2791 1718 2839 quos
1752 2774 1801 2820 in
1840 2773 1931 2821 alia
1964 2773 2061 2820 vita
2094 2772 2203 2819 licet
2237 2787 2436 2818 suorum

306 2865 611 2917 peccatorum
651 2846 913 2915 memoreS,
953 2865 1140 2903 constat
1177 2866 1335 2903 tamen
1375 2855 1511 2903 nullo
1546 2854 1695 2902 modo
1733 2853 1903 2901 dolore
1937 2853 2228 2919 poenitentiae
2263 2850 2387 2898 affici
2421 2868 2434 2896 ε

306 2934 603 2981 attendentes
634 2935 810 2983 scilicet
832 2936 932 3000 ipsa
957 2937 1096 2983 etiam
1128 2945 1324 3000 peccata
1346 2935 1434 2982 sibi
1458 2936 1508 2983 in
1531 2935 1722 2983 bonum
1749 2934 1889 2982 fuisse
1912 2942 2184 2999 cooperata.
2221 2932 2435 2995 Denique

306 3029 417 3058 cum
445 3014 606 3060 omnia
629 3015 812 3078 optime
833 3031 861 3062 a
882 3018 986 3063 Deo
1011 3032 1109 3063 non
1133 3015 1425 3077 dubitemus,
1452 3016 1573 3063 adeo
1598 3025 1652 3063 ut
1675 3016 1776 3081 ipsa
1803 3030 1999 3079 quoque
2019 3013 2146 3061 mala
2165 3012 2353 3058 bonum
2377 3012 2434 3057 sit

348 3218 480 3261 ¹Joan.,
498 3227 568 3259 cap.
587 3227 658 3258 xvi,
678 3228 706 3251 v.
722 3222 774 3252 20.
791 3237 833 3242 —
846 3220 988 3259 ’Prov.,
1006 3228 1077 3260 cap.
1105 3229 1140 3258 ιι,
1158 3229 1188 3253 v.
1206 3221 1257 3255 14.
1274 3237 1314 3245 -
1329 3222 1460 3261 ³Prms„
1478 3230 1548 3262 cap.
1566 3230 1622 3260 κη,
1637 3230 1669 3252 v.
1688 3223 1739 3254 21.
1754 3237 1791 3244 -
1805 3221 1814 3239 ⁴
1830 3221 1939 3258 Rom„
1956 3228 2091 3260 capam
2104 3244 2110 3259 ‚
2124 3228 2150 3251 v.
2172 3220 2223 3251 28.
2244 3236 2279 3242 —
2298 3217 2430 3258 Ποῖα..

306 3281 378 3313 cap.
395 3281 467 3313 xiv,
489 3281 519 3305 v.
537 3274 589 3306 28.
603 3273 669 3298 -⁸
682 3271 710 3304 11
725 3271 902 3314 Corinth.‚
921 3281 992 3313 cap.
1014 3282 1047 3312 v,
1066 3282 1095 3305 v.
1115 3274 1147 3306 6.
