2638 3866
289 232 306 276 4
320 228 382 275 14
1087 220 1257 268 PETRI
1293 220 1609 271 ABAELARDI

286 327 491 375 arbitror
513 325 765 390 Spiritum,
797 322 910 387 quia
933 336 1238 386 nequaquam
1267 319 1371 367 dari
1404 320 1449 367 ei
1470 328 1652 385 potest,
1691 319 1769 367 cui
1793 319 1960 369 abesse
1984 337 2084 369 non
2112 331 2296 387 potest,
2323 323 2417 372 hoe

288 417 355 454 est
377 406 457 454 cui
478 403 742 453 necessario
769 402 915 463 inest,
947 402 1030 465 qui
1053 400 1318 449 necessario
1344 400 1590 464 utriusque
1612 408 1684 447 est
1706 399 1924 465 Spiritus.

352 489 458 533 Non
491 483 694 532 arbitror
730 491 891 529 autem
913 480 1009 528 hoc
1031 497 1227 546 quoque
1260 480 1322 528 ab
1351 479 1444 527 hac
1480 479 1745 544 quaestione
1768 479 1979 528 alienum
2000 497 2102 530 esse
2119 517 2132 544 ,
2166 485 2417 548 quomodo

289 565 464 613 scilicet
484 563 610 611 hanc
635 561 781 609 fidem
800 543 1040 608 Trinitatis
1072 559 1160 608 soli
1183 551 1437 607 Christiani
1462 569 1672 619 teneant,
1710 569 1758 607 et
1779 576 1878 608 non
1906 562 2051 611 etiam
2073 563 2149 611 vel
2170 563 2323 612 Judaei
2344 564 2420 613 vel

288 643 512 693 GentileS.
532 645 655 690 Cum
677 642 806 690 enim
823 643 979 689 Deum
1003 657 1104 688 esse
1123 643 1310 688 Patrem
1333 649 1380 687 et
1404 639 1578 687 Filium
1597 650 1644 688 et
1659 641 1888 707 Spiritum
1909 653 2129 692 sanctum
2150 643 2246 693 tale
2267 645 2342 706 sit,
2365 654 2419 693 ut

289 724 508 785 diximuS,
524 725 680 770 Deum
697 738 799 770 esse
812 721 1095 786 potentiam,
1111 730 1166 768 ut
1178 720 1362 768 dictum
1375 730 1463 782 est,
1484 731 1810 785 generantem,
1826 731 1876 771 et
1890 725 2172 789 sapientiam
2188 726 2415 791 genitam,

288 813 335 851 et
355 802 696 868 benignitatem
723 800 1086 868 procedentem,
1113 817 1226 848 cum
1256 801 1383 849 istud
1406 817 1552 850 nemo
1580 801 1812 850 discretus
1835 803 2060 868 ambigat,
2086 806 2188 854 sive
2206 805 2414 867 Judaeus,

287 885 384 931 sive
399 883 616 943 Gentilis,
633 882 814 930 nemini
836 881 938 929 haec
959 880 1079 928 fides
1101 880 1266 929 deesse
1290 881 1497 945 videtur,
1524 882 1659 948 quod
1682 893 1729 931 et
1759 899 1848 932 nos
1869 884 2066 949 quidem
2087 885 2416 949 concedimus,

287 973 537 1028 sequentes
566 962 847 1029 Apostolum
866 963 949 1027 qui
970 961 1059 1008 ait¹
1090 979 1099 1008 :
1133 961 1319 1020 «Quod
1343 971 1516 1010 notum
1544 972 1615 1011 est
1635 963 1743 1024 Dei,
1768 964 2075 1012 manifestum
2096 967 2236 1014 estin
2255 965 2363 1026 illis,
2390 984 2415 1012 n

286 1059 341 1091 ac
371 1044 410 1091 si
447 1043 626 1092 diceret
652 1060 662 1089 :
690 1042 835 1101 Quod
858 1042 920 1089 ad
952 1041 1251 1090 divinitatem
1275 1044 1498 1107 pertinet,
1526 1044 1717 1092 ratione
1742 1054 2076 1111 perceperunt,
2104 1047 2219 1112 quia
2236 1045 2336 1095 hoc
2357 1046 2420 1095 de

285 1124 513 1172 Deoratio
527 1123 806 1172 naturaliter
825 1138 1220 1187 unumquemque
1238 1123 1455 1171 edoceat.
1478 1123 1617 1172 Unde
1633 1133 1681 1172 et
1701 1126 1920 1192 superius
1931 1127 2419 1188 cumPlatonicorum

292 1204 549 1252 sententias
564 1204 626 1251 de
647 1204 807 1252 Verbo
832 1204 919 1251 Dei
943 1204 1233 1268 Augustinus
1255 1215 1581 1271 praesentaret,
1605 1205 1764 1254 solum
1782 1223 1888 1272 quae
1905 1207 1965 1256 ad
1991 1207 2289 1257 divinitatem
2308 1210 2421 1257 Ver-

284 1283 331 1331 bi
363 1284 601 1349 pertinent
624 1300 674 1332 se
704 1286 753 1332 in
782 1285 849 1332 eis
882 1285 1112 1350 reperisse
1134 1284 1458 1347 confirmavit,
1483 1295 1531 1334 et
1553 1286 1622 1335 nil
1641 1285 1704 1335 de
1724 1287 2066 1337 incarnationis
2093 1289 2340 1354 mysterio,
2366 1289 2416 1337 in

281 1380 377 1428 quo
400 1374 550 1412 totam
572 1364 736 1412 salutis
755 1365 977 1413 humanae
999 1382 1241 1415 summam
1269 1367 1530 1416 consistere
1551 1377 1737 1416 certum
1763 1378 1851 1428 est,
1881 1370 1984 1418 sine
2003 1386 2103 1436 quo
2135 1379 2306 1419 caetera
2325 1369 2420 1418 fru-

279 1453 372 1492 stra
393 1444 669 1493 creduntur.
711 1445 865 1494 Facile
907 1456 1070 1495 autem
1105 1448 1330 1495 convinci
1367 1450 1546 1514 poterit
1580 1465 1664 1498 eos
1687 1466 1884 1516 quoque
1913 1452 1998 1516 qui
2028 1460 2196 1500 nostra
2224 1450 2287 1499 de
2321 1449 2418 1499 fide

281 1524 423 1573 verba
444 1525 732 1586 abhorrent,
759 1544 869 1575 cum
894 1527 1116 1576 videlicet
1141 1528 1349 1576 audiunt
1375 1532 1534 1578 Deum
1558 1532 1746 1579 Patrem
1766 1540 1815 1579 et
1835 1533 1993 1580 Deum
2018 1531 2216 1594 Filium,
2237 1532 2287 1580 in
2309 1546 2418 1580 sen·

279 1622 394 1652 sum
420 1605 675 1654 verborum
694 1607 837 1655 nobis
861 1625 964 1656 esse
987 1609 1653 1675 conjunctoanterrogemus
1678 1612 1813 1660 enim
1835 1628 1919 1661 eos
1949 1613 1987 1661 si
2013 1613 2298 1679 sapientiam
2329 1613 2417 1661 Dei

275 1685 495 1747 credant,
521 1686 582 1735 de
608 1704 700 1752 qua
725 1689 958 1754 scriptum
989 1691 1109 1737 est¹:
1143 1709 1167 1733 c<
1186 1691 1364 1738 Omnia
1385 1691 1435 1738 in
1459 1691 1691 1757 sapientia
1716 1692 1887 1753 fecisti,
1909 1712 1934 1739 »
1962 1703 2009 1741 et
2034 1694 2192 1742 statim
2215 1709 2417 1759 respon-

279 1765 463 1814 debunt
495 1783 545 1814 se
581 1768 791 1817 credere.
828 1770 1094 1819 Inferamus
1118 1769 1296 1819 deinde
1331 1773 1674 1821 convenienter
1696 1789 1782 1820 eos
1811 1774 1861 1820 in
1888 1773 1984 1822 hoc
2006 1775 2112 1840 ipso
2136 1773 2306 1822 Filium
2329 1775 2416 1822 Dei

277 1846 398 1892 sicut
419 1856 465 1893 et
483 1864 572 1895 nos
592 1848 805 1911 credere,
838 1866 951 1897 cum
982 1867 1073 1898 nos
1103 1850 1325 1898 videlicet
1353 1851 1484 1899 idem
1512 1852 1834 1918 intelligamus
1859 1870 1946 1919 per
1967 1853 2184 1902 Verbum
2208 1855 2308 1902 sive
2331 1869 2416 1920 per

279 1925 445 1974 Filium
457 1929 562 1990 Dei,
580 1929 712 1993 quod
728 1930 795 1977 illi
814 1947 900 1996 per
914 1931 1196 1997 sapientiam
1209 1932 1315 1979 Dei.
1336 1932 1563 1998 Quisquis
1576 1943 1736 1982 autem
1750 1934 1919 1982 Filium
1933 1951 2035 1982 esse
2048 1935 2234 2000 recipit,
2251 1935 2418 2000 utique

276 2015 320 2052 et
343 2023 454 2054 eum
476 2009 611 2073 cujus
633 2020 702 2057 est
723 2011 884 2072 Filius,
902 2028 1005 2060 esse
1026 2028 1128 2060 non
1145 2011 1354 2074 dubitat,
1376 2012 1474 2061 hoc
1490 2023 1562 2062 est
1582 2017 1789 2062 Patrem.
1808 2015 2039 2080 Spiritum
2058 2007 2254 2080 quoque
2273 2013 2417 2062 simili

276 2086 458 2135 ratione
478 2105 561 2136 eos
583 2090 777 2139 credere
803 2093 1166 2154 convincemus,
1187 2094 1227 2141 si
1249 2094 1318 2141 eis
1339 2093 1459 2159 quid
1485 2095 1536 2142 in
1564 2094 1662 2143 hoc
1693 2096 1892 2143 nomine
1925 2095 2246 2160 intelligamus
2267 2111 2418 2161 expo-

276 2168 526 2228 suerimus,
551 2169 704 2235 ipsam
727 2171 906 2221 scilicet
929 2172 1103 2222 divinae
1131 2175 1290 2238 gratiae
1311 2174 1598 2223 bonitatem.
1626 2176 1748 2224 Hinc
1769 2185 1930 2224 autem
1953 2175 2089 2223 facile
2115 2176 2418 2224 occasionem

276 2249 399 2294 sumi
423 2248 645 2312 arbitror,
667 2253 985 2302 convertendi
1008 2253 1071 2302 ad
1084 2253 1231 2303 fidem
1251 2265 1467 2304 nostram
1487 2256 1731 2321 quoslibet
1749 2257 1950 2317 alienos,
1976 2257 2016 2304 si
2043 2255 2323 2321 hujusmodi
2345 2256 2417 2303 in·

276 2326 583 2377 ductionibus
606 2347 689 2379 eos
709 2333 808 2396 jam
831 2351 1144 2384 communem
1162 2336 1305 2384 nobis
1322 2353 1517 2385 sensum
1534 2336 1647 2385 fidei
1669 2336 1851 2386 habere
1866 2337 2234 2385 convicerimus.
2259 2338 2418 2395 Quam

275 2404 384 2455 licet
421 2424 505 2456 ore
543 2427 643 2458 non
673 2413 1010 2477 confiteantur,
1037 2416 1160 2464 sicut
1180 2433 1289 2477 nos,
1310 2426 1511 2483 propter
1532 2418 1800 2482 ignoratam
1823 2418 2002 2466 scilicet
2025 2417 2289 2465 verborum
2309 2432 2420 2464 nos-

277 2494 460 2536 trorum
484 2489 905 2555 significationem3
931 2496 1080 2545 corde
1107 2506 1268 2545 tamen
1300 2498 1402 2562 jam
1422 2507 1614 2556 tenent,
1649 2499 1773 2547 sicut
1803 2498 2037 2564 scriptum
2062 2500 2152 2545 est³
2175 2515 2186 2544 ε
2219 2515 2243 2543 «
2259 2496 2418 2544 Corde

277 2566 485 2616 creditur
506 2570 568 2618 ad
585 2571 836 2636 justitiam.
870 2595 893 2618 ³>

323 2736 451 2779 ¹R0m.‚
467 2748 535 2781 cap.
555 2750 579 2783 1,
595 2751 625 2775 v.
649 2744 699 2778 19.
716 2762 755 2769 —
776 2746 926 2781 Ῥεαῑτη.
945 2755 1012 2789 mn,
1029 2758 1059 2782 v.
1080 2751 1133 2784 24.
1151 2766 1188 2773 ——
1204 2750 1217 2771 ³
1232 2749 1347 2790 Rom,
1362 2758 1435 2791 rap.
1466 2758 1500 2790 x,
1521 2759 1549 2783 v.
1571 2750 1621 2783 10.
