2638 3866
313 218 409 268 776
1218 217 1533 267 APPENDIX.

313 336 410 364 cum
433 321 573 364 subito
590 321 846 378 jaculantur.
866 318 1089 380 Quidquid
1104 320 1327 364 intestinus
1351 320 1552 364 odiorum
1573 319 1706 376 furor,
1731 317 1940 380 quidquid
1961 319 2236 380 implacabilis
2251 321 2451 364 amentiae

311 402 438 445 turbo
457 412 618 444 rotaret
632 402 678 443 in
693 401 894 456 Petrum,
911 401 1120 462 quidquid
1132 402 1279 462 iniqua
1296 400 1506 446 conflaret
1527 400 1758 455 aemulatio,
1788 416 1975 444 censurae
1998 400 2239 462 apostolicae
2257 401 2448 445 sobrium

310 497 530 540 nunquam
554 480 786 524 dormitare
803 480 981 525 deberet
995 497 1194 525 acumen.
1220 481 1305 526 Sed
1322 482 1445 526 facile
1461 481 1602 525 deviat
1619 497 1643 524 a
1669 481 1830 539 justitia
1841 513 1853 536 ,
1889 481 1962 540 qui
1975 480 2070 541 plus
2081 481 2303 524 hominem
2319 496 2448 539 quam

307 562 447 604 Deum
479 562 602 604 timet
634 562 680 604 in
715 577 863 606 causa.
896 562 1143 621 Verumque
1181 561 1290 605 illud
1327 573 1391 605 est
1421 561 1540 621 quod
1572 577 1649 622 per
1680 562 1979 622 propheticum
2011 577 2221 621 organum
2260 559 2405 605 sonat¹
2434 575 2447 604 ι

312 636 484 678 «Omne
515 646 645 695 caput
677 635 930 696 languidum
947 669 958 691 ,
984 653 1010 679 a
1031 636 1178 696 planta
1208 635 1330 696 pedis
1358 652 1492 695 usque
1518 637 1576 680 ad
1605 637 1835 691 cervicem,
1865 651 1955 679 non
1979 646 2043 678 est
2063 636 2109 677 in
2144 650 2198 678 eo
2228 635 2401 679 sanitas.
2426 654 2443 672 υ

366 712 450 755 Sed
475 713 688 773 corrigere
705 745 716 767 ,
741 714 943 773 inquiunt
975 713 1163 757 fautores
1186 714 1390 769 Abbatis,
1420 713 1596 757 Petrum
1622 713 1812 756 volebat.
1838 712 1881 755 Si
1902 713 2101 767 Petrum,
2132 712 2249 755 bone
2277 711 2358 766 vir,
2394 711 2452 755 ad

305 793 520 853 integrum
550 792 650 836 fidei
680 804 836 837 statum
872 793 1130 854 disponebas
1157 809 1382 850 revocare3
1417 810 1493 838 cur
1526 794 1567 837 ei
1598 809 1745 837 coram
1772 792 1935 853 populo
1968 803 2136 837 aeternae
2174 791 2451 853 blasphemiae

305 873 598 917 characterem
630 873 930 935 impingebas?
961 876 1206 933 Rursusque
1234 875 1268 918 si
1299 875 1428 918 Petro
1460 889 1654 917 amorem
1681 872 1831 934 populi
1852 872 2053 926 tollebas,
2077 872 2298 931 quomodo
2322 872 2452 916 corri-

307 969 407 1013 gere
430 953 717 1014 disponebas?
734 955 805 997 Ex
827 971 911 1014 qua
933 955 1232 1015 complexione
1253 955 1298 998 in
1321 970 1534 999 summam
1555 954 1781 1014 redigitur,
1804 964 1848 997 te
1875 954 1921 996 in
1941 953 2118 997 Petrum
2139 952 2340 996 exarsisse
2361 967 2452 995 non

308 1049 454 1077 amore
486 1035 783 1091 correctionis,
822 1035 899 1079 sed
923 1035 1136 1079 desiderio
1158 1036 1342 1096 propriae
1374 1035 1564 1079 ultionis.
1599 1034 1806 1078 Praeclare
1836 1033 1998 1078 dictum
2028 1043 2090 1077 est
2117 1048 2142 1076 a
2162 1030 2405 1092 Propheta²
2437 1047 2450 1075 z

311 1135 329 1151 «
353 1115 537 1174 Corripit
566 1131 637 1159 me
664 1118 800 1173 justus
832 1117 878 1159 in
913 1117 1220 1162 misericordia.
1244 1137 1261 1156 n
1289 1116 1378 1159 Ubi
1404 1117 1521 1160 enim
1544 1115 1664 1159 deest
1693 1114 1999 1170 misericordia,
2034 1130 2124 1157 non
2154 1124 2217 1157 est
2246 1112 2454 1157 correctio

302 1196 421 1253 justi,
455 1195 531 1239 sed
561 1196 781 1239 barbaries
812 1196 1035 1241 incondita
1064 1198 1252 1257 tyranni.
1286 1199 1486 1241 Testatur
1512 1197 1643 1241 etiam
1669 1211 1895 1240 rancorem
1923 1196 2055 1240 animi
2077 1197 2166 1252 ejus
2197 1194 2374 1254 epistola
2396 1192 2453 1239 ad

308 1277 610 1320 Innocentium
641 1277 804 1337 Papam
839 1277 999 1322 directa
1014 1310 1026 1333 ,
1056 1279 1102 1321 in
1131 1294 1215 1337 qua
1238 1279 1298 1321 sic
1328 1278 1620 1321 stomachatur
1658 1293 1669 1321 ι
1701 1297 1717 1316 α
1738 1276 1840 1320 Non
1870 1276 2021 1331 debet,
2045 1275 2204 1334 inquit,
2240 1273 2452 1334 refugium

306 1354 497 1400 invenire
522 1357 638 1418 apud
665 1357 812 1402 sedem
834 1359 965 1414 Petri,
997 1359 1071 1418 qui
1098 1358 1230 1402 fidem
1252 1358 1476 1418 impugnat
1505 1358 1638 1402 Petri.
1665 1378 1681 1398 η
1709 1358 1860 1413 Parce,
1893 1372 2037 1417 parce,
2070 1355 2255 1398 bellator
2276 1354 2451 1414 inclyte.

307 1435 408 1478 Non
444 1436 568 1481 decet
607 1439 872 1482 monachum
910 1440 969 1483 sic
1007 1455 1218 1500 pugnare.
1255 1438 1394 1482 Crede
1427 1436 1672 1483 Salomoni⁸
1711 1454 1723 1482 :
1755 1458 1771 1477 α
1791 1436 1918 1493 Noli,
1952 1437 2116 1496 inquit,
2146 1435 2330 1479 nimium
2363 1449 2454 1479 esse

303 1518 439 1571 justus
467 1533 477 1561 z
504 1533 558 1561 ne
591 1518 702 1562 forte
736 1519 1027 1579 obstupescas.
1049 1541 1066 1558 »
1100 1520 1203 1563 Non
1237 1519 1463 1580 impugnat
1496 1519 1627 1563 fidem
1654 1519 1796 1573 Petri,
1835 1518 1909 1577 qui
1938 1516 2070 1560 fidem
2104 1514 2287 1560 affirmat
2319 1514 2451 1558 Petri.

309 1597 449 1641 Debet
478 1615 579 1659 ergo
610 1600 802 1643 invenire
832 1600 1046 1661 refugium
1084 1599 1200 1660 apud
1231 1600 1379 1644 sedem
1413 1601 1546 1644 Petri.
1578 1601 1754 1655 Patere,
1780 1613 1952 1658 quaeso,
1977 1597 2153 1640 Petrum
2187 1606 2328 1639 tecum
2365 1610 2455 1639 esse

311 1678 603 1723 christianum.
629 1681 686 1723 Et
715 1681 750 1723 si
772 1683 850 1737 vis,
874 1692 1020 1726 tecum
1043 1682 1122 1725 erit
1143 1681 1392 1725 catholicus.
1417 1682 1473 1724 Et
1494 1682 1529 1726 si
1551 1697 1641 1724 non
1663 1681 1741 1736 vis,
1775 1690 1922 1723 tamen
1944 1678 2025 1721 erit
2043 1675 2295 1720 catholicus.
2327 1676 2457 1720 Com-

307 1759 448 1801 munis
472 1761 588 1802 enim
611 1760 726 1803 Deus
750 1773 829 1816 est,
860 1777 951 1804 non
971 1763 1177 1821 privatus.
1203 1762 1288 1805 Sed
1311 1763 1346 1805 si
1368 1762 1488 1805 sedet
1506 1762 1718 1806 sententia
1740 1760 1862 1804 cordi
1878 1792 1889 1814 ,
1915 1773 2146 1820 pergamus
2165 1757 2325 1817 pariter
2346 1772 2456 1800 con-

309 1839 530 1899 templari,
563 1840 786 1898 quomodo
822 1842 973 1884 Petrus
1009 1841 1141 1884 fidem
1170 1841 1342 1884 infestat
1365 1842 1498 1885 Petri.
1533 1842 1688 1884 Scribit
1723 1841 1841 1884 enim
1872 1840 2023 1882 Petrus
2061 1837 2118 1881 ad
2149 1836 2348 1880 ancillam
2376 1835 2458 1879 Dei

310 1918 549 1962 Heloissam
565 1921 691 1963 sacris
707 1921 857 1964 litteris
879 1922 1068 1981 apprime
1089 1922 1348 1976 institutam,
1373 1921 1627 1964 familiarem
1652 1920 1753 1964 satis
1774 1918 2015 1979 epistolam,
2040 1933 2136 1977 quae
2162 1918 2274 1960 inter
2294 1916 2458 1974 reliqua

309 2000 465 2043 horum
486 2000 616 2043 etiam
637 2001 868 2044 verborum
888 2000 1058 2045 redolet
1079 2001 1389 2045 continentiam
1405 2000 1418 2022 ⁴
1447 2016 1458 2044 ε

377 2080 538 2124 «Soror
557 2096 654 2124 mea
667 2081 878 2136 Heloissa,
894 2080 1117 2141 quondam
1138 2081 1245 2124 mihi
1260 2082 1305 2123 in
1328 2080 1471 2124 seculo
1495 2096 1608 2135 cara,
1624 2095 1742 2123 nunc
1759 2080 1805 2123 in
1826 2080 1994 2123 Christo
2015 2079 2246 2132 carissima,
2261 2076 2460 2121 odiosum

311 2176 381 2204 me
406 2160 571 2204 mundo
604 2161 796 2205 reddidit
819 2162 975 2223 logica.
1006 2163 1142 2205 Aiunt
1169 2162 1287 2205 enim
1320 2162 1509 2222 perversi
1532 2171 1850 2222 pervertentes,
1874 2175 2059 2220 quorum
2088 2158 2296 2219 sapientia
2323 2167 2388 2201 est
2413 2157 2460 2202 in

311 2240 570 2300 perditione,
593 2258 665 2286 me
687 2243 733 2285 in
753 2242 893 2302 logica
919 2242 1317 2302 praestantissimum
1340 2258 1445 2298 esse,
1472 2242 1549 2286 sed
1569 2243 1614 2284 in
1635 2241 1771 2285 Paulo
1788 2258 1879 2285 non
1900 2240 2177 2285 mediocriter
2199 2237 2458 2282 claudicare.

312 2319 504 2377 Cumque
526 2320 685 2380 ingenii
708 2320 945 2380 praedicent
973 2321 1131 2375 aciem,
1156 2320 1397 2363 christianae
1425 2319 1527 2363 fidei
1552 2319 1809 2363 subtrahunt
1836 2319 2083 2379 puritatem.
2111 2317 2223 2372 Quia
2237 2348 2249 2371 ,
2276 2326 2325 2358 ut
2354 2315 2461 2360 mihi

311 2399 505 2455 videtur,
531 2399 736 2460 opinione
757 2401 900 2460 potius
930 2399 1214 2444 traducuntur
1243 2400 1299 2444 ad
1317 2400 1549 2458 judicium,
1580 2416 1710 2460 quam
1741 2399 2015 2460 experientiae
2044 2398 2309 2458 magistratu.
2345 2394 2460 2439 Nolo

314 2480 371 2522 sic
393 2495 482 2523 esse
505 2481 801 2541 philosophus,
820 2492 869 2524 ut
890 2481 1156 2525 recalcitrem
1176 2479 1330 2524 Paulo.
1349 2480 1451 2523 Non
1473 2482 1532 2523 sic
1552 2495 1642 2523 esse
1665 2479 1928 2535 Aristoteles,
1953 2489 2001 2521 ut
2018 2477 2212 2522 secludar
2228 2493 2252 2519 a
2274 2476 2456 2519 Christo.

314 2560 414 2603 Non
443 2556 557 2603 enim
581 2561 699 2604 aliud
725 2577 886 2604 nomen
916 2572 979 2604 est
999 2562 1078 2604 sub
1102 2562 1232 2616 coelo,
1256 2561 1302 2603 in
1324 2576 1410 2621 quo
1433 2571 1632 2622 oporteat
1652 2576 1724 2603 me
1747 2560 1909 2603 salvum
1938 2558 2046 2602 fieri.
2070 2558 2221 2601 Adoro
2247 2556 2461 2599 Christum

315 2641 359 2682 in
396 2641 571 2685 dextera
599 2642 737 2685 Patris
764 2652 1034 2702 regnantem.
1059 2641 1309 2702 Amplector
1337 2657 1436 2685 eum
1458 2641 1570 2684 ulnis
1589 2640 1691 2685 fidei
1711 2641 1758 2683 in
1784 2655 1913 2684 carne
1934 2639 2129 2700 virginali
2156 2636 2210 2681 de
2239 2635 2462 2679 Paracleto

317 2733 500 2781 sumpta,
536 2722 720 2782 gloriosa
752 2722 955 2766 divinitus
984 2734 1252 2783 operantem.
1281 2723 1338 2765 Et
1367 2733 1415 2766 ut
1446 2721 1614 2782 trepida
1634 2720 1893 2776 sollicitudo,
1926 2731 2176 2779 cunctaeque
2207 2716 2408 2777 ambages
2437 2732 2462 2759 a

319 2801 449 2844 corde
479 2802 541 2844 tui
568 2803 752 2862 pectoris
780 2802 1082 2863 explodantur,
1114 2804 1200 2846 hoc
1231 2803 1286 2846 de
1319 2819 1389 2846 me
1421 2813 1594 2857 teneto,
1625 2801 1745 2861 quod
1779 2817 1906 2861 super
1939 2800 2059 2844 illam
2089 2810 2256 2860 petram
2287 2795 2463 2840 fundavi

319 2883 622 2926 conscientiam
640 2899 799 2939 meam,
824 2900 951 2943 super
970 2899 1100 2943 quam
1116 2884 1306 2927 Christus
1330 2883 1554 2926 aedificavit
1574 2882 1808 2926 Ecclesiam
1829 2896 1966 2924 suam.
1990 2882 2120 2937 Cujus
2140 2889 2272 2940 petrae
2291 2877 2462 2920 titulum

318 2962 398 3003 tibi
426 2963 610 3006 breviter
632 2964 873 3024 assignabo.
899 2964 1039 3008 Credo
1061 2965 1107 3007 in
1127 2965 1325 3020 Patrem,
1355 2976 1400 3008 et
1420 2965 1575 3008 Filium
1589 2997 1601 3021 ,
1635 2974 1679 3007 et
1704 2963 1909 3024 Spiritum
1931 2973 2147 3017 sanctum3
2172 2975 2308 3003 unum
2331 2968 2460 3001 natu-

319 3040 463 3084 raliter
484 3053 527 3085 et
548 3059 698 3086 verum
718 3045 859 3087 Deum
885 3060 895 3087 ε
920 3045 994 3104 qui
1015 3045 1074 3088 sic
1095 3045 1140 3087 in
1162 3046 1354 3105 personis
1374 3045 1587 3105 approbat
1606 3044 1883 3098 Trinitatem,
1907 3052 1956 3085 ut
1976 3057 2143 3101 semper
2163 3041 2209 3084 in
2229 3037 2461 3084 substantia

364 3247 370 3266 ¹
386 3235 458 3278 lsai.
468 3268 478 3286 ,
503 3253 574 3286 cap.
595 3253 621 3287 ι,
643 3254 673 3277 v.
693 3247 713 3279 5
729 3250 763 3279 et
781 3246 812 3278 6.
826 3263 867 3270 —-
882 3246 1033 3280 Ῥεαῑτη.
1052 3255 1134 3287 ext,
1149 3257 1180 3282 v.
1200 3249 1231 3283 5.
1253 3266 1289 3273 —
1309 3247 1471 3289 ³Eccles.,
1488 3258 1561 3290 cap.
1580 3257 1637 3288 vn,
1657 3257 1687 3282 v.
1714 3248 1766 3281 17.
1779 3263 1823 3272 ——
1843 3247 1853 3267 ⁴
1866 3244 1940 3279 Haec
1961 3243 2098 3286 epistola
2114 3241 2276 3276 Abaelardi
2291 3249 2359 3274 non
2373 3244 2462 3274 extat

321 3299 459 3339 integra.
483 3298 533 3332 Cf.
551 3298 601 3332 t.1
618 3300 754 3341 hujusce
770 3301 936 3342 editionis,
952 3310 987 3342 p.
1007 3302 1082 3342 680,
1100 3303 1173 3335 681.
