2638 3866
225 254 320 301 572
1028 249 1200 297 PETRI
1235 250 1548 299 ABAELARDI

223 354 422 396 alterum.
448 350 618 408 Quippe
640 363 719 391 nec
751 347 893 390 anima
915 363 1030 402 caro,
1058 364 1140 392 nec
1167 364 1266 392 caro
1296 350 1438 392 anima
1461 361 1638 409 propter
1662 351 1746 394 hoc
1769 350 1965 394 efficitur.
1990 351 2158 395 Eodem
2187 366 2358 412 quoque

221 418 355 460 modo
378 417 424 458 in
453 415 619 457 Christo
643 412 787 456 divina
818 423 861 456 et
887 414 1077 456 humana
1111 425 1260 456 natura
1283 415 1329 456 in
1354 431 1486 458 unam
1505 431 1734 475 personam
1761 417 2036 470 conveniunt,
2064 417 2184 476 quod
2206 430 2359 462 neutra

222 483 391 526 illarum
412 481 458 523 in
479 479 659 522 alteram
674 479 840 521 transit.
865 478 1102 538 Siquidem,
1124 491 1172 523 ut
1194 480 1254 522 ait
1273 480 1549 540 AugustinuS,
1573 482 1609 525 si
1624 482 1817 525 Verbum
1838 483 2036 525 transiret
2050 483 2098 525 in
2118 483 2357 536 hominem,

222 548 288 590 vel
310 548 442 589 homo
470 545 515 587 in
537 544 754 594 Verbum,
778 555 883 587 tunc
918 560 1008 586 non
1033 555 1140 587 esset
1161 545 1238 597 ibi,
1266 546 1347 587 nisi
1374 556 1543 589 tantum
1563 546 1697 590 homo
1723 548 1792 591 vel
1812 558 1980 591 tantum
1999 548 2208 591 Verbum.
2242 548 2360 592 Solet

222 613 351 655 etiam
374 611 549 670 ambigi,
575 626 629 652 an
651 611 718 653 hae
736 609 832 652 duae
855 621 1018 653 naturae
1043 610 1154 653 illius
1175 626 1368 670 personas
1389 622 1532 670 partes
1554 612 1638 655 sint
1659 612 1869 657 dicendae.
1894 614 1953 656 At
1973 629 2093 667 vero,
2118 613 2199 656 nisi
2219 625 2360 673 partes

221 679 304 719 sint
324 677 435 719 illius
455 692 665 736 personae,
691 676 912 718 Athanasii
926 675 998 718 illa
1018 675 1250 719 similitudo
1268 692 1347 735 pro
1365 677 1499 721 nihilo
1521 677 1691 721 videtur
1707 679 1900 722 inducta.
1919 681 2047 734 Item,
2064 680 2202 721 sinon
2222 691 2359 723 essent

219 753 383 800 partes,
417 742 462 784 in
485 741 662 800 aliquod
693 740 1009 784 conficiendum
1038 758 1128 784 non
1156 743 1457 798 convenirent,
1483 743 1559 786 sed
1590 745 1852 787 conveniunt
1871 745 1917 786 in
1947 760 2080 787 unam
2114 759 2356 803 personam.

220 808 366 850 Partes
392 808 520 867 igitur
541 822 612 850 eas
641 822 730 850 esse
755 822 928 850 necesse
951 818 1028 860 est,
1055 806 1173 866 quod
1195 823 1285 850 non
1308 808 1446 851 solum
1468 810 1561 851 haec
1584 810 1692 852 ratio
1722 820 1765 852 et
1791 809 1864 852 illa
1885 810 2105 852 Athanasii
2128 808 2360 852 similitudo

220 873 452 932 compellit,
477 888 626 916 verum
648 888 819 931 quoque
842 873 1070 915 auctoritas
1090 873 1175 915 hoc
1198 873 1315 916 idem
1336 874 1553 917 invenitur
1574 890 1773 918 asserere.
1799 875 1872 917 Ait
1896 875 2013 918 enim
2033 876 2319 934 Hieronymus
2346 891 2356 917 ε

219 939 407 981 Christus
427 954 506 998 pro
529 949 650 998 parte
673 949 736 981 est
756 939 889 981 homo
912 949 955 981 et
977 955 1056 998 pro
1078 950 1199 998 parte
1221 950 1284 981 est
1303 940 1434 982 Deus.
1463 940 1722 999 Augustinus
1744 950 1889 983 tamen
1908 941 1993 983 hoc
2013 940 2252 1000 approbare
2273 955 2359 982 no-

219 1004 311 1059 luit,
331 1016 508 1064 propter
530 1015 724 1046 mutuam
752 1003 806 1046 de
825 1019 869 1047 se
891 1003 1078 1047 fortassis
1098 1004 1467 1063 praedicationem.
1492 1005 1634 1060 Quam
1656 1005 1714 1048 ob
1742 1021 1835 1048 rem
1852 1006 1906 1049 de
1927 1006 2009 1048 hac
2029 1005 2333 1065 praedicatione
2346 1038 2358 1059 ,

218 1081 363 1113 utrum
378 1086 479 1113 vera
501 1070 553 1112 sit
576 1086 631 1112 an
653 1085 760 1124 non,
786 1069 1015 1130 diligenter
1035 1070 1251 1129 inquirere
1272 1081 1334 1113 est
1356 1071 1598 1114 consilium.
1623 1072 1784 1114 Omnes
1806 1072 1923 1114 enim
1943 1071 2181 1114 locutiones
2202 1071 2293 1113 istae
2315 1071 2359 1113 in

220 1135 543 1179 auctoritatibus
572 1136 849 1178 inveniuntur
871 1151 880 1178 :
908 1136 1023 1178 Deus
1047 1147 1111 1179 est
1130 1136 1265 1179 homo
1279 1169 1289 1188 ‚
1313 1136 1447 1178 homo
1470 1146 1533 1178 est
1551 1135 1693 1192 Deus;
1723 1137 1911 1180 Christus
1933 1147 1997 1180 est
2018 1137 2128 1179 filius
2148 1133 2359 1191 h'ominis,

218 1202 405 1244 Christus
427 1212 491 1244 est
518 1201 627 1243 filius
656 1201 736 1243 Dei
763 1216 774 1243 z
799 1201 987 1243 Christus
1010 1213 1072 1244 est
1094 1202 1209 1244 Deus
1238 1212 1282 1244 et
1307 1201 1441 1243 homo
1469 1215 1479 1244 :
1510 1216 1691 1260 quarum
1712 1201 1830 1245 nulla
1852 1213 2008 1263 praeter
2038 1219 2167 1245 unam
2187 1203 2362 1262 propria

216 1267 402 1310 videtur.
429 1267 473 1309 Si
503 1267 619 1309 enim
640 1267 815 1326 propria
836 1277 899 1310 est
919 1267 999 1309 ista
1021 1267 1182 1310 locutio
1212 1283 1221 1310 :
1246 1268 1361 1309 Deus
1387 1277 1451 1309 est
1471 1267 1621 1321 homo,
1649 1278 1752 1311 tunc
1776 1279 1980 1312 aeternum
2006 1280 2070 1312 est
2097 1267 2333 1327 temporale
2347 1300 2359 1320 ‚

216 1332 395 1392 simplex
415 1343 478 1375 est
499 1332 802 1391 compositum,
827 1342 996 1374 creator
1012 1343 1074 1375 est
1097 1342 1316 1386 creatura3
1343 1331 1534 1375 similiter
1558 1332 1613 1376 de
1632 1332 1739 1377 aliis.
1764 1334 2016 1394 Impropriae
2031 1335 2160 1394 igitur
2178 1343 2292 1387 sunt,
2315 1343 2362 1375 ut

215 1413 311 1456 pars
337 1414 417 1457 pro
451 1408 544 1440 toto
574 1397 794 1456 accipitur.
824 1397 945 1457 Saepe
972 1413 1158 1456 namque
1190 1398 1421 1458 contingit,
1455 1408 1596 1440 totum
1626 1414 1704 1459 pro
1733 1409 1854 1458 parte
1877 1410 2128 1459 partemque
2160 1414 2239 1458 pro
2268 1408 2360 1441 toto

217 1463 365 1522 accipi,
395 1475 443 1506 ut
474 1461 640 1516 anima,
671 1478 769 1505 cum
797 1479 895 1522 pars
926 1464 979 1506 sit
1004 1463 1205 1519 hominis,
1241 1479 1320 1522 pro
1351 1464 1531 1506 homine
1557 1464 1749 1523 ponitur,
1782 1475 1861 1507 ut:
1888 1464 2066 1507 Videbit
2100 1464 2239 1507 omnis
2261 1479 2361 1506 caro

217 1528 398 1572 salutare
421 1530 516 1571 Dei.
545 1528 715 1571 Eodem
743 1528 877 1571 modo
906 1545 1004 1571 cum
1035 1529 1215 1572 dicimus
1238 1544 1248 1572 z
1274 1530 1388 1572 Deus
1419 1540 1484 1572 est
1513 1530 1662 1581 homo,
1693 1545 1775 1589 pro
1805 1540 1926 1589 parte
1947 1546 2096 1573 verum
2119 1540 2203 1583 est,
2235 1540 2278 1571 et
2299 1539 2362 1572 est

216 1609 362 1637 sensus
386 1611 395 1637 :
420 1596 535 1637 Deus
556 1605 619 1638 est
640 1594 792 1637 uniens
815 1595 895 1637 sibi
918 1596 1156 1638 hominem.
1182 1597 1368 1638 Rursus:
1394 1595 1540 1638 Homo
1561 1606 1626 1638 est
1646 1596 1776 1650 Deus,
1800 1596 1894 1638 haec
1912 1606 1975 1639 est
1996 1594 2272 1656 significativa
2289 1595 2363 1638 :Et

217 1670 279 1702 est
299 1661 433 1702 homo
457 1661 600 1702 unitus
622 1661 733 1702 Deo.
760 1660 828 1702 Sic
851 1676 1022 1719 quoque
1046 1661 1102 1703 ad
1122 1673 1289 1720 partem
1305 1661 1543 1704 referendae
1565 1672 1664 1704 sunt
1685 1660 1827 1704 istae²t
1852 1662 2042 1705 Christus
2064 1672 2127 1704 est
2146 1662 2295 1711 homo,
2320 1671 2364 1704 et

216 1725 404 1768 Christus
419 1736 482 1768 est
503 1727 634 1769 Deus.
654 1724 754 1767 Sola
774 1725 902 1784 igitur
923 1726 1003 1768 ista
1029 1742 1039 1768 :
1060 1727 1249 1769 Christus
1265 1738 1328 1770 est
1342 1727 1457 1770 Deus
1480 1737 1523 1770 et
1543 1728 1695 1780 homo,
1718 1728 1891 1787 propria
1914 1738 1992 1782 est,
2010 1726 2056 1770 id
2075 1737 2154 1778 est,
2173 1726 2363 1769 Christus

217 1801 280 1833 est
308 1791 502 1834 Verbum
530 1791 695 1834 habens
722 1791 963 1845 hominem,
1003 1802 1046 1834 et
1074 1792 1263 1834 Christus
1292 1802 1356 1834 est
1391 1793 1527 1834 homo
1563 1803 1607 1835 et
1634 1794 1766 1848 Deus,
1808 1792 1854 1836 id
1897 1804 1974 1848 est,
2018 1794 2153 1836 homo
2196 1791 2362 1834 habens

217 1857 430 1900 Verbum.

1045 2039 1292 2098 CAPUT
1349 2037 1520 2100 XXV.

934 2187 993 2224 De
1024 2185 1225 2226 voluntate
1258 2185 1420 2225 assumti
1450 2185 1631 2227 hominis.

276 2309 490 2369 Expedito
512 2310 654 2369 itaque
674 2310 728 2353 de
746 2310 925 2354 duarum
947 2322 1195 2354 naturarum
1212 2312 1375 2355 unione
1390 2313 1436 2354 in
1450 2326 1680 2372 personam
1695 2327 1844 2366 unam,
1863 2312 1917 2355 de
1932 2310 2153 2355 voluntate
2174 2311 2361 2355 hominis

217 2376 407 2429 assumti,
433 2391 487 2417 an
503 2375 656 2418 eadem
678 2376 805 2419 fuerit
822 2392 921 2419 cum
936 2376 1156 2420 voluntate
1173 2378 1324 2429 Patris,
1347 2388 1478 2420 restat
1499 2378 1673 2437 inquiri.
1693 2377 1825 2433 Quod
1839 2393 1941 2420 vero
1964 2393 2052 2420 non
2066 2377 2219 2420 eadem
2234 2377 2363 2421 fuerit

218 2456 307 2483 non
330 2440 468 2484 solum
488 2441 614 2494 ratio,
638 2456 788 2484 verum
811 2442 940 2484 etiam
959 2442 1241 2502 Evangelium
1264 2444 1363 2485 satis
1382 2443 1606 2486 manifeste
1630 2443 1911 2486 demonstrat.
1934 2444 2007 2486 Ait
2034 2443 2149 2486 enim
2172 2444 2362 2496 Christus

218 2507 262 2548 in
275 2505 510 2566 Evangelio
535 2507 706 2559 :Pater‚
726 2508 760 2549 si
781 2507 982 2566 possibile
1005 2518 1085 2563 est,
1109 2517 1297 2550 transeat
1311 2523 1335 2549 a
1351 2523 1421 2551 me
1441 2507 1551 2550 calix
1573 2509 1651 2551 iste
1672 2523 1683 2551 t
1708 2523 1857 2551 verum
1878 2519 2025 2551 tamen
2047 2524 2137 2551 non
2153 2509 2260 2550 sicut
2279 2523 2360 2568 ego

219 2572 333 2624 volo,
359 2571 435 2615 sed
457 2572 564 2615 sicut
583 2583 645 2615 tu.
672 2572 803 2627 Quod
825 2572 910 2616 tale
934 2583 999 2615 est
1020 2589 1070 2615 ac
1094 2573 1128 2615 si
1153 2572 1268 2616 dicat
1294 2587 1305 2615 t
1334 2573 1379 2615 Si
1401 2588 1535 2633 genus
1556 2573 1795 2616 humanum
1818 2573 1908 2616 sine
1930 2583 2068 2616 morte
2089 2589 2186 2616 mea
2209 2573 2359 2616 salvari

217 2647 374 2695 potest,
399 2653 489 2681 non
507 2638 684 2692 moriar,
703 2638 802 2697 quia
821 2654 910 2681 non
931 2653 1104 2698 possum
1125 2638 1235 2681 velle
1252 2639 1364 2681 mori
1390 2653 1400 2681 ε
1425 2639 1491 2681 sin
1507 2649 1671 2686 autem,
1689 2638 1959 2682 voluntatem
1974 2654 2117 2682 meam
2138 2649 2223 2681 tuae
2244 2648 2360 2698 post-

219 2718 349 2760 pono.
383 2704 494 2747 Ecce
527 2704 598 2747 hic
627 2703 869 2747 ostenditur
896 2715 1041 2764 aperte
1056 2738 1067 2755 ,
1092 2703 1212 2763 quod
1247 2703 1329 2747 alia
1362 2715 1406 2747 et
1435 2703 1601 2747 diversa
1633 2704 1761 2747 fuerit
1794 2704 1905 2747 illius
1930 2704 2119 2747 hominis
2145 2703 2355 2747 voluntas.

217 2769 476 2828 Augustinus
488 2780 633 2813 tamen
648 2781 691 2813 et
707 2770 780 2812 alii
795 2770 972 2829 quidam
989 2769 1154 2824 dicunt,
1177 2785 1279 2812 eum
1292 2786 1382 2813 non
1401 2784 1478 2830 per
1497 2786 1540 2813 se
1558 2770 1712 2814 dixisse
1726 2771 1825 2821 hoe,
1850 2769 1926 2812 sed
1946 2785 2025 2829 per
2039 2769 2207 2812 infirma
2222 2785 2359 2812 mem-

219 2833 310 2887 bra,
337 2850 432 2892 quae
454 2836 501 2877 in
522 2851 566 2878 se
589 2835 924 2890 transformavit,
947 2846 998 2878 ut
1013 2851 1064 2878 ea
1085 2835 1329 2890 instrueret,
1348 2835 1452 2894 quid
1468 2836 1514 2878 in
1531 2835 1799 2895 passionibus
1815 2841 1924 2879 esset
1947 2834 2180 2895 agendum,
2197 2845 2244 2877 ut
2259 2850 2359 2878 cum

220 2899 398 2956 amplius
418 2901 659 2959 passionem
680 2901 813 2943 vitare
841 2916 932 2943 non
958 2910 1123 2960 posset,
1149 2900 1416 2944 voluntatem
1447 2902 1529 2944 Dei
1550 2917 1637 2944 suae
1659 2911 1955 2961 praeponeret,
1978 2911 2028 2943 ut
2050 2898 2239 2944 diceret:
2263 2899 2310 2942 F
2298 2909 2359 2942 iat

219 2961 414 3006 voluntas
436 2975 524 3008 tua.
551 2965 751 3008 Similiter
770 2966 945 3024 quando
969 2965 1114 3009 dixit:
1127 2967 1275 3010 Tristis
1297 2977 1360 3010 est
1382 2967 1526 3010 anima
1547 2982 1644 3010 mea
1653 2982 1787 3026 usque
1809 2966 1866 3009 ad
1888 2976 2090 3019 mortem,
2117 2976 2160 3008 et
2182 2963 2359 3024 quando

218 3027 344 3086 coepit
368 3044 523 3086 pavere
545 3041 589 3072 et
614 3030 789 3073 taedere.
816 3032 867 3073 In
887 3032 954 3074 his
976 3032 1192 3083 omnibus,
1216 3042 1265 3074 ut
1289 3032 1464 3086 dicunt,
1488 3032 1910 3075 transformationem
1928 3029 2259 3074 membrorum'
2245 3043 2289 3070 111
2312 3043 2366 3091 se,

219 3091 332 3134 fecit.
364 3093 420 3135 Et
449 3094 624 3167 quidem
645 3096 744 3137 satis
769 3096 829 3138 sic
855 3106 996 3154 potest
1019 3096 1205 3155 exponi,
1230 3098 1354 3155 quia,
1382 3108 1431 3140 ut
1450 3064 1569 3141 idem
1591 3098 1651 3140 ait
1671 3098 1946 3158 Augustinus,
1971 3095 2145 3166 quando
2173 3094 2357 3152 aliquem

217 3172 386 3200 versum
415 3158 483 3200 isti
516 3159 590 3212 sic,
625 3159 689 3201 illi
726 3159 847 3202 aliter
881 3172 1118 3220 exponunt,
1155 3161 1284 3204 honae
1314 3173 1357 3205 et
1390 3164 1694 3207 convenientes
1722 3173 1899 3222 possunt
1933 3176 2022 3205 esse
2053 3159 2353 3219 expositiones,

265 3345 270 3361 ¹
290 3340 477 3376 Rheinwald
494 3353 503 3375 :
521 3342 701 3376 referenda·
717 3346 796 3377 sunt
812 3354 823 3376 .·
839 3344 906 3377 Iste
922 3343 984 3378 Ch.
