2638 3866
1132 217 1452 268 APPENDIX.
2268 224 2366 273 777

198 310 434 355 'custodiat
453 311 679 361 unitatem.
710 313 853 358 Credo
882 314 1038 359 Filium
1060 332 1139 377 per
1161 319 1307 363 omnia
1335 320 1451 364 Patri
1478 336 1569 364 esse
1597 320 1885 381 coaequalem,
1912 319 2074 365 scilicet
2103 322 2365 377 aeternitate,

215 396 455 448 potestate,
478 386 700 431 voluntate
723 399 768 431 et
794 404 943 449 opere.
967 390 1059 434 Nec
1088 392 1218 436 audio
1241 395 1392 438 Arium
1432 397 1505 456 qui
1532 412 1731 456 perverso
1767 396 1942 456 ingenio
1981 406 2122 451 actus,
2152 397 2243 440 imo
2272 397 2366 441 dae-

214 469 415 512 moniaco
450 468 648 512 seductus
667 470 846 530 spiritu,
882 472 1039 532 gradus
1067 473 1168 517 lacit
1188 476 1233 518 in
1255 477 1490 533 Trinitate3
1521 477 1693 521 Patrem
1716 478 1949 535 majorem,
1980 477 2136 521 Filium
2159 478 2370 539 dogmati·

216 565 317 592 zans
331 550 545 594 minorem
566 583 577 606 ‚
606 550 765 594 oblitus
782 550 929 611 legalis
953 557 1155 615 praecepti
1181 571 1192 599 t
1211 557 1311 600 Non
1335 538 1555 612 ascendes,
1581 559 1719 618 inquit
1739 559 1843 612 Lex,
1867 573 1945 619 per
1967 557 2124 618 gradus
2148 558 2203 602 ad
2223 574 2368 603 meum

214 629 363 674 altare.
395 630 467 674 Ad
501 630 634 675 altare
664 632 822 692 quippe
856 634 937 677 Dei
969 650 1047 694 per
1082 636 1238 696 gradus
1276 638 1489 692 ascendit,
1529 639 1603 699 qui
1632 640 1748 699 prius
1785 649 1829 682 et
1855 639 2065 698 posterius
2091 640 2136 682 in
2158 640 2367 685 Trinitate

214 711 355 771 ponit.
390 711 595 771 Spiritum
616 713 746 756 etiam
769 724 964 758 sanctum
987 714 1103 758 Patri
1134 728 1178 760 et
1204 718 1313 761 Filio
1335 718 1743 775 consubstantialem
1772 729 1815 762 et
1837 719 2101 777 coaequalem
2123 735 2201 779 per
2221 720 2369 762 omnia

212 802 363 846 testor,
394 803 544 852 utpote
573 809 703 852 quem
731 794 936 839 bonitatis
960 797 1136 840 nomine
1164 797 1378 859 designari
1409 799 1629 842 volumina
1661 815 1758 842 mea
1789 815 1904 860 saepe
1928 799 2163 843 declarant.
2197 801 2367 843 Damno

211 872 461 925 Sabellium,
499 874 573 932 qui
597 875 794 918 eamdem
822 891 1051 935 personam
1087 894 1277 922 asserens
1314 880 1451 922 Patris
1483 891 1526 923 et
1560 879 1672 933 Filii,
1698 880 1871 922 Patrem
1902 895 2075 939 passum
2110 881 2367 936 autumavit3

214 947 333 991 unde
358 959 402 991 et
434 948 736 1008 patripassiani
766 951 868 994 dicti
898 964 1012 996 sunt.
1046 946 1188 997 Credo
1219 955 1350 997 etiam
1380 955 1537 997 Filium
1566 955 1646 998 Dei
1676 954 1837 997 factum
1861 969 1950 997 esse
1981 954 2138 997 Filium
2164 955 2366 1008 hominis,

211 1045 431 1089 unamque
471 1046 699 1091 personam
733 1048 786 1075 ex
824 1033 991 1077 duabus
1027 1045 1070 1078 et
1105 1035 1150 1078 in
1186 1037 1350 1078 naturis
1395 1035 1561 1079 duabus
1590 1035 1845 1090 consistere3
1871 1035 1946 1094 qui
1977 1045 2077 1095 post
2113 1035 2371 1095 completam

212 1122 418 1171 susceptae
439 1112 718 1155 humanitatis
744 1113 1106 1174 dispensationem
1135 1132 1280 1177 passus
1302 1128 1366 1160 est
1387 1128 1430 1160 et
1450 1127 1670 1172 mortuus,
1694 1127 1738 1159 et
1759 1116 2014 1170 resurrexit,
2038 1126 2082 1158 et
2110 1115 2303 1159 ascendit
2324 1116 2370 1159 in

211 1192 389 1247 coelum,
424 1204 715 1253 venturusque
745 1207 808 1238 est
829 1196 1022 1253 judicare
1044 1198 1162 1241 vivos
1192 1203 1236 1242 et
1265 1210 1474 1242 mortuos.
1508 1198 1662 1240 Assero
1694 1198 1824 1240 etiam
1854 1197 1899 1240 in
1928 1196 2142 1255 baptismo
2172 1194 2370 1239 universa

210 1274 370 1316 remitti
401 1273 578 1328 delicta,
603 1276 824 1335 gratiaque
842 1293 921 1320 nos
943 1294 1085 1339 egere,
1109 1294 1194 1338 qua
1215 1289 1258 1322 et
1279 1279 1531 1338 incipiamus
1554 1279 1720 1321 bonum
1751 1289 1795 1321 et
1829 1277 2114 1337 perficiamus,
2145 1277 2371 1336 lapsosque

210 1370 290 1414 per
304 1356 605 1415 poenitentiam
622 1358 863 1401 reformari.
877 1360 942 1402 De
959 1360 1098 1403 carnis
1126 1371 1270 1403 autem
1284 1361 1596 1403 resurrectione
1609 1359 1713 1419 quid
1729 1374 1837 1419 opus
1849 1369 1911 1402 est
1921 1358 2077 1410 dicere,
2100 1373 2199 1400 cum
2220 1358 2373 1401 frustra

208 1435 370 1496 glorier
385 1453 455 1480 me
470 1438 765 1494 christianum,
785 1440 818 1482 si
835 1456 925 1483 non
943 1440 1167 1484 credidero
1181 1442 1550 1485 resurrecturum?
1566 1443 1670 1484 Haec
1692 1442 1837 1500 itaque
1854 1450 1918 1483 est
1936 1438 2042 1482 fides
2059 1439 2103 1481 in
2121 1454 2204 1498 qua
2221 1438 2370 1493 sedeo,

219 1529 273 1556 ex
297 1530 381 1574 qua
404 1517 493 1575 spei
525 1517 735 1559 contraho
763 1516 1024 1562 firmitatem.
1063 1521 1113 1562 In
1139 1520 1220 1562 hac
1252 1520 1415 1563 locatus
1447 1519 1696 1573 salubriter,
1729 1517 1905 1560 latratus
1922 1516 2071 1576 Scyllae
2100 1532 2189 1559 non
2212 1516 2371 1570 timeo,

208 1595 471 1656 vertiginem.
503 1597 713 1657 Carybdis
753 1598 902 1654 rideo,
935 1600 1182 1644 mortiferos
1216 1600 1477 1659 Syrenarum
1520 1598 1723 1642 modulos
1768 1613 1859 1640 non
1890 1598 2110 1640 horresco.
2156 1596 2201 1638 Si
2241 1595 2375 1638 irruat

211 1673 357 1726 turbo,
383 1690 474 1717 non
497 1675 686 1734 quatior.
711 1676 756 1719 Si
783 1677 902 1720 venti
930 1676 1128 1737 perflent,
1174 1693 1264 1720 non
1297 1685 1493 1721 moveor.
1531 1677 1567 1720 F
1569 1676 1754 1720 undatus
1777 1676 1894 1718 enim
1925 1689 2020 1717 sum
2050 1689 2178 1734 supra
2206 1671 2375 1716 firmam

205 1765 390 1813 petram.
417 1777 434 1794 n

268 1837 373 1879 Haec
407 1836 462 1880 de
492 1837 672 1897 epistola
705 1838 822 1881 Petri
851 1838 907 1882 ad
944 1839 1131 1882 verbum
1162 1837 1431 1898 excerpenda
1466 1838 1636 1898 putavi,
1673 1847 1722 1880 ut
1754 1834 1967 1895 liquidum
2001 1832 2123 1876 fieret
2151 1831 2375 1891 quomodo

214 1913 366 1956 Petrus
386 1914 661 1974 impugnaret
681 1913 812 1958 fidem
835 1916 968 1959 Petri.
993 1916 1142 1971 Nunc,
1166 1916 1303 1976 rigide
1336 1931 1504 1970 censor,
1530 1915 1698 1969 adesto,
1723 1925 1767 1957 et
1787 1913 1918 1956 fidem
1941 1911 2058 1954 Petri
2089 1911 2255 1953 sincero
2277 1924 2376 1969 per-

208 1995 353 2054 pende
379 1995 561 2052 judicio.
591 1996 744 2039 Dixisti
776 2012 786 2039 z
826 2018 843 2035 ε(
867 1997 969 2040 Non
1000 1997 1131 2040 debet
1161 1998 1374 2057 refugium
1407 1997 1599 2039 invenire
1636 1995 1751 2055 apud
1784 1994 1932 2036 sedem
1960 1992 2099 2045 Petri,
2136 1991 2210 2049 qui
2242 1988 2375 2032 fidem

212 2077 440 2136 impugnat
468 2077 600 2119 Petri.
625 2098 640 2114 »
671 2079 767 2120 Hoc
796 2093 876 2137 per
902 2094 947 2121 se
979 2078 1140 2121 dictum
1169 2077 1393 2137 quoddam
1420 2087 1530 2120 esset
1561 2076 1755 2120 eminens
1784 2085 1827 2117 et
1853 2072 2051 2133 generale
2083 2086 2250 2113 verum.
2285 2069 2372 2113 Sed

214 2157 315 2215 quia
346 2156 629 2216 personaliter
651 2157 796 2199 dixisti
827 2157 880 2200 de
902 2158 1031 2200 Petro
1045 2190 1056 2212 ‚
1082 2158 1293 2201 convinco
1316 2169 1358 2200 te
1379 2158 1535 2200 sentire
1573 2155 1788 2199 contraria
1811 2170 1932 2197 vero.
1958 2152 2057 2195 Non
2082 2151 2197 2194 enim
2220 2150 2372 2193 Petrus

210 2238 351 2297 arguit
372 2236 520 2292 fidem,
553 2237 609 2280 ad
632 2239 750 2295 cujus
773 2237 932 2281 lineam
954 2239 1085 2281 vitam
1107 2254 1226 2281 suam
1255 2238 1459 2298 disponit,
1503 2252 1583 2280 nec
1616 2236 1780 2279 alienus
1811 2245 1874 2278 est
1896 2250 1920 2277 a
1957 2232 2113 2275 Christi
2143 2229 2368 2291 portione,

211 2319 330 2375 cujus
372 2334 416 2361 se
459 2329 549 2361 tam
588 2318 807 2361 humiliter
843 2319 1059 2379 insignivit
1088 2320 1281 2362 nomine.
1317 2317 1506 2362 Deberet
1539 2332 1642 2376 ergo
1677 2315 1894 2375 refugium
1923 2313 2037 2374 apud
2075 2311 2223 2355 sedem
2254 2309 2371 2353 Petri

136 2422 140 2425 ·
207 2399 428 2454 invenire,
454 2401 488 2442 si
527 2415 618 2442 non
645 2399 860 2443 illecebrae
892 2402 955 2443 tui
993 2401 1153 2460 eloquii
1180 2400 1425 2444 clausissent
1448 2399 1611 2441 viscera
1639 2394 1943 2440 misericordiae
1975 2395 2184 2436 Romanae
2217 2390 2369 2434 Eccle-

210 2477 299 2520 siae.
326 2477 413 2521 Sed
436 2477 541 2521 dum
563 2489 612 2521 tu
635 2478 765 2529 Petro
783 2477 1022 2522 clementiae
1045 2479 1202 2522 ostium
1221 2477 1422 2532 obstruis,
1446 2486 1666 2535 conceptae
1693 2473 1877 2518 vesaniae
1915 2473 2132 2532 signanter
2162 2469 2370 2527 impetum

205 2557 369 2617 prodis.

269 2639 352 2682 Hic
380 2639 560 2683 fortasse
588 2641 756 2699 inquies
777 2656 787 2684 :
812 2641 957 2685 Nimia
978 2656 1106 2701 super
1131 2655 1202 2683 me
1223 2639 1392 2682 lacessis
1418 2637 1591 2695 injuria.
1619 2635 1744 2678 Zelus
1766 2633 1920 2676 domus
1944 2630 2026 2674 Dei
2052 2627 2242 2673 comedit
2268 2642 2365 2682 me,

214 2735 268 2763 eo
309 2720 429 2780 quod
464 2721 586 2781 lepra
623 2722 786 2764 insanae
823 2721 1032 2766 doctrinae
1069 2720 1306 2764 macularet
1335 2734 1490 2779 corpus
1522 2716 1739 2770 Ecclesiae,
1777 2715 1846 2757 cui
1883 2709 2148 2756 obviandum
2181 2709 2227 2751 in
2273 2708 2367 2794 ipso

216 2799 360 2842 statim
382 2800 585 2858 nequitiae
614 2800 776 2843 semine
798 2800 966 2860 putavi,
991 2815 1046 2842 ne
1062 2798 1147 2842 late
1166 2808 1355 2858 serperet
1373 2797 1437 2840 vis
1456 2795 1628 2839 veneni.
1655 2793 1813 2850 Nonne
1836 2800 1959 2834 caute
1982 2786 2259 2844 consulteque
2280 2801 2365 2846 egl,

216 2879 335 2939 quod
364 2879 529 2923 foedum
551 2879 658 2922 illud
686 2879 1022 2940 sacrilegumque
1051 2879 1211 2940 dogma
1232 2877 1422 2922 manuali
1448 2875 1639 2937 quodam
1661 2872 1852 2917 indiculo
1875 2867 2108 2930 complosi,
2132 2881 2188 2910 ne
2210 2865 2370 2909 scilieet

216 2959 407 3003 breviter
434 2960 679 3004 volentibus
708 2961 916 3021 attingere
938 2976 1150 3003 summam
1171 2961 1233 3004 rei
1264 2974 1495 3004 onerosum
1522 2967 1632 3001 esset
1658 2956 1720 2999 ire
1743 2969 1822 3014 per
1851 2951 2065 3013 spaciosos
2089 2947 2218 2991 saltus
2238 2946 2366 2990 volu-

213 3039 382 3081 minum
418 3038 670 3082 Abaelardi?
693 3039 765 3082 Ad
794 3040 888 3082 haec
910 3054 991 3099 ego
1018 3054 1029 3081 ι
1054 3037 1203 3081 Laudo
1234 3048 1299 3093 te,
1333 3037 1485 3091 Pater,
1521 3034 1599 3079 sed
1633 3034 1679 3076 in
1707 3033 1793 3076 hoc
1815 3046 1906 3074 non
1939 3027 2088 3072 laudo.
2123 3023 2367 3069 Indiculum

213 3119 421 3174 vidimus,
471 3121 517 3163 in
550 3137 636 3180 quo
669 3136 759 3163 non
797 3121 914 3163 Petri
940 3119 1165 3180 dogmata,
1199 3118 1276 3162 sed
1306 3116 1484 3161 nefandi
1511 3113 1745 3159 commenti
1777 3109 1962 3172 capitula
1989 3108 2169 3168 legimus
2195 3121 2206 3149 ι
2237 3102 2368 3193 Quod

218 3200 378 3244 scilicet
398 3201 526 3244 Pater
556 3202 610 3244 sit
631 3201 959 3261 omnipotentia,
986 3199 1117 3243 Filius
1149 3198 1349 3258 quaedam
1368 3197 1584 3258 potentia,
1609 3194 1789 3256 Spiritus
1811 3201 1980 3235 sanctus
2005 3187 2123 3232 nulla
2153 3195 2363 3247 potentia.

218 3281 351 3336 Quod
374 3283 554 3343 Spiritus
576 3294 770 3339 sanctus,
803 3282 904 3326 licet
930 3282 983 3325 sit
1013 3280 1207 3339 ejusdem
1227 3279 1475 3323 substantiae
1498 3292 1598 3321 cum
1618 3275 1746 3331 Filio,
1773 3289 1863 3317 non
1882 3282 2027 3315 tamen
2053 3278 2116 3312 est
2135 3266 2190 3310 de
2212 3263 2368 3308 eadem

381 3375 419 3406 n
2152 3348 2203 3386 98
