2638 3866
261 152 356 199 288
1059 144 1226 190 PETRI
1266 144 1575 196 ABAELARDI

260 262 335 300 tus
358 252 540 300 futurus
561 259 677 309 erat,
710 247 958 293 «serviet»
979 244 1230 310 posteriori
1254 243 1401 305 fratri,
1435 244 1486 291 id
1512 254 1580 291 est
1603 244 1766 292 Jacob.
1803 248 1919 303 Quae
1954 248 2148 312 quidem
2181 252 2379 300 servitus

262 348 361 379 non
384 342 482 379 tam
506 332 553 377 in
578 327 792 394 personis
810 325 1018 373 duorum
1040 324 1236 370 fratrum
1270 339 1413 386 quam
1446 324 1495 369 in
1522 325 1874 389 posteritatibus
1903 342 2070 374 eorum
2103 330 2379 395 accipienda

263 422 346 471 est,
373 411 423 458 id
442 420 527 470 est,
551 410 600 455 in
624 407 813 472 populis
832 405 916 470 qui
934 421 989 452 ex
1016 404 1128 468 ipsis
1152 402 1377 449 nascituri
1399 403 1763 467 promittuntur,
1793 406 2003 454 Domino
2026 407 2087 455 ad
2121 408 2379 457 Rebeccam

262 491 446 537 dicente
469 492 479 515 ¹
511 507 520 534 :
553 507 576 533 «
595 491 710 534 Duae
734 495 895 550 gentes
919 485 969 530 in
992 492 1128 529 utero
1147 491 1233 528 tuo
1253 491 1381 542 sunt,
1409 491 1456 529 et
1481 482 1580 530 duo
1602 485 1770 549 populi
1795 501 1851 532 ex
1876 496 2039 534 ventre
2061 496 2147 534 tuo
2166 487 2381 536 dividen-

262 581 352 629 tur,
376 567 677 634 populusque
699 566 933 632 populum
966 561 1233 627 superabit,-
1261 571 1307 608 et
1327 562 1482 625 major
1503 563 1676 610 serviet
1701 564 1892 612 minori.
1923 586 1945 609 »
1973 567 2019 612 Si
2043 567 2174 616 enim
2191 567 2251 614 ad
2276 584 2381 632 per-

259 665 398 695 sonas
418 649 616 695 fratrum
639 646 878 711 respiciaS‚
908 658 1157 706 nunquam
1182 645 1307 688 Esau
1331 642 1607 699 deservisse,
1634 643 1710 691 vel
1739 644 1788 691 in
1821 645 1981 710 aliquo
2005 645 2273 710 subjectum
2297 665 2383 695 ex-

259 730 401 776 titisse
434 727 580 776 Jacob
614 727 838 792 reperies,
869 725 967 770 imo
1005 723 1151 785 magis
1179 721 1327 770 Jacob
1363 739 1550 788 semper
1572 727 1691 771 Esau
1712 726 1917 773 maxime
1938 727 2167 786 timuisse,
2198 737 2245 774 et
2268 729 2312 775 ei
2333 745 2382 775 se

258 809 517 872 plurimum
538 807 825 854 humiliasse.
853 807 926 850 De
946 802 1136 867 populis
1152 811 1310 849 autem
1334 803 1531 868 planum
1553 813 1622 851 est
1654 804 1747 852 hoc
1782 806 1950 871 accipi,
1987 823 2098 853 cum
2133 808 2274 855 etiam
2309 825 2383 855 se-

258 889 471 936 cundum
493 897 782 953 pracceptum
806 885 920 948 legis
943 882 1249 930 interdictum
1271 883 1329 930 sit
1349 883 1748 935 Israelitisservos
1766 884 1945 932 habere
1983 886 2044 932 de
2066 887 2248 951 populo
2272 904 2378 949 suo,

239 968 340 1015 <sed
360 968 420 1016 de
439 967 658 1034 gentibus
680 976 879 1013 tantum.
917 961 1054 1010 Unde
1073 963 1121 1010 in
1148 964 1341 1009 Levitico
1367 964 1595 1029 scriptum
1615 974 1712 1025 est,
1737 981 1842 1030 cap.
1875 983 1969 1013 xxv
1990 968 2004 991 ²
2026 984 2036 1012 :
2068 985 2090 1010 «
2115 967 2162 1014 Si
2178 983 2382 1032 pauper·

258 1059 352 1096 tate
377 1049 651 1114 compulsus
675 1044 938 1093 vendiderit
963 1060 1012 1091 se
1025 1043 1117 1098 tibi
1136 1042 1278 1090 frater
1297 1053 1423 1104 tuus,
1446 1060 1544 1091 non
1568 1046 1944 1111 eumopprimes
1975 1047 2196 1093 servitute
2232 1046 2382 1095 samu·

255 1129 440 1187 lorum,
473 1128 556 1175 sed
593 1127 727 1191 quasi
767 1123 1087 1171 mercenarius
1126 1132 1172 1169 et
1206 1123 1409 1171 colonus
1448 1125 1537 1171 erit
1575 1142 1585 1170 :
1627 1141 1778 1189 usque
1813 1125 1875 1173 ad
1896 1177 1899 1179 ,
1917 1142 2096 1173 annum
2144 1126 2382 1175 Jubileum

256 1208 529 1273 operabitur
552 1206 681 1271 apud
700 1215 762 1266 te,
780 1215 825 1252 et
847 1213 1012 1269 postea
1037 1202 1304 1266 egredietur
1326 1221 1435 1251 cum
1456 1203 1616 1251 liberis
1639 1205 1752 1266 suis,
1769 1215 1817 1252 et
1841 1215 2101 1254 revertetur
2123 1206 2184 1254 ad
2207 1223 2381 1271 cogna—

259 1290 439 1335 tionem
462 1297 507 1334 et
530 1285 878 1352 possessionem
899 1293 1090 1348 patrum
1109 1300 1324 1330 suorum.
1352 1284 1443 1330 Mei
1467 1284 1595 1331 enim
1618 1294 1728 1332 sunt
1749 1286 1888 1333 servi.
1915 1289 2020 1333 Non
2045 1296 2248 1334 veneant
2271 1295 2382 1335 conl

255 1368 436 1414 ditione
460 1383 705 1414 servorum
727 1384 738 1425 3
767 1382 865 1411 non
889 1364 1068 1427 affligas
1089 1380 1200 1411 eum
1223 1380 1308 1428 per
1330 1364 1611 1428 potentiam.
1652 1366 1824 1411 Servus
1857 1374 1903 1412 et
1928 1365 2098 1412 ancilla
2132 1367 2226 1413 sint
2247 1367 2382 1414 vobis

257 1449 315 1495 de
333 1447 624 1507 nationibus,
649 1446 740 1493 bos
759 1445 994 1492 habebitis
1019 1444 1236 1500 famuIOS,
1264 1453 1310 1489 et
1326 1443 1617 1492 hereditario
1646 1444 1753 1508 jure
1786 1446 2113 1494 transmittetis
2136 1446 2198 1493 ad
2222 1457 2383 1512 poste-

256 1547 351 1590 ros,
379 1546 432 1579 ac
457 1528 757 1593 possidebitis
780 1528 829 1573 in
856 1536 1099 1574 aeternum.
1134 1544 1155 1568 »
1182 1527 1393 1572 Vocante
1414 1524 1523 1572 dico
1556 1542 1684 1584 eum,
1718 1544 1742 1570 «
1766 1526 1887 1572 sicut
1915 1527 2144 1590 scriptum
2164 1537 2250 1589 est,
2274 1548 2297 1571 >³
2332 1529 2381 1575 in

256 1608 486 1656 Malachia
509 1609 683 1655 scilicet
703 1607 959 1671 Propheta,
986 1606 1062 1652 his
1083 1605 1277 1669 quidem
1303 1604 1484 1652 verbis³
1507 1623 1517 1651 z
1551 1626 1572 1648 (ε
1591 1609 1762 1653 Nonne
1788 1606 1930 1653 frater
1950 1617 2054 1654 erat
2076 1609 2198 1654 Esau
2214 1608 2378 1669 Jacob,

256 1689 368 1736 dicit
387 1690 638 1755 Dominus,
666 1698 712 1734 et
735 1686 876 1733 dilexi
900 1685 1065 1747 Jacob,
1092 1689 1213 1732 Esau
1237 1695 1397 1732 autem
1418 1685 1531 1732 odio
1554 1685 1716 1747 habui,
1744 1705 1767 1730 υ
1809 1686 1859 1733 id
1892 1696 1962 1734 est
1993 1687 2124 1734 hunc
2161 1687 2380 1752 eligendo

258 1768 439 1828 vocavi,
467 1767 600 1814 illum
626 1776 785 1813 autem
808 1765 981 1828 respui.
1004 1767 1074 1811 De
1091 1763 1220 1827 quali
1243 1764 1437 1828 quidem
1463 1765 1695 1812 electione
1719 1766 1936 1829 superius
1959 1766 2087 1813 idem
2109 1766 2224 1814 dicit
2254 1771 2379 1832 Apo-

256 1849 404 1896 stolus
426 1850 456 1906 '',
490 1858 575 1895 «et
597 1863 718 1911 quos
738 1845 924 1893 vocavit
947 1844 1035 1891 hos
1059 1853 1104 1891 et
1117 1843 1407 1907 justificavit.
1433 1866 1454 1889 »

326 1950 346 1971 «
379 1928 503 1986 Quid
539 1943 671 1990 ergo.
702 1947 724 1969 >›
757 1928 1030 1988 Congruam
1056 1925 1200 1970 sumit
1239 1925 1491 1989 Apostolus
1530 1942 1584 1972 ex
1624 1927 1841 1990 proxime
1874 1926 2010 1973 dictis
2040 1926 2378 1991 objectionem,

257 2009 390 2071 quasi
416 2008 464 2054 in
495 2007 847 2054 accusationem
886 2014 932 2051 et
964 2004 1184 2067 injuriam
1213 2005 1317 2064 Dei,
1355 2006 1439 2069 qui
1466 2015 1724 2069 antequam
1763 2006 1942 2070 aliquid
1977 2009 2099 2053 Esau
2123 2009 2383 2071 promereri

256 2097 430 2153 posset,
457 2103 566 2133 eum
590 2103 688 2132 non
706 2082 1090 2150 praedestinando
1114 2083 1312 2147 dignum
1336 2084 1450 2131 odio
1475 2101 1561 2132 suo
1580 2084 1828 2148 judicavit,
1865 2096 1912 2132 et
1940 2086 2052 2149 quia
2090 2086 2224 2133 alteri
2253 2087 2384 2135 fratri
2407 2136 2410 2140 ,

256 2167 389 2214 dedit
408 2167 623 2231 gratiam,
652 2165 736 2229 qui
764 2163 979 2210 similiter
1005 2172 1146 2210 antea
1173 2163 1239 2209 nil
1274 2174 1527 2221 meruerat,
1569 2165 1614 2211 ei
1651 2164 1898 2224 subtraxit,
1940 2181 2034 2230 qua
2067 2166 2111 2212 ei
2146 2165 2381 2214 subtracta

257 2257 441 2294 constat
463 2263 574 2293 eum
595 2246 718 2293 bene
745 2261 883 2308 agere
905 2260 1003 2290 non
1025 2259 1182 2307 posse,
1205 2253 1346 2307 atque
1368 2245 1433 2292 ita
1457 2262 1557 2291 non
1583 2255 1677 2292 tam
1700 2246 1840 2309 culpa
1862 2248 1983 2292 Esau
2013 2245 2229 2293 accidere
2251 2246 2382 2294 vide-

257 2335 333 2372 tur
350 2324 482 2389 quod
503 2324 694 2388 iniquus
714 2322 870 2381 fuerit,
897 2337 1042 2386 quam
1063 2321 1209 2385 ipsius
1228 2322 1315 2368 Dei
1335 2322 1418 2384 qui
1433 2322 1475 2368 ei
1496 2322 1712 2385 gratiam,
1733 2338 1826 2385 qua
1850 2321 1972 2369 bene
1995 2323 2182 2386 operari
2201 2333 2378 2388 posset,

257 2402 369 2449 dare
386 2402 607 2449 noluerit.
627 2401 776 2464 Hujus
799 2407 959 2446 autem
979 2397 1262 2461 objectionis
1281 2398 1482 2461 ipsemet
1497 2399 1750 2462 Apostolus
1767 2398 2079 2463 postmodum
2097 2399 2384 2447 solutionem

258 2482 408 2546 ponit,
428 2481 510 2529 ubi
530 2482 594 2529 ait
614 2499 624 2527 :
649 2470 670 2526 ἑ(
691 2480 893 2527 Ohomo
917 2487 967 2524 tu
987 2477 1094 2541 quis
1113 2493 1180 2534 es,
1205 2486 1317 2536 etc.,
1334 2496 1356 2521 υ
1380 2493 1532 2540 usque
1554 2476 1664 2523 illuc
1682 2493 1796 2523 vero
1817 2487 1972 2524 totum
1986 2477 2117 2541 quod
2132 2478 2382 2543 interposi-

256 2572 356 2608 tum
380 2572 465 2622 est,
489 2561 548 2608 de
567 2560 838 2624 objectione
862 2567 947 2604 est.
970 2556 1296 2603 Continuatio.
1325 2555 1731 2620 Quandoquidem
1757 2557 1905 2604 Jacob
1938 2557 2217 2605 electionem
2246 2574 2382 2606 suam

258 2651 302 2687 et
324 2642 622 2689 vocationem
642 2657 742 2687 non
764 2639 911 2702 magis
933 2653 1076 2702 quam
1104 2639 1222 2683 Esau
1241 2653 1297 2683 ex
1318 2637 1498 2683 meritis
1522 2637 1637 2696 suis,
1666 2636 1750 2683 sed
1785 2654 1841 2683 ex
1872 2637 2068 2685 arbitrio
2091 2648 2278 2685 tantum
2298 2655 2384 2686 vo·

259 2722 407 2767 cantis
430 2721 652 2781 obtinuit,
679 2735 834 2783 neque
858 2721 979 2764 Esau
999 2733 1056 2763 ex
1077 2716 1256 2763 meritis
1278 2725 1418 2763 antea
1454 2716 1549 2763 suis
1578 2716 1707 2763 illam
1737 2717 1912 2778 amisit,
1949 2717 2067 2781 quid
2097 2717 2378 2779 diceremus,

260 2799 373 2861 quid
398 2802 657 2863 poterimus
681 2799 855 2859 dicere,
876 2807 923 2844 et
941 2796 1003 2844 ad
1021 2794 1300 2860 hujusmodi
1323 2794 1643 2859 objectionem
1663 2796 1973 2861 respondere,
2002 2814 2118 2861 quae·
2133 2798 2291 2845 statim
2312 2814 2383 2845 se·

260 2878 421 2940 quitur
441 2896 451 2924 z
478 2898 499 2922 «
514 2878 753 2942 Numquid
766 2877 988 2941 iniquitas
1010 2885 1080 2922 est
1098 2875 1226 2940 apud
1243 2878 1415 2934 Deum,
1440 2874 1528 2921 »id
1545 2885 1615 2922 est
1634 2891 1729 2938 qua
1748 2876 1931 2923 ratione
1951 2877 2212 2941 poterimus
2229 2879 2380 2924 Deum

261 2972 289 3003 a
312 2956 452 3020 culpa
477 2957 746 3017 defendere,
774 2966 917 3020 atque
942 2964 1151 3002 astruere
1172 2953 1306 3017 quod
1329 2970 1429 2999 non
1450 2954 1508 3000 sit
1529 2971 1638 3001 reus
1660 2955 2039 3019 iniquitatis„qui
2058 2956 2255 3020 gratiam
2281 2956 2397 3007 sci-‚

260 3035 369 3082 licet
390 3051 525 3082 suam
547 3035 872 3082 subtrahendo
896 3034 939 3081 ei
963 3034 1047 3097 qui
1070 3033 1289 3079 nondum
1317 3034 1516 3094 meruit,
1545 3050 1655 3080 eum
1687 3034 1951 3099 reprobum
1986 3034 2128 3082 fecit?
2152 3035 2229 3082 Sic
2252 3036 2379 3082 enim

302 3221 308 3238 ¹
330 3218 457 3259 Genea,
474 3226 544 3259 cap.
574 3226 648 3256 xxv,
667 3225 695 3249 v.
716 3218 768 3250 ⁸23.
786 3233 823 3240 —
841 3217 851 3236 ²
866 3215 979 3254 Levia,
998 3223 1068 3255 cap.
1090 3223 1166 3255 xxv,
1184 3224 1213 3247 v.
1232 3215 1282 3248 39.
1308 3232 1346 3238 -
1364 3216 1376 3236 ³
1389 3214 1539 3257 Malach.‚
1554 3225 1625 3257 cap.
1643 3224 1667 3256 1,
1685 3224 1719 3251 v.
1737 3219 1768 3250 2.
1792 3233 1830 3240 -
1846 3217 1855 3236 ⁴
1872 3199 1981 3253 Rom..
1999 3224 2070 3257 cap.
2088 3224 2154 3257 vm,
2170 3224 2201 3249 v.
2222 3217 2273 3249 30.
