2638 3866
683 164 896 213 ETHICA
932 164 1041 211 SEU
1076 164 1248 212 LlBER
1284 161 1522 210 DlCTUS:
1560 162 1725 210 SClTO
1759 161 2028 210 TElPSUM.
2330 164 2424 212 605

290 273 447 329 potest
471 263 744 328 adaequari?
764 265 882 322 Quis
916 273 1047 312 tanta
1078 265 1276 311 sustinet
1301 263 1375 310 vel
1405 263 1503 326 agit
1531 279 1695 311 amore
1718 263 1830 324 Dei,
1859 272 2039 327 quanta
2072 262 2138 310 illi
2166 263 2427 328 cupiditate

290 342 511 392 humanae
533 343 723 392 laudis?
747 344 865 402 Quis
884 343 1095 409 denique
1114 345 1293 394 nesciat
1314 360 1670 408 nonnunquam
1693 360 1751 391 ea
1772 360 1878 408 quae
1902 345 2032 390 Deus
2053 343 2279 408 prohibet
2303 343 2421 402 fieri,

290 434 415 472 recte
448 425 565 488 geri,
587 423 665 472 vel
693 440 795 471 esse
827 423 1046 471 facienda
1073 442 1083 470 :
1107 425 1227 472 sicut
1254 442 1280 472 e
1305 424 1575 482 contrario,
1601 439 1702 471 non
1731 423 1862 471 nulla
1884 422 2179 488 quandoque
2205 426 2422 490 praecipi,

286 521 392 569 quae
415 513 575 552 tamen
601 503 706 552 fieri
727 503 926 551 minime
943 505 1200 552 convenit?
1229 507 1350 553 Ecce
1370 504 1499 552 enim
1524 520 1623 550 non
1653 502 1784 550 nulla
1805 503 1907 567 ejus
1930 505 2152 551 novimus
2176 505 2422 564 miracula,

289 584 464 649 quibus
496 601 609 633 cum
644 583 943 632 infirmitates
976 584 1229 645 curaverit,
1264 584 1463 632 revelari
1490 583 1739 649 prohibuit
1762 583 1825 630 ad
1849 583 2121 650 exemplum
2142 585 2321 634 scilicet
2343 587 2428 635 hu-

289 665 519 726 militatis,
545 682 607 713 ne
628 666 738 730 quis
760 664 883 712 forte
905 664 966 712 de
989 664 1138 729 gratia
1160 663 1252 711 sibi
1274 664 1447 712 collata
1470 664 1611 712 simili
1634 663 1836 728 gloriam
1858 674 2120 729 appeteret.
2150 668 2246 714 Nec
2266 676 2423 715 tamen

287 747 447 793 minus
469 745 536 793 illi
561 746 644 810 qui
676 745 912 794 beneficia
942 744 1024 792 illa
1054 754 1378 810 susceperant,
1411 743 1658 811 publicare
1687 744 1768 792 illa
1790 743 2066 802 cessabant,
2101 745 2163 793 ad
2187 746 2423 796 honorem

284 825 463 874 scilicet
493 826 620 890 ejus,
649 826 733 891 qui
763 835 811 873 et
843 825 922 873 illa
952 825 1145 886 fecerat,
1177 834 1226 872 et
1256 825 1453 872 revelari
1477 824 1790 891 prohibuerat
1815 843 1825 870 :
1853 825 1914 872 de
1946 824 2169 889 qualibus
2197 828 2423 892 scriptum

286 908 374 953 est¹
402 924 412 953 :
443 926 466 951 «
488 909 683 965 Quanto
709 907 776 954 eis
800 905 1106 972 praecipiebat
1125 922 1187 953 ne
1206 905 1438 966 dicerent,
1466 915 1602 954 tanto
1618 904 1728 970 plus
1749 904 2091 970 praedicabant,
2123 916 2214 953 etc.
2243 926 2264 951 υ
2292 911 2329 955 N
2336 926 2423 957 un-

285 986 403 1051 quid
427 988 545 1035 tales
566 1003 674 1035 reos
698 987 1085 1052 transgressionis
1102 985 1358 1051 judicabis,
1386 986 1468 1050 qui
1489 996 1657 1034 contra
1679 995 1970 1050 praeceptum
1989 985 2122 1049 quod
2146 1001 2425 1052 acceperant

284 1077 504 1130 egerunt,
532 1077 680 1133 atque
699 1067 796 1115 hoc
823 1068 966 1115 etiam
990 1066 1229 1116 scienter?
1258 1066 1388 1126 Quid
1409 1083 1493 1114 eos
1516 1075 1709 1114 excuset
1737 1082 1764 1113 a
1788 1066 2178 1128 transgressione,
2206 1069 2296 1116 nisi
2314 1072 2424 1134 quia

284 1148 404 1195 nihil
434 1157 637 1212 egerunt
671 1165 760 1214 per
792 1157 1126 1213 contemptum
1162 1146 1508 1212 praecipientis,
1542 1144 1675 1210 quod
1709 1146 1772 1193 ad
1805 1145 2046 1193 honorem
2088 1147 2236 1211 ipsius
2272 1149 2425 1199 facere

283 1228 634 1277 decreverunt?
672 1230 778 1289 Dic,
807 1229 1029 1289 obsecro,
1057 1229 1093 1276 si
1125 1228 1351 1294 praecepit
1373 1227 1587 1274 Christus
1615 1225 1748 1290 quod
1772 1226 2149 1291 praecipiendum
2180 1245 2280 1277 non
2318 1229 2420 1291 fuit,

282 1318 366 1355 aut
387 1309 426 1356 si
447 1308 516 1356 illi
538 1308 840 1367 dimiserunt,
870 1308 1005 1374 quod
1033 1308 1300 1356 tenendum
1324 1304 1449 1355 fuit?
1469 1307 1575 1354 Fuit
1593 1306 1780 1354 bonum
1802 1307 2021 1371 praecipi,
2048 1308 2183 1371 quod
2213 1326 2313 1357 non
2338 1311 2423 1359 fuit

282 1388 468 1437 bonum
494 1388 614 1437 fieri.
631 1390 805 1454 Utique
824 1391 933 1438 etin
953 1388 1194 1437 Abraham
1216 1387 1460 1436 accusabis
1479 1388 1767 1445 Dominum,
1796 1387 1874 1434 cui
1897 1388 2107 1452 primum
2122 1392 2345 1455 praecepit
2363 1393 2424 1440 de

282 1470 584 1518 immolando
609 1469 728 1532 filio,
766 1470 901 1535 quod
929 1469 1243 1535 postmodum
1275 1470 1377 1534 ipse
1406 1467 1865 1531 inhibuit.Nunquid
1902 1484 2001 1516 non
2038 1467 2165 1517 bene
2202 1475 2426 1538 praecepit

280 1552 410 1597 Deus
445 1550 496 1597 id
530 1549 649 1612 fieri,
685 1551 820 1615 quod
850 1567 950 1598 non
983 1556 1087 1597 erat*
1112 1549 1299 1597 bonum
1326 1548 1463 1596 fieri?
1487 1548 1536 1596 Si
1568 1548 1699 1594 enim
1728 1546 1934 1606 bonnm,
1971 1548 2223 1612 quomodo
2257 1563 2423 1615 postea

281 1630 617 1694 prohibitum?
649 1631 699 1678 Si
732 1630 1053 1678 autemidem
1083 1639 1132 1677 et
1163 1629 1350 1677 bonum
1380 1628 1467 1676 fuit
1497 1627 1712 1692 praecipi,
1738 1637 1786 1674 et
1817 1626 2004 1673 bonum
2038 1628 2300 1692 prohiberi,
2334 1650 2424 1681 nec

279 1710 411 1757 enim
445 1711 708 1775 quicquam
740 1710 925 1774 absque
950 1708 1224 1757 rationabili
1261 1724 1404 1757 causa
1430 1711 1560 1755 Deus
1590 1707 1851 1772 permittit,
1890 1706 2096 1755 nedum’
2129 1708 2280 1757 facere
2306 1729 2424 1759 con·

280 1790 438 1849 sentit,
466 1790 598 1838 vides
623 1790 736 1855 quia
760 1789 864 1837 sola
885 1790 1090 1837 intentio
1116 1788 1365 1854 praecepti,
1394 1804 1496 1835 non
1525 1788 1650 1836 actio
1684 1786 1797 1834 facti
1824 1789 1980 1834 Deum
2005 1799 2214 1847 excusat,
2241 1807 2354 1840 cum
2376 1794 2422 1841 id

279 1869 407 1917 benev
434 1870 686 1936 praecepit,
713 1870 848 1935 quod
871 1886 971 1918 non
1008 1879 1080 1917 est
1100 1869 1289 1916 bonum
1316 1867 1436 1915 fleri.
1469 1871 1574 1915 Non
1606 1868 1736 1915 enim
1758 1869 1889 1924 Deus
1910 1867 1973 1915 ad
1995 1867 2092 1916 hoc
2111 1869 2420 1933 intendebat,

278 1950 355 1997 vel
383 1951 460 2014 agi
484 1950 808 2016 praecipiebat,
843 1960 896 1997 ut
925 1949 1171 1998 Abraham
1194 1949 1349 1997 filium
1374 1948 1668 2006 immolaret3
1697 1947 1782 1996 sed
1806 1957 1858 1995 ut
1885 1964 1941 1995 ex
1963 1948 2059 1996 hoc
2082 1950 2286 1999 maxime
2312 1953 2422 2001 obe-

278 2030 459 2078 dientia
491 2032 610 2094 ejus,
642 2041 690 2078 et
726 2031 995 2078 constantia
1020 2030 1133 2077 fidei
1163 2029 1238 2076 vel
1271 2029 1449 2077 amoris
1482 2029 1532 2075 in
1567 2044 1679 2075 eum
1702 2026 2005 2092 probaretur,
2039 2037 2087 2075 et
2120 2029 2171 2075 in
2200 2034 2421 2098 exemplo

278 2110 421 2158 nobis
439 2110 806 2175 relinqueretur.
831 2114 935 2158 Hoc
955 2111 1136 2175 quippe
1154 2118 1373 2175 patenter
1389 2116 1437 2154 et
1457 2107 1695 2154 Dominus
1718 2107 1820 2172 ipse
1838 2108 2152 2171 postmodum
2170 2111 2422 2175 profitetur

279 2207 393 2239 cum
417 2192 507 2238 ait³
530 2207 542 2238 :
571 2193 709 2238 Nunc
732 2191 943 2255 cognovi
965 2190 1101 2255 quod
1125 2190 1295 2237 timeas
1320 2188 1612 2248 Dominum;
1633 2202 1726 2234 »ac
1747 2187 1785 2234 si
1806 2197 1969 2252 aperte
1992 2188 2172 2237 diceret
2198 2208 2209 2236 ε
2238 2192 2304 2238 Ad
2327 2192 2421 2240 hoc

279 2270 409 2318 istud
431 2270 517 2317 tibi
537 2271 742 2336 praecepi
765 2270 827 2318 ad
851 2270 987 2334 quod
1014 2280 1063 2317 te
1090 2279 1314 2334 paratum
1335 2267 1621 2327 exhibuisti3
1651 2276 1703 2314 ut
1725 2266 1787 2315 ab
1810 2266 1912 2315 aliis
1936 2268 2139 2317 facerem
2162 2275 2418 2334 cognosci,

279 2350 415 2416 quod
444 2360 554 2398 ante
586 2350 747 2398 secula
778 2350 839 2397 de
861 2360 908 2397 te
929 2351 1030 2415 ipse
1053 2364 1393 2413 cognoveram.
1432 2350 1574 2395 Recta
1607 2347 1751 2410 igitur
1780 2347 1882 2395 haec
1912 2348 2114 2398 intentio
2138 2352 2225 2398 Dei
2250 2352 2337 2400 fuit
2371 2354 2419 2400 in

281 2432 408 2479 sacto
438 2430 574 2495 quod
603 2440 790 2478 rectum
822 2447 922 2477 non
945 2430 1068 2491 ·fuit;
1111 2439 1159 2476 et
1189 2429 1255 2476 sic
1283 2438 1413 2476 recta
1436 2427 1700 2492 prohibitio
1727 2427 1828 2491 ejus
1863 2429 1914 2475 in
1944 2429 2036 2476 illis
2059 2447 2164 2494 quae
2192 2431 2416 2494 diximus,

278 2528 384 2576 quae
405 2511 466 2559 ad
485 2511 582 2558 hoc
603 2510 868 2577 prohibuit,
893 2524 1001 2557 non·
1017 2519 1072 2557 ut
1094 2508 1359 2575 prohibitio
1384 2517 1643 2567 teneretur,
1670 2508 1753 2555 sed
1781 2517 1833 2555 ut
1857 2509 2061 2557 vitandae
2082 2511 2236 2559 inanis
2260 2512 2419 2576 gloria*

281 2591 423 2639 nobis
456 2590 657 2638 infirmis
692 2591 912 2655 exempla
936 2590 1182 2638 darentur.
1217 2588 1444 2653 Praecepit
1469 2588 1629 2652 itaque
1653 2590 1781 2636 Deus
1810 2588 1944 2652 quod
1974 2588 2078 2636 fieri
2109 2590 2296 2639 bonum
2318 2610 2417 2640 non

279 2671 399 2731 fuit3
437 2672 558 2719 sicut
582 2688 613 2718 e
647 2672 891 2718 contrario
913 2669 1182 2735 prohibuit,
1221 2668 1356 2732 quod
1393 2668 1498 2716 fieri
1529 2668 1716 2716 bonum
1740 2668 1844 2716 fuit.
1879 2671 1938 2715 Et
1971 2670 2094 2717 sicut
2128 2670 2195 2718 ibi
2225 2683 2420 2720 excusat

278 2767 391 2797 eum
426 2751 647 2811 intentio,
675 2751 737 2797 ita
771 2760 818 2798 et
846 2749 926 2797 hic
955 2766 1065 2810 eos,
1097 2749 1180 2813 qui
1204 2757 1498 2813 praeceptum
1523 2764 1671 2813 opere
1693 2763 1794 2794 non
1827 2748 2162 2812 impleverunt.
2196 2751 2419 2800 Sciebant

279 2829 460 2894 quippe
485 2846 583 2877 non
616 2829 680 2876 ob
701 2829 799 2877 hoc
826 2846 940 2877 eum
961 2829 1259 2894 praecepisse,
1285 2837 1336 2874 ut
1359 2836 1618 2885 teneretur,
1651 2826 1737 2874 sed
1769 2836 1821 2874 ut
1843 2827 2125 2892 praedictum
2143 2832 2418 2897 exemplum

279 2919 655 2975 praeponeretur.
691 2909 828 2957 Salva
852 2910 1012 2974 itaque
1035 2908 1281 2955 voluntate
1299 2906 1531 2971 jubentiS,
1563 2923 1664 2955 non
1687 2923 1800 2954 eum
1820 2917 2245 2974 contempserunt,
2283 2913 2419 2976 cujus

280 2989 516 3038 voluntati
539 3006 589 3037 se
611 3006 713 3036 non
738 3005 839 3036 esse
863 2989 1132 3036 contrarios
1154 2986 1506 3035 intellexerunt.

343 3071 391 3118 Si
425 3087 540 3135 ergo
567 3085 716 3136 opera
737 3069 888 3133 magis
909 3085 1056 3134 quam
1079 3068 1400 3120 intentionem
1424 3084 1706 3133 pensemuS,
1745 3067 2015 3117 videbimus
2038 3087 2138 3118 non
2167 3089 2416 3138 nunquam

326 3257 462 3293 ‘Mar-c..
483 3266 553 3297 cap.
570 3265 627 3296 vn,
645 3266 676 3289 v.
694 3258 746 3290 36.
766 3274 803 3280 —
826 3258 837 3276 ²
853 3257 934 3290 Cod.
954 3257 1112 3290 Necdum.
1129 3275 1167 3281 -
1189 3257 1201 3277 ³
1215 3256 1330 3295 Genes,
1351 3266 1422 3297 cap,
1442 3264 1524 3296 xxn,
1537 3264 1565 3286 v.
1589 3258 1639 3290 1‘2.
