2638 3866
498 913 867 975 CAPITULA
931 916 1295 976 ERRORUM
1355 917 1582 977 PETRI
1654 917 2084 978 ABAELARDI.

275 1151 452 1206 Capitula
484 1164 662 1192 errorum
687 1153 790 1192 Petri
809 1152 1004 1194 Abaelardi
1021 1169 1108 1209 quae
1133 1156 1173 1195 S.
1201 1154 1420 1194 Bernardus
1439 1156 1654 1210 colligerat,
1675 1165 1712 1196 et
1725 1170 1877 1196 summo
1891 1157 2061 1209 pontifici
2082 1157 2355 1206 transmiserat,

221 1214 390 1267 primum
410 1214 453 1254 in
472 1215 599 1255 lucem
621 1228 643 1255 e
668 1216 802 1255 codice
824 1217 1011 1257 Vaticano
1035 1222 1137 1257 Dom
1155 1216 1340 1257 Mabillon
1365 1218 1541 1270 protulit,
1564 1219 1605 1258 in
1628 1219 1795 1259 editione
1820 1232 1983 1272 operum
2010 1220 2129 1259 sancti
2156 1220 2355 1267 Bernardi,

220 1277 390 1325 Parisiis,
413 1280 534 1325 1690,
555 1278 689 1318 in-fol.
714 1279 802 1321 Vol.
828 1281 868 1329 1,
891 1280 966 1318 col.
994 1283 1071 1321 639
1091 1288 1129 1319 et
1147 1292 1231 1331 seq.

479 1635 513 1672 1.
541 1631 747 1671 Horrenda
770 1632 982 1673 similitudo
1005 1632 1054 1673 de
1071 1633 1199 1687 sigillo
1217 1645 1335 1682 aereo,
1357 1632 1405 1673 d'e
1428 1632 1556 1687 specie
1575 1642 1614 1673 et
1634 1646 1775 1687 genere
1791 1633 1840 1673 ad
1858 1634 2095 1674 Trinitatem.

279 1786 298 1805 «ι
317 1768 429 1812 Cum
444 1766 653 1827 sapientia
674 1766 755 1809 Dei
770 1766 970 1825 quaedam
991 1767 1044 1810 sit
1065 1767 1394 1826 potentia,sicut
1416 1781 1575 1809 aereum
1596 1766 1781 1826 sigillum
1803 1776 1866 1810 est
1888 1766 2108 1827 quoddam
2131 1783 2186 1810 aes
2200 1784 2211 1822 ;
2226 1767 2357 1827 liquet

218 1846 413 1906 profecto
437 1847 628 1892 divinam
649 1846 902 1905 sapientiam
919 1861 975 1889 ex
996 1844 1142 1888 divina
1163 1846 1356 1905 potentia
1372 1861 1464 1890 esse
1486 1862 1610 1890 suum
1630 1846 1808 1901 habere,
1832 1846 1888 1890 ad
1911 1863 2007 1891 eam
2027 1847 2225 1891 videlicet
2246 1849 2357 1891 simi-

214 1924 443 1969 litudinem
464 1940 551 1986 qua
573 1923 759 1983 sigillum
783 1938 943 1966 aereum
969 1922 1126 1966 dicitur
1150 1938 1240 1966 esse
1265 1922 1382 1982 quod
1410 1934 1474 1966 est
1495 1925 1584 1980 ejus
1605 1925 1807 1979 materia3
1833 1924 1900 1967 vel
1928 1926 2086 1984 species
2109 1940 2162 1967 ex
2181 1941 2351 1985 genere,

214 2004 332 2064 quod
363 2006 484 2064 quasi
511 2004 690 2048 materia
717 2004 874 2063 speciei
903 2003 1058 2046 dicitur
1079 2019 1192 2058 esse,
1221 2014 1270 2045 ut
1292 2003 1451 2045 animal
1477 2004 1679 2047 hominis.
1707 2004 1823 2046 Sicut
1852 2006 1966 2047 enim
1996 2021 2048 2048 ex
2071 2020 2123 2048 eo
2147 2005 2262 2064 quod
2291 2018 2354 2049 est

215 2100 374 2128 aereum
391 2086 591 2146 sigillum,
617 2084 748 2143 exigit
770 2084 1007 2127 necessario
1028 2083 1146 2143 quod
1169 2098 1224 2126 aes
1248 2083 1321 2137 sit,
1343 2093 1386 2125 et
1407 2098 1459 2126 ex
1476 2098 1529 2125 eo
1553 2082 1670 2142 quod
1691 2094 1753 2126 est
1772 2084 1906 2127 homo
1928 2094 1976 2126 ut
2009 2085 2164 2127 animal
2184 2086 2253 2139 sit,
2277 2086 2351 2129 sed

213 2180 300 2207 non
322 2180 348 2208 e
370 2164 610 2217 contrari0;
636 2163 696 2205 ita
719 2162 862 2206 divina
883 2163 1106 2222 sapientia,
1132 2178 1227 2221 quae
1245 2172 1308 2205 est
1326 2162 1521 2222 potentia
1543 2161 1829 2217 discernendi,
1850 2163 1981 2223 exigit
1993 2164 2111 2222 quod
2134 2165 2187 2207 sit
2208 2164 2349 2207 divina

211 2246 420 2304 potentia,
445 2243 521 2289 sed
543 2260 634 2286 non
658 2259 682 2286 e
705 2243 936 2286 contrario.
961 2263 977 2281 »
1005 2243 1059 2285 Et
1079 2252 1176 2302 post
1197 2258 1333 2302 pauca
1354 2258 1364 2285 :
1391 2263 1407 2280 «
1422 2242 1664 2302 Benignitas
1686 2242 1793 2301 ipsa,
1819 2258 1914 2302 quae
1934 2243 2019 2286 hoc
2040 2245 2213 2288 nomine
2236 2244 2352 2304 quod

210 2325 389 2384 Spiritus
411 2335 475 2369 est
498 2325 835 2379 demonstratur,
859 2339 950 2366 non
971 2334 1034 2367 est
1055 2323 1101 2366 in
1126 2323 1219 2367 Deo
1239 2323 1434 2383 potentia
1455 2323 1541 2366 sive
1564 2323 1785 2382 sapientia.
1816 2343 1834 2360 »

700 2493 752 2532 11.
776 2489 890 2539 Quod
910 2490 1072 2543 Spiritus
1090 2498 1243 2530 sanctus
1265 2502 1343 2529 non
1362 2489 1411 2529 sit
1430 2490 1478 2529 de
1497 2488 1709 2530 substantia
1730 2490 1864 2529 Patris.

273 2635 291 2652 «
318 2615 427 2657 Cum
452 2614 595 2672 itaque
619 2624 710 2657 tam
733 2614 866 2657 Filius
886 2630 1016 2673 quam
1042 2614 1221 2674 Spiritus
1249 2624 1418 2657 sanctus
1445 2629 1499 2657 ex
1523 2614 1647 2657 Patre
1675 2614 1748 2666 sit,
1773 2614 1843 2656 hic
1863 2612 2038 2672 quidem
2060 2614 2246 2673 genitus,
2276 2613 2347 2656 ille.

209 2694 471 2754 procedens,
509 2694 655 2737 differt
684 2695 729 2736 in
761 2709 815 2737 eo
845 2694 1065 2754 generatio
1099 2694 1191 2754 ipsa
1222 2709 1247 2736 a
1269 2694 1539 2753 processione
1553 2725 1564 2746 ‚
1599 2692 1718 2751 quod
1745 2694 1780 2736 is
1810 2694 1882 2751 qui
1915 2703 2141 2753 generatur
2175 2696 2229 2736 eft
2258 2694 2347 2752 ipsa

208 2774 345 2817 Patris
372 2774 607 2819 substantia
638 2785 723 2829 est,
757 2791 856 2818 cum
877 2776 994 2834 ipsa,
1018 2785 1067 2817 ut
1097 2773 1260 2817 dictum
1286 2784 1365 2827 est,
1389 2774 1596 2833 sapientia
1616 2774 1701 2816 hoc
1730 2773 1869 2832 ipsum
1890 2788 1979 2817 esse
2010 2773 2182 2826 habeat,
2215 2784 2265 2816 ut
2295 2774 2348 2817 sit

179 2891 182 2893 Α
208 2853 407 2913 quaedam
426 2853 636 2913 potentia.
655 2875 672 2892 n
698 2854 754 2896 Et
775 2865 873 2914 post
892 2869 1030 2913 pauca
1050 2869 1060 2896 t
1094 2874 1111 2890 κ
1128 2853 1307 2913 Spiritus
1334 2868 1439 2897 vero
1461 2853 1653 2911 quamvis
1679 2852 1870 2909 ejusdem
1900 2852 2146 2895 substantiae
2168 2852 2222 2895 sit
2248 2867 2345 2895 cum

206 2933 332 2977 Patre
355 2944 399 2976 et
418 2933 545 2987 Filio,
564 2932 681 2976 unde
704 2934 837 2976 etiam
858 2934 1042 2977 Trinitas
1066 2934 1156 2993 ipsa
1175 2933 1435 2976 homousion
1448 2963 1460 2986 ,
1484 2932 1531 2975 id
1550 2943 1612 2976 est
1634 2932 1759 2975 unius
1780 2932 2025 2974 substantiae
2038 2963 2050 2984 ,
2073 2931 2344 2991 praedicatur,

208 3013 383 3056 minime
414 3024 563 3056 tamen
593 3028 647 3056 ex
674 3014 911 3057 substantia
939 3013 1076 3056 Patris
1108 3024 1172 3057 est
1200 3024 1275 3056 aut
1304 3012 1425 3064 Filii,
1456 3012 1575 3071 quod
1605 3022 1712 3055 esset
1741 3012 1882 3071 ipsum
1911 3027 1965 3055 ex
1994 3011 2120 3055 Patre
2141 3011 2210 3056 vel
2237 3011 2346 3055 Filio

206 3093 324 3153 gigni
347 3109 357 3137 :
383 3093 459 3137 sed
481 3093 616 3154 magis
638 3109 690 3137 ex
713 3093 814 3153 ipsis
831 3094 964 3137 habet
985 3093 1236 3154 procedere,
1259 3092 1378 3152 quod
1406 3103 1469 3136 est
1494 3093 1633 3137 Deum
1654 3107 1698 3135 se
1717 3107 1794 3151 per
1815 3091 2066 3135 charitatem
2088 3091 2144 3135 ad
2166 3092 2345 3135 alterum

208 3173 460 3218 extendere.
479 3173 818 3229 Quodammodo
841 3175 1000 3218 etenim
1016 3191 1093 3235 per
1115 3189 1312 3219 amorem
1328 3172 1615 3232 unusquisque
1638 3188 1664 3215 a
1684 3187 1728 3216 se
1746 3172 1839 3231 ipso
1862 3170 1918 3216 ad
1939 3171 2118 3216 alterum
2133 3173 2342 3232 procedit,

206 3267 307 3296 cum
340 3255 539 3315 proprie,
576 3265 624 3298 ut
656 3254 819 3300 dictum
855 3266 933 3311 est,
958 3271 1092 3299 nemo
1124 3253 1181 3298 ad
1214 3254 1400 3314 seipsum
1418 3253 1670 3297 charitatem
1691 3252 1855 3296 habere
1876 3251 2064 3307 dicatur,
2086 3263 2134 3295 ut
2161 3252 2239 3295 sibi
2266 3253 2342 3311 ipsi
