2638 3866
735 228 1131 279 lNTRODUCTIO
1167 231 1249 279 AD
1283 229 1694 279 THEOLOGlAM.
2191 238 2208 282 1
2226 238 2241 283 1
2257 238 2285 284 9

139 340 249 406 pas-¹
271 333 470 402 aliquod
491 333 680 382 bonum
701 329 882 379 habere
903 347 1003 378 non
1027 341 1203 397 potest.
1228 334 1391 398 Neque
1416 331 1548 380 enim
1574 331 1762 381 bonum
1799 350 1902 382 esse
1931 336 2127 401 poterit,
2155 338 2287 402 quod

139 416 437 486 superfluum
465 415 543 464 sit.
571 412 856 480 Superfluus
889 422 1051 460 autem
1074 412 1194 461 alius
1211 412 1288 461 vel
1319 421 1510 462 creator
1531 422 1655 461 esset
1678 414 1753 462 vel
1773 424 1949 479 rector,
1989 417 2027 464 si
2066 433 2193 465 unus
2228 418 2290 467 ad

140 499 302 548 omnia
324 513 459 564 aeque
483 495 688 545 sufficiat
711 503 764 542 ut
786 493 964 560 plures.
991 492 1177 542 Sufficit
1207 504 1369 543 autem
1402 510 1516 542 cum
1554 494 1616 543 sit
1644 511 1887 544 summum
1920 512 1976 546 ac
2005 497 2287 564 perfectum,

138 590 284 647 atque
318 578 381 628 ad
415 578 579 627 omnia
614 575 873 635 sufficienS,
899 583 953 622 ut
981 573 1167 623 dictum
1207 585 1296 638 est,
1334 575 1541 625 bonum.
1580 576 1721 625 Nullo
1749 576 1911 643 itaque
1942 578 2092 627 modo
2126 578 2287 645 plures

138 661 256 710 deos
288 676 409 723 esse,
442 660 542 709 sive
574 657 707 708 credi
736 658 981 707 convenit.

203 742 297 792 Sed
322 742 551 803 fortassis,
578 740 784 807 inquies,
809 739 923 804 quia
955 755 1054 804 quo
1089 739 1265 787 melius
1299 749 1372 787 est
1398 738 1655 805 quodlibet
1687 740 1875 789 bonum
1904 740 2025 805 ejus,
2067 742 2290 809 multipli-

138 824 265 872 catio
282 823 385 889 ejus
398 822 570 871 melior
593 830 732 882 esset,
757 830 900 887 atque
921 820 985 868 ita
1007 819 1127 868 illud
1147 835 1393 868 summum
1405 820 1597 869 bonum
1614 820 1749 887 quod
1763 820 1939 870 dicitur
1951 823 2098 883 Deus,
2120 823 2290 871 melius

139 903 242 952 fore
258 903 632 971 multiplicatum
655 918 802 969 quam
824 901 1043 961 unicum,
1069 910 1117 949 et
1135 902 1174 950 si
1190 902 1351 969 ipsum
1371 902 1600 951 extollere
1621 902 1844 969 cupimus
1878 918 1935 951 ac
1964 903 2285 969 magnificare,

139 985 288 1050 magis
315 985 476 1051 ipsum
497 983 750 1051 multiplex
773 999 919 1048 quam
942 982 1143 1049 simplex
1165 983 1530 1050 praedicandum
1553 999 1673 1032 esse.
1701 983 1797 1032 Sed
1826 983 1888 1032 ad
1909 983 2005 1032 hoc
2028 985 2187 1051 primo
2218 1003 2290 1035 re-

137 1065 482 1133 spondendum
503 1081 606 1114 esse
628 1064 853 1128 arbitror,
877 1064 1011 1130 quod
1026 1064 1163 1130 juxta
1177 1064 1306 1113 lianc
1329 1065 1585 1127 rationem,
1616 1075 1801 1130 quanto
1831 1065 1993 1131 plures
2011 1066 2293 1132 praedicave-

137 1145 441 1210 rimus‘deOS,
466 1156 603 1195 tanto
626 1145 832 1212 amplius
865 1145 1039 1194 divinae
1079 1145 1281 1210 gloriam
1314 1146 1604 1195 excellentiae
1626 1146 2047 1213 amplificabimus.
2076 1147 2292 1198 Infinitos

137 1227 299 1294 itaque
320 1226 569 1294 praedicari
593 1236 788 1294 oportet
808 1226 944 1286 deos,
965 1236 1018 1275 ut
1032 1226 1270 1276 infinitam
1283 1227 1386 1292 ejus
1408 1227 1611 1292 gloriam
1633 1226 2013 1292 magnificemus,
2031 1230 2289 1294 praesertim

138 1324 250 1356 cum
264 1308 398 1357 nulla
412 1309 472 1357 sit
491 1308 631 1371 ratio,
649 1325 746 1374 qua
762 1307 825 1356 ad
841 1316 1027 1356 certum
1041 1323 1301 1356 numerum
1316 1307 1527 1374 aliquem
1544 1324 1601 1356 ea
1619 1307 1786 1357 reduci
1806 1318 1966 1373 queat.
1989 1311 2149 1368 Quam
2156 1309 2288 1374 juxta

136 1388 413 1454 praedictam
431 1390 667 1438 rationem
690 1399 825 1438 tanto
844 1389 995 1454 magis
1020 1388 1441 1455 amplificabimus,
1462 1398 1648 1454 quanto
1678 1389 1884 1455 amplius
1913 1406 2172 1438 numerum
2190 1391 2290 1455 ejus

137 1469 508 1519 extenderimus.
529 1473 683 1536 Atque
703 1471 767 1517 ita
792 1470 933 1536 plura
954 1486 1056 1518 esse
1078 1486 1266 1518 summa
1288 1469 1421 1517 bona
1442 1486 1589 1535 quam
1611 1470 1843 1520 inferiora
1865 1471 2164 1532 conveniret,
2191 1471 2290 1519 imo

137 1551 340 1598 omnino
358 1551 548 1599 infinita
570 1567 690 1613 esse,
718 1560 772 1598 ut
793 1567 884 1599 nec
907 1567 1079 1599 eorum
1101 1550 1298 1599 scientia
1314 1567 1416 1598 esse
1437 1550 1590 1616 possit
1617 1567 1830 1616 quorum
1853 1549 2015 1599 nullus
2047 1551 2098 1598 in
2121 1561 2292 1599 natura

135 1631 369 1680 terminus
405 1632 694 1693 occurrerit,
729 1648 820 1679 nec
848 1632 948 1698 ipse
983 1632 1129 1680 etiam
1166 1635 1298 1680 Deus
1328 1647 1386 1680 ea
1418 1647 1506 1697 per
1539 1631 1790 1679 scientiam
1826 1630 2288 1697 comprehenderet,

136 1728 242 1777 quae
263 1712 400 1771 nullo
424 1723 605 1760 naturae
627 1713 836 1760 termino
859 1712 1361 1778 comprehenduntur.
1393 1715 1626 1760 Praeterea
1648 1712 1687 1759 si
1710 1711 1872 1777 plures
1900 1720 2012 1759 sunt
2040 1711 2128 1772 dii,
2162 1729 2292 1778 quo—

135 1791 286 1840 modo
332 1793 597 1841 Dominum
621 1809 963 1859 quemcunque
987 1810 1233 1841 summum
1272 1792 1461 1841 bonum
1493 1793 1727 1851 dicemus,
1756 1809 1869 1840 cum
1895 1793 2024 1840 aliud
2056 1794 2115 1840 sit
2140 1793 2293 1858 majus

136 1874 259 1938 ipso,
279 1874 383 1939 ipsa
392 1874 576 1922 scilicet
586 1873 832 1922 bonorum
848 1873 1128 1935 multitudo,
1152 1891 1299 1939 quam
1313 1873 1536 1940 quislibet
1553 1891 1680 1922 unus
1700 1890 1756 1922 ex
1773 1890 1830 1922 ea
1843 1874 2150 1922 multitudine
2167 1874 2186 1920 Ξ)
2201 1874 2294 1922 Sed

137 1953 448 2002 necbonum
475 1954 739 2003 dicendum
772 1965 913 2016 esset,
952 1955 1114 2021 quod,
1141 1965 1194 2003 ut
1223 1955 1324 2020 jam
1349 1955 1678 2016 ostendimus,
1707 1954 2007 2021 superfluum
2030 1964 2168 2003 esset.
2199 1957 2293 2003 De·

136 2034 282 2099 nique
325 2036 485 2084 omnis
519 2035 781 2084 multitudo
823 2045 981 2084 totum
1018 2036 1217 2100 quidem
1251 2045 1339 2096 est,
1372 2045 1419 2085 et
1461 2052 1607 2085 omne
1642 2045 1801 2084 totum
1835 2036 2044 2102 propriis
2077 2035 2295 2102 partibus

135 2115 371 2179 posterius
403 2133 505 2165 esse
526 2117 807 2166 naturaliter
837 2127 1044 2179 constat,
1071 2127 1216 2183 atque
1241 2133 1387 2165 omne
1410 2116 1543 2182 quod
1563 2115 1826 2182 simplicius
1847 2126 1937 2178 est,
1962 2125 2098 2164 tanto
2113 2115 2295 2163 firmius

137 2210 237 2243 esse
254 2212 450 2245 necesse
469 2208 559 2261 est,
581 2214 694 2246 cum
711 2214 857 2246 omne
880 2199 1206 2264 compositum
1228 2208 1401 2247 natura
1419 2197 1699 2246 dissolubile
1723 2198 1799 2258 sit,
1815 2205 1862 2244 et
1886 2206 2020 2244 tanto
2040 2195 2291 2253 infirmius,

135 2285 318 2340 quanto
344 2276 652 2326 dissolutioni
690 2279 842 2343 magis
882 2277 1167 2327 obnoxium.
1196 2280 1315 2338 Quis
1339 2280 1485 2328 etiam
1517 2278 1771 2345 quodlibet
1799 2277 1989 2326 bonum
2023 2286 2159 2325 tanto
2187 2292 2295 2343 pre-

95 2422 102 2429 ,
135 2355 303 2406 tiosius
330 2374 434 2406 esse
470 2358 692 2424 deneget,
726 2368 911 2424 quanto
943 2360 1123 2421 rarius3
1149 2369 1197 2407 et
1218 2377 1279 2408 eo
1304 2361 1454 2425 magis
1483 2360 1766 2427 gloriosum,
1794 2375 1895 2424 quo
1920 2357 2070 2422 magis
2093 2366 2165 2406 est
2188 2357 2297 2404 uni-

136 2437 279 2486 cum?
294 2438 434 2488 Unde
449 2450 497 2488 et
514 2440 802 2507 plerumque
824 2457 880 2489 ea
893 2457 1000 2506 quae
1023 2442 1183 2489 minus
1206 2451 1318 2490 sunt
1337 2442 1604 2490 necessaria
1613 2441 1735 2503 aliis,
1754 2441 1948 2488 raritate
1963 2449 2124 2487 tamen
2145 2438 2217 2486 sui
2230 2439 2296 2485 eis

138 2519 342 2568 omnino
361 2521 697 2587 praeferuntur,
723 2531 778 2570 ut
793 2538 969 2570 aurum
982 2522 1128 2586 ferro,
1147 2523 1287 2589 piper
1308 2523 1569 2571 frumento.
1598 2520 1921 2570 Commendat
1942 2520 2103 2583 itaque
2125 2519 2296 2567 divinae

138 2598 339 2663 gloriam
361 2601 650 2651 excellentiae
665 2603 768 2669 ipsa
783 2620 981 2669 quoque
994 2603 1096 2668 ejus
1119 2603 1439 2668 singularitas,
1460 2620 1566 2668 quae
1589 2619 1794 2668 operum
1815 2616 2012 2665 quoque
2026 2600 2174 2664 ipsius
2202 2614 2296 2644 ma·

138 2679 266 2728 xima
301 2691 374 2729 est
410 2683 786 2745 commendatio,
828 2693 927 2732 tam
965 2685 1014 2731 in
1041 2683 1117 2732 his
1151 2684 1400 2743 faciendis,
1428 2699 1576 2749 quam
1608 2684 1658 2730 in
1701 2683 1767 2729 eis
1799 2679 2115 2746 disponendis
2149 2688 2296 2742 atque

138 2759 376 2824 regendis.
403 2762 543 2811 Nulla
571 2765 767 2829 proprie
790 2773 925 2813 tanta
949 2763 1053 2811 fleri
1089 2764 1353 2812 concordia
1377 2763 1453 2811 vel
1486 2764 1586 2828 regi
1621 2771 1839 2828 possunt,
1869 2769 2051 2826 quanta
2074 2758 2155 2806 illa
2190 2774 2297 2824 quae

139 2856 266 2888 uuus
287 2850 477 2889 tantum
495 2852 544 2890 et
562 2843 730 2891 condit
752 2853 799 2892 et
819 2844 958 2908 regit.
979 2847 1091 2892 Haec
1104 2844 1300 2908 quidem
1325 2843 1386 2892 ad
1403 2842 1714 2892 astruendam
1730 2842 1905 2890 divinae
1922 2840 2296 2906 singularitatem

140 2920 430 2969 excellentiae
452 2937 543 2988 pro
573 2922 843 2971 rationibus
875 2923 1041 2972 induci
1081 2924 1193 2972 satis
1225 2940 1327 2972 esse
1364 2923 1591 2986 arbitror,
1627 2922 1805 2988 quibus
1841 2932 1889 2970 et
1917 2921 2056 2970 facile
2079 2921 2297 2969 assentiri

141 3017 483 3068 quemcunque
518 3002 708 3050 bonum
747 3004 996 3063 existimo,
1034 3005 1115 3070 qui
1144 3004 1264 3053 nulli
1293 3004 1502 3068 invidus,
1539 3004 1761 3052 omnium
1789 3019 1952 3052 rerum
1977 3001 2296 3050 commenda-

141 3080 263 3133 tioni
282 3081 547 3147 plurimum
584 3084 877 3148 congaudet.
914 3085 1062 3151 Magis
1086 3094 1248 3134 autem
1283 3085 1502 3134 honestis
1533 3101 1681 3151 quam
1713 3084 1994 3132 necessariis
2028 3081 2298 3130 rationibus

143 3162 341 3224 utimur,
361 3165 595 3228 quoniam
617 3165 749 3231 apud
763 3165 926 3214 bonos
949 3165 1001 3214 id
1023 3182 1214 3233 semper
1236 3168 1536 3234 praecipuum
1554 3166 1795 3226 statuitur,
1823 3164 1955 3229 quod
1975 3181 2031 3212 ex
2046 3163 2297 3210 honestate

186 3347 197 3365 ⁴
210 3343 263 3379 Sic
288 3346 399 3380 Theol.
423 3347 547 3383 Christ.
570 3349 653 3382 Cum
664 3358 750 3391 pars
765 3349 848 3383 male
865 3350 942 3390 legit
960 3350 1055 3383 Δηὼ.
