2638 3866
342 218 406 264 48
1129 213 1297 259 PETRI
1332 212 1643 261 ABAELARDI

340 315 612 378 vulgaribus
633 313 888 360 hominum
911 311 1126 359 sensibus
1150 311 1439 358 intellectum
1460 312 1532 358 sui
1554 312 1686 360 vario
1718 324 1878 360 rerum
1907 314 2113 376 tegmine
2136 316 2462 379 operimento-

339 411 431 457 que
456 393 707 453 subtraxit,
729 394 793 439 ita
816 408 843 439 a
861 391 1178 456 prudentibus
1200 406 1373 437 arcana
1395 406 1480 437 sua
1496 391 1649 448 voluit
1665 384 1752 458 per
1771 391 1989 440 fabulosa
2015 395 2222 441 tractari.
2254 395 2332 443 Sic
2362 397 2460 462 ipsa

339 473 556 536 mysteria
580 471 837 535 figurarum
853 471 1084 518 cuniculis
1106 470 1405 535 operiuntur,
1433 486 1496 517 ne
1520 470 1708 518 vel-hcc
1730 471 1914 537 adeptis
1933 472 2086 520 nuda¹
2105 489 2265 521 rerum
2293 474 2460 522 talium

337 562 503 599 natura
525 568 574 598 se
594 550 815 616 praebeat,
844 550 928 598 sed
951 550 1266 598 summatibus
1286 558 1472 596 tantum
1494 551 1620 608 viris,
1643 551 1875 616 sapientia
1897 552 2175 617 interprete,
2199 554 2273 600 sui
2301 556 2461 603 arcani

336 633 558 692 consciis,
598 630 812 678 contenti
846 632 939 678 sint
973 629 1141 693 reliqui
1177 629 1238 677 ad
1268 630 1623 677 venerationem
1657 629 1820 694 figuris
1841 631 2210 680 defendentibus
2233 649 2262 680 a
2282 633 2463 681 vilitate

335 720 583 757 secretum.
617 729 639 753 n
671 712 810 757 :Juxta
844 709 976 774 quod
1008 719 1054 756 et
1086 709 1267 756 Veritas
1300 708 1495 773 ipsa'de
1535 709 1863 773 integumento
1899 711 2235 775 parabolarum
2267 729 2460 760 suarum

334 790 568 854 Apostolis
589 790 799 854 loquitur
815 790 997 837 dicens²
1021 808 1032 836 ι
1056 788 1241 836 «Vobis
1260 787 1427 835 datum
1445 798 1516 836 est
1536 805 1677 836 nosse
1695 789 1972 853 mysterium
1989 792 2129 854 regni
2150 792 2255 851 Dei,
2283 794 2462 841 caeteris

334 879 492 916 autem
523 869 569 916 in
606 868 868 933 parabolis3
904 877 953 915 ut
983 867 1199 915 videntes
1231 883 1332 914 non
1374 866 1592 929 videant,
1631 877 1680 915 et
1711 867 1959 916 audientes
1987 885 2087 917 non
2108 869 2404 935 intelligant.
2429 891 2458 915 a

335 952 401 995 Ex
425 948 514 995 hac
535 949 692 1013 itaque
718 947 947 994 Macrobii
970 946 1226 994 traditione
1248 946 1430 995 clarum
1444 957 1521 997 ¹est
1541 963 1649 1012 quae
1666 964 1696 996 a
1713 946 2015 1013 philosophis
2034 947 2271 998 de·ani1na
2292 949 2462 998 mundi

332 1027 571 1089 dicuntur,
609 1044 693 1093 per
732 1026 1032 1074 involucrum
1072 1026 1350 1092 accipienda
1391 1043 1510 1075 esse.
1549 1027 1772 1092 Alioquin
1795 1043 2040 1075 summum
2057 1028 2460 1094 philosophorum

335 1107 580 1155 Platonem
610 1123 852 1154 summum
881 1104 1137 1154 stultorum
1156 1106 1643 1172 deprehenderemus.
1671 1106 1800 1166 Quid
1825 1107 1955 1154 enim
1980 1108 2127 1172 magis
2148 1107 2459 1176 ridiculosum

331 1203 476 1249 quam
498 1186 731 1233 mundum
754 1195 910 1233 totum
931 1185 1150 1234 arbitrari
1179 1204 1331 1235 unum
1360 1186 1538 1235 animal
1567 1203 1670 1235 esse
1694 1186 1949 1249 rationale,
1979 1188 2069 1234 nisi
2097 1203 2184 1252 per
2211 1187 2309 1235 hoc
2338 1189 2462 1236 inte-

330 1277 610 1327 gumentum
632 1266 692 1313 sit
706 1268 721 1290 ³
744 1266 1021 1330 prolatum?
1050 1266 1235 1314 Animal
1257 1267 1436 1332 quippe
1458 1283 1561 1315 esse
1580 1283 1679 1314 non
1702 1276 1863 1332 potest
1886 1267 1977 1315 nisi
2001 1266 2227 1315 sensibile
2241 1267 2322 1330 sit,
2348 1284 2459 1316 cum

329 1346 384 1391 sit
407 1356 523 1393 nota
546 1344 759 1392 definitio
774 1382 787 1406 ‚
812 1345 1028 1393 animalis
1050 1345 1315 1417 substantia
1338 1348 1547 1394 anirnata
1570 1345 1821 1394 sensibilis.
1844 1347 1964 1404 Quis
1985 1357 2146 1395 autem
2169 1363 2227 1394 ex
2247 1347 2462 1413 quinque

328 1425 542 1472 sensibus
565 1424 749 1472 mundo
782 1425 935 1473 inesse
968 1426 1159 1490 poterit,
1187 1425 1277 1473 nisi
1301 1426 1420 1473 forte
1440 1435 1612 1488 tactus,
1632 1427 1716 1489 qui
1734 1425 1961 1474 omnibus
1983 1435 2054 1473 est
2074 1427 2348 1474 communis
2365 1427 2461 1475 ani-

329 1503 559 1550 malibus?
575 1506 756 1552 Desunt
774 1506 815 1551 ei
836 1505 1016 1570 quippe
1037 1514 1317 1553 caeterorum
1341 1521 1571 1552 sensuum
1591 1505 1929 1565 instrumenta,
1955 1505 2063 1570 ipso
2085 1514 2335 1553 attestante
2356 1506 2460 1553 Pla·-

328 1592 458 1643 tone,
485 1583 569 1629 ubi
590 1583 809 1630 videlicet
837 1584 1043 1632 ostendit
1069 1599 1216 1648 quare
1239 1585 1283 1632 ei
1304 1584 1448 1647 oculi,
1473 1594 1556 1632 aut
1582 1600 1745 1646 nares,
1771 1595 1854 1631 aut
1875 1593 2051 1631 caeterae
2076 1594 2235 1649 partes
2258 1584 2460 1633 humani

329 1662 543 1726 corporis
566 1663 838 1710 necessariae
857 1679 956 1710 non
981 1663 1194 1711 fuissent.
1216 1666 1367 1728 Atque
1390 1674 1461 1711 est
1480 1679 1589 1729 pars
1607 1665 1824 1729 corporis
1847 1663 2054 1725 mundi‘,
2075 1679 2173 1728 qua
2185 1664 2343 1729 ipsesi
2360 1671 2463 1712 tan-

329 1751 481 1803 gatur,
505 1743 678 1789 sentire
700 1752 842 1806 queat
864 1744 1012 1808 magis
1033 1760 1178 1807 quam
1201 1742 1394 1791 arbores
1420 1744 1492 1792 vel
1515 1743 1688 1809 plantae
1704 1781 1716 1803 ‚
1742 1760 1848 1809 quae
1873 1753 2008 1791 terrae
2034 1742 2261 1790 radicitus
2282 1742 2455 1803 affixae,

329 1821 495 1868 eadem
528 1823 687 1869 anima
725 1822 950 1871 vivificari
982 1823 1221 1871 dicuntur.
1262 1823 1506 1888 Numquid
1530 1841 1586 1872 ex
1617 1823 1872 1877 effossione
1901 1833 2036 1871 terrae
2069 1823 2231 1888 potius
2263 1823 2460 1871 sentiret

330 1901 554 1963 mundus,
578 1918 723 1965 quam
741 1902 936 1950 arbores
953 1921 1009 1950 ex
1024 1903 1267 1950 frondium
1291 1904 1536 1951 avulsione
1560 1904 1632 1951 vel
1654 1905 1802 1952 totius
1822 1903 2133 1968 corporis-sui
2157 1902 2458 1960 abscisione?

328 1978 531 2027 Arbores
552 1990 712 2028 tamen
735 1992 782 2029 et
802 1982 1036 2047 quaslibet
1056 1983 1243 2048 plantas
1270 1983 1566 2031 insensibiles
1594 2000 1696 2031 esse
1721 1991 1934 2040 constat,
1960 1981 2168 2046 ideoque
2200 1981 2263 2029 ad
2298 1983 2458 2030 exclu-

325 2059 508 2106 sionem
531 2061 766 2108 earum'in
786 2062 1064 2110 definitione
1083 2062 1300 2111 animalis
1323 2073 1432 2127 post
1457 2065 1722 2110 animatum
1746 2063 1943 2128 ponitur
1966 2060 2206 2109 sensibile.
2230 2063 2458 2110 Praeterea

325 2154 434 2183 eum
452 2138 612 2186 dicant
635 2140 844 2188 animam
865 2141 1032 2189 mundi
1054 2141 1249 2205 singulis
1273 2142 1478 2190 infusam
1501 2142 1806 2208 corporibus,
1832 2157 1890 2189 ea
1911 2142 2124 2189 animare
2148 2157 2254 2205 quae
2275 2140 2335 2189 ad
2358 2143 2458 2188 ani-

326 2218 555 2264 mandum
577 2229 687 2283 apta
709 2222 900 2285 reperit,
921 2222 1037 2287 quid
1059 2239 1181 2287 opus
1200 2231 1299 2269 erat
1315 2223 1558 2270 creatione
1577 2232 1850 2270 nostrarum
1866 2222 2136 2269 animarum
2155 2237 2275 2285 quas
2291 2230 2456 2286 postea

326 2295 466 2343 factas
487 2297 621 2345 Plato
643 2315 742 2347 esse
765 2288 1147 2348 commemorat?
1165 2311 1247 2349 aut
1267 2302 1385 2366 quid
1407 2319 1531 2367 opus
1553 2312 1623 2350 est
1645 2303 1852 2350 animam
1881 2300 2051 2348 mundi
2072 2300 2149 2348 his
2172 2300 2457 2365 corporibus

324 2376 496 2422 nostris
519 2377 672 2424 inesse
694 2395 799 2442 quae
822 2397 920 2427 non
945 2382 1157 2429 animat?
1178 2381 1307 2440 Quid
1331 2382 1462 2428 enim
1495 2380 1761 2428 evidentius
1791 2396 1939 2444 quam
1970 2395 2179 2443 corpora
2206 2388 2369 2428 nostra
2397 2395 2455 2428 ex

325 2456 528 2519 propriis
553 2457 804 2506 animabus
832 2459 1054 2506 humanis
1076 2461 1225 2524 magis
1253 2476 1400 2525 quam
1428 2476 1484 2507 ex
1513 2460 1674 2507 anima
1704 2458 1873 2506 mundi
1902 2459 2048 2505 vitam
2080 2458 2338 2505 animalem
2371 2457 2454 2504 ha·

322 2532 435 2580 bere
447 2531 471 2580 ἶ)
489 2535 569 2581 His
588 2537 766 2601 quippe
780 2538 1027 2585 animabus
1041 2539 1369 2603 praesentibus,
1393 2540 1549 2587 statim
1567 2539 1775 2586 animata
1792 2547 1902 2584 sunt
1924 2547 1971 2585 et
1988 2536 2159 2584 iisdem
2177 2535 2453 2583 absentibus

325 2613 598 2675 inanimata,
614 2614 738 2676 licet,
757 2618 972 2675 maium,
992 2618 1041 2664 in
1062 2619 1128 2664 eis
1144 2619 1304 2666 anima
1325 2619 1491 2666 mundi
1518 2619 1660 2666 etiam
1679 2626 1788 2682 post
1814 2626 2019 2663 mortem
2042 2625 2326 2681 perseveret,
2345 2631 2451 2680 quae

324 2693 370 2736 in
397 2692 619 2740 omnibus
639 2704 739 2742 tota
762 2706 832 2743 est
851 2697 1135 2761 corporibus
1152 2735 1163 2757 ,
1198 2707 1245 2744 et
1277 2699 1327 2745 in
1352 2698 1426 2745 his
1451 2699 1500 2745 in
1535 2698 1711 2762 quibus
1730 2706 1883 2744 vacat.
1912 2695 2044 2753 Quid
2062 2696 2208 2743 etiam
2230 2705 2298 2743 est
2317 2695 2449 2759 quod

325 2769 595 2818 absentibus
614 2773 836 2822 humanis
855 2776 1126 2836 animabus,
1153 2778 1314 2825 anima
1339 2777 1510 2825 mundi
1533 2793 1739 2842 corpora
1763 2786 1944 2835 nostra,
1970 2775 2079 2822 licet
2102 2775 2171 2821 eis
2193 2774 2322 2834 insit,
2347 2775 2451 2822 ani-

326 2864 453 2894 mare
482 2866 580 2895 non
607 2852 801 2914 sufficit,
828 2872 939 2902 cum
962 2856 1088 2920 ipsa,
1114 2866 1312 2904 testante
1340 2856 1538 2904 Platone
1553 2859 1583 2914 ³,
1604 2856 1790 2903 'cunctis
1811 2852 2129 2901 invisibilibus
2151 2853 2449 2918 praestantior

325 2943 351 2972 a
376 2931 752 2989 praestantissimo
776 2943 970 2981 auctore
997 2935 1118 2982 facta
1137 2935 1232 2982 sit?
1255 2936 1499 2999 Numquid
1523 2936 1720 2983 minoris
1744 2933 1964 2982 efficaciae
1981 2940 2054 2980 'est
2075 2934 2124 2979 in
2147 2931 2286 2979 nobis
2304 2946 2448 2993 quam

312 3015 498 3053 caeterae
521 3009 704 3069 animae,
727 3021 806 3057 aut
829 3029 938 3058 cum
966 3013 1064 3075 jam
1087 3030 1291 3077 corpora
1324 3024 1486 3062 nostra
1515 3015 1738 3062 defuncta
1767 3023 1877 3061 sunt
1893 3048 1904 3070 ,
1933 3029 2028 3059 non
2052 3020 2163 3058 sunt
2185 3010 2360 3056 idonea
2387 3010 2446 3058 ad

368 3208 374 3224 ¹
399 3206 449 3238 Sic
464 3207 544 3239 cod.
561 3207 643 3240 Vict.
660 3210 798 3242 Nudum
815 3212 911 3246 Amb.
929 3230 965 3236 —
989 3215 999 3232 ²
1021 3213 1133 3253 Mare,
1162 3224 1233 3255 cap,
1253 3224 1297 3255 iv,
1324 3225 1354 3247 v.
1378 3220 1426 3247 11.
1447 3233 1483 3238 —
1499 3217 1510 3236 ³
1534 3214 1596 3247 Sic.
1619 3216 1698 3247 Cod.
1722 3214 1801 3246 Vici.
1824 3215 1878 3247 Sic
1904 3222 1962 3253 9¹¹⁰
1987 3213 2031 3243 δι’*
2059 3211 2116 3243 Ed·
2144 3211 2235 3242 Amb·
2258 3226 2294 3233 “’
2313 3210 2321 3228 ⁴
2341 3209 2445 3241 Thw‘

324 3256 416 3298 loyia
437 3259 630 3292 Christiana
654 3263 768 3294 melius
784 3276 790 3294 :
809 3268 867 3296 aut
885 3274 960 3305 quoe
977 3271 1022 3298 est
1044 3275 1137 3306 pars.
1151 3285 1191 3291 —
1207 3269 1218 3287 ⁵
1236 3269 1274 3300 In
1298 3269 1431 3300 Timaeo.
