2638 3866
264 180 360 228 766
1162 176 1479 227 APPENDIX.

263 280 474 340 benignus
502 291 631 334 esset,
660 278 736 323 sed
763 280 907 335 alteri;
931 278 1117 323 maxime
1140 291 1284 323 autem
1305 281 1421 323 Deus
1442 281 1516 340 qui
1536 279 1693 325 nullius
1720 280 1901 342 indiget,
1933 297 2034 343 erga
2063 284 2247 344 seipsum
2267 283 2397 327 beni-

263 361 433 419 gnitatis
457 361 612 403 affectu
635 360 896 403 commoveri
917 374 1007 403 non
1029 370 1194 421 potest,
1218 371 1267 404 ut
1288 360 1368 403 sibi
1391 360 1552 421 aliquid
1574 377 1628 406 ex
1648 361 1913 424 benignitate
1935 362 2172 424 impendat,
2198 364 2274 407 sed
2297 380 2401 425 erga

265 451 479 483 creaturas
501 450 685 483 tantum.
714 461 732 477 »

264 601 335 638 111.
355 598 468 647 Quod
493 611 540 637 ea
558 601 661 638 Deus
686 598 931 638 solummodo
947 598 1069 652 possit
1090 599 1231 650 facere,
1250 599 1314 638 vel
1343 599 1549 651 dimittere,
1572 601 1632 641 vel
1661 614 1708 641 eo
1736 601 1854 641 modo
1876 609 2043 652 tantum,
2072 602 2134 642 vel
2157 615 2204 642 eo
2227 610 2402 656 tempore

1120 675 1200 714 quo
1218 662 1334 711 facit,
1353 676 1434 702 non
1452 662 1546 703 alio.

327 807 346 824 «
367 786 459 828 Hac
480 785 645 829 ratione
667 801 753 844 qua
778 786 1059 841 convincitur,
1089 786 1207 845 quod
1234 787 1350 830 Deus
1376 786 1504 830 Pater
1525 798 1614 830 tam
1646 787 1812 830 bonum
1840 788 1987 847 genuit
2016 788 2170 831 Filium
2194 800 2403 848 quantum

263 869 420 930 potuit,
445 884 546 912 cum
566 869 764 912 videlicet
792 869 914 913 aliter
935 885 1033 913 reus
1054 880 1164 914 esset
1183 869 1377 926 invidiae3
1402 870 1565 913 clarum
1593 880 1657 914 est
1678 870 1808 913 etiam
1829 871 1975 913 omnia
1997 886 2093 930 quae
2114 871 2238 927 facit,
2262 889 2403 932 quan-

264 961 358 993 tum
394 961 535 1010 potest
571 950 742 1010 egregia
776 949 943 1005 facere;
978 966 1059 993 nec
1098 949 1233 994 ullum
1272 949 1553 993 commodum
1594 950 1714 1009 quod
1750 950 1946 994 conferre
1983 952 2116 1010 possit
2155 951 2404 997 subtrahere

263 1030 389 1074 velle.
411 1050 428 1068 ι»
450 1031 505 1072 Et
525 1041 622 1090 post
638 1045 777 1089 pauca
797 1045 808 1073 ε
836 1050 852 1067 «ι
865 1031 916 1072 In
937 1040 1106 1073 tantum
1125 1030 1170 1072 in
1191 1030 1391 1073 omnibus
1410 1046 1505 1089 quae
1526 1031 1642 1073 Deus
1657 1030 1773 1085 facit,
1799 1029 1917 1090 quod
1934 1030 2100 1073 bonum
2121 1042 2184 1074 est
2205 1031 2403 1078 attendit.

265 1121 314 1154 ut
344 1111 437 1169 ipso
458 1111 565 1154 boni
593 1111 730 1171 pretio
751 1110 895 1170 potius
914 1126 1045 1170 quam
1063 1109 1296 1153 voluntatis
1316 1126 1403 1153 suae
1428 1110 1552 1153 libito
1582 1108 1638 1152 ad
1673 1110 1838 1171 singula
1875 1110 2071 1154 facienda
2101 1110 2297 1154 inclinari
2333 1111 2403 1154 di-

264 1201 400 1236 catur.
423 1211 441 1229 »
468 1191 579 1233 Item
599 1206 610 1234 ι
642 1210 658 1228 α
675 1191 742 1233 Ex
760 1190 826 1233 his
846 1191 989 1249 itaque
1011 1200 1100 1233 tam
1120 1190 1175 1234 de
1195 1191 1362 1233 ratione
1383 1205 1514 1249 quam
1536 1189 1591 1233 de
1614 1190 1771 1250 scripto
1792 1189 1956 1234 collatis
1978 1201 2170 1245 constat,
2192 1190 2240 1234 id
2261 1190 2402 1234 solum

265 1272 404 1315 Deum
427 1272 566 1315 facere
587 1285 710 1330 posse
733 1269 852 1329 quod
873 1270 1105 1329 aliquando
1129 1270 1247 1313 facit.
1266 1290 1283 1308 »
1305 1271 1360 1312 Et
1377 1281 1475 1330 post
1493 1285 1630 1329 pauca
1651 1285 1662 1312 :
1685 1290 1702 1307 «ι
1715 1270 1800 1325 Qui
1820 1271 1855 1312 si
1877 1270 1990 1313 mala
2007 1286 2103 1329 quae
2125 1269 2233 1313 fiunt
2254 1270 2407 1313 distur-

264 1351 367 1395 bare
402 1361 568 1412 posset,
604 1365 685 1393 nec
718 1350 765 1393 id
796 1350 927 1393 etiam
959 1349 1039 1392 nisi
1062 1360 1306 1409 opportune
1338 1349 1513 1405 faceret,
1538 1350 1613 1409 qui
1645 1349 1752 1391 nihil
1783 1350 2028 1409 importune
2060 1349 2199 1392 facere
2233 1360 2401 1408 potest,

266 1432 458 1490 profecto
485 1444 576 1473 non
595 1429 725 1473 video
747 1430 968 1489 quomodo
990 1430 1175 1489 peccatis
1202 1429 1470 1474 consentiens
1497 1445 1588 1472 non
1610 1439 1734 1473 esset.
1766 1429 1873 1484 Quis
1893 1429 2009 1472 enim
2029 1429 2270 1473 consentire
2289 1429 2404 1472 malo

268 1511 475 1555 dicendus
506 1520 594 1564 est,
628 1510 709 1552 nisi
733 1511 769 1553 is
796 1526 875 1570 per
903 1525 1033 1570 quem
1065 1510 1196 1553 etiam
1224 1520 1466 1570 opportune
1498 1508 1728 1552 disturbari
1757 1508 1927 1568 posset?
1945 1529 1962 1547 ι»
1986 1510 2095 1552 Item
2117 1524 2128 1552 ι
2159 1529 2176 1546 «ι
2191 1509 2408 1551 Praedictis

266 1593 411 1650 itaque
436 1590 673 1634 rationibus
693 1590 763 1633 vel
784 1590 1052 1648 objectorum
1073 1589 1356 1633 solutionibus
1377 1590 1540 1649 liquere
1561 1605 1660 1633 reor
1681 1589 1883 1632 omnibus
1902 1604 1952 1632 ea
1974 1588 2248 1632 solummodo
2269 1590 2408 1632 Deum

268 1687 391 1732 posse
415 1671 554 1715 facere
575 1671 644 1714 vel
669 1670 899 1726 dimittere,
920 1671 989 1714 vel
1011 1686 1064 1714 eo
1085 1670 1220 1714 modo
1242 1681 1426 1726 tantum,
1450 1670 1518 1714 vel
1538 1686 1591 1714 eo
1616 1681 1811 1730 tempore
1833 1685 1920 1729 quo
1943 1669 2058 1724 facit,
2084 1685 2175 1712 non
2199 1669 2299 1712 alio.
2326 1690 2342 1706 υ

536 1841 601 1879 IV.
619 1838 734 1888 Quod
750 1838 923 1878 Christus
943 1850 1023 1877 non
1040 1837 1246 1890 assumpsit
1262 1849 1435 1884 carnem,
1454 1845 1499 1875 ut
1516 1850 1588 1876 nos
1606 1850 1630 1876 a
1648 1836 1749 1890 jugo
1768 1836 1911 1876 diaboli
1938 1837 2135 1877 liberaret.

334 1986 353 2002 «
376 1964 606 2008 Sciendum
631 1974 694 2007 est
708 1995 720 2018 ,
744 1963 864 2023 quod
883 1978 1034 2006 omnes
1051 1962 1187 2006 nostri
1208 1963 1416 2005 Doctores
1439 1961 1514 2019 qui
1538 1972 1637 2022 post
1656 1962 1886 2021 Apostolos
1906 1963 2048 2017 fuere,
2071 1963 2116 2004 in
2138 1962 2223 2005 hoc
2245 1977 2406 2005 conve-

267 2046 392 2088 niunt
419 2043 538 2104 quod
566 2042 771 2086 Diabolus
800 2042 1042 2086 dominium
1070 2053 1113 2085 et
1139 2052 1395 2102 potestatem
1421 2041 1613 2084 habebat
1652 2056 1779 2101 super
1810 2042 2056 2093 hominem,
2105 2052 2148 2086 et
2169 2043 2265 2098 jure
2308 2056 2407 2084 eum

270 2124 532 2184 possidebat.
558 2144 574 2161 υ
603 2124 658 2165 Et
677 2133 776 2183 post
796 2138 932 2182 pauca
952 2138 963 2166 :
990 2143 1007 2160 «ι
1019 2122 1110 2166 Nec
1131 2120 1338 2164 Diabolus
1358 2136 1549 2180 unquam
1564 2122 1632 2178 jus
1655 2121 1830 2180 aliquod
1849 2121 2001 2164 habuit
2019 2137 2146 2182 super
2164 2121 2404 2172 hominem,

270 2204 346 2248 sed
356 2206 451 2262 jure
468 2219 565 2247 eum
578 2201 827 2263 possidebat
847 2202 1121 2263 permittente
1134 2234 1147 2257 ,
1162 2212 1212 2245 ut
1233 2202 1508 2256 carcerarius,
1524 2217 1604 2244 nec
1615 2201 1684 2260 [ut
1699 2201 1814 2260 eum]
1830 2202 1959 2244 Filius
1971 2203 2050 2245 Dei
2073 2218 2098 2245 a
2114 2203 2219 2262 jugo
2233 2201 2406 2245 Diaboli

270 2285 488 2336 liberaret,
513 2298 687 2326 carnem
708 2283 948 2342 assumpsit.
973 2303 990 2320 υ
1017 2283 1071 2324 Et
1092 2293 1191 2342 post
1211 2297 1350 2342 pauca
1377 2297 1387 2325 t
1421 2303 1439 2319 «
1458 2281 1693 2336 Quomodo
1721 2297 1800 2324 nos
1818 2281 2034 2339 justificari
2056 2281 2125 2326 vel
2145 2280 2409 2325 reconciliari

271 2379 349 2423 per
369 2373 554 2405 mortem
575 2362 671 2405 Filii
692 2363 781 2419 ejus
803 2361 907 2404 dicit
927 2361 1179 2425 Apostolus,
1204 2362 1278 2420 qui
1295 2371 1417 2403 tanto
1440 2360 1621 2420 amplius
1634 2360 1836 2405 adversus
1846 2362 2068 2404 hominem
2086 2361 2209 2404 irasci
2235 2359 2406 2412 debuit,

273 2453 434 2502 quanto
458 2441 638 2501 amplius
659 2442 705 2483 in
725 2440 1014 2501 crucifigendo
1032 2438 1189 2483 Filium
1209 2455 1335 2483 suum
1359 2439 1602 2499 deliquerit,
1628 2456 1760 2499 quam
1780 2441 1825 2483 in
1846 2440 2200 2500 transgrediendo
2222 2440 2408 2499 primum

273 2535 535 2583 praeceptum
555 2539 679 2566 suum
714 2523 839 2564 unius
871 2522 990 2581 pomi
1016 2532 1140 2581 gustu
1165 2537 1176 2564 t
1214 2520 1436 2580 quomodo
1473 2522 1590 2563 enim
1625 2521 1804 2580 amplius
1833 2523 1994 2578 justum
2026 2520 2187 2564 fuerat?
2219 2519 2350 2574 Quod
2379 2520 2412 2562 si

274 2615 441 2647 tantum
463 2604 601 2646 fuerat
626 2602 733 2646 illud
761 2601 868 2645 Adae
894 2612 1116 2661 peccatum
1129 2633 1140 2655 ,
1171 2612 1220 2643 ut
1250 2601 1414 2660 expiari
1440 2615 1530 2643 non
1558 2611 1702 2660 posset
1731 2601 1814 2643 nisi
1835 2616 1890 2644 ex
1914 2611 2052 2643 morte
2074 2601 2252 2653 Christi3
2285 2614 2413 2658 quam

276 2683 567 2742 expiationem
593 2682 774 2725 habebit
802 2682 943 2741 ipsum
968 2679 1266 2731 homicidium,
1301 2679 1421 2739 quod
1451 2680 1497 2722 in
1519 2681 1688 2723 Christo
1716 2680 1989 2722 commissum
2019 2690 2082 2722 est
2095 2712 2106 2734 ,
2135 2689 2202 2722 tot
2225 2689 2268 2721 et
2295 2688 2414 2720 tanta

277 2763 434 2805 scelera
466 2764 511 2805 in
536 2763 677 2822 ipsum
703 2762 771 2805 vel
799 2776 899 2804 suos
920 2759 1172 2804 commissa?
1191 2759 1413 2818 Numquid
1444 2775 1561 2803 mors
1581 2760 1824 2802 innocentis
1844 2758 1939 2802 Filii
1954 2770 2122 2802 tantum
2142 2759 2236 2802 Deo
2256 2757 2415 2817 placuit

278 2853 324 2884 ut
344 2858 420 2901 per
446 2844 586 2902 ipsum
610 2842 959 2885 reconciliaretur
984 2841 1133 2894 nobis,
1158 2841 1232 2898 qui
1257 2840 1343 2882 hoc
1363 2839 1586 2900 peccando
1608 2840 1920 2893 commisimus,
1944 2849 2121 2899 propter
2141 2838 2259 2897 quod
2281 2838 2412 2879 inno-

279 2936 377 2964 cens
401 2922 611 2965 Dominus
641 2932 704 2965 est
732 2922 918 2976 occisus,
950 2936 1031 2964 nec
1061 2921 1142 2962 nisi
1164 2921 1249 2963 hoc
1279 2921 1515 2963 maximum
1542 2918 1664 2962 fieret
1688 2929 1935 2979 peccatum,
1966 2920 2096 2962 etiam
2122 2918 2255 2961 levius
2275 2918 2414 2977 potuit

279 3002 498 3060 ignoscere
518 3002 683 3045 multo?
706 3002 798 3045 Nec
827 3001 908 3044 nisi
928 3001 1217 3060 multiplicatis
1237 2999 1360 3043 malis
1385 3011 1476 3043 tam
1504 3000 1671 3043 bonum
1694 3000 1833 3043 facere
1860 3000 1905 3042 in
1927 3015 2016 3059 quo
2036 3010 2080 3042 et
2095 2999 2293 3056 justiores
2314 2997 2414 3040 facti

281 3097 425 3125 sumus
446 3097 523 3140 per
548 3092 733 3125 mortem
753 3081 851 3124 Filii
871 3081 953 3123 Dei
974 3096 1105 3139 quam
1128 3090 1227 3123 ante
1251 3095 1443 3135 eramus,
1476 3091 1524 3123 ut
1546 3095 1572 3122 a
1595 3080 1778 3140 peccatis
1795 3082 1886 3137 jam
1910 3079 2083 3122 liberari
2110 3075 2370 3121 debeamus?
2391 3096 2406 3112 n

280 3163 390 3204 Item
411 3176 422 3204 ε
453 3182 471 3198 «
487 3161 565 3203 Cui
586 3177 688 3204 vero
717 3176 806 3203 non
835 3159 1007 3202 crudele
1036 3169 1081 3202 et
1108 3159 1304 3217 iniquum
1331 3159 1516 3215 videtur,
1549 3171 1599 3203 ut
1628 3160 1877 3220 sanguinem
1902 3160 2140 3202 innocentis
2161 3169 2204 3201 et
2229 3156 2414 3216 pretium

281 3239 455 3300 aliquod
476 3242 568 3300 quis
595 3239 856 3299 requisierit,
882 3249 956 3281 aut
976 3238 1065 3281 ullo
1098 3237 1232 3280 modo
1262 3238 1302 3281 ei
1327 3237 1535 3297 placuerit
1561 3240 1837 3282 innocentem
1867 3238 2075 3282 interfici?
2100 3237 2272 3281 Nedum
2297 3236 2413 3278 Deus
