2638 3866
348 227 411 271 72
1145 214 1312 261 PETRl
1350 211 1662 261 ABAELARDI

348 323 526 370 malum
558 321 674 368 scire
694 318 914 381 decipere
941 314 1015 362 vel
1042 313 1319 372 adulterari,
1351 311 1435 358 sed
1458 313 1548 360 ista
1570 313 1886 374 committere,
1909 314 2023 376 quia
2046 313 2147 378 ejus
2169 316 2237 363 rei
2258 315 2388 364 bona
2408 327 2479 365 est

346 402 577 466 cognitio,
612 399 747 462 >cujus
777 395 982 460 pessima
999 403 1074 440 est
1095 393 1248 441 actio:
1283 402 1328 439 et
1354 407 1498 438 nemo
1522 402 1689 457 peccat
1714 393 2053 457 cognoscendo
2085 405 2359 459 peccatum,
2392 398 2476 445 sed

345 478 703 529 committendo.
743 476 791 521 Si
820 491 924 539 quae
955 483 1116 520 autem
1140 472 1337 519 scientia
1359 471 1537 518 malum
1561 481 1702 528 esset,
1743 472 1908 536 utique
1935 482 1982 520 et
2004 472 2186 521 malum
2204 485 2326 523 esset
2347 492 2475 540 quae-

343 561 453 608 dam
487 572 789 622 cognoscere.
833 557 890 601 At
915 554 1015 617 jam
1038 552 1220 600 absolvi
1249 568 1277 598 a
1304 550 1483 598 malitia
1507 554 1633 598 Deus
1660 567 1758 598 non
1785 561 1972 616 posset,
1994 553 2109 618 quia
2133 556 2297 602 omnia
2319 556 2470 603 novit.

282 674 287 683 ,
342 643 392 685 In
430 640 533 703 ipso
575 636 704 684 enim
735 634 838 681 solo
866 634 1085 679 omnium
1114 642 1184 679 est
1208 630 1459 696 plenitudo
1485 631 1806 688 scientiarum,
1854 633 1990 697 cujus
2013 632 2199 681 donum
2224 644 2296 682 est
2319 636 2477 683 omnis

339 718 547 766 scientia.
582 714 786 778 Scientia
818 713 995 777 quippe
1028 721 1098 759 est
1128 710 1500 775 comprehensio
1524 711 1748 758 omnium
1765 728 2055 778 rerum-quae
2078 723 2215 775 sunt,
2241 723 2384 779 atque
2402 714 2476 763 his

339 798 565 845 veraciter
589 804 758 843 cuncta
774 793 1018 851 discernit,
1041 791 1118 838 cui
1137 807 1192 838 ea
1214 808 1409 856 quoque
1426 808 1536 856 -quae
1554 808 1653 838 non
1680 801 1793 839 sunt
1814 793 1948 855 quasi
1969 795 2216 858 praesentia
2233 794 2470 843 assistunt.

340 877 475 924 Unde
513 887 558 924 et
590 872 874 923 enumeratis
908 871 1048 919 donis
1077 871 1280 936 Spiritus
1308 872 1427 936 ejus,
1462 872 1566 938 ipse
1602 891 1624 915 «
1647 871 1849 937 Spiritus
1874 873 2080 920 scientiae
2100 891 2124 918 »
2153 890 2255 921 esse
2282 873 2470 922 dicitur.

336 958 466 1004 Sicut
483 966 641 1004 autem
666 953 775 1001 mali
794 969 989 1017 quoque
1013 951 1209 999 scientia
1241 951 1373 1000 bona
1396 961 1488 1012 est,
1515 951 1577 999 ad
1600 951 1877 999 evitandum
1907 952 2083 1001 scilicet
2108 953 2288 1002 malum
2310 970 2476 1003 neces-

334 1039 481 1097 saria,
508 1037 572 1084 ita
600 1043 883 1101 potestatem
912 1033 1057 1080 etiam
1079 1031 1192 1080 mali
1211 1031 1395 1080 bonam
1419 1048 1519 1083 esse
1542 1041 1750 1092 constat,
1774 1031 1835 1080 ad
1858 1033 2236 1098 promerendum
2258 1051 2476 1084 necessa·

337 1118 471 1165 riam.
516 1117 563 1163 Si
590 1116 718 1163 enim
742 1129 941 1179 peccare
963 1129 1065 1160 non
1088 1129 1363 1178 possemus,
1390 1112 1509 1159 nihil
1533 1128 1633 1159 non
1658 1113 1905 1178 peccando
1928 1130 2339 1180 promereremur,
2363 1117 2475 1163 etei

333 1198 415 1262 qui
433 1197 633 1244 liberum
655 1212 754 1242 non
776 1193 920 1241 habet
943 1193 1223 1254 arbitrium,
1246 1193 1435 1241 nullum
1458 1209 1516 1240 ex
1539 1192 1614 1240 his
1639 1209 1745 1257 quae
1768 1204 1962 1242 coactus
1985 1194 2080 1259 agit
2094 1230 2106 1254 ,
2135 1194 2337 1243 debetur
2359 1212 2475 1261 prae·

334 1278 501 1324 mium.
526 1279 583 1324 At
599 1292 713 1323 vero
737 1283 923 1335 contra,
947 1283 1001 1322 ut
1022 1275 1086 1322 ait
1109 1273 1370 1339 Propheta¹
1393 1291 1403 1319 :
1435 1293 1456 1317 «
1479 1273 1574 1331 Qui
1596 1273 1754 1338 potuit
1770 1274 2037 1339 transgredi
2056 1284 2103 1322 et
2119 1291 2220 1322 non
2242 1285 2314 1324 est
2329 1285 2477 1324 trans-

333 1374 513 1420 gressus
527 1394 540 1418 ,
566 1357 718 1403 facere
753 1355 876 1402 mala
894 1364 942 1402 et
959 1371 1060 1401 non
1083 1353 1216 1412 fecit,
1246 1352 1357 1401 ideo
1380 1352 1587 1401 stabilita
1610 1363 1724 1400 sunt
1743 1353 1876 1402 bona
1894 1354 2019 1403 illius
2038 1356 2087 1402 in
2106 1357 2336 1404 Domino.
2361 1375 2384 1401 n
2410 1359 2476 1404 Ex

331 1436 404 1484 his
427 1437 586 1500 itaque
608 1435 844 1500 liquidum
869 1444 940 1482 est
962 1433 1143 1482 nullam
1177 1443 1260 1481 aut
1288 1433 1535 1493 scientiam
1557 1432 1633 1481 vel
1654 1441 1938 1498 potestatem
1961 1434 2138 1483 malam
2159 1452 2286 1497 esse,
2321 1452 2475 1502 quan-

333 1527 622 1582 tumcunque
652 1517 775 1564 mala
808 1516 901 1562 sint
932 1514 1154 1562 exercitia
1185 1530 1354 1561 eorum
1373 1550 1386 1575 ,
1423 1530 1535 1561 cum
1562 1522 1610 1560 et
1630 1515 1760 1560 Deus
1784 1513 1961 1562 tribuat
1986 1531 2183 1563 omnem
2207 1517 2471 1578 scientiam,

330 1608 379 1644 et
397 1614 591 1645 omnem
611 1598 799 1645 ordinet
820 1605 1122 1662 potestatem.
1161 1595 1257 1653 Qui
1280 1580 1425 1642 etiam
1447 1593 1509 1642 de
1527 1603 1764 1660 potestate>
1785 1594 2070 1658 iniquissimi
2092 1596 2230 1644 Pilati
2247 1596 2476 1645 adversus

332 1694 380 1724 se
403 1679 467 1724 ait
482 1680 521 1724 ²:
552 1699 572 1721 «
595 1681 700 1725 Non
718 1677 920 1725 haberes
943 1677 991 1723 in
1023 1692 1101 1723 me
1123 1684 1427 1741 potestatem,
1459 1674 1741 1722 nisidatum
1764 1685 1886 1722 esset
1909 1675 1996 1722 tibi
2024 1676 2247 1742 desuper.
2271 1696 2294 1720 x»
2317 1677 2477 1724 Scien-

333 1758 418 1805 tias
453 1759 611 1824 itaque
644 1758 1000 1824 approbamus,
1039 1756 1124 1804 sed
1159 1755 1353 1804 fallaciis
1375 1755 1680 1803 abutentium
1706 1756 1984 1803 resistimus.
2029 1759 2136 1804 Non
2162 1757 2321 1816 enim,
2357 1767 2474 1805 teste

331 1837 499 1898 Tullio,
528 1839 829 1886 mediocriter
845 1847 1022 1899 errant,
1045 1837 1128 1902 qui
1152 1853 1210 1885 ex
1231 1837 1349 1884 vitio
1371 1836 1585 1883 hominis
1604 1835 1854 1883 scientiam
1873 1836 2085 1901 culpant.
2114 1837 2190 1883 Sic
2214 1836 2342 1884 enim
2363 1853 2475 1884 cum

330 1918 390 1965 de
407 1920 775 1985 reprehensione
792 1918 1265 1983 argumentationum
1289 1917 1337 1964 in
1354 1917 1604 1964 Rhetorica
1622 1917 1836 1977 doceret,
1860 1916 1925 1964 ait
1938 1916 2062 1964 inter
2079 1918 2294 1964 caetera³z
2325 1936 2348 1960 «
2367 1919 2474 1964 Non

331 1999 392 2046 ad
416 1999 465 2046 id
485 2000 545 2048 ad
565 2000 697 2064 quod
719 2000 977 2047 instituitur
1000 1997 1450 2046 accommodabitur
1474 1998 1634 2062 aliqua
1656 2013 1767 2063 pars
1789 1998 2232 2060 argumentationis,
2259 1998 2298 2045 si
2321 2014 2396 2045 res
2417 2014 2474 2046 ex

332 2080 444 2126 vitio
463 2080 671 2128 hominis
689 2079 1065 2146 vituperabitur:
1089 2089 1142 2126 ut
1160 2079 1200 2125 si
1218 2078 1326 2143 quis
1343 2078 1614 2126 doctrinam
1633 2094 1690 2125 ex
1709 2077 1907 2142 alicujus
1931 2077 2065 2126 docti
2081 2077 2205 2125 vitiis
2221 2077 2476 2143 reprehen-

331 2159 428 2207 dat.
449 2181 470 2203 »
498 2161 661 2208 Nullos
681 2171 840 2208 autem
860 2161 1006 2208 sacris
1029 2160 1176 2207 literis
1193 2158 1409 2206 eruditos
1431 2158 1655 2223 ignorare
1677 2156 1885 2206 arbitror
1902 2158 2011 2224 plus
2034 2159 2083 2205 in
2106 2173 2239 2206 sacra
2255 2156 2475 2205 doctrina

330 2240 593 2304 spirituales
616 2242 743 2287 viros
768 2257 823 2288 ex
846 2241 949 2305 ipso
974 2240 1179 2287 scientiae
1198 2238 1357 2287 studio
1373 2276 1385 2300 ,
1412 2255 1558 2303 quam
1580 2255 1638 2286 ex
1661 2239 1903 2303 religionis
1930 2238 2100 2286 merito
2116 2237 2398 2303 profecisse,
2428 2246 2475 2285 et

329 2336 426 2383 quo
450 2320 652 2385 quisque
670 2321 877 2368 sanctior
901 2331 1010 2368 ante
1044 2320 1412 2367 conversionem
1437 2335 1573 2366 suam
1602 2320 1886 2385 ampliorem
1913 2318 2208 2366 saecularium
2229 2317 2475 2365 literarum

329 2400 575 2447 scientiam
603 2401 876 2462 habuerat⁸,
903 2412 1013 2467 post
1041 2401 1408 2448 conversionem
1431 2413 1569 2447 suam
1592 2401 1798 2465 amplius
1817 2416 1928 2447 eum
1952 2399 2003 2446 in
2023 2408 2185 2446 sancta
2206 2395 2475 2445 eruditione

330 2496 412 2526 sua
433 2481 653 2528 valuisse.
676 2482 845 2528 Paulus
864 2482 1044 2547 quippe
1066 2481 1322 2546 Apostolus
1343 2479 1454 2527 licet
1475 2496 1576 2526 non
1601 2480 1756 2551 majpr
1772 2481 1941 2527 merito
1965 2495 2108 2543 quam
2136 2481 2298 2551 Petrus
2319 2477 2476 2525 videa-

331 2569 406 2606 tur
423 2598 435 2618 ,
466 2561 541 2608 vel
566 2560 810 2609 confessor
838 2562 1124 2626 Augustinus
1146 2576 1293 2624 quam
1318 2560 1572 2621 Martinus,
1601 2570 1736 2608 tanto
1754 2570 1912 2607 tamen
1940 2569 2138 2623 uterque
2159 2558 2307 2606 altero
2326 2558 2477 2622 majo-

333 2655 432 2686 rem
464 2641 513 2687 in
543 2641 759 2689 doctrina
786 2642 987 2705 gratiam
1006 2649 1116 2706 post
1137 2640 1504 2687 conversionem
1526 2639 1697 2687 habuit
1711 2678 1723 2700 ,
1752 2649 1934 2704 quanto
1954 2649 2093 2687 antea
2115 2638 2297 2702 majore
2318 2637 2478 2686 litera-

332 2736 439 2765 rum
469 2722 660 2769 scientia
694 2721 920 2787 pollebat.
961 2724 1025 2767 Ex
1058 2737 1156 2785 quo
1189 2720 1428 2785 praecipue
1457 2719 1753 2767 saecularium
1775 2737 1970 2785 quoque
1993 2720 2239 2767 literarum
2262 2718 2476 2775 studium

336 2798 494 2845 divina
518 2800 867 2865 dispensatione
891 2800 1224 2848 commendari
1250 2799 1481 2860 arbitror,
1517 2816 1617 2847 non
1643 2801 1801 2847 solum
1834 2809 2033 2865 propter
2057 2799 2307 2846 utilitatem
2329 2815 2475 2863 quam

335 2878 599 2934 continent,
627 2896 794 2925 verum
815 2898 874 2927 ne
894 2898 922 2928 a
940 2881 1081 2927 donis
1104 2880 1205 2943 ejus
1223 2879 1387 2927 alienae
1405 2880 1699 2941 viderentur,
1726 2880 1762 2926 si
1788 2880 1848 2927 ad
1869 2879 2058 2926 nullum
2079 2879 2146 2926 eis
2160 2877 2475 2926 commodum

337 2966 561 3003 uteretur.
598 2959 825 3005 Novimus
850 2968 1021 3006 tamen
1045 2970 1091 3006 et
1116 2959 1177 3006 ab
1204 2960 1430 3024 Apostolo
1456 2959 1658 3021 dictum,
1685 2960 1826 3024 quia⁵
1851 2980 1872 3002 «
1895 2959 2091 3006 scientia
2113 2958 2262 3019 inflat,
2281 2976 2305 3002 »
2333 2957 2383 3004 id
2405 2967 2477 3004 est

333 3036 606 3100 superbiam
629 3048 835 3110 generat.
862 3038 954 3085 Sed
980 3055 1036 3085 ex
1063 3039 1157 3085 hoc
1182 3039 1416 3104 praecipue
1438 3038 1570 3086 bona
1606 3056 1707 3086 esse
1735 3038 2056 3098 convincitur,
2086 3037 2199 3101 quia
2222 3038 2270 3084 in
2296 3036 2476 3083 malum

379 3239 384 3254 ¹
410 3234 530 3266 Eccles.
550 3243 620 3273 cap.
641 3243 733 3274 xxxi,
750 3243 778 3266 v.
799 3236 846 3267 10.
865 3252 902 3258 ——
918 3237 928 3254 ²
952 3235 1062 3275 Joam,
1080 3245 1151 3276 cap.
1170 3246 1238 3277 xix,
1266 3246 1295 3269 v.
1314 3237 1371 3270 11.
1439 3236 1582 3277 pliorem
1598 3240 1675 3277 post
1703 3237 1949 3269 con-versionem
1963 3245 2062 3270 suam
2082 3237 2199 3269 desunt
2216 3235 2304 3276 apud
2323 3234 2414 3267 Amb.
2436 3252 2474 3258 -

341 3307 375 3311 -—
395 3291 404 3307 ³
426 3289 470 3320 Dc
494 3288 632 3328 invent„
656 3289 712 3320 lib.
734 3288 757 3328 l,
776 3297 846 3330 cap¹
871 3298 898 3321 L.
922 3307 960 3313 —
977 3293 986 3309 ⁴
1005 3289 1057 3321 Sic
1081 3290 1159 3322 Cod.
1181 3290 1262 3323 Vict.
1288 3293 1370 3322 Am·
1442 3291 1452 3310 ⁵
1469 3289 1481 3321 1
1500 3289 1666 3330 Corinth„
1682 3299 1756 3330 cap.
1773 3298 1840 3330 vm,
1858 3298 1888 3322 v.
1914 3290 1941 3322 1.
