<?xml version="1.0" encoding="UTF-8"?>
<!DOCTYPE html PUBLIC "-//W3C//DTD XHTML 1.0 Transitional//EN"
    "http://www.w3.org/TR/xhtml1/DTD/xhtml1-transitional.dtd">
<html xmlns="http://www.w3.org/1999/xhtml" xml:lang="en" lang="en">
 <head>
  <title>
</title>
<meta http-equiv="Content-Type" content="text/html;charset=utf-8" />
  <meta name='ocr-system' content='tesseract 3.04.00' />
  <meta name='ocr-capabilities' content='ocr_page ocr_carea ocr_par ocr_line ocrx_word'/>
</head>
<body>
  <div class='ocr_page' id='page_1' title='image "./operahactenusseo00abeluoft_0080.png"; bbox 0 0 2638 3866; ppageno 0'>
   <div class='ocr_carea' id='block_1_1' title="bbox 301 176 1637 229">
    <p class='ocr_par' dir='ltr' id='par_1_1' title="bbox 301 176 1637 229">
     <span class='ocr_line' id='line_1_1' title="bbox 301 176 1637 229; baseline -0.005 0"><span class='ocrx_word' id='word_1_1' title='bbox 301 185 371 229; x_wconf 44' lang='lat'>*70</span> <span class='ocrx_word' id='word_1_2' title='bbox 1121 179 1289 226; x_wconf 86' lang='lat' dir='ltr'>PETRI</span> <span class='ocrx_word' id='word_1_3' title='bbox 1325 176 1637 225; x_wconf 83' lang='lat' dir='ltr'><strong>ABAELARDI</strong></span> 
     </span>
    </p>
   </div>
   <div class='ocr_carea' id='block_1_2' title="bbox 297 277 2501 2994">
    <p class='ocr_par' dir='ltr' id='par_1_2' title="bbox 297 277 2501 2994">
     <span class='ocr_line' id='line_1_2' title="bbox 309 277 2438 348; baseline -0.001 -17"><span class='ocrx_word' id='word_1_4' title='bbox 309 283 506 348; x_wconf 85' lang='lat' dir='ltr'>quilibet</span> <span class='ocrx_word' id='word_1_5' title='bbox 543 298 723 347; x_wconf 85' lang='lat' dir='ltr'><strong>pauper</strong></span> <span class='ocrx_word' id='word_1_6' title='bbox 760 290 912 327; x_wconf 86' lang='lat' dir='ltr'>totam</span> <span class='ocrx_word' id='word_1_7' title='bbox 950 280 1263 327; x_wconf 85' lang='lat' dir='ltr'>substantiam</span> <span class='ocrx_word' id='word_1_8' title='bbox 1303 277 1556 325; x_wconf 83' lang='lat' dir='ltr'>effundens</span> <span class='ocrx_word' id='word_1_9' title='bbox 1593 277 1858 337; x_wconf 87' lang='lat' dir='ltr'>obtulerat,</span> <span class='ocrx_word' id='word_1_10' title='bbox 1899 278 1994 326; x_wconf 91' lang='lat' dir='ltr'>hoc</span> <span class='ocrx_word' id='word_1_11' title='bbox 2032 280 2080 325; x_wconf 90' lang='lat' dir='ltr'>in</span> <span class='ocrx_word' id='word_1_12' title='bbox 2116 281 2438 328; x_wconf 82' lang='lat' dir='ltr'>Saturnalium</span> 
     </span>
     <span class='ocr_line' id='line_1_3' title="bbox 307 349 2438 429; baseline -0.001 -18"><span class='ocrx_word' id='word_1_13' title='bbox 307 364 573 429; x_wconf 85' lang='lat' dir='ltr'>sportulam</span> <span class='ocrx_word' id='word_1_14' title='bbox 603 372 650 410; x_wconf 87' lang='lat' dir='ltr'>et</span> <span class='ocrx_word' id='word_1_15' title='bbox 676 362 922 421; x_wconf 84' lang='lat' dir='ltr'>Minervae,</span> <span class='ocrx_word' id='word_1_16' title='bbox 957 371 1039 408; x_wconf 91' lang='lat' dir='ltr'>aut</span> <span class='ocrx_word' id='word_1_17' title='bbox 1063 363 1113 407; x_wconf 91' lang='lat' dir='ltr'>in</span> <span class='ocrx_word' id='word_1_18' title='bbox 1138 369 1354 424; x_wconf 88' lang='lat' dir='ltr'>sumptus</span> <span class='ocrx_word' id='word_1_19' title='bbox 1384 357 1673 405; x_wconf 89' lang='lat' dir='ltr'>domesticos</span> <span class='ocrx_word' id='word_1_20' title='bbox 1689 395 1702 419; x_wconf 84' lang='lat'>,</span> <span class='ocrx_word' id='word_1_21' title='bbox 1734 349 1887 406; x_wconf 88' lang='lat' dir='ltr'>autin</span> <span class='ocrx_word' id='word_1_22' title='bbox 1914 359 2113 408; x_wconf 87' lang='lat' dir='ltr'>sordida</span> <span class='ocrx_word' id='word_1_23' title='bbox 2139 369 2298 410; x_wconf 84' lang='lat' dir='ltr'>scorta</span> <span class='ocrx_word' id='word_1_24' title='bbox 2321 379 2438 409; x_wconf 88' lang='lat' dir='ltr'>con-</span> 
     </span>
     <span class='ocr_line' id='line_1_4' title="bbox 309 438 2440 507; baseline -0.001 -17"><span class='ocrx_word' id='word_1_25' title='bbox 309 453 514 491; x_wconf 83' lang='lat' dir='ltr'>vertunt.</span> <span class='ocrx_word' id='word_1_26' title='bbox 526 446 669 489; x_wconf 78' lang='lat' dir='ltr'>»Item</span> <span class='ocrx_word' id='word_1_27' title='bbox 693 441 821 488; x_wconf 90' lang='lat' dir='ltr'>idem</span> <span class='ocrx_word' id='word_1_28' title='bbox 844 442 892 488; x_wconf 89' lang='lat' dir='ltr'>in</span> <span class='ocrx_word' id='word_1_29' title='bbox 911 441 1115 507; x_wconf 81' lang='lat' dir='ltr'>Epistola</span> <span class='ocrx_word' id='word_1_30' title='bbox 1133 439 1200 487; x_wconf 83' lang='lat' dir='ltr'>ad</span> <span class='ocrx_word' id='word_1_31' title='bbox 1211 438 1512 486; x_wconf 73' lang='lat' dir='ltr'>Eustochium</span> <span class='ocrx_word' id='word_1_32' title='bbox 1526 439 1773 503; x_wconf 77' lang='lat' dir='ltr'>Virginem</span> <span class='ocrx_word' id='word_1_33' title='bbox 1785 440 1797 463; x_wconf 90' lang='lat'><strong>¹</strong></span> <span class='ocrx_word' id='word_1_34' title='bbox 1809 448 1826 484; x_wconf 77' lang='lat'>&#39;.·</span> <span class='ocrx_word' id='word_1_35' title='bbox 1845 458 1868 483; x_wconf 91' lang='lat'>«</span> <span class='ocrx_word' id='word_1_36' title='bbox 1888 441 2006 497; x_wconf 88' lang='lat' dir='ltr'>Quae</span> <span class='ocrx_word' id='word_1_37' title='bbox 2025 442 2306 488; x_wconf 88' lang='lat' dir='ltr'>communio</span> <span class='ocrx_word' id='word_1_38' title='bbox 2322 441 2440 489; x_wconf 91' lang='lat' dir='ltr'>lucis</span> 
     </span>
     <span class='ocr_line' id='line_1_5' title="bbox 307 517 2440 579; baseline -0.001 -8"><span class='ocrx_word' id='word_1_39' title='bbox 307 524 368 570; x_wconf 89' lang='lat' dir='ltr'>ad</span> <span class='ocrx_word' id='word_1_40' title='bbox 396 522 647 571; x_wconf 80' lang='lat' dir='ltr'><strong>tenebras?</strong></span> <span class='ocrx_word' id='word_1_41' title='bbox 679 522 797 579; x_wconf 88' lang='lat' dir='ltr'>Quis</span> <span class='ocrx_word' id='word_1_42' title='bbox 828 538 1087 569; x_wconf 89' lang='lat' dir='ltr'>consensus</span> <span class='ocrx_word' id='word_1_43' title='bbox 1109 520 1283 567; x_wconf 84' lang='lat' dir='ltr'>Christi</span> <span class='ocrx_word' id='word_1_44' title='bbox 1307 517 1367 566; x_wconf 91' lang='lat' dir='ltr'>ad</span> <span class='ocrx_word' id='word_1_45' title='bbox 1391 517 1570 565; x_wconf 79' lang='lat' dir='ltr'>Belial?</span> <span class='ocrx_word' id='word_1_46' title='bbox 1603 517 1732 576; x_wconf 86' lang='lat' dir='ltr'>Quid</span> <span class='ocrx_word' id='word_1_47' title='bbox 1763 518 1874 566; x_wconf 88' lang='lat' dir='ltr'>facit</span> <span class='ocrx_word' id='word_1_48' title='bbox 1902 536 2014 567; x_wconf 90' lang='lat' dir='ltr'>cum</span> <span class='ocrx_word' id='word_1_49' title='bbox 2039 520 2266 568; x_wconf 85' lang='lat' dir='ltr'>Psalterio</span> <span class='ocrx_word' id='word_1_50' title='bbox 2288 524 2440 569; x_wconf 88' lang='lat' dir='ltr'>Hora·</span> 
     </span>
     <span class='ocr_line' id='line_1_6' title="bbox 308 598 2440 666; baseline 0 -17"><span class='ocrx_word' id='word_1_51' title='bbox 308 605 415 663; x_wconf 86' lang='lat' dir='ltr'>tius,</span> <span class='ocrx_word' id='word_1_52' title='bbox 432 619 542 650; x_wconf 90' lang='lat' dir='ltr'>cum</span> <span class='ocrx_word' id='word_1_53' title='bbox 557 601 812 665; x_wconf 88' lang='lat' dir='ltr'>Evangelio</span> <span class='ocrx_word' id='word_1_54' title='bbox 826 604 978 662; x_wconf 88' lang='lat' dir='ltr'>Maro,</span> <span class='ocrx_word' id='word_1_55' title='bbox 995 618 1106 648; x_wconf 90' lang='lat' dir='ltr'>cum</span> <span class='ocrx_word' id='word_1_56' title='bbox 1120 599 1350 664; x_wconf 89' lang='lat' dir='ltr'>Apostolo</span> <span class='ocrx_word' id='word_1_57' title='bbox 1367 598 1570 646; x_wconf 83' lang='lat' dir='ltr'>Cicero?</span> <span class='ocrx_word' id='word_1_58' title='bbox 1586 619 1608 642; x_wconf 86' lang='lat'><strong><em>»</em></strong></span> <span class='ocrx_word' id='word_1_59' title='bbox 1635 598 1780 656; x_wconf 89' lang='lat' dir='ltr'>Quod</span> <span class='ocrx_word' id='word_1_60' title='bbox 1801 616 1917 647; x_wconf 88' lang='lat' dir='ltr'>vero</span> <span class='ocrx_word' id='word_1_61' title='bbox 1941 600 2003 648; x_wconf 89' lang='lat' dir='ltr'>de</span> <span class='ocrx_word' id='word_1_62' title='bbox 2018 601 2218 666; x_wconf 88' lang='lat' dir='ltr'>poeticis</span> <span class='ocrx_word' id='word_1_63' title='bbox 2241 600 2440 664; x_wconf 85' lang='lat' dir='ltr'>figmen-</span> 
     </span>
     <span class='ocr_line' id='line_1_7' title="bbox 305 678 2441 747; baseline 0 -19"><span class='ocrx_word' id='word_1_64' title='bbox 305 684 385 743; x_wconf 89' lang='lat' dir='ltr'>tis,</span> <span class='ocrx_word' id='word_1_65' title='bbox 420 699 519 729; x_wconf 89' lang='lat' dir='ltr'>non</span> <span class='ocrx_word' id='word_1_66' title='bbox 552 681 612 729; x_wconf 91' lang='lat' dir='ltr'>de</span> <span class='ocrx_word' id='word_1_67' title='bbox 643 682 988 747; x_wconf 87' lang='lat' dir='ltr'>philosophicis</span> <span class='ocrx_word' id='word_1_68' title='bbox 1022 680 1343 738; x_wconf 81' lang='lat' dir='ltr'>documentiS,</span> <span class='ocrx_word' id='word_1_69' title='bbox 1382 689 1465 726; x_wconf 89' lang='lat' dir='ltr'>aut</span> <span class='ocrx_word' id='word_1_70' title='bbox 1489 678 1761 726; x_wconf 90' lang='lat' dir='ltr'>liberalium</span> <span class='ocrx_word' id='word_1_71' title='bbox 1785 681 1961 728; x_wconf 89' lang='lat' dir='ltr'>artium</span> <span class='ocrx_word' id='word_1_72' title='bbox 1984 680 2173 742; x_wconf 88' lang='lat' dir='ltr'>studiis,</span> <span class='ocrx_word' id='word_1_73' title='bbox 2208 681 2308 729; x_wconf 86' lang='lat' dir='ltr'>haec</span> <span class='ocrx_word' id='word_1_74' title='bbox 2329 692 2441 729; x_wconf 90' lang='lat' dir='ltr'>sunt</span> 
     </span>
     <span class='ocr_line' id='line_1_8' title="bbox 306 758 2439 827; baseline 0 -19"><span class='ocrx_word' id='word_1_75' title='bbox 306 762 447 821; x_wconf 89' lang='lat' dir='ltr'>dicta,</span> <span class='ocrx_word' id='word_1_76' title='bbox 469 772 629 827; x_wconf 88' lang='lat' dir='ltr'>aperte</span> <span class='ocrx_word' id='word_1_77' title='bbox 645 762 853 809; x_wconf 88' lang='lat' dir='ltr'>Isidorus</span> <span class='ocrx_word' id='word_1_78' title='bbox 871 761 930 808; x_wconf 83' lang='lat' dir='ltr'>de</span> <span class='ocrx_word' id='word_1_79' title='bbox 943 764 1136 807; x_wconf 74' lang='lat' dir='ltr'>Summo</span> <span class='ocrx_word' id='word_1_80' title='bbox 1158 764 1291 806; x_wconf 76' lang='lat' dir='ltr'>Bono</span> <span class='ocrx_word' id='word_1_81' title='bbox 1308 758 1434 807; x_wconf 90' lang='lat' dir='ltr'>libro</span> <span class='ocrx_word' id='word_1_82' title='bbox 1453 762 1533 820; x_wconf 89' lang='lat' dir='ltr'>Ill,</span> <span class='ocrx_word' id='word_1_83' title='bbox 1559 776 1667 824; x_wconf 89' lang='lat' dir='ltr'>cap.</span> <span class='ocrx_word' id='word_1_84' title='bbox 1690 775 1791 816; x_wconf 83' lang='lat' dir='ltr'>xm,</span> <span class='ocrx_word' id='word_1_85' title='bbox 1819 761 2029 819; x_wconf 73' lang='lat' dir='ltr'>insinuat</span> <span class='ocrx_word' id='word_1_86' title='bbox 2042 760 2255 808; x_wconf 76' lang='lat' dir='ltr'>dicens²z</span> <span class='ocrx_word' id='word_1_87' title='bbox 2284 782 2306 806; x_wconf 82' lang='grc' dir='ltr'>α</span> <span class='ocrx_word' id='word_1_88' title='bbox 2326 762 2439 809; x_wconf 89' lang='lat' dir='ltr'>Ideo</span> 
     </span>
     <span class='ocr_line' id='line_1_9' title="bbox 303 839 2440 907; baseline -0.001 -18"><span class='ocrx_word' id='word_1_89' title='bbox 303 842 588 907; x_wconf 85' lang='lat' dir='ltr'>prohibetur</span> <span class='ocrx_word' id='word_1_90' title='bbox 627 842 903 890; x_wconf 89' lang='lat' dir='ltr'>Christianis</span> <span class='ocrx_word' id='word_1_91' title='bbox 938 841 1094 905; x_wconf 89' lang='lat' dir='ltr'>legere</span> <span class='ocrx_word' id='word_1_92' title='bbox 1133 839 1358 903; x_wconf 85' lang='lat' dir='ltr'>figmenta</span> <span class='ocrx_word' id='word_1_93' title='bbox 1379 849 1663 905; x_wconf 91' lang='lat' dir='ltr'>poetarum,</span> <span class='ocrx_word' id='word_1_94' title='bbox 1696 841 1811 904; x_wconf 90' lang='lat' dir='ltr'>quia</span> <span class='ocrx_word' id='word_1_95' title='bbox 1832 857 1919 906; x_wconf 89' lang='lat' dir='ltr'>per</span> <span class='ocrx_word' id='word_1_96' title='bbox 1947 839 2298 889; x_wconf 89' lang='lat' dir='ltr'>oblectamenta</span> <span class='ocrx_word' id='word_1_97' title='bbox 2327 842 2440 890; x_wconf 87' lang='lat' dir='ltr'>ina-.-</span> 
     </span>
     <span class='ocr_line' id='line_1_10' title="bbox 303 918 2441 971; baseline 0 -1"><span class='ocrx_word' id='word_1_98' title='bbox 303 923 437 970; x_wconf 89' lang='lat' dir='ltr'>nium</span> <span class='ocrx_word' id='word_1_99' title='bbox 458 922 725 970; x_wconf 87' lang='lat' dir='ltr'>fabularum</span> <span class='ocrx_word' id='word_1_100' title='bbox 750 923 953 969; x_wconf 89' lang='lat' dir='ltr'>excitant</span> <span class='ocrx_word' id='word_1_101' title='bbox 965 930 1175 968; x_wconf 86' lang='lat' dir='ltr'>mentem</span> <span class='ocrx_word' id='word_1_102' title='bbox 1198 918 1260 967; x_wconf 91' lang='lat' dir='ltr'>ad</span> <span class='ocrx_word' id='word_1_103' title='bbox 1279 919 1523 968; x_wconf 87' lang='lat' dir='ltr'>incentiva</span> <span class='ocrx_word' id='word_1_104' title='bbox 1540 919 1816 968; x_wconf 89' lang='lat' dir='ltr'>libidinum.</span> <span class='ocrx_word' id='word_1_105' title='bbox 1835 924 1943 968; x_wconf 90' lang='lat' dir='ltr'>Non</span> <span class='ocrx_word' id='word_1_106' title='bbox 1967 921 2097 968; x_wconf 91' lang='lat' dir='ltr'>enim</span> <span class='ocrx_word' id='word_1_107' title='bbox 2119 922 2276 968; x_wconf 89' lang='lat' dir='ltr'>solum</span> <span class='ocrx_word' id='word_1_108' title='bbox 2299 921 2441 971; x_wconf 85' lang='lat' dir='ltr'>thura</span> 
     </span>
     <span class='ocr_line' id='line_1_11' title="bbox 303 999 2437 1066; baseline -0 -18"><span class='ocrx_word' id='word_1_109' title='bbox 303 1002 553 1050; x_wconf 84' lang='lat' dir='ltr'>offerendo</span> <span class='ocrx_word' id='word_1_110' title='bbox 576 1001 871 1050; x_wconf 79' lang='lat' dir='ltr'>daemonibus</span> <span class='ocrx_word' id='word_1_111' title='bbox 892 1000 1184 1059; x_wconf 86' lang='lat' dir='ltr'>immolatur,</span> <span class='ocrx_word' id='word_1_112' title='bbox 1212 999 1297 1047; x_wconf 91' lang='lat' dir='ltr'>sed</span> <span class='ocrx_word' id='word_1_113' title='bbox 1330 1001 1475 1048; x_wconf 90' lang='lat' dir='ltr'>etiam</span> <span class='ocrx_word' id='word_1_114' title='bbox 1510 1018 1679 1049; x_wconf 91' lang='lat' dir='ltr'>eorum</span> <span class='ocrx_word' id='word_1_115' title='bbox 1715 1001 1841 1049; x_wconf 91' lang='lat' dir='ltr'>dicta</span> <span class='ocrx_word' id='word_1_116' title='bbox 1873 1000 2101 1048; x_wconf 89' lang='lat' dir='ltr'>libentius</span> <span class='ocrx_word' id='word_1_117' title='bbox 2130 1000 2386 1066; x_wconf 88' lang='lat' dir='ltr'>capiendo.</span> <span class='ocrx_word' id='word_1_118' title='bbox 2413 1022 2437 1047; x_wconf 65' lang='lat' dir='ltr'>n</span> 
     </span>
     <span class='ocr_line' id='line_1_12' title="bbox 303 1079 2441 1147; baseline 0.002 -20"><span class='ocrx_word' id='word_1_119' title='bbox 303 1085 475 1130; x_wconf 76' lang='lat' dir='ltr'>stem&#39;:</span> <span class='ocrx_word' id='word_1_120' title='bbox 505 1102 526 1128; x_wconf 86' lang='grc'>«</span> <span class='ocrx_word' id='word_1_121' title='bbox 545 1082 754 1130; x_wconf 88' lang='lat' dir='ltr'>Cavendi</span> <span class='ocrx_word' id='word_1_122' title='bbox 787 1091 897 1128; x_wconf 90' lang='lat' dir='ltr'>sunt</span> <span class='ocrx_word' id='word_1_123' title='bbox 924 1080 1032 1127; x_wconf 84' lang='lat' dir='ltr'>libri</span> <span class='ocrx_word' id='word_1_124' title='bbox 1064 1079 1333 1143; x_wconf 86' lang='lat' dir='ltr'>gentilium,</span> <span class='ocrx_word' id='word_1_125' title='bbox 1374 1091 1422 1128; x_wconf 88' lang='lat' dir='ltr'>et</span> <span class='ocrx_word' id='word_1_126' title='bbox 1446 1091 1645 1147; x_wconf 88' lang='lat' dir='ltr'>propter</span> <span class='ocrx_word' id='word_1_127' title='bbox 1667 1096 1884 1129; x_wconf 82' lang='lat' dir='ltr'>amorem</span> <span class='ocrx_word' id='word_1_128' title='bbox 1906 1097 2152 1129; x_wconf 89' lang='lat' dir='ltr'>sacrarum</span> <span class='ocrx_word' id='word_1_129' title='bbox 2174 1081 2441 1146; x_wconf 87' lang='lat' dir='ltr'>Scriptura-</span> 
     </span>
     <span class='ocr_line' id='line_1_13' title="bbox 301 1161 2441 1228; baseline -0 -19"><span class='ocrx_word' id='word_1_130' title='bbox 301 1179 408 1210; x_wconf 89' lang='lat' dir='ltr'>rum</span> <span class='ocrx_word' id='word_1_131' title='bbox 440 1163 634 1211; x_wconf 89' lang='lat' dir='ltr'>vitandi.</span> <span class='ocrx_word' id='word_1_132' title='bbox 665 1161 1039 1227; x_wconf 86' lang='lat' dir='ltr'>Simplicioribus</span> <span class='ocrx_word' id='word_1_133' title='bbox 1060 1161 1209 1208; x_wconf 86' lang='lat' dir='ltr'>literis</span> <span class='ocrx_word' id='word_1_134' title='bbox 1232 1177 1335 1208; x_wconf 91' lang='lat' dir='ltr'>non</span> <span class='ocrx_word' id='word_1_135' title='bbox 1359 1171 1430 1209; x_wconf 87' lang='lat' dir='ltr'>est</span> <span class='ocrx_word' id='word_1_136' title='bbox 1450 1161 1807 1228; x_wconf 84' lang='lat' dir='ltr'>praeponendus</span> <span class='ocrx_word' id='word_1_137' title='bbox 1829 1178 2000 1210; x_wconf 90' lang='lat' dir='ltr'>succus</span> <span class='ocrx_word' id='word_1_138' title='bbox 2023 1162 2345 1226; x_wconf 61' lang='lat' dir='ltr'>grammaticae</span> <span class='ocrx_word' id='word_1_139' title='bbox 2365 1178 2441 1227; x_wconf 84' lang='lat' dir='ltr'>ar-</span> 
     </span>
     <span class='ocr_line' id='line_1_14' title="bbox 303 1241 2441 1308; baseline 0 -19"><span class='ocrx_word' id='word_1_140' title='bbox 303 1243 389 1299; x_wconf 87' lang='lat' dir='ltr'>tis;</span> <span class='ocrx_word' id='word_1_141' title='bbox 433 1242 654 1291; x_wconf 90' lang='lat' dir='ltr'>meliores</span> <span class='ocrx_word' id='word_1_142' title='bbox 686 1242 815 1290; x_wconf 91' lang='lat' dir='ltr'>enim</span> <span class='ocrx_word' id='word_1_143' title='bbox 850 1250 962 1288; x_wconf 93' lang='lat' dir='ltr'>sunt</span> <span class='ocrx_word' id='word_1_144' title='bbox 991 1257 1274 1289; x_wconf 88' lang='lat' dir='ltr'>communes</span> <span class='ocrx_word' id='word_1_145' title='bbox 1304 1241 1450 1290; x_wconf 83' lang='lat' dir='ltr'>literae</span> <span class='ocrx_word' id='word_1_146' title='bbox 1484 1253 1532 1291; x_wconf 92' lang='lat' dir='ltr'>et</span> <span class='ocrx_word' id='word_1_147' title='bbox 1563 1242 1878 1308; x_wconf 87' lang='lat' dir='ltr'>simpliciores</span> <span class='ocrx_word' id='word_1_148' title='bbox 1911 1242 1974 1291; x_wconf 85' lang='lat' dir='ltr'>ad</span> <span class='ocrx_word' id='word_1_149' title='bbox 2006 1242 2159 1291; x_wconf 88' lang='lat' dir='ltr'>solam</span> <span class='ocrx_word' id='word_1_150' title='bbox 2189 1242 2441 1290; x_wconf 85' lang='lat' dir='ltr'>utilitatem</span> 
     </span>
     <span class='ocr_line' id='line_1_15' title="bbox 301 1320 2442 1388; baseline -0.001 -18"><span class='ocrx_word' id='word_1_151' title='bbox 301 1323 590 1387; x_wconf 87' lang='lat' dir='ltr'>pertinentes</span> <span class='ocrx_word' id='word_1_152' title='bbox 613 1341 624 1369; x_wconf 90' lang='lat'><strong>:</strong></span> <span class='ocrx_word' id='word_1_153' title='bbox 651 1322 739 1369; x_wconf 83' lang='lat' dir='ltr'>illae</span> <span class='ocrx_word' id='word_1_154' title='bbox 762 1338 876 1369; x_wconf 88' lang='lat' dir='ltr'>vero</span> <span class='ocrx_word' id='word_1_155' title='bbox 896 1322 1153 1384; x_wconf 87' lang='lat' dir='ltr'>nequiores</span> <span class='ocrx_word' id='word_1_156' title='bbox 1180 1332 1293 1369; x_wconf 89' lang='lat' dir='ltr'>sunt</span> <span class='ocrx_word' id='word_1_157' title='bbox 1315 1338 1420 1386; x_wconf 84' lang='lat' dir='ltr'>quae</span> <span class='ocrx_word' id='word_1_158' title='bbox 1439 1322 1665 1388; x_wconf 88' lang='lat' dir='ltr'>ingerunt</span> <span class='ocrx_word' id='word_1_159' title='bbox 1686 1323 1859 1370; x_wconf 88' lang='lat' dir='ltr'>mentis</span> <span class='ocrx_word' id='word_1_160' title='bbox 1878 1322 2180 1371; x_wconf 75' lang='lat' dir='ltr'>elatimiem‘.</span> <span class='ocrx_word' id='word_1_161' title='bbox 2223 1320 2442 1370; x_wconf 86' lang='lat' dir='ltr'>Meliores</span> 
     </span>
     <span class='ocr_line' id='line_1_16' title="bbox 299 1401 2444 1468; baseline 0 -20"><span class='ocrx_word' id='word_1_162' title='bbox 299 1413 408 1449; x_wconf 89' lang='lat' dir='ltr'>sunt</span> <span class='ocrx_word' id='word_1_163' title='bbox 425 1402 732 1449; x_wconf 89' lang='lat' dir='ltr'>Grammatici</span> <span class='ocrx_word' id='word_1_164' title='bbox 757 1418 902 1466; x_wconf 88' lang='lat' dir='ltr'>quam</span> <span class='ocrx_word' id='word_1_165' title='bbox 920 1401 1146 1449; x_wconf 86' lang='lat' dir='ltr'>haeretici.</span> <span class='ocrx_word' id='word_1_166' title='bbox 1167 1403 1604 1457; x_wconf 83' lang='lat' dir='ltr'>Grammaticorum</span> <span class='ocrx_word' id='word_1_167' title='bbox 1627 1402 1848 1451; x_wconf 87' lang='lat' dir='ltr'>doctrina</span> <span class='ocrx_word' id='word_1_168' title='bbox 1866 1412 2024 1468; x_wconf 92' lang='lat' dir='ltr'>potest</span> <span class='ocrx_word' id='word_1_169' title='bbox 2041 1403 2184 1451; x_wconf 90' lang='lat' dir='ltr'>etiam</span> <span class='ocrx_word' id='word_1_170' title='bbox 2207 1401 2444 1467; x_wconf 83' lang='lat' dir='ltr'>proficere</span> 
     </span>
     <span class='ocr_line' id='line_1_17' title="bbox 299 1481 2442 1548; baseline 0 -19"><span class='ocrx_word' id='word_1_171' title='bbox 299 1482 359 1529; x_wconf 87' lang='lat' dir='ltr'>ad</span> <span class='ocrx_word' id='word_1_172' title='bbox 391 1483 535 1530; x_wconf 88' lang='lat' dir='ltr'>vitam</span> <span class='ocrx_word' id='word_1_173' title='bbox 550 1519 562 1543; x_wconf 90' lang='lat'><strong><em>‚</em></strong></span> <span class='ocrx_word' id='word_1_174' title='bbox 597 1481 715 1529; x_wconf 92' lang='lat' dir='ltr'>dum</span> <span class='ocrx_word' id='word_1_175' title='bbox 746 1482 919 1529; x_wconf 87' lang='lat' dir='ltr'>fuerint</span> <span class='ocrx_word' id='word_1_176' title='bbox 947 1482 996 1529; x_wconf 91' lang='lat' dir='ltr'>in</span> <span class='ocrx_word' id='word_1_177' title='bbox 1022 1482 1244 1530; x_wconf 88' lang='lat' dir='ltr'>meliores</span> <span class='ocrx_word' id='word_1_178' title='bbox 1267 1499 1382 1530; x_wconf 90' lang='lat' dir='ltr'>usus</span> <span class='ocrx_word' id='word_1_179' title='bbox 1404 1484 1651 1548; x_wconf 83' lang='lat' dir='ltr'>assumpti.</span> <span class='ocrx_word' id='word_1_180' title='bbox 1673 1502 1698 1528; x_wconf 91' lang='lat'>»</span> <span class='ocrx_word' id='word_1_181' title='bbox 1723 1486 1790 1530; x_wconf 87' lang='lat' dir='ltr'>Ex</span> <span class='ocrx_word' id='word_1_182' title='bbox 1809 1483 2028 1531; x_wconf 87' lang='lat' dir='ltr'>Concilio</span> <span class='ocrx_word' id='word_1_183' title='bbox 2049 1492 2222 1547; x_wconf 89' lang='lat' dir='ltr'>quarto</span> <span class='ocrx_word' id='word_1_184' title='bbox 2243 1481 2442 1530; x_wconf 88' lang='lat' dir='ltr'>Cartha-</span> 
     </span>
     <span class='ocr_line' id='line_1_18' title="bbox 299 1562 2441 1628; baseline -0 -19"><span class='ocrx_word' id='word_1_185' title='bbox 299 1563 498 1624; x_wconf 87' lang='lat' dir='ltr'>giniensi</span> <span class='ocrx_word' id='word_1_186' title='bbox 517 1579 622 1627; x_wconf 92' lang='lat' dir='ltr'>cap.</span> <span class='ocrx_word' id='word_1_187' title='bbox 647 1579 695 1609; x_wconf 79' lang='lat' dir='ltr'>ix</span> <span class='ocrx_word' id='word_1_188' title='bbox 718 1580 728 1609; x_wconf 71' lang='grc' dir='ltr'><strong><em>ε</em></strong></span> <span class='ocrx_word' id='word_1_189' title='bbox 757 1582 779 1606; x_wconf 87' lang='lat'>«</span> <span class='ocrx_word' id='word_1_190' title='bbox 798 1563 1061 1628; x_wconf 90' lang='lat' dir='ltr'>Episcopus</span> <span class='ocrx_word' id='word_1_191' title='bbox 1083 1563 1331 1626; x_wconf 85' lang='lat' dir='ltr'>gentilium</span> <span class='ocrx_word' id='word_1_192' title='bbox 1355 1562 1503 1611; x_wconf 91' lang='lat' dir='ltr'>libros</span> <span class='ocrx_word' id='word_1_193' title='bbox 1523 1580 1624 1611; x_wconf 91' lang='lat' dir='ltr'>non</span> <span class='ocrx_word' id='word_1_194' title='bbox 1641 1564 1788 1628; x_wconf 88' lang='lat' dir='ltr'>legat;</span> <span class='ocrx_word' id='word_1_195' title='bbox 1809 1563 2147 1611; x_wconf 73' lang='lat' dir='ltr'>haereticorum</span> <span class='ocrx_word' id='word_1_196' title='bbox 2167 1571 2329 1610; x_wconf 89' lang='lat' dir='ltr'>autem</span> <span class='ocrx_word' id='word_1_197' title='bbox 2350 1578 2441 1626; x_wconf 89' lang='lat' dir='ltr'>pro</span> 
     </span>
     <span class='ocr_line' id='line_1_19' title="bbox 300 1642 2441 1709; baseline 0.001 -22"><span class='ocrx_word' id='word_1_198' title='bbox 300 1643 574 1690; x_wconf 87' lang='lat' dir='ltr'>necessitate</span> <span class='ocrx_word' id='word_1_199' title='bbox 587 1652 634 1690; x_wconf 91' lang='lat' dir='ltr'>et</span> <span class='ocrx_word' id='word_1_200' title='bbox 646 1652 877 1707; x_wconf 88' lang='lat' dir='ltr'>tempore.</span> <span class='ocrx_word' id='word_1_201' title='bbox 895 1663 918 1686; x_wconf 75' lang='lat'>&gt;2</span> <span class='ocrx_word' id='word_1_202' title='bbox 937 1643 1197 1706; x_wconf 85' lang='lat' dir='ltr'>Gregorius</span> <span class='ocrx_word' id='word_1_203' title='bbox 1210 1643 1459 1692; x_wconf 88' lang='lat' dir='ltr'>Desiderio</span> <span class='ocrx_word' id='word_1_204' title='bbox 1478 1644 1754 1709; x_wconf 69' lang='lat' dir='ltr'>episcopo‘:</span> <span class='ocrx_word' id='word_1_205' title='bbox 1776 1662 1799 1688; x_wconf 76' lang='grc' dir='ltr'>α</span> <span class='ocrx_word' id='word_1_206' title='bbox 1817 1644 2036 1691; x_wconf 88' lang='lat' dir='ltr'>Pervenit</span> <span class='ocrx_word' id='word_1_207' title='bbox 2048 1642 2110 1690; x_wconf 88' lang='lat' dir='ltr'>ad</span> <span class='ocrx_word' id='word_1_208' title='bbox 2125 1658 2214 1690; x_wconf 92' lang='lat' dir='ltr'>nos</span> <span class='ocrx_word' id='word_1_209' title='bbox 2228 1642 2441 1696; x_wconf 81' lang='lat' dir='ltr'>fraterni·</span> 
     </span>
     <span class='ocr_line' id='line_1_20' title="bbox 301 1723 2441 1790; baseline 0 -21"><span class='ocrx_word' id='word_1_210' title='bbox 301 1732 442 1770; x_wconf 85' lang='lat' dir='ltr'>tatem</span> <span class='ocrx_word' id='word_1_211' title='bbox 470 1733 599 1770; x_wconf 90' lang='lat' dir='ltr'>tuam</span> <span class='ocrx_word' id='word_1_212' title='bbox 623 1724 979 1787; x_wconf 85' lang='lat' dir='ltr'>grammaticam</span> <span class='ocrx_word' id='word_1_213' title='bbox 999 1723 1291 1789; x_wconf 88' lang='lat' dir='ltr'>quibusdam</span> <span class='ocrx_word' id='word_1_214' title='bbox 1314 1740 1574 1790; x_wconf 87' lang='lat' dir='ltr'>exponere,</span> <span class='ocrx_word' id='word_1_215' title='bbox 1602 1740 1749 1788; x_wconf 91' lang='lat' dir='ltr'>quam</span> <span class='ocrx_word' id='word_1_216' title='bbox 1770 1739 1872 1772; x_wconf 87' lang='lat' dir='ltr'>rem</span> <span class='ocrx_word' id='word_1_217' title='bbox 1897 1724 1983 1770; x_wconf 81' lang='lat' dir='ltr'>ita⁶</span> <span class='ocrx_word' id='word_1_218' title='bbox 2004 1724 2204 1770; x_wconf 88' lang='lat' dir='ltr'>moleste</span> <span class='ocrx_word' id='word_1_219' title='bbox 2232 1723 2441 1787; x_wconf 89' lang='lat' dir='ltr'>suscepi-</span> 
     </span>
     <span class='ocr_line' id='line_1_21' title="bbox 299 1803 2442 1870; baseline 0 -20"><span class='ocrx_word' id='word_1_220' title='bbox 299 1818 419 1863; x_wconf 87' lang='lat' dir='ltr'>mus,</span> <span class='ocrx_word' id='word_1_221' title='bbox 445 1819 501 1851; x_wconf 91' lang='lat' dir='ltr'>ac</span> <span class='ocrx_word' id='word_1_222' title='bbox 524 1820 684 1851; x_wconf 90' lang='lat' dir='ltr'>sumus</span> <span class='ocrx_word' id='word_1_223' title='bbox 706 1803 1038 1852; x_wconf 89' lang='lat' dir='ltr'>vehementius</span> <span class='ocrx_word' id='word_1_224' title='bbox 1060 1806 1319 1870; x_wconf 89' lang='lat' dir='ltr'>aspernati,</span> <span class='ocrx_word' id='word_1_225' title='bbox 1346 1815 1400 1853; x_wconf 89' lang='lat' dir='ltr'>ut</span> <span class='ocrx_word' id='word_1_226' title='bbox 1423 1821 1480 1853; x_wconf 87' lang='lat' dir='ltr'>ea</span> <span class='ocrx_word' id='word_1_227' title='bbox 1500 1821 1606 1870; x_wconf 84' lang='lat' dir='ltr'>quae</span> <span class='ocrx_word' id='word_1_228' title='bbox 1630 1805 1762 1870; x_wconf 90' lang='lat' dir='ltr'>prius</span> <span class='ocrx_word' id='word_1_229' title='bbox 1784 1804 1912 1869; x_wconf 83' lang='lat' dir='ltr'>dicta</span> <span class='ocrx_word' id='word_1_230' title='bbox 1933 1804 2122 1851; x_wconf 88' lang='lat' dir='ltr'>fuerant</span> <span class='ocrx_word' id='word_1_231' title='bbox 2139 1803 2190 1850; x_wconf 91' lang='lat' dir='ltr'>in</span> <span class='ocrx_word' id='word_1_232' title='bbox 2211 1803 2442 1867; x_wconf 87' lang='lat' dir='ltr'>gemitum</span> 
     </span>
     <span class='ocr_line' id='line_1_22' title="bbox 299 1881 2440 1950; baseline -0 -19"><span class='ocrx_word' id='word_1_233' title='bbox 299 1894 345 1931; x_wconf 89' lang='lat' dir='ltr'>et</span> <span class='ocrx_word' id='word_1_234' title='bbox 369 1884 603 1932; x_wconf 87' lang='lat' dir='ltr'>tristitiam</span> <span class='ocrx_word' id='word_1_235' title='bbox 623 1894 940 1946; x_wconf 84' lang='lat' dir='ltr'>verteremus,</span> <span class='ocrx_word' id='word_1_236' title='bbox 975 1886 1088 1950; x_wconf 90' lang='lat' dir='ltr'>quia</span> <span class='ocrx_word' id='word_1_237' title='bbox 1110 1901 1209 1933; x_wconf 91' lang='lat' dir='ltr'>uno</span> <span class='ocrx_word' id='word_1_238' title='bbox 1232 1901 1282 1933; x_wconf 93' lang='lat' dir='ltr'>se</span> <span class='ocrx_word' id='word_1_239' title='bbox 1302 1901 1386 1933; x_wconf 89' lang='lat' dir='ltr'>ore</span> <span class='ocrx_word' id='word_1_240' title='bbox 1414 1901 1528 1934; x_wconf 90' lang='lat' dir='ltr'>cum</span> <span class='ocrx_word' id='word_1_241' title='bbox 1550 1884 1683 1933; x_wconf 84' lang='lat' dir='ltr'>Jovis</span> <span class='ocrx_word' id='word_1_242' title='bbox 1709 1883 1936 1931; x_wconf 90' lang='lat' dir='ltr'>laudibus</span> <span class='ocrx_word' id='word_1_243' title='bbox 1958 1883 2131 1931; x_wconf 90' lang='lat' dir='ltr'>Christi</span> <span class='ocrx_word' id='word_1_244' title='bbox 2149 1881 2317 1930; x_wconf 90' lang='lat' dir='ltr'>laudes</span> <span class='ocrx_word' id='word_1_245' title='bbox 2340 1899 2440 1930; x_wconf 90' lang='lat' dir='ltr'>non</span> 
     </span>
     <span class='ocr_line' id='line_1_23' title="bbox 298 1961 2441 2030; baseline -0 -19"><span class='ocrx_word' id='word_1_246' title='bbox 298 1965 519 2029; x_wconf 89' lang='lat' dir='ltr'>capiunt,</span> <span class='ocrx_word' id='word_1_247' title='bbox 562 1974 610 2012; x_wconf 89' lang='lat' dir='ltr'>et</span> <span class='ocrx_word' id='word_1_248' title='bbox 642 1968 810 2029; x_wconf 73' lang='lat' dir='ltr'>quam⁷</span> <span class='ocrx_word' id='word_1_249' title='bbox 852 1982 994 2029; x_wconf 83' lang='lat' dir='ltr'>grave</span> <span class='ocrx_word' id='word_1_250' title='bbox 1038 1965 1400 2030; x_wconf 86' lang='lat' dir='ltr'>nefandumque</span> <span class='ocrx_word' id='word_1_251' title='bbox 1433 1967 1493 2013; x_wconf 92' lang='lat' dir='ltr'>sit</span> <span class='ocrx_word' id='word_1_252' title='bbox 1523 1966 1819 2030; x_wconf 89' lang='lat' dir='ltr'>Episcopum</span> <span class='ocrx_word' id='word_1_253' title='bbox 1847 1980 2021 2011; x_wconf 88' lang='lat' dir='ltr'>canere</span> <span class='ocrx_word' id='word_1_254' title='bbox 2058 1979 2165 2028; x_wconf 88' lang='lat' dir='ltr'>quae</span> <span class='ocrx_word' id='word_1_255' title='bbox 2196 1979 2287 2010; x_wconf 90' lang='lat' dir='ltr'>nec</span> <span class='ocrx_word' id='word_1_256' title='bbox 2317 1961 2441 2010; x_wconf 74' lang='lat' dir='ltr'>laico</span> 
     </span>
     <span class='ocr_line' id='line_1_24' title="bbox 300 2042 2442 2112; baseline 0 -22"><span class='ocrx_word' id='word_1_257' title='bbox 300 2043 515 2107; x_wconf 88' lang='lat' dir='ltr'>religiose</span> <span class='ocrx_word' id='word_1_258' title='bbox 552 2046 860 2106; x_wconf 87' lang='lat' dir='ltr'>conveniant,</span> <span class='ocrx_word' id='word_1_259' title='bbox 896 2047 999 2112; x_wconf 89' lang='lat' dir='ltr'>ipse</span> <span class='ocrx_word' id='word_1_260' title='bbox 1030 2046 1299 2094; x_wconf 88' lang='lat' dir='ltr'>considera.</span> <span class='ocrx_word' id='word_1_261' title='bbox 1322 2067 1346 2090; x_wconf 85' lang='grc'>»</span> <span class='ocrx_word' id='word_1_262' title='bbox 1382 2045 1523 2093; x_wconf 90' lang='lat' dir='ltr'>Unde</span> <span class='ocrx_word' id='word_1_263' title='bbox 1550 2054 1599 2093; x_wconf 90' lang='lat' dir='ltr'>et</span> <span class='ocrx_word' id='word_1_264' title='bbox 1621 2046 1752 2093; x_wconf 88' lang='lat' dir='ltr'>Plato</span> <span class='ocrx_word' id='word_1_265' title='bbox 1777 2045 1903 2111; x_wconf 90' lang='lat' dir='ltr'>ipse,</span> <span class='ocrx_word' id='word_1_266' title='bbox 1935 2060 2047 2092; x_wconf 87' lang='lat' dir='ltr'>cum</span> <span class='ocrx_word' id='word_1_267' title='bbox 2076 2042 2280 2091; x_wconf 84' lang='lat' dir='ltr'>civitatis</span> <span class='ocrx_word' id='word_1_268' title='bbox 2305 2058 2442 2090; x_wconf 86' lang='lat' dir='ltr'>novae</span> 
     </span>
     <span class='ocr_line' id='line_1_25' title="bbox 302 2122 2437 2192; baseline 0 -22"><span class='ocrx_word' id='word_1_269' title='bbox 302 2124 578 2173; x_wconf 83' lang='lat' dir='ltr'>ordinandae</span> <span class='ocrx_word' id='word_1_270' title='bbox 615 2126 822 2174; x_wconf 89' lang='lat' dir='ltr'>traderet</span> <span class='ocrx_word' id='word_1_271' title='bbox 858 2128 1231 2189; x_wconf 88' lang='lat' dir='ltr'>institutionem,</span> <span class='ocrx_word' id='word_1_272' title='bbox 1271 2136 1440 2192; x_wconf 88' lang='lat' dir='ltr'>poetas</span> <span class='ocrx_word' id='word_1_273' title='bbox 1471 2142 1500 2174; x_wconf 88' lang='lat' dir='ltr'>a</span> <span class='ocrx_word' id='word_1_274' title='bbox 1535 2126 1727 2174; x_wconf 86' lang='lat' dir='ltr'>civitate</span> <span class='ocrx_word' id='word_1_275' title='bbox 1748 2141 1851 2173; x_wconf 89' lang='lat' dir='ltr'>esse</span> <span class='ocrx_word' id='word_1_276' title='bbox 1874 2123 2172 2189; x_wconf 88' lang='lat' dir='ltr'>dejiciendos</span> <span class='ocrx_word' id='word_1_277' title='bbox 2202 2122 2437 2181; x_wconf 86' lang='lat' dir='ltr'>decrevit,</span> 
     </span>
     <span class='ocr_line' id='line_1_26' title="bbox 300 2203 2440 2272; baseline 0 -22"><span class='ocrx_word' id='word_1_278' title='bbox 300 2204 421 2251; x_wconf 89' lang='lat' dir='ltr'>sicut</span> <span class='ocrx_word' id='word_1_279' title='bbox 452 2206 500 2252; x_wconf 90' lang='lat' dir='ltr'>in</span> <span class='ocrx_word' id='word_1_280' title='bbox 527 2206 740 2254; x_wconf 87' lang='lat' dir='ltr'>secundo</span> <span class='ocrx_word' id='word_1_281' title='bbox 768 2207 828 2254; x_wconf 91' lang='lat' dir='ltr'>de</span> <span class='ocrx_word' id='word_1_282' title='bbox 859 2209 1058 2255; x_wconf 68' lang='lat' dir='ltr'>Ciuitate</span> <span class='ocrx_word' id='word_1_283' title='bbox 1089 2207 1174 2255; x_wconf 89' lang='lat' dir='ltr'>lib.</span> <span class='ocrx_word' id='word_1_284' title='bbox 1200 2209 1254 2256; x_wconf 89' lang='grc' dir='ltr'>Β.</span> <span class='ocrx_word' id='word_1_285' title='bbox 1286 2208 1574 2272; x_wconf 85' lang='lat' dir='ltr'>Augustinus</span> <span class='ocrx_word' id='word_1_286' title='bbox 1604 2206 1680 2254; x_wconf 92' lang='lat' dir='ltr'>his</span> <span class='ocrx_word' id='word_1_287' title='bbox 1701 2206 1861 2254; x_wconf 85' lang='lat' dir='ltr'>verbis</span> <span class='ocrx_word' id='word_1_288' title='bbox 1884 2203 2290 2253; x_wconf 77' lang='lat' dir='ltr'>commemorat⁸2</span> <span class='ocrx_word' id='word_1_289' title='bbox 2323 2220 2347 2247; x_wconf 93' lang='lat'>«</span> <span class='ocrx_word' id='word_1_290' title='bbox 2371 2208 2440 2250; x_wconf 86' lang='lat' dir='ltr'>An</span> 
     </span>
     <span class='ocr_line' id='line_1_27' title="bbox 301 2283 2443 2354; baseline -0 -24"><span class='ocrx_word' id='word_1_291' title='bbox 301 2284 444 2344; x_wconf 83' lang='lat' dir='ltr'>forte,</span> <span class='ocrx_word' id='word_1_292' title='bbox 471 2285 648 2350; x_wconf 87' lang='lat' dir='ltr'>inquit,</span> <span class='ocrx_word' id='word_1_293' title='bbox 679 2287 864 2335; x_wconf 90' lang='lat' dir='ltr'>Platoni</span> <span class='ocrx_word' id='word_1_294' title='bbox 892 2289 1053 2354; x_wconf 86' lang='lat' dir='ltr'>potius</span> <span class='ocrx_word' id='word_1_295' title='bbox 1085 2286 1247 2337; x_wconf 87' lang='lat' dir='ltr'>danda</span> <span class='ocrx_word' id='word_1_296' title='bbox 1271 2297 1342 2336; x_wconf 91' lang='lat' dir='ltr'>est</span> <span class='ocrx_word' id='word_1_297' title='bbox 1363 2287 1541 2354; x_wconf 87' lang='lat' dir='ltr'>palma,</span> <span class='ocrx_word' id='word_1_298' title='bbox 1567 2287 1651 2351; x_wconf 91' lang='lat' dir='ltr'>qui</span> <span class='ocrx_word' id='word_1_299' title='bbox 1675 2303 1788 2334; x_wconf 91' lang='lat' dir='ltr'>cum</span> <span class='ocrx_word' id='word_1_300' title='bbox 1808 2286 1995 2334; x_wconf 91' lang='lat' dir='ltr'>ratione</span> <span class='ocrx_word' id='word_1_301' title='bbox 2015 2284 2263 2344; x_wconf 85' lang='lat' dir='ltr'>formaret,</span> <span class='ocrx_word' id='word_1_302' title='bbox 2289 2283 2443 2348; x_wconf 89' lang='lat' dir='ltr'>qualis</span> 
     </span>
     <span class='ocr_line' id='line_1_28' title="bbox 299 2362 2442 2433; baseline -0 -22"><span class='ocrx_word' id='word_1_303' title='bbox 299 2380 401 2412; x_wconf 87' lang='lat' dir='ltr'>esse</span> <span class='ocrx_word' id='word_1_304' title='bbox 434 2365 597 2414; x_wconf 89' lang='lat' dir='ltr'>civitas</span> <span class='ocrx_word' id='word_1_305' title='bbox 632 2366 805 2415; x_wconf 91' lang='lat' dir='ltr'>debeat</span> <span class='ocrx_word' id='word_1_306' title='bbox 822 2403 834 2427; x_wconf 91' lang='lat'>,</span> <span class='ocrx_word' id='word_1_307' title='bbox 869 2378 1118 2433; x_wconf 91' lang='lat' dir='ltr'>tamquam</span> <span class='ocrx_word' id='word_1_308' title='bbox 1146 2368 1444 2417; x_wconf 88' lang='lat' dir='ltr'>adversarios</span> <span class='ocrx_word' id='word_1_309' title='bbox 1475 2368 1680 2422; x_wconf 85' lang='lat' dir='ltr'>civitatis</span> <span class='ocrx_word' id='word_1_310' title='bbox 1707 2377 1873 2433; x_wconf 88' lang='lat' dir='ltr'>poetas</span> <span class='ocrx_word' id='word_1_311' title='bbox 1903 2366 2088 2414; x_wconf 91' lang='lat' dir='ltr'>censuit</span> <span class='ocrx_word' id='word_1_312' title='bbox 2109 2363 2231 2411; x_wconf 87' lang='lat' dir='ltr'>urbe</span> <span class='ocrx_word' id='word_1_313' title='bbox 2258 2362 2442 2428; x_wconf 89' lang='lat' dir='ltr'>pellen—</span> 
     </span>
     <span class='ocr_line' id='line_1_29' title="bbox 301 2443 2442 2513; baseline -0.001 -22"><span class='ocrx_word' id='word_1_314' title='bbox 301 2443 423 2491; x_wconf 82' lang='lat' dir='ltr'>dos?</span> <span class='ocrx_word' id='word_1_315' title='bbox 449 2466 470 2489; x_wconf 81' lang='grc'><em>»</em></span> <span class='ocrx_word' id='word_1_316' title='bbox 497 2448 615 2494; x_wconf 90' lang='lat' dir='ltr'>Item</span> <span class='ocrx_word' id='word_1_317' title='bbox 636 2456 746 2511; x_wconf 91' lang='lat' dir='ltr'>post</span> <span class='ocrx_word' id='word_1_318' title='bbox 770 2448 928 2513; x_wconf 89' lang='lat' dir='ltr'>aliqua</span> <span class='ocrx_word' id='word_1_319' title='bbox 948 2467 958 2495; x_wconf 76' lang='lat' dir='ltr'><em>z</em></span> <span class='ocrx_word' id='word_1_320' title='bbox 990 2469 1012 2493; x_wconf 89' lang='lat'>«</span> <span class='ocrx_word' id='word_1_321' title='bbox 1035 2452 1130 2507; x_wconf 90' lang='lat' dir='ltr'>Qui</span> <span class='ocrx_word' id='word_1_322' title='bbox 1152 2449 1331 2497; x_wconf 88' lang='lat' dir='ltr'>scilicet</span> <span class='ocrx_word' id='word_1_323' title='bbox 1352 2449 1486 2496; x_wconf 88' lang='lat' dir='ltr'>Plato</span> <span class='ocrx_word' id='word_1_324' title='bbox 1510 2457 1677 2513; x_wconf 85' lang='lat' dir='ltr'>poetas</span> <span class='ocrx_word' id='word_1_325' title='bbox 1705 2448 1854 2513; x_wconf 90' lang='lat' dir='ltr'>ipsos,</span> <span class='ocrx_word' id='word_1_326' title='bbox 1873 2445 1949 2494; x_wconf 87' lang='lat' dir='ltr'>vel</span> <span class='ocrx_word' id='word_1_327' title='bbox 1971 2462 2061 2511; x_wconf 90' lang='lat' dir='ltr'>pro</span> <span class='ocrx_word' id='word_1_328' title='bbox 2085 2444 2283 2492; x_wconf 87' lang='lat' dir='ltr'>arbitrio</span> <span class='ocrx_word' id='word_1_329' title='bbox 2298 2458 2442 2490; x_wconf 90' lang='lat' dir='ltr'>-men-</span> 
     </span>
     <span class='ocr_line' id='line_1_30' title="bbox 300 2524 2501 2594; baseline 0 -24"><span class='ocrx_word' id='word_1_330' title='bbox 300 2524 487 2584; x_wconf 89' lang='lat' dir='ltr'>tientes,</span> <span class='ocrx_word' id='word_1_331' title='bbox 511 2527 584 2573; x_wconf 89' lang='lat' dir='ltr'>vel</span> <span class='ocrx_word' id='word_1_332' title='bbox 607 2526 886 2575; x_wconf 90' lang='lat' dir='ltr'>hominibus</span> <span class='ocrx_word' id='word_1_333' title='bbox 909 2530 1112 2590; x_wconf 88' lang='lat' dir='ltr'>miseris,</span> <span class='ocrx_word' id='word_1_334' title='bbox 1140 2529 1276 2594; x_wconf 90' lang='lat' dir='ltr'>quasi</span> <span class='ocrx_word' id='word_1_335' title='bbox 1299 2531 1514 2576; x_wconf 89' lang='lat' dir='ltr'>Deorum</span> <span class='ocrx_word' id='word_1_336' title='bbox 1538 2528 1659 2575; x_wconf 89' lang='lat' dir='ltr'>sacta</span> <span class='ocrx_word' id='word_1_337' title='bbox 1683 2528 1889 2593; x_wconf 90' lang='lat' dir='ltr'>pessima</span> <span class='ocrx_word' id='word_1_338' title='bbox 1910 2525 2144 2573; x_wconf 89' lang='lat' dir='ltr'>imitanda</span> <span class='ocrx_word' id='word_1_339' title='bbox 2166 2539 2441 2589; x_wconf 76' lang='lat' dir='ltr'>proponen·</span> <span class='ocrx_word' id='word_1_340' title='bbox 2490 2529 2501 2539; x_wconf 85' lang='grc'><strong>’</strong></span> 
     </span>
     <span class='ocr_line' id='line_1_31' title="bbox 302 2603 2443 2670; baseline 0 -21"><span class='ocrx_word' id='word_1_341' title='bbox 302 2612 395 2664; x_wconf 91' lang='lat' dir='ltr'>tes,</span> <span class='ocrx_word' id='word_1_342' title='bbox 433 2606 633 2653; x_wconf 91' lang='lat' dir='ltr'>omnino</span> <span class='ocrx_word' id='word_1_343' title='bbox 660 2607 710 2654; x_wconf 90' lang='lat' dir='ltr'>in</span> <span class='ocrx_word' id='word_1_344' title='bbox 743 2607 930 2656; x_wconf 90' lang='lat' dir='ltr'>civitate</span> <span class='ocrx_word' id='word_1_345' title='bbox 958 2608 1083 2657; x_wconf 89' lang='lat' dir='ltr'>bene</span> <span class='ocrx_word' id='word_1_346' title='bbox 1110 2609 1324 2657; x_wconf 89' lang='lat' dir='ltr'>instituta</span> <span class='ocrx_word' id='word_1_347' title='bbox 1350 2609 1510 2656; x_wconf 87' lang='lat' dir='ltr'>vivere</span> <span class='ocrx_word' id='word_1_348' title='bbox 1537 2608 1716 2669; x_wconf 88' lang='lat' dir='ltr'>noluit,</span> <span class='ocrx_word' id='word_1_349' title='bbox 1739 2626 1762 2652; x_wconf 90' lang='lat'>»</span> <span class='ocrx_word' id='word_1_350' title='bbox 1793 2623 1849 2654; x_wconf 90' lang='lat' dir='ltr'>ac</span> <span class='ocrx_word' id='word_1_351' title='bbox 1872 2607 1910 2653; x_wconf 93' lang='lat' dir='ltr'>si</span> <span class='ocrx_word' id='word_1_352' title='bbox 1933 2614 2098 2670; x_wconf 88' lang='lat' dir='ltr'>aperte</span> <span class='ocrx_word' id='word_1_353' title='bbox 2120 2604 2307 2652; x_wconf 91' lang='lat' dir='ltr'>Sanctis</span> <span class='ocrx_word' id='word_1_354' title='bbox 2329 2603 2443 2667; x_wconf 90' lang='lat' dir='ltr'>ipsis</span> 
     </span>
     <span class='ocr_line' id='line_1_32' title="bbox 297 2683 2442 2754; baseline -0 -23"><span class='ocrx_word' id='word_1_355' title='bbox 297 2683 398 2744; x_wconf 83' lang='lat' dir='ltr'>jam</span> <span class='ocrx_word' id='word_1_356' title='bbox 425 2685 541 2733; x_wconf 93' lang='lat' dir='ltr'>illud</span> <span class='ocrx_word' id='word_1_357' title='bbox 568 2686 900 2751; x_wconf 77' lang='lat' dir='ltr'>praedicaret⁹:</span> <span class='ocrx_word' id='word_1_358' title='bbox 933 2692 1040 2737; x_wconf 87' lang='lat' dir='ltr'>«Os</span> <span class='ocrx_word' id='word_1_359' title='bbox 1071 2689 1207 2754; x_wconf 93' lang='lat' dir='ltr'>quod</span> <span class='ocrx_word' id='word_1_360' title='bbox 1234 2689 1463 2737; x_wconf 88' lang='lat' dir='ltr'>mentitur</span> <span class='ocrx_word' id='word_1_361' title='bbox 1495 2688 1671 2736; x_wconf 90' lang='lat' dir='ltr'>occidit</span> <span class='ocrx_word' id='word_1_362' title='bbox 1692 2688 1922 2736; x_wconf 89' lang='lat' dir='ltr'>animam.</span> <span class='ocrx_word' id='word_1_363' title='bbox 1945 2706 1968 2729; x_wconf 85' lang='lat'>»</span> <span class='ocrx_word' id='word_1_364' title='bbox 1996 2688 2149 2749; x_wconf 81' lang='lat' dir='ltr'>Atque</span> <span class='ocrx_word' id='word_1_365' title='bbox 2173 2683 2291 2731; x_wconf 89' lang='lat' dir='ltr'>illud</span> <span class='ocrx_word' id='word_1_366' title='bbox 2316 2686 2442 2748; x_wconf 85' lang='lat' dir='ltr'>Apo-</span> 
     </span>
     <span class='ocr_line' id='line_1_33' title="bbox 304 2762 2442 2821; baseline 0 -13"><span class='ocrx_word' id='word_1_367' title='bbox 304 2763 412 2809; x_wconf 89' lang='lat' dir='ltr'>stoli</span> <span class='ocrx_word' id='word_1_368' title='bbox 429 2766 479 2809; x_wconf 90' lang='lat'>¹⁰:</span> <span class='ocrx_word' id='word_1_369' title='bbox 511 2785 534 2808; x_wconf 87' lang='lat'>«</span> <span class='ocrx_word' id='word_1_370' title='bbox 554 2768 822 2815; x_wconf 83' lang='lat' dir='ltr'>Fornicatio</span> <span class='ocrx_word' id='word_1_371' title='bbox 851 2779 898 2816; x_wconf 88' lang='lat' dir='ltr'>et</span> <span class='ocrx_word' id='word_1_372' title='bbox 928 2771 1087 2817; x_wconf 91' lang='lat' dir='ltr'>omnis</span> <span class='ocrx_word' id='word_1_373' title='bbox 1117 2768 1425 2817; x_wconf 89' lang='lat' dir='ltr'>immunditia</span> <span class='ocrx_word' id='word_1_374' title='bbox 1452 2785 1543 2816; x_wconf 90' lang='lat' dir='ltr'>nec</span> <span class='ocrx_word' id='word_1_375' title='bbox 1571 2768 1849 2816; x_wconf 91' lang='lat' dir='ltr'>nominetur</span> <span class='ocrx_word' id='word_1_376' title='bbox 1874 2767 1924 2813; x_wconf 91' lang='lat' dir='ltr'>in</span> <span class='ocrx_word' id='word_1_377' title='bbox 1954 2764 2121 2821; x_wconf 85' lang='lat' dir='ltr'>vobis,</span> <span class='ocrx_word' id='word_1_378' title='bbox 2155 2764 2278 2811; x_wconf 90' lang='lat' dir='ltr'>sicut</span> <span class='ocrx_word' id='word_1_379' title='bbox 2305 2762 2442 2810; x_wconf 87' lang='lat' dir='ltr'>decet</span> 
     </span>
     <span class='ocr_line' id='line_1_34' title="bbox 303 2842 2442 2913; baseline 0 -25"><span class='ocrx_word' id='word_1_380' title='bbox 303 2852 511 2904; x_wconf 88' lang='lat' dir='ltr'>sanctos,</span> <span class='ocrx_word' id='word_1_381' title='bbox 548 2855 630 2892; x_wconf 89' lang='lat' dir='ltr'>aut</span> <span class='ocrx_word' id='word_1_382' title='bbox 650 2848 918 2911; x_wconf 86' lang='lat' dir='ltr'>turpitudo,</span> <span class='ocrx_word' id='word_1_383' title='bbox 952 2859 1035 2897; x_wconf 92' lang='lat' dir='ltr'>aut</span> <span class='ocrx_word' id='word_1_384' title='bbox 1054 2849 1421 2913; x_wconf 90' lang='lat' dir='ltr'>stultiloquium,</span> <span class='ocrx_word' id='word_1_385' title='bbox 1453 2859 1536 2896; x_wconf 90' lang='lat' dir='ltr'>aut</span> <span class='ocrx_word' id='word_1_386' title='bbox 1557 2847 1816 2897; x_wconf 88' lang='lat' dir='ltr'>scurrilitas</span> <span class='ocrx_word' id='word_1_387' title='bbox 1838 2862 1944 2911; x_wconf 89' lang='lat' dir='ltr'>quae</span> <span class='ocrx_word' id='word_1_388' title='bbox 1965 2845 2027 2894; x_wconf 89' lang='lat' dir='ltr'>ad</span> <span class='ocrx_word' id='word_1_389' title='bbox 2046 2861 2149 2893; x_wconf 86' lang='lat' dir='ltr'>rem</span> <span class='ocrx_word' id='word_1_390' title='bbox 2175 2860 2277 2892; x_wconf 88' lang='lat' dir='ltr'>non</span> <span class='ocrx_word' id='word_1_391' title='bbox 2296 2842 2442 2908; x_wconf 87' lang='lat' dir='ltr'>perti·</span> 
     </span>
     <span class='ocr_line' id='line_1_35' title="bbox 304 2925 2443 2994; baseline -0.002 -21"><span class='ocrx_word' id='word_1_392' title='bbox 304 2931 404 2980; x_wconf 84' lang='lat' dir='ltr'>net,</span> <span class='ocrx_word' id='word_1_393' title='bbox 429 2932 519 2969; x_wconf 83' lang='lat' dir='ltr'>etc.</span> <span class='ocrx_word' id='word_1_394' title='bbox 548 2943 570 2966; x_wconf 67' lang='grc' dir='ltr'><strong>π</strong></span> <span class='ocrx_word' id='word_1_395' title='bbox 594 2925 722 2981; x_wconf 90' lang='lat' dir='ltr'>Quid</span> <span class='ocrx_word' id='word_1_396' title='bbox 745 2927 888 2974; x_wconf 90' lang='lat' dir='ltr'>etiam</span> <span class='ocrx_word' id='word_1_397' title='bbox 915 2928 975 2976; x_wconf 95' lang='lat' dir='ltr'>de</span> <span class='ocrx_word' id='word_1_398' title='bbox 997 2928 1346 2993; x_wconf 89' lang='lat' dir='ltr'>philosophicis</span> <span class='ocrx_word' id='word_1_399' title='bbox 1365 2928 1439 2976; x_wconf 86' lang='lat' dir='ltr'>vel</span> <span class='ocrx_word' id='word_1_400' title='bbox 1465 2929 1526 2976; x_wconf 91' lang='lat' dir='ltr'>de</span> <span class='ocrx_word' id='word_1_401' title='bbox 1546 2928 1749 2994; x_wconf 88' lang='lat' dir='ltr'>poeticis</span> <span class='ocrx_word' id='word_1_402' title='bbox 1782 2927 2018 2975; x_wconf 83' lang='lat' dir='ltr'>existimet</span> <span class='ocrx_word' id='word_1_403' title='bbox 2039 2925 2206 2983; x_wconf 88' lang='lat' dir='ltr'>musis,</span> <span class='ocrx_word' id='word_1_404' title='bbox 2231 2933 2278 2971; x_wconf 91' lang='lat' dir='ltr'>et</span> <span class='ocrx_word' id='word_1_405' title='bbox 2294 2938 2443 2987; x_wconf 87' lang='lat' dir='ltr'>quan-</span> 
     </span>
    </p>
   </div>
   <div class='ocr_carea' id='block_1_3' title="bbox 306 3080 2437 3288">
    <p class='ocr_par' dir='ltr' id='par_1_3' title="bbox 306 3080 2437 3288">
     <span class='ocr_line' id='line_1_36' title="bbox 347 3080 2437 3129; baseline 0.002 -16"><span class='ocrx_word' id='word_1_406' title='bbox 347 3081 478 3123; x_wconf 78' lang='lat' dir='ltr'>¹Epist.</span> <span class='ocrx_word' id='word_1_407' title='bbox 504 3080 618 3122; x_wconf 81' lang='lat' dir='ltr'>xvni,</span> <span class='ocrx_word' id='word_1_408' title='bbox 637 3082 739 3124; x_wconf 61' lang='lat' dir='ltr'>Opp„</span> <span class='ocrx_word' id='word_1_409' title='bbox 757 3087 781 3114; x_wconf 83' lang='lat' dir='ltr'>t.</span> <span class='ocrx_word' id='word_1_410' title='bbox 793 3082 848 3124; x_wconf 82' lang='lat' dir='ltr'>lv,</span> <span class='ocrx_word' id='word_1_411' title='bbox 865 3095 897 3125; x_wconf 89' lang='lat' dir='ltr'>p.</span> <span class='ocrx_word' id='word_1_412' title='bbox 917 3087 1019 3126; x_wconf 85' lang='lat' dir='ltr'>1,col.</span> <span class='ocrx_word' id='word_1_413' title='bbox 1038 3089 1091 3121; x_wconf 81' lang='lat'>42.</span> <span class='ocrx_word' id='word_1_414' title='bbox 1110 3087 1138 3119; x_wconf 86' lang='lat'>11</span> <span class='ocrx_word' id='word_1_415' title='bbox 1155 3087 1312 3121; x_wconf 78' lang='lat' dir='ltr'>Corinth.</span> <span class='ocrx_word' id='word_1_416' title='bbox 1324 3112 1334 3129; x_wconf 87' lang='lat'>,</span> <span class='ocrx_word' id='word_1_417' title='bbox 1407 3087 1620 3121; x_wconf 79' lang='lat' dir='ltr'>Amboesius:</span> <span class='ocrx_word' id='word_1_418' title='bbox 1640 3089 1749 3127; x_wconf 80' lang='lat' dir='ltr'>Quam</span> <span class='ocrx_word' id='word_1_419' title='bbox 1763 3092 1852 3120; x_wconf 80' lang='lat' dir='ltr'>tunc.</span> <span class='ocrx_word' id='word_1_420' title='bbox 1864 3105 1906 3111; x_wconf 95' lang='lat'><strong>—</strong></span> <span class='ocrx_word' id='word_1_421' title='bbox 1921 3090 1930 3108; x_wconf 90' lang='lat'>⁷</span> <span class='ocrx_word' id='word_1_422' title='bbox 1949 3086 2003 3119; x_wconf 80' lang='lat' dir='ltr'>Sic</span> <span class='ocrx_word' id='word_1_423' title='bbox 2024 3086 2106 3119; x_wconf 90' lang='lat' dir='ltr'>Cod.</span> <span class='ocrx_word' id='word_1_424' title='bbox 2127 3085 2209 3118; x_wconf 77' lang='lat' dir='ltr'>vict.</span> <span class='ocrx_word' id='word_1_425' title='bbox 2230 3085 2327 3124; x_wconf 81' lang='lat' dir='ltr'>Quod</span> <span class='ocrx_word' id='word_1_426' title='bbox 2342 3084 2437 3118; x_wconf 77' lang='grc' dir='ltr'>Δηὼ.</span> 
     </span>
     <span class='ocr_line' id='line_1_37' title="bbox 306 3135 2436 3183; baseline -0 -9"><span class='ocrx_word' id='word_1_427' title='bbox 306 3143 378 3175; x_wconf 72' lang='lat'><strong>⁰³1³·</strong></span> <span class='ocrx_word' id='word_1_428' title='bbox 404 3143 450 3174; x_wconf 69' lang='lat' dir='ltr'>Vl·</span> <span class='ocrx_word' id='word_1_429' title='bbox 466 3143 497 3167; x_wconf 76' lang='lat' dir='ltr'>V·</span> <span class='ocrx_word' id='word_1_430' title='bbox 524 3136 574 3168; x_wconf 81' lang='lat'>¹4·</span> <span class='ocrx_word' id='word_1_431' title='bbox 597 3153 635 3159; x_wconf 88' lang='lat'><em>-</em></span> <span class='ocrx_word' id='word_1_432' title='bbox 659 3137 669 3155; x_wconf 85' lang='lat'>²</span> <span class='ocrx_word' id='word_1_433' title='bbox 690 3135 760 3169; x_wconf 81' lang='lat' dir='ltr'>Lib.</span> <span class='ocrx_word' id='word_1_434' title='bbox 793 3136 855 3179; x_wconf 86' lang='grc' dir='ltr'>ΙΙΙ,</span> <span class='ocrx_word' id='word_1_435' title='bbox 882 3148 954 3180; x_wconf 84' lang='lat' dir='ltr'>cap.</span> <span class='ocrx_word' id='word_1_436' title='bbox 983 3150 1062 3182; x_wconf 84' lang='lat' dir='ltr'>xm,</span> <span class='ocrx_word' id='word_1_437' title='bbox 1092 3141 1203 3183; x_wconf 57' lang='lat' dir='ltr'>opp„</span> <span class='ocrx_word' id='word_1_438' title='bbox 1229 3147 1255 3174; x_wconf 89' lang='lat' dir='ltr'>t.</span> <span class='ocrx_word' id='word_1_439' title='bbox 1279 3141 1334 3183; x_wconf 86' lang='lat' dir='ltr'>Vl,</span> <span class='ocrx_word' id='word_1_440' title='bbox 1410 3140 1949 3183; x_wconf 82' lang='lat' dir='ltr'>—⁸Cap.x1v,Opp.‚t.Vn,col.</span> <span class='ocrx_word' id='word_1_441' title='bbox 1969 3142 2019 3174; x_wconf 83' lang='lat'>41.</span> <span class='ocrx_word' id='word_1_442' title='bbox 2040 3139 2329 3181; x_wconf 80' lang='lat' dir='ltr'>-—⁹Sap..cap.¹,</span> <span class='ocrx_word' id='word_1_443' title='bbox 2345 3139 2436 3171; x_wconf 83' lang='lat' dir='ltr'>v.11.</span> 
     </span>
     <span class='ocr_line' id='line_1_38' title="bbox 306 3188 1866 3237; baseline 0.004 -17"><span class='ocrx_word' id='word_1_444' title='bbox 306 3197 340 3227; x_wconf 84' lang='lat' dir='ltr'>p.</span> <span class='ocrx_word' id='word_1_445' title='bbox 370 3189 443 3222; x_wconf 81' lang='lat'>296.</span> <span class='ocrx_word' id='word_1_446' title='bbox 461 3206 499 3211; x_wconf 92' lang='lat'>—</span> <span class='ocrx_word' id='word_1_447' title='bbox 514 3189 526 3209; x_wconf 83' lang='lat'>³</span> <span class='ocrx_word' id='word_1_448' title='bbox 540 3188 645 3226; x_wconf 72' lang='lat' dir='ltr'>Ibid„</span> <span class='ocrx_word' id='word_1_449' title='bbox 672 3191 788 3229; x_wconf 84' lang='lat' dir='ltr'>p.29·1.</span> <span class='ocrx_word' id='word_1_450' title='bbox 809 3191 955 3225; x_wconf 82' lang='lat' dir='ltr'>—⁴Mate</span> <span class='ocrx_word' id='word_1_451' title='bbox 967 3195 1045 3234; x_wconf 81' lang='lat' dir='ltr'>legit</span> <span class='ocrx_word' id='word_1_452' title='bbox 1060 3195 1253 3228; x_wconf 81' lang='lat' dir='ltr'>Amboesius</span> <span class='ocrx_word' id='word_1_453' title='bbox 1268 3194 1336 3228; x_wconf 87' lang='lat' dir='ltr'>elo-</span> <span class='ocrx_word' id='word_1_454' title='bbox 1411 3194 1612 3237; x_wconf 74' lang='lat' dir='ltr'>-¹⁰Ephe5.</span> <span class='ocrx_word' id='word_1_455' title='bbox 1626 3219 1634 3235; x_wconf 88' lang='lat'><strong>‚</strong></span> <span class='ocrx_word' id='word_1_456' title='bbox 1650 3203 1721 3236; x_wconf 85' lang='lat' dir='ltr'>cap.</span> <span class='ocrx_word' id='word_1_457' title='bbox 1735 3203 1769 3234; x_wconf 85' lang='lat' dir='ltr'>v,</span> <span class='ocrx_word' id='word_1_458' title='bbox 1787 3203 1817 3226; x_wconf 87' lang='lat' dir='ltr'>v.</span> <span class='ocrx_word' id='word_1_459' title='bbox 1835 3197 1866 3227; x_wconf 85' lang='grc'>3.</span> 
     </span>
     <span class='ocr_line' id='line_1_39' title="bbox 308 3242 1338 3288; baseline 0.008 -15"><span class='ocrx_word' id='word_1_460' title='bbox 308 3242 486 3275; x_wconf 67' lang='lat' dir='ltr'>maionem.</span> <span class='ocrx_word' id='word_1_461' title='bbox 504 3259 542 3267; x_wconf 91' lang='lat'>—</span> <span class='ocrx_word' id='word_1_462' title='bbox 559 3244 570 3263; x_wconf 74' lang='lat'>⁸</span> <span class='ocrx_word' id='word_1_463' title='bbox 584 3242 707 3285; x_wconf 72' lang='lat' dir='ltr'>Epist„</span> <span class='ocrx_word' id='word_1_464' title='bbox 729 3243 786 3276; x_wconf 90' lang='lat' dir='ltr'>lib.</span> <span class='ocrx_word' id='word_1_465' title='bbox 804 3242 860 3283; x_wconf 83' lang='lat' dir='ltr'>Xl,</span> <span class='ocrx_word' id='word_1_466' title='bbox 886 3246 982 3286; x_wconf 83' lang='lat' dir='ltr'>epist.</span> <span class='ocrx_word' id='word_1_467' title='bbox 1002 3255 1067 3279; x_wconf 74' lang='lat' dir='ltr'>mv.</span> <span class='ocrx_word' id='word_1_468' title='bbox 1083 3265 1120 3271; x_wconf 92' lang='lat'>-</span> <span class='ocrx_word' id='word_1_469' title='bbox 1133 3248 1146 3268; x_wconf 75' lang='lat'>⁸</span> <span class='ocrx_word' id='word_1_470' title='bbox 1159 3248 1243 3280; x_wconf 86' lang='lat' dir='ltr'>Male</span> <span class='ocrx_word' id='word_1_471' title='bbox 1261 3249 1338 3288; x_wconf 78' lang='lat' dir='ltr'>legit</span> 
     </span>
    </p>
   </div>
  </div>
 </body>
</html>
