2638 3866
836 184 893 233 IN
927 183 1263 233 EPISTOLAM
1296 183 1379 232 AD
1412 182 1717 231 ROMANOS.
2257 182 2351 231 ⁴59

199 299 245 339 et
267 287 514 339 instabiles
537 286 821 354 depravant,
849 286 971 335 sicut
993 294 1041 334 et
1065 294 1258 334 caeteras
1282 285 1560 350 scriptur-zm,
1587 282 1650 331 ad
1674 299 1813 332 suam
1836 284 2059 350 ipsorum-
2078 282 2353 332 damnatio·

200 386 330 419 nem.
357 389 380 416 n
407 372 567 430 Quam
591 367 790 435 quidem
813 366 1143 416 difficultatem
1158 403 1170 426 ,
1187 383 1242 414 ex
1269 366 1418 415 nimia
1438 364 1701 414 subtilitate
1720 365 1966 413 rationum
1984 364 2347 432 procedentem,

200 460 248 500 et
269 451 473 518 professi>
487 461 535 500 et
557 449 698 500 veriti
719 458 832 498 sunt
854 448 1080 498 doctores
1107 448 1276 496 sancti.
1299 447 1439 496 Unde
1461 457 1511 496 et
1533 446 1811 495 Ambrosius
1840 448 1891 495 in
1914 447 2118 513 epistola
2139 446 2351 512 quadam

199 548 306 598 quae
328 532 397 581 sic
415 532 583 599 incipit
604 548 615 578 ε
646 552 670 576 α
692 531 793 579 Etsi
815 530 963 578 sciam
982 527 1116 595 quod
1136 528 1264 587 nihil
1282 528 1524 577 difficilius
1546 528 1629 589 sit,
1658 544 1807 594 quam
1825 527 1888 576 de
1907 528 2124 594 Apostoli
2146 528 2353 576 lectione

198 612 448 674 disserere,
470 630 584 663 cum
608 612 708 679 ipse
731 611 965 676 Origenes
982 610 1128 677 longe
1158 612 1321 659 minor
1342 611 1403 658 sit
1431 611 1482 659 in
1505 626 1639 659 novo
1659 625 1809 675 quam
1830 609 1880 658 in
1902 610 2052 658 veteri
2074 613 2351 658 Testamen-

200 703 269 756 to,
294 704 387 743 etc.
408 714 432 741 »
456 694 766 760 Augustinus,
790 694 1199 742 Retractatc‘onum
1218 691 1304 741 lib.
1331 694 1376 740 1¹
1401 709 1412 739 ι
1435 711 1460 738 «
1487 691 1712 758 Epistoloe
1735 690 1798 739 ad
1821 692 2068 739 Romanos
2091 691 2352 757 expositio—

198 791 314 825 nem
334 775 709 837 inchoaveram3
732 773 818 824 sed
842 774 988 840 hujus
1020 775 1205 841 operis,
1234 775 1274 823 si
1296 772 1635 840 perficeretur,
1657 772 1821 839 plures
1854 771 1966 820 libri
2001 781 2159 820 essent
2189 772 2351 820 futuri.

199 857 423 916 Quorum
445 872 600 905 unum
625 855 787 907 solum
808 856 859 904 in
882 855 985 904 sola
1000 855 1327 922 disputatione
1347 854 1647 904 salutationis
1669 853 1881 915 absolvi;
1919 852 2005 901 sed
2033 852 2210 901 deinde
2246 868 2357 901 ces-

199 937 326 999 savi,
351 937 501 1003 ipsius
525 937 859 1003 magnitudine
881 953 938 985 ac
959 936 1129 986 labore
1153 936 1427 986 deterritus·
1454 954 1478 979 >2
1502 937 1560 983 Et
1587 934 1757 984 beatus
1779 935 2105 1000 Hieronymus
2128 933 2197 981 ad
2217 935 2359 982 Pam-

200 1017 468 1066 machc‘um:
491 1038 516 1065 «
536 1018 759 1080 Paulum,
774 1038 796 1063 >2
820 1018 995 1084 inquit,
1016 1037 1039 1064 «
1062 1017 1340 1084 apostolum
1359 1017 1762 1083 quotiescumque
1778 1017 1906 1081 lege,
1922 1016 2093 1065 videor
2114 1031 2216 1064 non
2241 1014 2359 1063 mihi

197 1098 348 1149 verba
360 1098 528 1148 audire
544 1134 558 1158 ,
579 1099 664 1148 sed
678 1099 909 1149 tonitrua.
935 1119 959 1144 r>
982 1098 1120 1147 Idem
1137 1097 1206 1146 ad
1223 1098 1516 1147 Paulinam:
1544 1117 1568 1145 t(
1593 1099 1770 1148 Paulus
1786 1098 2077 1148 novissimus
2094 1097 2146 1146 in
2166 1096 2356 1158 ordine,

197 1180 382 1246 primus
403 1181 454 1229 in
481 1180 664 1229 meritis
685 1190 778 1242 est,
797 1181 913 1247 quia
931 1179 1042 1248 plus
1059 1179 1289 1229 omnibus
1306 1179 1560 1230 laboravit.
1582 1201 1606 1225 »
1625 1180 1761 1231 Idem
1792 1179 1860 1228 ad
1884 1179 2193 1228 Eustochium
2209 1197 2223 1225 .·
2245 1198 2271 1225 «
2290 1179 2361 1227 De

197 1260 480 1327 virginibus,
501 1281 523 1306 ι)
550 1263 707 1327 inquit
729 1263 1004 1328 Apostolus,
1026 1282 1050 1307 (ι
1070 1272 1367 1330 praeceptum
1389 1262 1589 1311 Domini
1610 1278 1711 1310 non
1735 1261 1912 1311 habeo.
1940 1260 2087 1320 Quod
2115 1269 2163 1309 et
2185 1260 2288 1326 ipse
2309 1270 2361 1307 ut

198 1353 321 1392 esset
342 1344 477 1409 virgo
501 1360 603 1392 non
622 1343 712 1393 fuit
730 1344 950 1410 imperii,
978 1344 1063 1393 sed
1084 1345 1293 1411 propriae
1315 1345 1594 1394 voluntatis.
1621 1346 1788 1410 Neque
1809 1344 1943 1392 enim
1965 1341 2196 1392 audiendi
2217 1351 2330 1390 sunt
2346 1379 2357 1400 ,

197 1424 378 1489 inquit,
404 1425 490 1490 qui
514 1442 626 1473 eum
663 1442 867 1474 uxorem
889 1425 1116 1474 habuisse
1140 1425 1429 1491 confingunt
1446 1463 1458 1486 ,
1484 1443 1600 1475 cum
1623 1425 1832 1474 suadens
1854 1434 2140 1492 perpetuam
2166 1424 2362 1473 castita-

198 1514 297 1553 tem
318 1505 558 1553 intulerit:
580 1506 745 1555 «Volo
769 1517 934 1555 autem
956 1523 1127 1555 omnes
1145 1523 1247 1555 esse
1270 1507 1393 1556 sicut
1418 1507 1674 1574 meipsum.
1692 1525 1716 1551 »
1735 1509 1957 1566 Quantus
1975 1516 2138 1554 autem
2163 1514 2212 1553 et
2232 1503 2361 1570 apud

198 1585 518 1653 philosophos
551 1586 745 1635 habitus
774 1587 862 1650 sit,
890 1588 974 1653 qui
1008 1588 1110 1653 ejus
1131 1589 1209 1638 vel
1231 1588 1625 1654 praedicationem
1651 1587 1914 1637 audierunt
1931 1624 1944 1650 ,
1970 1586 2048 1635 vel
2081 1585 2259 1652 scripta
2296 1586 2364 1632 vi·

198 1666 378 1715 derunt
395 1704 407 1726 ‚
436 1667 638 1732 insignis
660 1666 740 1716 ille
765 1677 866 1716 tam
897 1667 1176 1734 eloquentia
1200 1685 1350 1734 quam
1373 1669 1594 1718 moribus
1613 1671 1794 1718 Seneca
1818 1669 1868 1716 in
1900 1667 2114 1735 epistolis
2129 1703 2142 1728 ,
2163 1683 2284 1733 quas
2303 1667 2364 1715 ad

198 1764 313 1796 eum
334 1748 520 1813 dirigit,
546 1749 623 1797 his
643 1748 805 1798 verbis
827 1759 1123 1816 protestatus
1143 1759 1246 1798 est:
1271 1769 1296 1797 «
1322 1751 1505 1799 Libello
1526 1760 1611 1799 tuo
1632 1752 1760 1800 lecto
1773 1786 1787 1810 ,
1810 1750 1873 1800 de
1894 1750 2116 1817 plurimis
2137 1749 2201 1798 ad
2223 1765 2365 1815 quos-

198 1828 314 1878 dam
348 1829 542 1889 litteris,
570 1846 692 1896 quas
723 1829 787 1878 ad
822 1830 1037 1896 aliquam
1077 1832 1320 1881 civitatem
1355 1848 1438 1881 seu
1473 1842 1621 1898 caput
1659 1833 1921 1899 provinciae
1956 1831 2202 1894 direxisti,
2245 1831 2366 1879 mira

200 1909 537 1959 exhortatione
555 1911 706 1962 vitam
745 1913 1002 1961 mortalem
1033 1923 1403 1962 contemnentes
1428 1930 1781 1980 usquequaque
1813 1914 1978 1963 refecti
2012 1928 2196 1962 sumus.
2229 1915 2364 1972 Quos

198 2006 366 2039 sensus
400 2008 503 2041 non
537 2002 660 2058 puto
686 2009 746 2041 ex
769 2002 817 2042 te
839 1993 1024 2053 dictos,
1056 1993 1143 2043 sed
1165 2010 1253 2061 per
1274 2004 1351 2044 tex
1378 2005 1508 2044 certe
1546 1995 1810 2061 aliquando
1846 2004 1894 2044 et
1930 2012 1987 2044 ex
2019 2004 2090 2055 te,
2112 2005 2160 2042 et
2187 2010 2275 2060 per
2297 2003 2362 2043 te.

196 2073 347 2121 Tanta
381 2073 562 2121 etenim
599 2074 822 2139 majestas
855 2091 1023 2123 earum
1046 2091 1211 2124 rerum
1236 2086 1331 2137 est,
1359 2085 1590 2142 tantaque
1614 2077 1932 2141 generositate
1954 2076 2165 2135 clarent,
2202 2084 2255 2123 ut
2285 2074 2363 2123 vix

197 2152 502 2203 confecturas
525 2164 645 2220 puto
663 2165 826 2204 aetates
847 2155 1109 2204 hominum
1126 2155 1304 2221 quibus
1329 2156 1556 2206 illustrari
1577 2156 1843 2223 perficique
1862 2157 2067 2223 possint.
2096 2176 2120 2200 n
2149 2155 2365 2204 Meminit

198 2242 247 2281 et
274 2233 600 2300 Hieronymus
637 2235 783 2301 hujus
813 2235 971 2285 laudis
1005 2238 1198 2285 Senecae
1231 2253 1344 2303 erga
1373 2238 1581 2286 Paulum
1608 2238 1660 2285 in
1685 2237 1814 2286 libro
1846 2236 1904 2285 de
1925 2235 2200 2286 Illas-tribus·
2221 2237 2361 2297 caint»,

201 2330 311 2380 cap.
337 2330 392 2377 11,
414 2315 483 2364 ita
504 2316 751 2366 scribens:
783 2338 806 2362 «
832 2318 1010 2367 Lucius
1032 2320 1238 2367 Annaeus
1259 2320 1442 2369 Seneca
1460 2318 1807 2380 Cordubensis,
1831 2319 2027 2367 Pothini
2049 2319 2197 2366 Stoici
2219 2317 2359 2366 disci-

198 2395 343 2459 pulus
359 2432 372 2459 ,
401 2405 449 2444 et
472 2407 673 2462 patruus
701 2399 884 2448 Lucani
902 2409 1083 2465 poetae,
1108 2400 1537 2449 continentissimae
1560 2401 1670 2449 vitae
1688 2400 1807 2449 fuit:
1833 2416 1982 2467 quem
2004 2416 2105 2448 non
2128 2414 2365 2465 ponerem

198 2476 247 2523 in
272 2475 493 2541 catalogo
516 2478 831 2542 Sanctorum,
857 2479 951 2527 nisi
967 2496 1047 2528 me
1067 2480 1280 2546 epistolae
1299 2482 1389 2529 illae
1410 2491 1759 2548 provocarent,
1786 2498 1894 2548 quae
1914 2480 2142 2545 leguntur
2160 2478 2365 2545 apostoli

199 2556 335 2605 Pauli
353 2557 416 2606 ad
432 2559 684 2622 Senecam,
702 2570 785 2608 aut
797 2561 990 2609 Senecae
1007 2560 1072 2609 ad
1090 2561 1313 2610 Paulum.
1337 2564 1391 2611 In
1410 2562 1607 2628 quihus,
1630 2579 1743 2611 cum
1756 2571 1880 2610 esset
1897 2561 2103 2609 Neronis
2119 2560 2360 2623 magister,

200 2646 250 2685 et
281 2637 408 2686 illius
437 2640 670 2705 temporis
699 2641 1090 2707 potentissimus,
1114 2652 1283 2708 optare
1317 2658 1368 2691 se
1400 2643 1518 2692 dicit
1540 2659 1643 2691 esse
1665 2643 1768 2707 ejus
1788 2642 1886 2690 loci
1910 2641 2041 2707 apud
2061 2657 2200 2701 suos,
2229 2639 2364 2705 cujus

201 2717 260 2764 sit
283 2717 459 2766 Paulus
475 2720 607 2785 apud
629 2720 935 2771 christianos.
956 2722 1147 2781 »Quod
1167 2733 1215 2771 et
1237 2723 1277 2771 si
1295 2723 1592 2790 propheticae
1612 2723 1913 2772 auctoritatis
1931 2721 2128 2771 laudem
2150 2720 2366 2787 philoso-

201 2796 348 2862 phico
370 2798 449 2863 adj
457 2816 607 2864 ungas
623 2803 886 2867 praeconio,
902 2803 1121 2852 invenies
1136 2803 1281 2868 hujus
1299 2803 1517 2870 Apostoli
1534 2803 1865 2852 excellentiam
1883 2819 2031 2869 supra
2048 2811 2245 2850 caeteros
2266 2811 2366 2851 tam

202 2878 334 2943 apud
355 2880 649 2946 patriarchas
670 2899 822 2948 quam
840 2884 1102 2950 prophetas
1125 2884 1312 2949 insigne
1334 2883 1519 2949 aliquid
1535 2883 1692 2932 laudis
1709 2884 1978 2951 specialiter
1999 2883 2227 2950 adeptam
2243 2900 2362 2933 esse.

204 2960 292 3007 Hic
314 2960 498 3027 quippe
515 2999 528 3022 ,
554 2963 678 3011 sicut
698 2964 802 3030 ipse
819 2965 907 3027 ait,
934 2964 996 3013 de
1014 2964 1145 3012 tribu
1168 2965 1420 3030 Benjamin
1443 2964 1698 3014 exordium
1717 2965 1901 3014 ducens
1915 3003 1928 3029 ,
1955 2965 2035 3014 ille
2054 2975 2151 3024 est,
2171 2965 2222 3013 in
2248 2974 2365 3030 typo

204 3040 342 3104 cujus
363 3050 463 3090 tam
489 3043 764 3109 patriarcha
783 3044 933 3093 Jacob
950 3061 1098 3111 quam
1118 3045 1473 3113 prophetarum
1494 3055 1543 3095 et
1562 3062 1732 3112 regum
1758 3047 1996 3095 maximus
2012 3045 2187 3107 David,
2214 3043 2367 3095 exsul-

205 3130 358 3174 tantes
389 3125 729 3190 praecinerunt.
760 3126 913 3177 Jacob
934 3127 1136 3194 quidem
1158 3129 1228 3177 sic
1257 3129 1350 3178 ait⁸
1371 3144 1383 3177 ε
1409 3145 1439 3176 ’κ
1465 3128 1714 3195 Benjamin
1750 3129 1894 3196 lupus
1922 3145 2095 3196 rapax,
2120 3143 2262 3178 mane
2285 3143 2361 3175 ra-

250 3307 354 3350 ·Cap.
369 3318 448 3351 xxv,
470 3310 571 3355 opp„
592 3317 615 3345 t.
637 3312 662 3354 1,
682 3314 744 3348 col.
761 3315 814 3349 75.
830 3315 893 3340 -—²
908 3314 1044 3359 Genes„
1063 3324 1137 3358 cap.
1154 3324 1245 3358 mx.
1263 3325 1294 3350 v.
1312 3318 1366 3351 27.
