2638 3866
341 225 358 269 1
377 225 436 270 12
1142 216 1307 263 PETRI
1346 215 1662 262 ABAELARffl

336 324 431 371 dici
457 331 628 388 potest.
655 340 678 366 »
708 320 836 379 Quid
866 321 1027 385 itaque
1057 319 1234 366 mirum
1258 333 1367 364 cum
1398 315 1591 363 duobus
1619 315 1777 363 modis
1801 316 2031 381 Spiritum
2051 319 2315 383 procedere
2338 321 2468 370 dica·

336 420 465 462 mus,
503 403 541 449 si
578 399 844 448 secundum
878 399 1081 449 alterum
1116 396 1436 464 processionis
1468 394 1672 443 modum
1710 395 1895 443 dicatur
1927 397 2130 462 Spiritus
2168 415 2197 447 a
2228 400 2396 463 nobis,
2422 413 2469 450 et

336 482 601 530 secundum
628 480 831 528 alterum
855 489 1053 528 vocetur
1075 479 1236 526 anima
1259 493 1284 523 a
1307 474 1641 541 philosophis?
1665 473 1787 522 Illud
1810 491 1922 539 ergo
1941 477 2144 542 Spiritus
2164 480 2465 540 aeternaliter,

335 563 428 609 hoc
452 559 776 626 temporaliter
802 559 966 621 habet,
995 558 1125 606 unde
1149 566 1195 604 et
1216 556 1373 604 statim
1397 556 1447 602 in
1476 554 1650 602 eodem
1678 554 1808 602 idem
1840 557 2051 604 annectit
2080 557 2267 607 dicens¹
2291 577 2302 606 ε
2334 581 2357 603 «
2374 564 2469 608 Nec

335 651 524 688 moveat
551 640 686 705 quod
718 641 920 706 Spiritus
951 648 1160 699 sanctus,
1187 652 1297 683 cum
1326 636 1385 682 sit
1417 645 1683 682 coaeternus
1707 636 1832 682 Patri
1852 645 1899 684 et
1926 636 2063 699 Filio,
2090 638 2278 687 dicatur
2307 649 2468 689 tamen

334 720 511 785 aliquid
535 736 592 768 ex
614 730 850 786 tempore,
876 719 1023 767 veluti
1054 718 1148 764 hoc
1172 717 1330 782 ipsum
1357 714 1491 779 quod
1514 715 1772 776 donatum,
1806 733 1916 764 nam
1946 718 2236 783 sempiterne
2267 721 2470 785 Spiritus

334 801 548 860 donum,
582 800 908 866 temporaliter
941 808 1099 847 autem
1136 796 1387 844 donatum.
1429 797 1548 843 Nam
1581 805 1628 842 et
1663 796 1701 842 si
1735 797 1970 844 Dominus
2009 814 2106 845 non
2145 798 2338 857 dicitur,
2381 801 2471 848 nisi

334 898 441 927 cum
475 880 653 928 habere
675 880 842 945 incipit
870 895 1076 937 servum,
1106 877 1249 924 etiam
1277 876 1365 923 ista
1396 874 1652 940 appellatio
1677 876 1869 924 relativa
1907 894 1964 924 ex
1989 887 2211 944 tempore¹
2240 890 2311 927 est
2342 883 2464 929 Deo.

334 962 439 1008 Non
463 961 593 1008 enim
615 960 902 1024 sempiterna
925 967 1140 1005 creatura
1163 965 1248 1016 est,
1275 956 1353 1002 cui
1378 965 1449 1002 est
1472 954 1549 1002 ille
1572 956 1826 1004 Dominus.
1853 977 1875 1000 »
1910 960 2048 1004 Item²
2071 976 2081 1004 ε
2113 979 2136 1002 α
2158 961 2279 1006 Ecce
2303 961 2469 1007 Domi·

334 1057 450 1087 num
478 1057 576 1088 esse
601 1057 700 1087 non
727 1041 1072 1104 sempiternum
1099 1036 1245 1084 habet
1264 1074 1276 1097 ,
1311 1052 1373 1083 ne
1406 1051 1638 1098 cogamur
1672 1036 1818 1084 etiam
1854 1037 2013 1086 dicere
2046 1051 2316 1088 creaturam
2352 1057 2471 1089 sem-

333 1121 585 1184 piternam,
605 1120 716 1184 quia
732 1119 810 1166 ille
825 1118 1111 1183 sempiterne
1126 1132 1226 1163 non
1243 1115 1576 1163 dominaretur
1590 1153 1601 1174 ,
1623 1116 1713 1163 nisi
1734 1117 1874 1164 etiam
1894 1117 1984 1165 ista
2000 1119 2290 1184 sempiterne
2314 1120 2470 1179 famu·

331 1200 521 1247 laretur.
545 1221 567 1243 ›>
585 1200 679 1258 Qui
694 1200 837 1247 etiam
856 1199 903 1245 in
927 1197 1097 1245 eodem
1114 1197 1260 1258 libro,
1278 1197 1327 1244 in
1348 1196 1585 1261 superiori
1604 1196 1831 1262 capitulo,
1847 1198 2076 1262 Spiritum
2093 1200 2237 1247 etiam
2250 1210 2471 1249 sanctum

335 1280 557 1328 effectum
580 1280 826 1328 manifeste
852 1287 1017 1338 vocat,
1045 1294 1156 1325 cum
1179 1277 1223 1324 ei
1246 1276 1538 1342 principium
1561 1277 1785 1341 assignat.
1817 1278 1885 1324 Ait
1908 1288 2070 1326 autem
2106 1280 2173 1326 sic
2191 1281 2204 1305 ³
2233 1299 2243 1326 ε
2284 1281 2471 1339 «Quod

330 1360 495 1408 datum
532 1370 626 1419 est,
655 1370 701 1408 et
730 1360 791 1407 ad
816 1376 928 1408 eum
959 1359 1042 1423 qui
1066 1357 1200 1405 dedit
1223 1356 1443 1418 refertur,
1478 1367 1525 1404 et
1558 1356 1621 1404 ad
1655 1373 1738 1405 eos
1774 1356 1950 1423 quibus
1975 1358 2124 1406 dedit.
2165 1362 2234 1408 lta
2269 1361 2472 1426 Spiritus

328 1453 520 1490 sanctus
550 1442 724 1491 dicitur
757 1453 803 1490 et
829 1443 912 1489 Dei
947 1442 1030 1506 qui
1060 1440 1219 1500 dedit,
1253 1449 1300 1488 et
1324 1441 1475 1488 nostri
1510 1441 1594 1505 qui
1617 1440 1896 1506 accipimus.
1924 1462 1946 1484 »
1979 1441 2115 1489 Unde
2141 1444 2373 1508 scriptum
2402 1453 2472 1491 est

329 1522 388 1569 de
423 1526 633 1586 Joanne,
686 1522 844 1588 quod*
877 1523 926 1569 in
959 1522 1126 1587 spiritu
1158 1519 1303 1568 Heliae
1336 1521 1532 1568 veniret.
1580 1523 1684 1568 Hoc
1723 1531 1769 1568 et
1811 1520 1872 1568 de
1910 1523 2075 1586 Moyse
2107 1522 2471 1587 intelligendum

330 1613 414 1664 est,
452 1620 561 1651 cum
594 1604 656 1652 ait
690 1604 732 1651 ei
765 1603 1056 1651 Dominusssx
1084 1621 1106 1644 α
1129 1600 1311 1648 Tollam
1341 1600 1402 1648 de
1428 1601 1595 1666 spiritu
1626 1611 1728 1660 tu0,
1769 1612 1817 1649 et
1855 1601 1984 1650 dabo
2014 1603 2100 1664 eis,
2127 1622 2148 1646 υ
2179 1603 2272 1650 hoc
2312 1614 2383 1652 est
2412 1604 2473 1652 de

330 1683 504 1747 Spiritu
535 1694 699 1732 sancto
726 1701 869 1749 quem
902 1682 987 1730 tibi
1013 1681 1143 1729 dedi.
1171 1682 1219 1728 Si
1249 1698 1363 1747 ergo
1390 1691 1438 1729 et
1461 1681 1592 1746 quod
1627 1681 1769 1729 datur
1799 1683 2092 1748 principium
2126 1682 2272 1731 habet
2305 1701 2415 1732 eum
2446 1702 2474 1733 a

330 1779 426 1827 quo
450 1763 607 1824 datur,
635 1765 745 1829 quia
774 1780 872 1810 non
903 1761 1096 1809 aliunde
1119 1763 1302 1828 accepit
1327 1762 1444 1809 illud
1468 1761 1603 1826 quod
1626 1761 1688 1809 ab
1711 1762 1816 1826 ipso
1853 1762 2096 1827 procedit,
2126 1763 2376 1812 fatendum
2402 1776 2472 1813 est

330 1846 515 1892 Patrem
537 1855 585 1892 et
603 1845 773 1892 Filium
797 1843 1083 1910 principium
1109 1858 1212 1891 esse
1231 1843 1435 1908 Spiritus
1458 1843 1627 1903 sancti,
1654 1852 1815 1890 tamen
1850 1860 1949 1890 non
1975 1842 2075 1891 duo
2099 1844 2360 1910 principia,
2387 1846 2471 1893 sed

328 1940 480 1971 unum
498 1926 804 1991 principium.
826 1926 992 1989 Liquet
1014 1925 1177 1988 itaque
1202 1923 1518 1988 Augustinum
1542 1922 1637 1970 hoc
1659 1922 1769 1970 loco
1786 1923 2017 1989 Spiritum
2041 1925 2280 1989 accepisse
2307 1941 2475 1973 secun-

326 2002 442 2050 dum
455 2004 637 2066 effecta,
657 2022 769 2052 cum
782 2004 895 2052 dicit
912 2004 1098 2064 datum,
1114 2005 1264 2068 magis
1278 2019 1427 2068 quam
1441 2002 1709 2050 secundum
1723 2002 1992 2050 naturalem
2006 2020 2100 2050 suae
2114 2003 2340 2053 bonitatis
2353 2005 2472 2052 affe-

325 2093 455 2131 ctum
478 2086 550 2133 vel
572 2085 893 2150 benignitatis.
915 2084 1051 2133 Unde
1072 2084 1199 2132 bene
1223 2083 1491 2132 secundum
1514 2083 1684 2131 effecta
1702 2085 1838 2130 Pater
1860 2093 1907 2130 et
1927 2083 2069 2131 Filius
2093 2085 2276 2150 priores
2289 2085 2468 2151 Spiritu

326 2163 566 2228 dicuntur,
615 2176 662 2214 et
698 2167 835 2230 quasi
867 2165 1159 2232 principium
1198 2165 1326 2229 ejus,
1370 2165 1483 2229 quia
1519 2180 1577 2210 ex
1609 2164 1842 2228 potentia,
1887 2164 2172 2212 moderante
2218 2165 2467 2230 sapientia,

326 2244 517 2293 effectus
549 2248 707 2310 gratiae
740 2246 1014 2308 descendit,
1040 2263 1096 2293 ex
1130 2261 1230 2310 quo
1265 2246 1412 2293 etiam
1439 2244 1644 2309 Spiritus
1678 2243 1774 2291 hoc
1800 2244 1911 2292 loco
1941 2245 2227 2310 appellatur,
2261 2255 2307 2293 et
2337 2246 2470 2312 prius

325 2327 587 2388 potentiam
606 2337 652 2374 et
670 2327 955 2392 sapientiam
972 2343 1074 2374 esse
1091 2336 1300 2391 oportet,
1317 2335 1372 2373 ut
1391 2335 1560 2391 postea
1577 2323 1759 2389 aliquid
1787 2324 1836 2371 in
1862 2324 2087 2375 effectum
2111 2325 2332 2373 ducatur.
2359 2326 2469 2373 Tale

324 2415 391 2451 est
415 2422 528 2470 ergo
549 2410 735 2455 Patrem
760 2416 806 2454 et
828 2406 1003 2453 Filium
1024 2422 1124 2453 esse
1146 2406 1441 2471 principium
1455 2404 1660 2469 Spiritus
1676 2405 1845 2463 sancti,
1867 2421 1923 2452 ac
1943 2405 1979 2451 si
2003 2404 2219 2452 dicamus
2241 2405 2470 2470 Spiritum

323 2502 378 2531 ex
414 2486 650 2534 ambobus
687 2504 771 2553 per
805 2486 1029 2535 effectum
1062 2485 1358 2551 procedere,
1386 2485 1482 2532 hoc
1521 2494 1617 2545 est,
1647 2485 1863 2549 potentia
1901 2485 1988 2532 Dei
2025 2485 2331 2545 moderante,
2355 2485 2471 2548 'ejus

326 2567 506 2614 ratione
537 2567 599 2615 ad
620 2577 781 2615 actum
811 2566 1014 2633 perduci
1029 2567 1057 2612 ⁸.
1097 2567 1154 2612 Et
1180 2565 1276 2612 hoc
1301 2564 1498 2630 quidem
1522 2563 1672 2611 modo
1703 2564 1742 2610 si
1773 2564 1882 2629 quis
1905 2580 2086 2612 nomen
2111 2565 2314 2629 Spiritus
2346 2565 2468 2612 acci-

326 2645 439 2707 piat,
476 2647 739 2694 secundum
763 2647 940 2694 scilicet
964 2663 1060 2694 suae
1091 2646 1249 2709 gratiae
1286 2645 1472 2704 effecta,
1507 2661 1607 2691 non
1639 2653 1768 2691 recte
1809 2644 1984 2691 dicitur
2007 2644 2210 2709 Spiritus
2242 2654 2463 2706 aeternuS,

327 2725 447 2771 sicut
474 2743 562 2773 nec
575 2729 811 2775 Dominus
836 2737 919 2776 aut
937 2736 1141 2786 creator,
1171 2726 1287 2790 quia
1309 2736 1362 2772 ut
1386 2725 1609 2785 diximus,
1638 2741 1737 2771 non
1764 2741 1953 2790 semper
1975 2724 2177 2790 Spiritus
2197 2724 2467 2773 secundum

326 2803 490 2851 effecta
512 2807 701 2867 exstitit,
742 2807 870 2854 unde
900 2817 946 2855 et
981 2807 1105 2854 bene
1135 2805 1433 2870 Evangelista
1462 2808 1670 2852 Joannes
1704 2802 1765 2851 ab
1792 2804 2053 2852 aeternitate
2088 2805 2177 2852 Dei
2210 2804 2464 2866 inchoans,

329 2899 438 2929 cum
466 2885 672 2932 Verbum
713 2887 842 2951 apud
880 2890 1039 2934 Deum
1073 2885 1357 2934 aeternaliter
1396 2884 1670 2932 ostenderet
1705 2874 1923 2932 dicens⁷z
1957 2905 1979 2928 «
2000 2887 2052 2931 In
2092 2884 2329 2950 principio
2365 2895 2466 2935 erat

328 2963 554 3022 Verbum,
575 2975 619 3012 et
635 2966 845 3013 Verbum
865 2977 966 3015 erat
985 2967 1115 3032 apud
1138 2970 1314 3027 Deum,
1336 2975 1383 3013 et
1403 2967 1533 3011 Deus
1564 2974 1664 3012 erat
1694 2963 1923 3012 Verbum.
1949 2984 1971 3008 »
1999 2966 2104 3011 Et⁸:
2137 2986 2158 3008 ι(
2178 2965 2354 3012 Omnia
2382 2979 2467 3030 per

327 3044 483 3106 ipsum
514 3044 630 3091 facta
661 3056 800 3107 sunt,
825 3066 847 3091 »
876 3047 1055 3095 nullam
1086 3047 1289 3112 Spiritus
1315 3045 1609 3092 mentionem
1631 3045 1854 3093 habuisse
1877 3044 2083 3105 videtur,
2109 3062 2205 3109 qua
2228 3061 2341 3093 eum
2365 3061 2465 3092 esse

371 3196 439 3228 'De
459 3196 636 3238 Trinitate‚
661 3199 717 3230 lib.
742 3198 780 3231 V.
799 3217 839 3223 —
860 3200 980 3239 ²1bid.,
1004 3210 1078 3241 cap.
1102 3211 1170 3242 xvi,
1192 3204 1253 3234 col.
1280 3204 1353 3235 841.
1429 3202 1510 3235 Vict.
1521 3207 1554 3234 et
1567 3203 1644 3234 edit.
1661 3200 1928 3233 Amb.Perducti
1939 3209 1998 3241 pro
2013 3200 2168 3242 perduci,
2182 3199 2462 3239 Amb.-⁷Joan.,

326 3265 361 3271 —
382 3250 393 3268 ³
408 3249 496 3281 Ibid.
511 3274 520 3290 ,
537 3260 608 3291 cap.
636 3260 702 3284 xiv.
721 3269 763 3275 -
781 3253 791 3271 ⁴
809 3253 887 3293 Luc,
904 3262 975 3294 cap.
1004 3264 1026 3294 1,
1051 3264 1080 3286 v.
1108 3258 1158 3289 17.
1176 3273 1215 3279 —
1229 3256 1352 3289 5Νῑιτη.
1428 3264 1498 3295 cap.
1511 3264 1535 3296 ι,
1554 3263 1582 3286 v.
1605 3255 1634 3287 1.
1654 3272 1690 3278 —
1708 3253 1836 3294 ⁸Ibida
1852 3262 1881 3287 V·
1895 3256 1923 3287 3-

325 3312 397 3343 cap.
420 3313 464 3344 xi,
487 3313 515 3336 v.
548 3306 596 3337 17.
612 3322 652 3329 —
668 3306 679 3325 ⁶
694 3306 838 3338 Auctum
858 3315 918 3345 pro
937 3311 1051 3339 actum
1073 3308 1191 3347 legitur
1215 3309 1249 3340 in
1273 3308 1353 3340 Cod.
