2638 3866
937 231 1283 282 THEOLOGIA
1317 233 1680 281 CHRISTIANA.
2289 234 2385 281 437

300 334 348 380 Si
386 340 547 380 autem
586 339 697 397 post
734 330 1012 395 virginalem
1050 333 1385 381 castimoniam
1422 333 1484 381 ad
1514 332 1817 398 conjugalem
1861 334 2199 398 transmigrare
2229 334 2383 398 juvet,

235 423 513 479 quantaque
546 412 831 472 reverentia,
871 428 1019 476 quam
1054 413 1240 477 integro
1274 431 1438 462 amore
1472 414 1618 463 fidem
1644 414 1853 478 conjugii
1893 414 2084 463 illaesam
2116 432 2305 463 servare
2341 426 2386 463 et

235 497 414 543 Gentes
438 493 692 555 studerint,
718 509 809 541 nec
832 493 880 540 in
905 492 980 540 his
1002 495 1333 560 exemplorum
1359 496 1499 562 copia
1523 494 1743 543 defuerit.
1775 498 1963 543 Praestat
1986 496 2033 542 in
2061 496 2283 562 exemplo
2308 496 2386 544 illa

235 576 479 637 Lucretia,
522 591 668 640 quam
720 590 890 622 omues
938 573 1033 621 fere
1072 576 1277 622 Romani
1316 585 1413 623 tam
1455 585 1608 641 poetae
1643 592 1793 640 quam
1824 575 2198 643 historiographi
2231 577 2387 641 dignis

235 656 460 704 laudibus
479 673 570 722 pro
590 656 814 704 castitatis
837 671 1002 702 amore
1022 657 1182 703 conati
1206 666 1320 703 sunt
1343 656 1529 704 efferre.
1561 656 1698 704 Unde
1722 665 1793 703 est
1816 656 1934 703 illud
1954 657 2128 704 Valerii
2150 659 2381 716 Maximi',

240 758 262 780 «
281 737 501 785 Lucretia
529 754 556 784 a
578 737 837 800 Tarquinio
867 753 954 802 per
972 737 1070 783 vim
1095 746 1313 802 stuprum
1336 739 1436 803 pati
1458 747 1643 797 coacta,
1670 754 1782 784 cum
1812 738 2038 801 injuriam
2062 755 2197 785 suam
2221 756 2386 787 corani

237 818 402 865 amicis
425 817 522 865 suis
546 817 859 883 deplorasset,
884 817 1010 865 ferro
1035 833 1084 864 se
1107 817 1241 881 quod
1269 828 1396 865 veste
1423 828 1603 866 tectum
1635 819 1857 866 attulerat
1880 819 2136 866 interemit.
2164 839 2185 862 »
2215 823 2381 867 ltem²2

240 918 263 944 ι(
290 898 517 959 Plautius,
551 898 782 946 Orestillae
817 899 978 946 uxoris
1010 915 1104 946 suae
1136 908 1291 946 morte
1326 899 1512 959 audita,
1553 900 1716 947 stricto
1751 899 1877 946 ferro
1913 899 2162 959 incubuit,
2191 900 2388 964 ejusque

239 996 403 1027 amore
428 996 478 1026 se
502 978 789 1027 interfecit.»
810 982 930 1033 Item
954 979 1108 1027 idem³
1134 998 1143 1026 :
1170 999 1192 1024 α
1213 980 1374 1033 Portia
1387 981 1582 1028 Catonis
1604 980 1703 1028 fllia
1718 997 1829 1028 cum
1854 980 1984 1046 apud
2013 980 2256 1046 Philippos
2274 982 2390 1028 inte-

239 1070 450 1108 remtum
483 1060 640 1108 virum
665 1077 806 1107 suum
830 1063 1029 1107 Brutum
1051 1060 1277 1119 audisset,
1305 1062 1418 1126 quia
1444 1061 1620 1108 ferrum
1647 1061 1835 1120 deerat,
1866 1061 2089 1108 ardentes
2113 1078 2196 1109 ore
2220 1061 2388 1108 carbo-

238 1158 324 1189 nes
347 1140 542 1189 haurire
564 1157 663 1189 non
680 1140 933 1204 dubitavit,
958 1158 1087 1189 novo
1105 1159 1277 1206 genere
1291 1142 1459 1190 mortis
1473 1152 1701 1190 assumto.
1725 1162 1747 1187 n
1770 1145 1828 1189 Et
1845 1142 1982 1189 item*
2001 1161 2010 1188 :
2039 1162 2060 1186 «
2082 1142 2388 1208 Hypsicratea

238 1221 569 1270 Mithridatem
589 1222 847 1287 conjugem
869 1239 1008 1270 suum
1032 1240 1143 1270 vere
1169 1224 1365 1286 amavit,
1390 1233 1588 1289 propter
1612 1240 1757 1288 quem
1782 1223 1945 1270 formae
1969 1239 2064 1270 suae
2086 1222 2313 1271 decorem
2340 1226 2388 1271 iu

237 1301 458 1350 habitum
483 1303 669 1351 virilem
703 1304 956 1352 convertit.
985 1304 1151 1351 Tonsis
1173 1305 1304 1351 enim
1327 1304 1528 1370 capillis,
1556 1321 1682 1368 equo
1707 1322 1757 1351 se
1789 1314 1836 1351 et
1865 1304 2009 1351 armis
2034 1305 2262 1361 assuevit,
2290 1322 2387 1369 quo

238 1382 422 1431 facilius
446 1383 547 1448 ejus
578 1383 827 1431 laboribus
848 1385 1110 1433 interesset.
1135 1404 1158 1430 >ι
1193 1385 1312 1443 Quis
1335 1385 1496 1450 itaque
1527 1402 1628 1432 non
1665 1384 1881 1433 attendat
1903 1395 2138 1449 quantum
2173 1386 2221 1431 in
2256 1387 2390 1432 omni

239 1474 379 1528 gente
419 1482 611 1530 semper
647 1468 752 1513 Deo
795 1476 990 1532 accepta
1034 1466 1177 1513 suerit
1213 1466 1371 1514 carnis
1401 1467 1646 1530 integritas
1675 1476 1721 1512 et
1755 1466 2055 1513 continentia
2078 1466 2214 1524 vitae,
2249 1483 2386 1527 cum,

236 1545 380 1593 beato
413 1546 557 1593 etiam
583 1556 836 1594 attestante
858 1548 1174 1612 Hieronymo,
1210 1563 1357 1612 supra
1379 1546 1517 1594 dictae
1542 1563 1625 1593 vm
1660 1545 1847 1609 Syhiltae
1885 1563 1940 1592 ex
1978 1546 2260 1610 virginitatis
2294 1564 2390 1594 suae

239 1626 415 1674 decore
441 1627 665 1692 spiritum
699 1638 979 1676 meruerunt
1011 1627 1299 1693 prophetiae,
1340 1627 1423 1692 qui
1462 1636 1510 1674 et
1545 1626 1795 1674 Claudiam
1829 1626 2057 1673 vestalem
2094 1627 2327 1690 virginem
2364 1646 2391 1675 a

238 1707 526 1772 suspicionis
548 1707 658 1755 labe
677 1717 934 1774 protegens
957 1707 1252 1757 admirabilis
1274 1708 1396 1773 signi
1419 1707 1654 1755 miraculo
1672 1722 1772 1753 non
1786 1706 1948 1753 tacuit.
1979 1709 2037 1754 Et
2059 1706 2177 1770 quid
2194 1707 2388 1770 mirum,

238 1805 349 1836 cum
373 1789 469 1837 hoc
492 1789 559 1836 illi
581 1790 878 1838 continentia
906 1791 1007 1838 vitae
1024 1790 1297 1847 contulerit,
1324 1790 1364 1837 si
1387 1806 1562 1852 magna
1578 1787 1707 1854 apud
1732 1790 1889 1835 Deum
1919 1789 2240 1853 promeruerit
2262 1799 2391 1837 tanta

237 1869 643 1935 philosophorum
667 1870 956 1919 abstinentia
980 1881 1027 1918 et
1046 1871 1363 1930 continentia,
1389 1887 1502 1918 cum
1528 1870 1632 1917 haec
1655 1878 1790 1916 tanto
1815 1868 2129 1917 laudabiliora
2162 1870 2209 1916 in
2235 1871 2302 1918 eis
2324 1873 2391 1918 vi-

238 1950 431 2010 dentur,
456 1960 503 1998 et
525 1950 695 2015 majori
719 1951 989 2017 reputanda
1013 1952 1206 2014 merito,
1231 1962 1416 2016 quanto
1443 1951 1602 1998 minus
1623 1949 1684 1998 ad
1705 1949 1806 1997 haec
1824 1950 2031 1998 aliorum
2055 1950 2393 2016 praedicatione

238 2030 313 2078 vel
354 2030 583 2097 exemplis
616 2031 799 2079 incitati
838 2042 968 2094 sunt,
1004 2031 1330 2097 sed.propria
1367 2032 1554 2079 ratione
1573 2041 1637 2078 ·et
1671 2031 1901 2078 naturalis
1934 2030 2047 2095 legis
2078 2031 2393 2079 instructione

238 2113 488 2160 commoti.
510 2113 642 2159 Sicut
668 2113 799 2159 enim
823 2123 1010 2160 constat
1032 2129 1122 2159 nos
1143 2122 1241 2159 tam
1265 2112 1468 2161 naturali
1491 2128 1638 2177 quam
1663 2113 1836 2176 scripta
1861 2112 1964 2174 lege
1991 2111 2236 2176 utriusque
2256 2122 2393 2160 testa-

239 2193 407 2254 menti,
436 2203 482 2240 et
506 2202 578 2240 tot
590 2193 666 2240 vel
686 2194 836 2258 ipsius
859 2194 1057 2240 Domini
1076 2194 1152 2240 vel
1174 2202 1452 2241 sanctorum
1476 2202 1667 2257 patrum
1692 2191 1921 2257 exemplis
1951 2192 2223 2254 instructos,
2257 2203 2392 2240 tanto

239 2272 448 2320 deterius
471 2273 753 2337 delinquere
784 2283 967 2338 quanto
1001 2273 1374 2321 inexcusabilius
1403 2293 1414 2319 ε
1441 2274 1506 2320 ita
1529 2290 1555 2320 e
1575 2273 1817 2320 contrario
1853 2281 1986 2319 tanto
2022 2289 2192 2319 eorum
2224 2275 2393 2321 venia-

238 2353 361 2402 liora
384 2364 520 2401 erant
544 2353 670 2402 mala
692 2364 739 2402 et
757 2354 1076 2403 laudabiliora
1094 2354 1382 2402 videbantur
1397 2354 1545 2414 bona,
1570 2354 1698 2401 unde
1723 2364 1771 2401 et
1794 2353 2031 2400 Dominus
2053 2353 2143 2400 Job
2168 2354 2391 2418 gentilem

240 2451 339 2481 non
376 2435 619 2482 immerito
652 2436 838 2497 ceteris,
885 2436 968 2500 qui
1004 2445 1120 2483 tunc
1155 2436 1388 2501 temporis
1429 2444 1583 2496 erant,
1628 2433 1852 2481 fidelibus
1894 2433 2119 2500 praetulit,
2161 2434 2324 2481 dicens
2347 2438 2387 2480 ⁵:

244 2537 266 2560 <c
293 2516 439 2575 Quod
463 2532 563 2563 non
587 2516 648 2563 sit
667 2516 711 2563 ei
732 2516 897 2564 similis
919 2518 968 2564 in
1001 2527 1144 2576 terra,
1189 2516 1341 2564 homo
1365 2515 1581 2581 simplex,
1611 2525 1658 2563 et
1682 2525 1856 2577 rectus,
1880 2525 1926 2562 et
1949 2516 2120 2563 timens
2144 2518 2318 2575 Deum,
2347 2526 2391 2561 et

239 2597 471 2645 recedens
494 2614 521 2645 a
540 2598 687 2660 malo,
716 2617 740 2643 »
767 2600 987 2664 quamvis
1006 2598 1144 2646 multi
1163 2599 1306 2646 etiam
1330 2597 1390 2645 de
1422 2597 1531 2644 filiis
1554 2596 1754 2645 Abrahae
1788 2608 1901 2644 tunc
1935 2607 2252 2660 superessent,
2281 2614 2390 2642 cuni

239 2677 320 2724 hic
339 2687 450 2742 post
474 2677 631 2741 legem
647 2679 793 2726 etiam
816 2679 977 2727 datam
1002 2680 1051 2726 in
1069 2689 1288 2744 tempore
1313 2679 1635 2725 Israelitarum
1662 2678 1901 2741 judicum,
1939 2687 1990 2723 ut
2026 2676 2192 2723 beatus
2229 2677 2393 2724 asserit

242 2758 501 2821 Gregorius
521 2796 532 2818 ,
560 2758 703 2805 fuisse
729 2761 959 2823 signetur.
986 2760 1110 2806 Hinc
1134 2769 1204 2806 est·
1229 2769 1275 2805 et
1300 2758 1379 2804 illa
1407 2759 1691 2822 Hieronymi
1729 2756 2088 2804 commendatio
2119 2757 2166 2802 in
2200 2756 2391 2803 laudeni

240 2838 329 2884 Titi
354 2838 670 2903 imperatoris,
697 2848 744 2885 et
778 2840 1115 2887 confusionem
1142 2849 1373 2899 nostram,
1402 2855 1546 2903 super
1568 2837 1820 2902 epistolam
1841 2836 1909 2883 acl
1930 2836 2129 2884 Galatas
2158 2855 2171 2883 .·
2200 2837 2389 2896 «Titus,

243 2919 413 2983 inquit,
437 2917 563 2965 filius
583 2920 879 2984 Vespasiani,
905 2920 989 2984 qui
1012 2921 1060 2966 in
1086 2919 1318 2966 ultionem
1344 2919 1587 2966 Dominici
1612 2918 1871 2981 sanguinis,
1898 2918 2136 2966 subversis
2157 2918 2396 2982 Jerosoly-

243 2999 350 3059 mis,
376 3001 579 3045 Romam
601 2999 756 3046 victor
777 3000 1017 3063 ingressus
1041 3008 1129 3059 est,
1158 3009 1299 3046 tantae
1322 2999 1498 3046 dicitur
1521 2999 1664 3046 fuisse
1696 2999 1940 3060 bonitatis,
1974 3006 2026 3046 ut
2048 3015 2159 3046 cum
2183 2998 2393 3063 quadam

242 3090 386 3127 nocte
421 3096 526 3127 sero
566 3079 905 3128 recordaretur
935 3082 984 3127 in
1024 3097 1161 3129 coena
1191 3080 1324 3145 quod
1363 3080 1481 3127 nihil
1517 3079 1637 3127 boni
1659 3080 1706 3126 in
1734 3079 1812 3126 die
1835 3079 1914 3126 illa
1939 3079 2140 3140 fecisset,
2183 3079 2347 3127 dixerit
2381 3099 2389 3125 :

244 3161 412 3223 Amici,
427 3160 575 3208 hodie
590 3161 718 3209 diem
736 3161 943 3227 perdidi.
964 3164 1060 3209 Nos
1072 3171 1297 3227 putamus
1313 3178 1412 3209 non
1431 3162 1586 3227 perire
1601 3160 1741 3208 nobis
1754 3160 1944 3219 horam,
1965 3160 2112 3222 diem,
2128 3171 2392 3218 momenta,

290 3359 295 3376 ¹
318 3357 386 3390 Val.
406 3359 508 3401 Max„
540 3360 598 3392 lib.
630 3358 682 3400 Vl,
704 3368 774 3400 cap.
803 3368 823 3392 1.
846 3377 882 3382 -
898 3360 909 3378 ²
934 3357 1042 3399 lbid„
1063 3358 1117 3391 lib.
1139 3357 1192 3398 lv,
1212 3366 1282 3398 cap.
1309 3366 1374 3390 xvi.
1399 3376 1433 3381 ——
1455 3358 1465 3377 ³
1488 3357 1576 3390 [bid.
1597 3375 1631 3380 —
1652 3358 1661 3376 ⁴
1687 3356 1778 3389 Ibid.
1798 3374 1834 3380 —
1861 3355 1981 3397 ³101»,
2007 3364 2075 3395 cap.
2098 3365 2125 3393 ι,
2147 3364 2173 3386 v.
2194 3357 2223 3386 8.
