2638 3866
304 228 397 275 132
1102 219 1262 271 PETRI
1295 220 1601 270 ABAELARDI

305 330 417 376 tiam
435 328 610 376 habeat
631 324 935 385 ambulandi,
961 325 1105 376 etiam
1136 341 1246 372 cum
1273 326 1323 371 in
1345 324 1479 388 aquis
1506 332 1662 383 natat3
1689 337 1800 370 cum
1827 331 1987 368 tamen
2024 321 2197 368 dicitur
2220 339 2231 369 :
2258 330 2429 387 potens

304 419 374 456 est
403 408 646 456 ambulare
674 408 723 454 in
755 406 914 472 aquis,
938 406 977 453 si
1003 405 1066 453 ad
1093 415 1253 453 actum
1278 402 1559 451 ambulandi
1582 402 1747 468 potius
1770 416 1916 466 quam
1942 400 2004 448 ad
2037 402 2300 466 potentiam
2326 401 2427 448 haec

304 488 637 536 determinatio
670 487 928 546 referatur,
961 495 1012 533 ut
1042 485 1260 533 videlicet
1287 483 1606 547 intelligamus
1642 498 1754 530 eum
1790 481 1969 529 habere
2001 482 2267 547 potentiam
2298 481 2430 528 hunc

304 577 464 614 actum
496 567 746 615 exercendi
778 567 919 615 etiam
939 567 990 613 in
1014 565 1175 626 undis,
1208 563 1377 612 falsum
1397 572 1496 623 est;
1529 563 1568 610 si
1595 571 1758 610 autem
1780 561 1850 609 ad
1862 563 2128 628 potentiam
2153 560 2431 610 ambulandi

305 647 447 694 etiam
472 647 595 695 inter
619 664 765 712 aquas
790 646 1026 708 habitam,
1050 663 1076 693 e
1102 644 1343 693 contrario
1366 659 1533 691 verum
1557 651 1644 689 est.
1670 642 1823 689 Sicut¹
1846 652 2005 690 autem
2031 659 2200 691 verum
2227 651 2299 689 est
2320 657 2431 689 eum

305 726 396 773 hac
414 729 627 791 potentia
642 745 742 775 non
766 743 926 775 carere
948 727 1089 774 etiam
1112 726 1236 773 inter
1253 740 1419 789 aquaS,
1444 723 1555 770 licet
1571 722 1698 770 hanc
1716 722 1782 769 ibi
1803 723 2067 789 potentiam
2090 738 2308 771 exercere
2332 737 2431 769 non

305 807 478 870 possit:
506 808 571 855 ita
594 824 694 855 non
718 817 788 855 est
819 823 1011 855 necesse
1033 805 1109 854 vel
1130 808 1284 853 Deum
1315 804 1391 851 vel
1425 803 1632 867 aliquem
1654 803 1704 850 in
1729 802 1890 868 aliquo
1920 813 2138 870 tempore
2162 819 2323 850 carere
2343 817 2433 867 po-

306 887 451 934 tentia
474 887 654 951 aliquid
677 887 903 947 faciendi,
924 886 1139 951 quamvis
1153 902 1211 933 eo
1228 894 1444 950 tempore
1467 899 1686 931 exercere
1704 899 1804 930 non
1821 884 1973 949 possit
1994 883 2124 931 illam
2145 882 2428 948 potentiam.

307 972 425 1017 Nam
445 980 491 1017 et
522 970 782 1018 infantulus
804 970 1005 1018 omnino
1029 969 1187 1017 adhuc
1210 967 1380 1016 debilis
1406 966 1469 1015 ad
1491 965 1839 1027 incedendum,
1872 965 2125 1031 gressibilis
2147 974 2307 1012 tamen
2335 964 2436 1027 jam

304 1058 400 1110 est,
443 1060 490 1097 et
527 1051 791 1115 potentiam
817 1050 916 1114 jam
946 1049 1091 1097 habet
1121 1047 1399 1097 ambulandi
1427 1045 1749 1111 quandoque,
1786 1046 1896 1094 licet
1935 1063 2036 1094 non
2067 1045 2227 1093 adhuc
2262 1046 2312 1091 in
2337 1053 2436 1091 tam

266 1147 275 1154 ·
303 1138 464 1177 tenera
485 1139 634 1178 aetate.
663 1133 761 1177 Hac
783 1131 943 1195 itaque
966 1131 1152 1177 ratione
1167 1129 1382 1195 potentia
1397 1126 1680 1175 incarnandi
1703 1129 1832 1174 Deus
1854 1127 2067 1192 privatus
2086 1142 2188 1173 non
2203 1133 2276 1172 est
2289 1140 2435 1188 quam

305 1209 420 1256 olim
436 1211 645 1257 exercuit
659 1247 671 1271 ,
701 1210 810 1258 licet
835 1226 940 1258 eam
964 1226 1181 1257 exercere
1199 1208 1347 1256 modo
1366 1208 1478 1255 ideo
1499 1224 1598 1254 non
1617 1207 1790 1272 possit,
1816 1208 1929 1271 quia
1952 1223 2059 1254 eam
2082 1205 2279 1253 minime
2303 1219 2434 1251 nunc

303 1290 510 1336 exerceri
531 1291 770 1337 convenit.
799 1293 895 1337 Nec
919 1291 1172 1354 quisquam
1196 1305 1406 1353 unquam
1425 1289 1580 1351 aliqua
1600 1287 1814 1353 potentia
1837 1287 2049 1352 privatus
2072 1286 2270 1346 dicitur,
2288 1300 2436 1349 quem

301 1379 484 1416 certum
519 1372 602 1429 sit,
642 1370 680 1416 si
715 1370 878 1430 vellet,
906 1387 1013 1417 eam
1051 1385 1270 1417 exercere
1306 1385 1447 1433 posse
1466 1403 1478 1427 ,
1504 1385 1594 1415 nec
1625 1368 1728 1432 ejus
1759 1368 1990 1415 voluntati
2023 1381 2319 1432 quemquam
2359 1381 2435 1413 re-

300 1450 462 1497 sistere
483 1450 654 1497 valere.
680 1453 798 1497 Cum
822 1460 982 1498 autem
1006 1450 1119 1497 inde
1141 1449 1450 1514 omnipotens
1470 1448 1682 1508 dicatur,
1715 1457 1770 1494 ut
1799 1462 1944 1512 supra
1964 1447 2296 1508 meminimus,
2323 1445 2435 1510 quia

300 1546 487 1594 semper
509 1530 744 1594 quidquid
769 1531 881 1578 velit
904 1531 1078 1595 possit,
1107 1546 1294 1595 semper
1324 1546 1458 1593 aeque
1484 1529 1791 1594 omnipotens
1824 1537 1918 1587 est,
1949 1544 2063 1575 cum
2085 1543 2274 1592 semper
2300 1525 2436 1590 quid-

301 1609 420 1672 quid
443 1609 576 1666 velit‚
609 1619 792 1657 certum
811 1611 870 1657 sit
891 1626 1002 1657 eum
1025 1608 1268 1674 complere
1290 1625 1430 1674 posse
1448 1646 1459 1667 ‚
1482 1624 1570 1656 nec
1591 1609 1693 1672 ejus
1716 1624 1931 1672 unquam
1954 1608 2252 1655 voluntatem
2271 1605 2434 1670 aliquo

301 1688 646 1753 impedimento
669 1689 925 1737 disturbari
945 1705 1097 1754 posse.
1127 1689 1222 1747 Qui
1244 1689 1385 1736 etiam
1409 1689 1530 1736 sicut
1552 1689 1715 1735 omnia
1731 1704 1922 1752 semper
1944 1687 2031 1734 scit
2048 1702 2154 1750 quae
2172 1685 2435 1749 aliquando

301 1769 424 1829 vult,
455 1786 544 1816 nec
584 1786 798 1834 unquam
842 1770 1050 1833 aliquam
1088 1769 1335 1817 scientiam
1382 1769 1582 1825 amittit,
1618 1769 1693 1815 vel
1737 1768 2035 1815 voluntatem
2067 1776 2242 1826 mutat,
2288 1782 2433 1831 quam

299 1866 511 1913 unquam
533 1849 702 1897 habuit
727 1868 736 1896 ε
764 1851 830 1898 ita
864 1867 1052 1916 semper
1086 1851 1249 1897 omnia
1282 1859 1438 1914 potest
1474 1866 1579 1914 quae
1616 1848 1874 1913 aliquando
1900 1856 2078 1913 potest,
2101 1863 2192 1894 nec
2221 1863 2436 1911 unquam

299 1928 458 1991 aliqua
496 1945 581 1976 sua
614 1931 830 1994 potentia
867 1931 1096 1996 privatur.
1126 1930 1223 1977 Etsi
1249 1929 1378 1976 enim
1413 1929 1550 1976 scivit
1585 1928 1702 1975 olim
1740 1945 1818 1975 me
1847 1928 2144 1975 nasciturum
2168 1929 2314 1988 esse²,
2335 1942 2436 1974 non

300 2017 457 2055 tamen
490 2007 601 2056 ideo
628 2009 741 2055 olim
771 2010 950 2073 aliquid
972 2010 1106 2057 scivit
1135 2009 1268 2074 quod
1302 2009 1449 2056 modo
1473 2025 1573 2056 non
1594 2009 1740 2067 sciat;
1775 2008 1860 2056 sed
1883 2008 1934 2055 id
1961 2007 2023 2055 de
2056 2007 2302 2054 nativitate
2331 2022 2436 2054 mea

302 2105 429 2135 nunc
454 2090 598 2136 etiam
620 2090 735 2149 scit,
767 2089 900 2153 quod
933 2090 1113 2137 sciebat
1147 2099 1405 2153 antequam
1430 2088 1590 2148 fieret,
1618 2088 1728 2136 licet
1750 2098 1797 2135 et
1819 2098 1936 2135 tunc
1959 2097 2005 2135 et
2027 2103 2158 2134 nunc
2186 2086 2313 2134 hanc
2335 2087 2436 2150 ejus

297 2169 542 2215 scientiam
561 2168 757 2216 diversis
770 2169 925 2216 verbis
945 2169 1145 2234 exprimi
1163 2179 1421 2234 oporteret.
1443 2170 1633 2234 Quippe
1649 2168 1783 2233 quod
1802 2178 1917 2216 tunc
1936 2168 2148 2214 futurum
2167 2175 2267 2214 erat
2286 2165 2436 2213 modo

298 2257 544 2310 peractum
566 2258 660 2308 est,
683 2248 890 2313 ideoque
917 2248 1064 2296 verba
1087 2258 1380 2296 commutata
1413 2259 1522 2296 sunt
1546 2249 1606 2296 ad
1632 2250 1789 2314 ipsum
1818 2246 2197 2312 designandum3
2222 2246 2343 2293 sicut
2364 2245 2436 2293 di-

298 2327 444 2374 versis
467 2327 763 2393 temporibus
795 2329 1046 2393 loquentes
1072 2329 1292 2377 eamdem
1315 2328 1443 2376 diem
1478 2329 1627 2376 modo
1654 2346 1739 2394 per
1765 2329 1861 2376 hoc
1893 2327 2177 2376 adverbium
2205 2343 2315 2373 cras
2346 2326 2438 2374 de‘-

298 2407 538 2471 signamus
565 2408 682 2455 dum
720 2408 878 2456 adhuc
907 2409 1066 2456 futura
1087 2420 1184 2471 est,
1217 2409 1367 2456 modo
1402 2426 1489 2475 per
1511 2409 1645 2456 hodie
1675 2409 1792 2456 dum
1822 2425 2028 2474 praesens
2056 2416 2148 2466 est,
2171 2406 2320 2454 modo
2352 2423 2438 2471 per

297 2486 403 2532 heri
422 2504 534 2535 cum
557 2489 790 2552 praeterita
821 2499 910 2536 est.
946 2492 1216 2554 Antequam
1236 2490 1397 2554 itaque
1417 2506 1659 2549 nascerer,
1686 2505 1798 2536 cum
1815 2489 1955 2535 sciret
1978 2490 2105 2535 Deus
2128 2503 2205 2534 me
2227 2486 2434 2533 nascitu-

300 2583 407 2613 rum
430 2584 548 2628 esse,
566 2584 623 2615 eo
641 2568 838 2632 quidem
861 2579 1080 2635 tempore
1097 2587 1197 2634 quo
1220 2571 1487 2617 nasciturus
1511 2585 1642 2616 eram
1661 2587 1672 2615 :
1694 2585 1824 2616 nunc
1843 2584 2037 2632 quoque
2054 2566 2367 2614 nihilominus
2385 2565 2435 2612 id

300 2647 403 2706 scit,
420 2648 597 2695 scilicet
618 2649 791 2696 eodem
811 2660 1028 2715 tempore
1050 2667 1128 2697 me
1150 2660 1317 2698 natum
1337 2667 1463 2709 esse;
1493 2651 1561 2697 sic
1582 2660 1630 2697 et
1651 2649 1781 2697 idem
1805 2648 1865 2696 de
1887 2647 2057 2696 eadem
2073 2647 2315 2694 nativitate
2330 2661 2437 2693 mea

304 2744 431 2774 nunc
465 2746 658 2793 quoque
685 2729 785 2777 vult
807 2730 939 2794 quod
964 2741 1080 2778 tunc
1101 2732 1251 2779 voluit
1274 2750 1284 2777 ε
1312 2741 1365 2778 ut
1391 2730 1613 2778 videlicet
1643 2740 1759 2777 tunc
1800 2729 1958 2790 fieret,
1986 2727 2183 2794 quando
2207 2743 2314 2774 eam
2334 2725 2437 2773 fieri

301 2806 362 2853 ab
378 2817 552 2855 aeterno
574 2810 728 2857 voluit
749 2820 794 2857 et
816 2811 967 2858 scivit.
999 2813 1055 2857 Et
1081 2811 1290 2873 attende,
1314 2811 1470 2876 quod,
1488 2810 1626 2858 sicuti
1641 2827 1751 2858 cum
1769 2810 1974 2858 dicimus
1995 2827 2004 2856 ε
2027 2812 2156 2856 Deus
2177 2808 2264 2855 scit
2284 2805 2435 2854 modo

302 2885 350 2932 id
384 2886 557 2934 factum
585 2905 708 2950 esse,
736 2891 812 2937 vel
839 2890 940 2937 vult
976 2891 1123 2939 modo
1155 2891 1205 2938 id
1235 2892 1411 2939 factum
1433 2908 1561 2952 esse,
1587 2890 1705 2938 illud
1736 2889 1898 2952 m0d0‚
1928 2889 1989 2937 ad
2020 2889 2208 2936 diversa
2233 2885 2435 2949 conjun-

301 2975 449 3025 ctum,
478 2970 689 3014 sensum³
717 2970 1061 3018 enuntiationis
1084 2982 1262 3030 mutat,
1289 2972 1353 3018 ita
1377 2972 1538 3033 etiam,
1560 2982 1614 3018 ut
1638 2987 1781 3037 supra
1806 2970 2128 3029 meminimus,
2155 2983 2266 3015 cum
2286 2965 2397 3012 dico
2418 2982 2429 3011 ε

300 3056 455 3110 potest
483 3048 632 3096 modo
655 3049 704 3096 id
731 3050 904 3112 facere,
932 3051 1063 3099 idem
1084 3052 1363 3100 adverbium
1389 3053 1704 3116 conjunctum
1727 3052 1789 3100 ad
1813 3052 2000 3099 diversa
2026 3050 2244 3097 sensum*
2262 3046 2428 3094 variat.

339 3259 343 3274 ¹
364 3255 414 3287 Sic
431 3255 511 3289 Cod.
530 3255 612 3288 vict.
629 3257 668 3289 Si
684 3256 779 3290 Amb.
791 3276 831 3283 —
847 3261 858 3278 ²
874 3259 932 3292 Hic
948 3261 1181 3293 interseruntur
1195 3262 1226 3294 in
1243 3262 1319 3293 edit.
1401 3269 1471 3293 esse
1490 3262 1649 3293 videntur.
1669 3279 1710 3284 —
1730 3262 1741 3281 ³
1758 3261 1809 3292 Sic
1829 3258 1910 3292 Cod.
1928 3258 2048 3291 Victor.
2068 3258 2263 3290 Successum
2282 3254 2377 3287 Amb.
2393 3271 2429 3277 —-

296 3310 390 3342 Amb.
414 3310 463 3343 Ne
482 3314 593 3344 tamen
611 3311 698 3344 sciat
715 3320 766 3344 me
784 3313 997 3346 nasciturum
1014 3323 1081 3346 esse
1099 3323 1170 3354 qum
1187 3315 1321 3347 delenda
1401 3315 1473 3347 ⁴Sic
1489 3314 1567 3348 Cod.
1586 3315 1706 3347 Victor.
1725 3315 1920 3347 successum
1939 3313 2034 3345 Amb.
