2638 3866
228 182 322 227 620
1031 181 1200 226 PETRI
1237 182 1550 230 ABAELARDI

230 297 325 343 que
359 281 560 328 fatemur
582 297 683 327 non
708 279 863 326 solum
893 280 941 326 in
977 295 1233 340 consensu,
1261 297 1427 328 verum
1451 283 1596 329 etiam
1630 283 1679 329 in
1712 284 2000 347 cogitatione
2023 301 2242 350 peccare,
2267 286 2362 333 hoc

227 362 336 408 loco
372 378 471 408 non
506 362 699 426 proprie
730 377 820 425 pro
857 360 999 425 culpa
1030 360 1285 425 ponimus,
1322 362 1406 409 sed
1439 362 1566 427 large
1600 364 1892 429 accipimus,
1935 382 2023 430 pro
2059 382 2118 413 eo
2152 365 2356 426 scilicet,

227 442 356 507 quod
388 459 478 488 nos
502 442 655 488 facere
676 441 872 487 minime
902 442 1147 502 convenit,
1176 442 1272 488 sive
1301 441 1351 488 id
1379 459 1465 506 per
1495 459 1726 506 errorem,
1761 445 1858 492 sive
1887 461 1973 510 per
1995 446 2328 509 negligentiam
2345 482 2356 502 ‚

226 522 299 568 vel
321 537 625 585 quocumque
649 520 796 568 modo
819 521 1180 568 inconvenienti
1201 520 1302 568 fiat.
1323 522 1432 569 Tale
1456 532 1526 570 est
1547 539 1660 587 ergo
1686 541 1773 589 per
1795 525 2112 588 ignorantiam
2137 541 2354 590 peccare,

226 622 323 651 uon
349 604 539 669 culpam
563 604 612 651 in
640 605 734 652 hoc
758 604 953 665 habere,
981 604 1066 652 sed
1089 604 1222 669 quod
1248 605 1390 653 nobis
1413 623 1512 654 non
1535 609 1761 654 convenit
1790 608 1959 670 facere,
1992 609 2067 656 vel
2089 615 2288 674 peccare
2310 610 2357 656 in

225 685 531 749 cogitatione,
559 685 655 733 hoc
686 695 773 746 est,
800 685 1074 746 voluntate,
1103 686 1237 749 quod
1269 702 1359 733 nos
1380 686 1501 734 velle
1533 688 1731 735 minime
1765 690 2008 747 convenit,
2033 688 2108 735 vel
2143 689 2192 735 in
2225 688 2359 736 locu-

224 768 371 827 tione,
398 767 550 814 autin
575 767 873 832 operatione,
902 766 1034 829 loqui
1070 783 1160 814 nos
1181 767 1256 814 vel
1291 783 1430 831 agere
1453 768 1586 832 quod
1615 784 1717 814 non
1740 778 1956 832 oportet,
1993 769 2077 816 etsi
2108 785 2196 834 per
2226 770 2357 832 igno·

223 847 426 894 rantiam
462 845 602 894 nobis
640 847 799 893 invitis
836 846 953 893 illud
1003 847 1205 894 eveniat.
1248 847 1324 894 Sic
1357 857 1403 894 et
1435 847 1542 895 illos
1578 848 1617 894 si
1659 848 2072 912 persequebantur
2117 849 2356 896 Christum

222 927 298 974 vel
334 944 445 974 suos
484 943 607 991 quos
640 927 1000 992 persequendos
1033 927 1294 974 credebant
1318 963 1330 987 ,
1378 945 1463 992 per
1501 928 1833 993 operationem
1869 945 2090 993 peccasse
2127 928 2352 990 dicimuS,

222 1009 304 1073 qui
328 1018 488 1056 tamen
512 1008 698 1072 gravius
721 1007 912 1073 culpam
937 1018 1232 1073 peccassent,
1258 1009 1298 1059 si
1320 1018 1490 1058 contra
1511 1008 1855 1056 conscientiam
1869 1010 1934 1056 eis
1956 1020 2224 1075 parcerent.

1088 1235 1335 1294 CAPUT
1381 1235 1499 1294 XV.

829 1381 971 1417 Utrum
1011 1391 1127 1417 omne
1160 1386 1361 1431 peccatum
1396 1378 1445 1417 sit
1479 1377 1742 1418 interdictum.

287 1503 523 1559 Quaeritur
564 1512 750 1564 autem,
795 1513 959 1550 utrum
1001 1520 1146 1551 omne
1183 1513 1432 1569 peccatum
1477 1506 1606 1551 Deus
1643 1502 1784 1551 nobis
1820 1503 2102 1552 interdicat?
2139 1503 2287 1561 Quod
2318 1505 2357 1552 si

220 1583 521 1647 recipiamus,
558 1583 745 1630 videtur
774 1583 870 1630 hoc
905 1583 1291 1631 irrationabiliter
1325 1601 1489 1648 agere,
1528 1601 1641 1632 cum
1678 1599 1983 1648 nequaquam
2012 1584 2106 1630 vita
2135 1584 2223 1631 ista
2255 1584 2357 1631 sine

219 1663 425 1726 peccatis
454 1663 621 1709 saltem
650 1663 916 1710 venialibus
950 1665 1146 1727 transigi
1181 1665 1348 1730 possit.
1387 1665 1435 1711 Si
1471 1665 1601 1712 enim
1631 1665 1797 1712 omnia
1837 1681 1928 1711 nos
1959 1679 2126 1711 cavere
2162 1673 2356 1729 peccata

219 1743 458 1807 praecepit,
498 1760 588 1790 nos
624 1754 783 1791 autem
820 1746 983 1791 onmia
1014 1761 1182 1791 cavere
1217 1761 1316 1791 non
1351 1762 1630 1809 possumus,
1662 1746 1830 1810 utique
1864 1761 2197 1810 nequaquam,
2236 1745 2357 1792 sicut

219 1822 320 1887 ipse
351 1824 588 1887 promisit,
604 1824 772 1889 jugum
796 1841 940 1872 suave
962 1824 1123 1885 nobis,
1150 1825 1224 1871 vel
1255 1841 1378 1871 onus
1406 1824 1511 1872 leve
1534 1825 1768 1890 imponit,
1797 1824 1881 1872 sed
1905 1824 2039 1889 quod
2061 1825 2203 1889 longe
2233 1824 2355 1871 vires

219 1903 561 1951 transcendens
598 1915 784 1952 nostras
821 1906 1020 1952 minime
1053 1914 1244 1970 portare
1273 1904 1523 1952 valemus:
1560 1906 1682 1952 sicut
1717 1915 1764 1952 et
1798 1904 1858 1952 de
1885 1905 2002 1969 jugo
2035 1905 2152 1968 legis
2188 1906 2353 1951 Petrus

220 1984 474 2048 Apostolus
509 1984 777 2049 profitetur.
815 1986 933 2043 Quis
965 1986 1095 2032 enim
1126 2002 1153 2032 a
1183 1984 1334 2033 verbo
1369 1985 1536 2032 saltem
1570 1985 1726 2032 otioso
1761 2001 1950 2050 semper
1979 1983 2071 2032 sibi
2093 1983 2353 2049 praevidere

215 2074 388 2128 potest,
410 2065 521 2111 utin
542 2082 600 2111 eo
612 2082 858 2130 nunquam
875 2065 1110 2113 excedens
1123 2066 1467 2130 perfectionem
1479 2065 1608 2113 illam
1619 2074 1796 2126 teneat,
1814 2064 1875 2112 de
1895 2081 1991 2130 qua
2012 2063 2220 2112 Jacobus
2234 2065 2319 2112 ait¹
2337 2083 2348 2110 ε

220 2164 243 2188 «
270 2146 319 2191 Si
335 2146 442 2209 quis
455 2146 505 2192 in
519 2146 669 2193 verbo
692 2163 791 2194 non
813 2146 1034 2206 offendit,
1052 2146 1132 2193 hic
1154 2146 1393 2212 peri'ectus
1409 2156 1479 2193 est
1502 2146 1607 2193 vir?
1634 2165 1657 2189 »
1684 2146 1779 2203 Qui
1798 2145 1943 2192 etiam
1969 2161 2082 2192 cum
2103 2145 2356 2209 praemisis-

216 2234 310 2272 set:
331 2246 354 2269 «
376 2229 429 2272 ln
448 2226 610 2273 multis
621 2226 912 2274 offendimus
935 2243 1131 2288 omnes;
1152 2237 1240 2273 »et
1258 2226 1378 2274 alius
1397 2242 1579 2290 magnae
1598 2226 1726 2273 dicat
1743 2225 2048 2292 perfectionis
2063 2223 2352 2290 Apostolus¹t

221 2327 241 2348 «
269 2307 318 2353 Si
337 2306 597 2354 dixerimus
619 2307 732 2371 quia
753 2317 1006 2372 peccatum
1031 2324 1128 2354 non
1152 2307 1406 2366 habemus,
1445 2323 1546 2354 non
1570 2308 1700 2372 ipsos
1726 2306 2018 2364 seducimus,
2041 2314 2088 2352 et
2110 2305 2284 2352 veritas
2309 2306 2356 2351 in

215 2385 356 2434 nobis
381 2403 482 2434 non
503 2397 598 2446 est;
631 2406 654 2431 »
681 2404 828 2451 quam
849 2387 1059 2448 difficile,
1083 2388 1181 2434 imo
1204 2386 1500 2452 impossibile
1523 2397 1698 2434 nostrae
1727 2386 1991 2434 infirmitati
2009 2385 2246 2444 videatur,
2274 2385 2354 2432 im·

215 2483 385 2514 munes
419 2468 620 2514 omuino
644 2484 670 2515 a
693 2478 892 2533 peccato
923 2483 1142 2527 manere,
1166 2468 1411 2514 neminem
1431 2466 1578 2514 latere
1602 2483 1728 2514 reor.
1756 2470 1842 2528 Ita,
1869 2467 2089 2530 inquam,
2115 2465 2155 2511 si
2175 2466 2357 2529 peccati

213 2547 502 2595 vocabulum
518 2548 664 2612 large,
678 2557 732 2595 ut
748 2546 972 2608 diximus,
988 2547 1292 2612 accipientes,
1311 2546 1392 2594 illa
1408 2547 1551 2594 etiam
1566 2563 1797 2594 vocemus
1815 2556 2027 2611 peccata,
2041 2560 2358 2608 quaecumque

213 2644 310 2674 non
335 2629 681 2676 convenienter
710 2628 925 2676 facimus.
962 2628 1009 2674 Si
1040 2637 1202 2675 autem
1225 2627 1421 2693 proprie
1442 2637 1694 2692 peccatum
1728 2626 2043 2690 intelligentes
2075 2624 2234 2672 solum
2269 2624 2356 2671 Dei

214 2719 547 2774 contemptum
570 2709 784 2756 dicamus
806 2718 1078 2774 peccatum,
1104 2717 1261 2773 potest
1286 2724 1447 2755 revera
1472 2708 1574 2755 sine
1597 2707 1693 2755 hoc
1716 2708 1813 2755 vita
1837 2707 1923 2754 ista
1947 2705 2160 2769 transigi,
2189 2720 2359 2769 quam-

213 2788 284 2834 vis
314 2805 424 2835 cum
451 2790 656 2836 maxima
688 2788 982 2837 difficultate.
1013 2792 1108 2835 Nec
1132 2788 1350 2853 profecto
1376 2787 1514 2848 illud,
1542 2797 1594 2835 ut
1615 2804 1761 2853 supra
1797 2786 2128 2846 meminimus,
2167 2784 2309 2831 nobis
2331 2800 2359 2830 a

212 2870 315 2914 'Deo
347 2869 647 2932 prohibitum
675 2880 762 2931 est,
795 2870 887 2917 nisi
910 2886 1173 2916 consensus
1203 2868 1333 2929 mali,
1367 2885 1465 2934 quo
1489 2871 1647 2916 Deum
1675 2866 2050 2926 contemnimus,
2076 2865 2222 2912 etiam
2246 2880 2359 2911 cum

215 2946 276 2993 de
310 2963 455 3012 opere
488 2950 740 3014 praeceptio
777 2949 880 2996 fieri
914 2949 1120 3010 videtur,
1151 2949 1272 2996 sicut
1304 2949 1522 3014 superius
1552 2948 1878 3014 exposuimuS,
1914 2946 1998 2994 ubi
2030 2945 2173 2993 etiam
2205 2953 2359 2991 osten-

214 3025 371 3073 dimus
395 3027 529 3074 aliter
551 3045 856 3093 nequaquam
877 3045 905 3076 a
928 3028 1069 3076 nobis
1091 3038 1327 3093 praecepta
1350 3045 1488 3095 posse
1513 3045 1599 3076 sua
1621 3027 1866 3076 custodiri.

281 3109 589 3153 Peccatorum
612 3117 772 3155 autem
794 3108 886 3155 alia
909 3107 1112 3155 venialia
1131 3107 1376 3168 dicuntur,
1405 3118 1452 3155 et
1480 3108 1615 3172 quasi
1638 3108 1762 3155 levia
1777 3145 1789 3169 ,
1815 3106 1908 3154 alia
1938 3103 2231 3154 damnabilia
2255 3103 2355 3149 sive

256 3281 261 3298 ¹
279 3278 405 3318 Jacob..
418 3287 490 3319 cap.
509 3287 559 3318 111,
575 3287 604 3311 v.
620 3281 652 3312 2.
669 3296 706 3302 —
727 3280 736 3297 ²
753 3278 846 3311 Joan.
864 3277 889 3319 1,
906 3288 978 3319 cap.
999 3287 1027 3321 1,
1044 3288 1077 3311 v.
1090 3280 1120 3312 8.
