2638 3866
243 206 341 257 746
1060 201 1230 250 PETRl
1267 202 1583 250 ABAELARDI
1612 258 1614 270 1

1609 271 1612 290 l

245 319 406 357 renter
438 305 710 366 considero,
753 313 805 350 ut
839 302 1017 350 nullius
1047 302 1260 351 hominis
1288 303 1592 369 personalem
1618 296 1964 353 discretionem
1998 306 2264 367 attendam,
2290 306 2386 355 1100

247 400 316 437 est
338 387 615 452 simpliciter
637 384 886 431 hominem
922 384 1160 449 excogito,
1197 386 1246 431 in
1273 402 1330 432 eo
1361 385 1540 433 scilicet
1567 394 1754 432 tantum
1778 386 1911 451 quod
1938 381 2089 435 1101110
2115 397 2210 448 est,
2241 387 2292 435 id
2318 397 2387 436 est

247 469 424 519 animal
459 466 691 515 rationale
720 465 947 526 mortale3
978 482 1079 512 non
1104 466 1248 513 etiam
1272 466 1322 513 in
1350 482 1409 513 eo
1435 466 1570 531 quod
1602 476 1672 515 est
1693 466 1773 515 hic
1794 467 1945 515 homo
1968 468 2045 515 vel
2064 468 2160 528 ille,
2197 469 2387 516 univer-

246 551 341 598 sale
368 566 396 596 a
419 547 642 611 subjectis
664 544 890 593 abstraho
914 546 1192 594 individuis.
1226 547 1294 593 Sit
1316 547 1477 613 itaque
1500 546 1755 596 abstractio
1778 549 2083 615 superiorum
2106 548 2168 597 ab
2192 548 2386 597 inferio-

242 630 390 689 ribus,
423 629 522 675 sive
547 627 724 675 scilicet
745 627 1087 675 universalium
1116 627 1177 674 ab
1202 627 1463 675 individuis
1487 646 1573 694 per
1594 628 1986 694 praedicationem
2012 629 2256 694 subjectis,
2286 629 2386 677 sive

243 711 509 758 formarum
543 725 572 756 a
608 709 816 755 materiis
850 724 937 773 per
979 707 1314 755 fundationem
1348 701 1590 773 subjectis.
1635 709 1908 757 Subtractio
1939 726 2054 757 vero
2087 726 2113 757 e
2143 710 2386 776 contrario

242 791 336 839 dici
366 799 547 856 potest,
580 790 619 836 si
650 788 872 836 videlicet
893 788 1107 853 subjecta
1129 790 1388 855 suppositis
1421 789 1690 838 substracta
1717 807 1804 856 per
1827 790 2187 854 intelligentiam
2219 789 2381 851 tollat,

240 889 296 919 ac
319 889 406 937 per
429 888 479 918 se
504 870 599 918 hoc
622 887 819 935 quoque
842 870 943 917 sine
973 869 1063 917 illis
1091 870 1385 936 conspiciat;
1413 871 1560 920 veluti
1583 888 1695 918 cum
1717 870 1887 936 aliquis
1912 870 2134 935 subjectae
2165 880 2385 919 naturam

239 953 453 1000 essentiae
489 951 670 1016 absque
707 951 841 998 omni
876 951 1030 998 forma
1062 952 1229 999 nititur
1253 952 1507 1017 speculari.
1536 955 1746 1016 Uterque
1772 962 1932 999 autem
1965 952 2251 1011 intellectus,
2286 962 2385 999 tam

240 1033 520 1081 abstrahens
545 1032 725 1080 scilicet
747 1048 893 1096 quam
917 1019 1220 1095 subtrahens,
1244 1032 1380 1080 aliter
1401 1049 1548 1097 quam
1572 1050 1647 1080 res
1669 1050 1720 1080 se
1738 1033 1886 1081 habet
1903 1033 2158 1098 concipere
2174 1032 2381 1093 videtur,

238 1131 350 1162 cum
386 1113 609 1161 videlicet
641 1129 740 1159 non
770 1122 999 1178 utrasque
1026 1130 1100 1161 res
1126 1113 1411 1178 conjunctas
1436 1113 1626 1162 divisim
1658 1114 1897 1177 intelligo,
1932 1130 2037 1177 quae
2067 1113 2258 1160 divisim
2282 1129 2383 1161 non
2428 1152 2431 1155 .

237 1194 523 1251 subsistunt,
567 1192 718 1240 modo
753 1192 976 1241 videlicet
1009 1195 1161 1241 solam
1198 1195 1446 1242 materiam
1485 1211 1572 1260 per
1604 1211 1677 1257 se,
1716 1194 1868 1242 modo
1903 1194 2056 1242 solam
2089 1193 2384 1241 attendendo

237 1275 458 1322 formam.
504 1277 734 1321 Praeterea
768 1290 916 1321 nemo
951 1292 1061 1322 cum
1099 1275 1311 1339 aliquam
1344 1292 1447 1323 rem
1489 1275 1715 1335 attendit,
1759 1291 1866 1324 eam
1908 1275 2176 1340 excogitare
2213 1273 2385 1323 sufficit

235 1355 505 1402 secundum
531 1371 701 1402 omnes
726 1364 920 1402 naturas
953 1356 1054 1419 ejus
1083 1366 1166 1402 aut
1195 1357 1535 1422 proprietates,
1563 1355 1648 1403 sed
1671 1355 1940 1403 secundum
1960 1356 2144 1420 aliquas
2174 1364 2380 1403 tantum.

236 1438 358 1483 Cum
388 1437 550 1501 itaque
576 1453 679 1485 rem
713 1434 975 1500 quamlibet
1007 1436 1275 1484 secundum
1301 1436 1484 1501 aliquas
1513 1446 1703 1484 tantum
1731 1446 1924 1484 naturas
1947 1437 2047 1500 ejus
2067 1435 2142 1483 vel
2166 1435 2384 1500 proprie-

239 1526 357 1564 tates
380 1516 690 1577 attendimus,
717 1517 820 1582 ipsa
843 1526 1006 1564 autem
1037 1533 1112 1564 res
1134 1533 1235 1564 non
1260 1517 1526 1565 secundum
1555 1534 1635 1565 eas
1668 1527 1855 1565 tantum
1879 1532 2000 1580 quas
2022 1516 2384 1565 consideramus

237 1614 337 1645 sese
367 1597 532 1658 habet,
559 1597 775 1662 profecto
804 1597 941 1644 aliter
971 1614 1117 1661 quam
1144 1599 1248 1664 ipsa
1275 1599 1336 1646 sit
1364 1615 1470 1647 eam
1501 1598 1881 1646 consideramus·
1909 1597 2055 1645 Verbi
2080 1598 2255 1662 gratia,
2288 1596 2385 1644 1100

236 1695 412 1744 corpus
435 1689 481 1726 et
501 1695 679 1744 corpus
703 1688 789 1738 est,
818 1688 865 1725 et
882 1679 1053 1741 homo,
1083 1689 1129 1726 et
1149 1681 1325 1741 calens,
1350 1690 1397 1728 et
1420 1679 1702 1741 candidum,
1726 1689 1772 1727 et
1791 1679 2057 1727 innumeris
2079 1678 2181 1726 aliis
2203 1678 2385 1726 naturis

236 1759 311 1806 vel
352 1759 726 1824 proprietatibus
759 1757 1060 1822 subjectum;
1095 1770 1143 1806 et
1176 1760 1439 1825 aliquando
1471 1770 1631 1808 tamen
1666 1760 1827 1826 ipsum
1858 1760 1909 1807 in
1936 1776 1996 1807 eo
2029 1769 2216 1807 tantum
2251 1757 2384 1823 quod

235 1857 412 1905 corpus
431 1850 501 1887 est
521 1839 740 1900 attendo,
769 1856 869 1886 non
890 1840 939 1886 in
964 1856 1023 1887 eo
1044 1840 1178 1904 quod
1200 1840 1353 1888 homo
1378 1850 1465 1902 est,
1493 1841 1566 1888 vel
1590 1840 1725 1904 quod
1747 1841 1886 1900 calet,
1913 1841 1988 1887 vel
2010 1840 2145 1904 quod
2166 1839 2380 1899 albescit,

236 1930 282 1968 et
305 1921 372 1967 510
396 1921 444 1967 111
470 1919 667 1984 singulis
692 1919 835 1967 rebus
869 1937 990 1985 quas
1027 1920 1296 1969 intellectus
1324 1932 1490 1969 noster
1512 1921 1735 1986 percipit,
1761 1921 1919 1985 aliqua
1943 1930 2132 1969 tantum
2166 1936 2272 1984 quae
2294 1919 2384 1967 illis

235 2000 379 2048 rebus
400 2002 582 2062 insunt,
609 2017 711 2047 non
736 2001 902 2048 omnia
923 2000 1147 2049 attendit.
1183 2005 1415 2051 Praeterea
1436 2020 1549 2050 cum
1571 2001 1797 2065 quislibet
1819 2018 1998 2067 corpus
2029 2017 2136 2048 eam
2159 2009 2382 2047 naturam

235 2081 513 2147 simpliciter
540 2098 595 2129 ac
617 2098 737 2146 pure
761 2082 989 2147 concipit,
1015 2082 1066 2129 in
1089 2099 1148 2129 eo
1175 2083 1353 2130 scilicet
1375 2093 1564 2131 tantum
1588 2081 1841 2130 attendens
1873 2081 2007 2146 quod
2030 2090 2102 2129 est
2126 2096 2379 2145 corporea,

234 2162 284 2208 id
317 2172 387 2210 est
420 2179 621 2228 corpus,
651 2173 734 2210 aut
769 2163 1036 2226 quamlibet
1074 2173 1298 2212 naturam
1333 2174 1385 2211 ut
1411 2163 1734 2212 universalem
1771 2163 1923 2229 capit,
1960 2162 2054 2210 hoc
2092 2171 2164 2209 est
2194 2160 2382 2209 indiffe-

234 2254 396 2291 renter
434 2243 617 2307 absque
656 2243 754 2290 ulla
791 2244 970 2291 scilicet
999 2244 1242 2309 personali
1272 2244 1566 2293 discretione
1595 2261 1702 2292 eam
1735 2243 1962 2301 attendit,
1998 2242 2216 2308 profecto
2247 2241 2384 2289 aliter

233 2340 342 2370 eam
378 2323 598 2387 intelligit
643 2339 790 2388 quam
831 2323 1073 2372 subsistat.
1124 2327 1372 2390 Nusquam
1414 2326 1546 2374 enim
1590 2326 1656 2373 ita
1697 2342 1817 2390 pure
1854 2323 2069 2372 subsistit
2107 2323 2227 2371 sicut
2262 2339 2383 2387 pure

234 2404 529 2469 concipitur;
569 2404 675 2466 sed,
711 2403 1004 2469 ubicumque
1039 2405 1122 2465 sit,
1157 2406 1457 2469 innumeras,
1502 2416 1551 2454 ut
1582 2406 1766 2455 dictum
1801 2415 1894 2465 est,
1934 2413 2017 2452 aut
2052 2412 2263 2463 naturaS,
2300 2412 2383 2450 aut

234 2485 548 2549 proprietates
580 2483 750 2545 habet,
789 2501 894 2549 quae
927 2486 1126 2533 minime
1155 2487 1486 2535 attenduntur.
1517 2489 1575 2534 Et
1602 2487 1734 2534 nulla
1762 2495 1833 2533 est
1861 2495 2032 2533 natura
2055 2501 2160 2548 quae
2191 2482 2382 2530 indiffe-

233 2575 393 2611 renter
428 2565 676 2627 subsistat3
714 2565 799 2612 sed
838 2566 1063 2630 quaelibet
1095 2585 1195 2629 res,
1234 2567 1530 2632 ubicumque
1564 2577 1663 2628 est,
1699 2566 2015 2632 personaliter
2046 2564 2252 2611 discreta
2282 2572 2377 2620 est,

233 2654 374 2709 atque
398 2661 496 2692 una
518 2662 724 2692 numero
752 2648 1006 2712 reperitur.
1041 2650 1288 2714 Corporea
1311 2649 1492 2714 quippe
1514 2647 1779 2695 substantia
1809 2647 1860 2693 in
1890 2646 1986 2694 1100
2010 2660 2238 2709 corpore,
2264 2641 2382 2708 quid

234 2734 303 2771 est
337 2724 466 2773 aliud
502 2741 649 2790 quam
682 2725 782 2773 hoc
817 2744 1012 2793 corpus,
1051 2728 1127 2776 vel
1162 2728 1375 2777 humana
1410 2738 1583 2776 natura
1618 2727 1669 2774 in
1704 2726 1799 2774 hoc
1832 2726 2053 2787 homine,
2096 2724 2190 2773 hoc
2224 2733 2296 2771 est
2330 2723 2379 2770 in

233 2805 445 2867 Socrate,
471 2806 587 2870 quid
611 2806 742 2854 aliud
776 2817 844 2855 est
867 2823 1014 2872 quam
1035 2809 1173 2874 ipse?
1202 2809 1330 2857 Nihil
1362 2810 1528 2874 utique
1552 2807 1701 2870 aliud,
1736 2807 1822 2855 sed
1847 2807 1977 2855 idem
2003 2805 2193 2872 penitus
2220 2820 2381 2852 essen-

235 2884 421 2933 tialiter.
459 2888 576 2945 Quis
610 2888 753 2934 etiam
782 2905 857 2936 res
889 2889 1110 2937 absentes
1143 2890 1219 2938 vel
1243 2890 1545 2938 insensibiles
1577 2899 1721 2954 atque
1750 2889 2061 2953 incorporeas
2093 2901 2213 2949 quas
2245 2883 2381 2931 nullo

235 2972 451 3012 attractat
485 2984 651 3028 sensu,
684 2977 737 3014 ut
761 2969 966 3032 qualiter
997 2987 1099 3018 sese
1130 2970 1344 3020 habeant
1365 2986 1659 3036 cognoscere
1689 2979 1849 3034 queat,
1887 2969 2032 3032 longe
2064 2967 2199 3014 aliter
2235 2980 2379 3028 quam

235 3044 330 3091 sint
348 3060 447 3090 non
469 3048 734 3110 excogitet?
761 3052 880 3107 Quis
909 3052 1040 3098 enim
1065 3069 1177 3099 cum
1209 3052 1423 3116 aliquam
1446 3051 1751 3118 conspexerit
1773 3059 2054 3116 praesentem
2079 3063 2225 3111 quam
2247 3043 2378 3109 prius

234 3123 480 3175 absentem
505 3127 818 3189 cogitaverat,
846 3146 945 3176 non
966 3132 1173 3195 reperiat
1196 3149 1303 3179 eam
1325 3133 1375 3178 in
1400 3133 1563 3180 multis
1583 3131 1826 3180 contrario
1852 3129 2002 3176 modo
2025 3144 2127 3175 sese
2153 3123 2378 3173 habuisse

234 3221 380 3268 quam
412 3219 517 3251 eam
551 3222 697 3269 quam
733 3210 1110 3272 excogitaverat?
1142 3212 1261 3269 Quis
1282 3212 1440 3259 -etiam
1477 3229 1552 3259 res
1588 3213 1898 3275 incorporeas
1933 3208 1995 3256 ad
2029 3206 2233 3254 modum
2268 3220 2375 3250 cor·

233 3300 491 3349 porcarum
519 3301 618 3331 non
649 3287 915 3353 concipiat;
944 3290 1087 3338 veluti
1106 3308 1218 3338 cum
1245 3295 1403 3339 Deum
1422 3301 1504 3340 aut
1527 3293 1744 3340 animum
1769 3291 1961 3354 cogitat,
1990 3304 2090 3341 non
2113 3302 2218 3334 eam
2241 3284 2375 3348 juxta
