2638 3866
313 282 317 286 Α
342 260 438 307 472
1161 259 1326 306 PETRI
1357 257 1662 306 ABAELARDI

340 370 510 424 praeter
539 358 588 405 id
608 357 757 422 ‘quod‘
777 367 902 405 est.»
934 358 1028 416 Qui
1044 360 1195 407 ‘etiam
1230 359 1409 408 ibidem
1441 360 1599 409 statim
1631 359 1782 425 ipsam
1819 358 2031 407 divinam
2050 358 2393 422 substantiam,
2424 361 2473 407 in

340 444 400 485 eo‘
431 438 563 502 quod
593 437 735 485 nullis
760 437 1330 504 accidentibussubjecta
1346 449 1448 506 est,
1474 449 1719 504 tamquam
1742 441 2339 500 sustentamentum‚sicut
2363 451 2474 488 sunt

340 527 514 565 caeterae
553 516 842 580 substantiae,
882 519 1087 565 formam
1117 519 1458 583 potiusquam
1480 518 1794 567 substantiam
1832 519 2076 577 nominat,
2115 529 2168 566 ut
2198 520 2298 582 jam
2328 537 2474 585 supra

338 598 672 658 meminimus3
700 615 845 664 quam
876 615 1038 645 rursus
1060 599 1108 644 in
1133 598 1445 662 sequentibus
1468 598 1783 647 substantiam
1807 616 1910 663 quae
1933 598 2136 647 situltra
2159 598 2470 646 substantiam

335 677 738 742 esseprofitetur,
769 696 858 725 nec
887 679 1082 743 proprie
1111 678 1379 726 secundum
1407 679 1628 726 usitatam
1652 678 2057 743 significationem
2077 677 2472 737 substantiaedici

335 756 648 806 substantiam
678 759 750 806 his
774 758 932 805 verbis
962 775 973 805 :
1005 758 1319 806 «Substantia
1352 759 1401 805 in
1432 758 1513 805 illo
1545 776 1644 806 non
1670 769 1739 806 est
1769 776 1881 807 vere
1909 758 2193 816 substantia,
2234 758 2319 806 sed
2347 759 2470 807 ultra

333 836 761 886 substantiam'est.
787 841 907 886 Cum
929 839 1154 899 dicimus,
1175 839 1348 904 inquit,
1379 858 1401 884 «
1423 842 1570 900 DeuS‚
1596 859 1617 881 »
1643 839 1962 886 substantiam
1984 838 2180 903 quidem
2203 837 2470 902 significare

334 917 570 976 videmur,
610 919 695 966 sed
727 923 973 984 eam'quae
1011 919 1070 965 sit
1105 919 1227 967 ultra
1265 918 1596 966 substantiam.
1635 921 1758 965 Cum
1798 935 1910 965 vero
1937 919 2165 982 «justus»
2193 917 2469 982 qualitatem

332 1001 546 1065 quidem,
582 1002 667 1049 sed
704 1020 804 1049 non
839 1002 1200 1062 accidentalem,
1230 1002 1455 1049 sedeam
1491 1018 1596 1066 quae
1626 1002 1687 1049 sit
1720 1001 1984 1049 substantia
2014 1011 2061 1048 et
2095 1000 2216 1048 ultra
2249 1001 2468 1048 substan·

332 1082 463 1130 tiam.
505 1086 640 1140 Item,
682 1100 806 1130 cumx
828 1083 1031 1130 dicimus
1070 1089 1092 1127 α’
1114 1099 1340 1147 magnus,
1365 1104 1388 1126 »
1423 1082 1499 1130 vel
1538 1083 1893 1143 «'maximus,»'
1921 1083 2235 1147 quantitatem
2270 1081 2469 1145 quidem

330 1163 596 1226 significare
619 1164 856 1222 videmur,
885 1164 969 1210 sed
999 1180 1104 1211 eam
1138 1181 1242 1228 quae
1273 1164 1332 1210 sit
1353 1164 1451 1228 ipsa
1477 1162 1740 1210 substantia
1769 1163 1875 1211 talis
1906 1163 2095 1227 qualem
2131 1178 2232 1209 esse
2267 1159 2470 1210 dicimus

330 1242 453 1290 ultra
474 1243 804 1291 substantiam.
828 1265 849 1287 »
876 1244 952 1290 Sic
971 1260 1084 1308 ergo
1111 1244 1300 1290 Boetius
1323 1246 1478 1289 Deum
1502 1242 1814 1308 proprie'dici
1837 1242 2150 1290 substantiam
2177 1252 2336 1305 negat,
2363 1240 2468 1306 quae

328 1323 386 1368 sit
429 1322 607 1370 scilieet
644 1323 964 1370 accidentium
1000 1333 1453 1370 sustentamentum.
1490 1325 1558 1369 lta
1592 1332 1640 1369 et
1677 1324 1993 1388 proprietates
2028 1338 2133 1386 quae
2166 1322 2256 1386 ipsi
2295 1321 2467 1369 divinae

295 1427 297 1429 ·
329 1401 599 1450 substantiae
626 1403 808 1462 insunt,
838 1402 1102 1451 accidentia
1124 1403 1223 1449 sive
1247 1403 1423 1449 formas
1445 1401 1719 1449 substantiae
1742 1402 1837 1450 dici
1855 1419 1957 1450 non
1982 1403 2235 1461 convenit3
2261 1402 2345 1449 sed
2369 1411 2466 1449 tam

326 1482 549 1530 accidens
578 1483 672 1530 hoc
701 1500 900 1544 nomen,
936 1495 1083 1547 quam
1115 1483 1269 1531 forma
1299 1492 1347 1529 et
1383 1489 1560 1530 novem
1592 1482 2073 1547 praedicamentorum
2110 1473 2466 1546 nomina‚·qi1ae

324 1562 399 1608 his
443 1562 636 1610 duobus
673 1563 1005 1622 includuntur,
1046 1564 1239 1629 proprie
1271 1564 1320 1609 in
1357 1562 1499 1610 rebus
1532 1572 1720 1630 tantum
1766 1561 2284 1626 creatisaccipiuntur.
2326 1561 2466 1609 Unde

327 1651 370 1688 et
395 1643 585 1690 Boetius
615 1645 662 1689 in
685 1643 859 1690 eodem
884 1647 1001 1689 cum'
1019 1643 1082 1689 ait
1102 1660 1116 1688 ε
1153 1643 1463 1690 «Substantia
1486 1644 1534 1690 in
1558 1643 1763 1691 illo'non
1788 1659 1899 1690 vere
1924 1640 2203 1699 substantia,
2230 1640 2316 1688 sed
2341 1642 2466 1701 ultra

325 1721 659 1784 substantiam,
679 1742 701 1768 »
729 1723 908 1787 adjecit,
926 1722 1103 1783 statim,
1134 1742 1155 1765 α
1171 1726 1285 1770 Item
1316 1723 1517 1787 qualitas
1541 1733 1587 1770 et
1607 1732 1774 1776 caetera
1793 1739 1898 1787 quae
1927 1722 2118 1769 evenire
2142 1730 2343 1786 queunt,
2369 1720 2464 1768 hoc

295 1812 394 1849 est
431 1805 536 1867 quae
576 1813 776 1868 possunt
811 1802 1152 1863 accidere,·ut
1189 1802 1366 1850 scilicet
1402 1803 1667 1855 accidentia
1708 1803 1946 1863 dicantur,
1989 1803 2036 1849 in
2078 1803 2184 1867 ipso
2219 1818 2329 1848 vere
2362 1818 2462 1848 non

325 1893 452 1929 sunt.
478 1904 500 1927 ι)
528 1886 647 1930 Cum
673 1884 832 1947 itaque
861 1882 1026 1930 divina
1048 1881 1308 1930 substantia
1333 1881 1585 1946 singularis
1608 1898 1803 1947 prorsus
1825 1891 1872 1928 et
1892 1882 2033 1928 unica
2066 1883 2150 1942 sit,
2177 1882 2224 1927 in
2248 1896 2344 1945 qua
2368 1891 2463 1928 tres

324 1979 538 2026 personae
557 1965 842 2021 consistunt,
866 1964 929 2010 ita
952 1973 1002 2009 ut
1023 1967 1321 2027 unaquaeque
1341 1979 1656 2028 personarum
1683 1963 1742 2009 sit
1767 1961 1935 2011 eadem
1959 1962 2150 2026 penitus
2177 1960 2458 2019 substantia,

322 2050 436 2106 q'uae'
460 2043 530 2090 est
557 2054 605 2091 et
633 2044 795 2101 altera,
827 2042 1044 2090 nec‘ulla
1073 2043 1130 2090 sit
1159 2044 1368 2107 par-tium
1398 2053 1478 2090 aut
1511 2042 1774 2090 formarum
1804 2041 2052 2092 diversitas
2085 2040 2210 2089 illius
2237 2041 2463 2106 simplicis

320 2121 454 2184 boni,
493 2125 644 2171 multo
674 2125 832 2170 minus
853 2123 954 2169 haec
977 2139 1184 2187 persona
1211 2122 1342 2170 aliud
1366 2122 1428 2170 ab
1460 2122 1540 2169 illa
1562 2122 1658 2169 dici
1679 2131 1855 2186 potest,
1890 2137 2036 2186 quam
2059 2122 2278 2169 Socrates
2299 2137 2327 2167 a
2349 2121 2462 2168 Pla-

320 2213 459 2263 tone;
485 2221 597 2251 cum
613 2203 848 2252 'videlicet
870 2204 1014 2250 trium
1045 2220 1358 2268 personarum
1379 2219 1476 2249 una
1505 2203 1563 2249 sit
1587 2202 1837 2266 singularis
1860 2202 2092 2260 essentia;
2118 2201 2324 2250 Socratis
2347 2217 2460 2248 vero

321 2292 384 2329 et‘
408 2284 616 2331 Platonis
647 2301 745 2331 non
770 2286 828 2331 sit
862 2283 1030 2331 eadem
1068 2283 1379 2330 essentialiter
1412 2282 1696 2341 substantia,
1721 2281 1819 2328 ‘sed
1855 2282 2005 2345 magis
2041 2281 2256 2329 discretae
2290 2297 2459 2330 eorum

321 2362 596 2411 substantiae
624 2383 635 2411 :
662 2367 726 2411 ita
760 2364 955 2428 quidem
989 2374 1040 2410 ut
1071 2363 1406 2411 haec'essentia
1439 2362 1656 2410 Socratis
1675 2379 1774 2409 non
1807 2362 1868 2408 sit
1896 2361 1975 2409 illa
2001 2361 2229 2411 Platonis.
2261 2363 2458 2410 At.vero

296 2460 298 2463 ’
320 2443 487 2490 eadem
514 2445 714 2491 esSentia
737 2460 843 2508 quae
864 2453 933 2490 est
958 2444 1124 2502 PatriS,
1153 2443 1323 2491 eadem
1344 2443 1534 2507 penitus
1563 2452 1631 2488 est
1655 2442 1784 2502 Filii;
1811 2441 1981 2489 eadem
2005 2442 2148 2489 etiam
2172 2457 2367 2505 prorsus
2389 2450 2459 2488 est

317 2525 519 2588 Spiritus
548 2526 725 2572 Sancti.
761 2528 856 2571 Nec
882 2524 1041 2570 minus
1064 2533 1223 2570 tamen
1256 2527 1394 2569 Pater
1425 2522 1545 2570 'alius
1578 2533 1674 2579 est,
1703 2522 1753 2568 id
1787 2532 1855 2569 est
1878 2522 2092 2570 diversus
2124 2522 2171 2568 in
2196 2537 2402 2585 persona
2424 2510 2457 2569 va

318 2604 433 2651 Filio
459 2606 556 2652 sive
582 2605 808 2669 aSpiritu
840 2605 1041 2661 Sanct03
1076 2619 1266 2650 necnon
1295 2608 1343 2649 'et
1373 2602 1515 2650 Filius
1540 2619 1565 2650 a
1593 2602 1774 2667 Spiritu
1795 2603 1994 2661 Sanct03
2029 2617 2139 2647 cum
2163 2599 2241 2647 hic
2266 2617 2367 2647 non
2398 2602 2457 2648 sit

316 2683 411 2743 ille,
438 2685 548 2732 licet
584 2684 797 2732 sit'illud
830 2683 965 2748 quod
986 2683 1090 2730 ille.
1128 2685 1299 2746 Magna
1333 2693 1492 2732 autem
1528 2692 1575 2729 et
1609 2681 1917 2729 subtilissima
1956 2681 2175 2727 discretio
2211 2679 2291 2729 hic
2322 2679 2458 2729 adhi-

315 2763 471 2812 benda
505 2776 591 2825 est,
618 2775 670 2812 ut
697 2782 787 2812 nec
817 2764 1040 2811 identitas
1069 2762 1320 2826 singularis
1358 2762 1647 2821 substantiae,
1688 2771 1735 2808 et
1770 2761 2020 2809 individua
2055 2761 2210 2807 unitas
2243 2760 2454 2808 essentiae

314 2844 661 2907 impedimento
709 2846 768 2892 sit
806 2843 1066 2891 diversitati
1108 2859 1451 2909 personarum,
1498 2852 1545 2889 et
1584 2859 1694 2888 cum
1733 2841 1939 2889 Sabellio
1989 2840 2265 2888 oberrantes
2306 2856 2453 2887 unam

316 2931 500 2969 tantum
536 2925 849 2988 profiteamur
880 2932 1162 2988 personam,
1198 2923 1319 2969 sicut
1347 2932 1499 2969 unum
1523 2925 1706 2981 Deum;
1743 2938 1832 2968 nec
1856 2920 2104 2968 diversitas
2134 2935 2451 2984 personarum

318 3001 660 3065 impedimento
703 3005 760 3050 sit
794 3003 1108 3067 singularitati
1145 3001 1450 3064 substantiae,
1491 3012 1538 3049 et
1574 3003 1620 3048 in
1652 3002 1842 3048 foveam
1877 3001 1972 3047 Arii
2010 3008 2313 3057 corruenteS,
2352 3008 2450 3046 tres

317 3096 579 3129 asseramus
610 3087 755 3143 Deos,
789 3085 911 3130 sicut
939 3093 986 3130 et
1014 3092 1108 3129 tres
1139 3098 1391 3147 personas;
1422 3082 1507 3129 sed
1533 3081 1673 3128 simul
1704 3091 1750 3128 et
1773 3098 1897 3133 unus
1921 3081 2122 3130 omnino
2150 3079 2201 3128 in
2239 3078 2451 3142 singula-

316 3161 453 3207 ritate
485 3161 757 3208 substantiae
795 3163 852 3209 sit
883 3166 1030 3220 Deus,
1056 3172 1115 3209 'et
1140 3171 1266 3213 totus
1297 3162 1396 3226 ipse
1433 3162 1493 3208 sit
1523 3162 1573 3208 in
1607 3162 1753 3208 trium
1789 3175 2101 3225 personarum
2141 3157 2446 3211 discretione.

316 3244 426 3298 Quo
452 3241 500 3287 in
531 3241 639 3287 loco
669 3241 952 3303 gravissimae
984 3251 1031 3288 et
1063 3240 1351 3289 difficillimae
1379 3241 1748 3289 Dialecticorum
1778 3239 2059 3303 quaestiones
2083 3247 2359 3285 occurrunt.
2389 3238 2447 3283 Hi

314 3322 492 3386 quippe
529 3337 584 3367 ex
617 3320 795 3368 unitate
833 3321 1042 3367 essentiae
1074 3322 1352 3369 Trinitatem
1371 3337 1694 3387 personarum
1731 3320 2014 3384 impugnant
2047 3337 2057 3365 :
2097 3335 2151 3366 ac
2188 3333 2352 3366 rursus
2388 3333 2447 3364 ex
