2638 3866
791 244 850 293 lN
885 244 1215 294 EPISTOLAM
1248 246 1331 296 AD
1366 247 1666 297 ROMANOS.
2207 247 2303 294 327

167 344 373 407 proximi
402 344 697 404 retinebunt,
725 346 765 392 si
794 344 1033 410 quosdam
1062 360 1163 394 non
1187 346 1404 412 diligant,
1443 358 1526 396 aut
1556 346 1807 412 quomodo
1829 347 1896 395 ibi
1919 363 2068 413 quam
2091 346 2171 395 bic
2195 364 2307 413 per-

167 422 384 473 fectiores
406 424 665 486 habentur,
692 426 732 474 si
753 426 802 474 in
826 425 894 473 eis
916 424 1110 474 dilectio
1134 427 1345 493 proximi
1375 428 1436 476 sit
1466 437 1713 477 contracta
1743 427 1818 475 vel
1852 427 2118 477 diminuta?
2143 431 2305 494 Neque

165 505 295 553 enim
326 521 439 554 cum
480 517 674 556 sanctos
708 506 912 572 Angelos
950 506 1225 572 diligamus,
1266 525 1517 574 perversos
1554 509 1751 574 diligere
1768 508 2015 557 debemus.
2042 511 2304 569 Quomodo

165 601 280 650 ergo
298 587 595 638 rationabilis
610 597 682 638 est
693 587 769 637 vel
781 603 953 636 eorum
976 587 1053 636 vel
1072 599 1234 637 nostra
1254 589 1465 651 dilectio,
1482 592 1521 639 si
1534 592 1586 639 in
1605 592 1710 657 ipsa
1726 591 1872 639 etiam
1891 591 2071 639 diaboli
2087 591 2304 640 membra

164 667 579 734 complectamur?
601 668 849 734 Numquid
882 669 998 735 quia
1020 669 1072 717 in
1102 668 1195 718 hac
1230 670 1330 718 vita
1362 673 1447 736 qui
1479 672 1801 738 praedestinati
1835 671 1930 719 sint
1965 672 2040 719 vel
2075 689 2174 720 non
2211 673 2304 720 sint

163 746 457 811 ignoramus,
480 748 593 798 ideo
618 748 964 798 rationabiliter
983 766 1154 798 omnes
1178 749 1440 814 diligimus,
1464 751 1538 800 vel
1559 769 1649 818 pro
1669 752 1898 800 omnibus
1922 753 2065 800 etiam
2084 757 2303 801 oramus?

159 837 246 876 aut
275 829 317 878 si
343 827 440 877 hoc
465 829 570 879 fieri
600 830 886 879 rationabile
907 847 1009 880 non
1040 841 1129 893 est,
1164 831 1417 897 quomodo
1449 831 1497 879 id
1530 832 1686 881 facere
1704 831 1936 897 jubemur
1972 850 2061 898 pro
2093 833 2222 899 ipsis,
2260 843 2306 880 et

163 925 263 957 non
291 910 454 976 potius
477 926 568 977 pro
601 910 760 972 nebis,
786 928 900 960 cum
933 910 1078 960 nobis
1107 912 1260 976 magis
1282 928 1429 978 quam
1456 914 1569 978 ipsis
1591 912 1846 979 proficiat?
1870 913 2134 972 Quomodo
2162 914 2303 961 etiam

160 999 290 1039 recta
302 990 506 1039 intentio
519 1008 626 1057 quae
637 992 871 1041 erronea?
883 993 1008 1051 Quia
1025 994 1156 1041 enim
1171 992 1223 1041 id
1239 994 1308 1042 eis
1324 994 1634 1059 profuturum
1647 1011 1748 1043 esse
1761 993 2023 1054 credimus,
2037 994 2087 1042 id
2100 995 2301 1059 agimus,

160 1079 243 1118 aut
264 1071 303 1119 si
325 1088 416 1120 nos
439 1071 601 1121 adhuc
630 1073 902 1138 ignorantia
920 1084 1133 1136 excusat,
1163 1074 1285 1140 quid
1305 1074 1367 1122 de
1389 1073 1486 1122 hoc
1510 1075 1877 1142 respondemuS,
1906 1075 2041 1142 quod
2069 1092 2181 1124 cum
2206 1092 2305 1123 non

160 1167 329 1200 omnes
358 1152 615 1202 salvandos
636 1170 738 1203 esse
768 1154 992 1215 sciamus,
1029 1153 1106 1203 vel
1139 1155 1475 1221 paucissimOS,
1499 1156 1636 1220 juxta
1666 1156 1785 1205 illud
1820 1156 2038 1205 Veritatis
2056 1158 2086 1217 ¹,
2125 1174 2150 1202 «
2171 1155 2305 1203 Multi

160 1234 337 1295 vocati,
358 1235 503 1300 pauci
526 1251 648 1284 vero
670 1234 838 1284 electi:
864 1257 888 1280 »
909 1237 992 1299 et’,
1019 1255 1042 1282 «
1064 1239 1206 1284 Arcta
1228 1245 1299 1284 est
1317 1237 1397 1285 via
1419 1253 1526 1303 quae
1550 1237 1683 1286 ducit
1707 1237 1770 1285 ad
1798 1239 1961 1301 vitam,
1982 1248 2072 1286 etc.
2098 1256 2120 1282 >2
2141 1248 2302 1285 tamen

149 1328 329 1362 omnes
355 1314 527 1364 salvari
553 1315 796 1379 volumUS,
825 1326 872 1364 et
898 1333 990 1383 pro
1016 1316 1245 1365 omnibus
1271 1333 1484 1379 oramus,
1522 1319 1724 1366 scientes
1762 1318 1942 1366 scilicet
1971 1335 2060 1366 nec
2091 1326 2303 1366 nostram

157 1395 452 1449 voluntatem
484 1414 575 1446 nec
595 1399 864 1446 orationem
891 1397 1118 1447 effectum
1139 1399 1372 1463 consequi
1389 1398 1601 1448 debere?
1624 1398 1718 1447 Sed
1740 1399 1858 1447 dicis
1879 1399 1998 1447 illud
2023 1400 2270 1464 Augustini
2291 1418 2300 1444 ι

159 1475 335 1524 «Habe
355 1478 627 1538 caritatem,
655 1488 702 1526 et
724 1479 797 1526 fac
823 1478 1055 1545 quicquid
1086 1480 1171 1528 vis.
1198 1500 1221 1523 »
1245 1482 1302 1527 Et
1321 1478 1590 1539 recordaris
1609 1479 1728 1527 illud
1748 1480 2050 1545 Hieronymi,
2082 1499 2104 1525 «
2126 1480 2306 1528 Caritas

155 1572 430 1605 mensuram
451 1575 552 1607 non
570 1558 731 1607 habet.
751 1578 774 1604 »
796 1559 936 1608 Unde
953 1561 1266 1627 saepe-caritas
1280 1560 1485 1609 modum
1508 1577 1598 1609 nos
1621 1561 1688 1609 ita
1708 1559 1938 1609 excedere
1960 1559 2226 1625 compellit,
2254 1571 2306 1605 ut

153 1631 259 1682 fieri
291 1635 495 1685 velimus
522 1637 658 1702 quod
682 1636 786 1686 fieri
809 1654 1117 1704 nequaquam
1138 1639 1326 1687 bouum
1347 1649 1438 1702 est,
1466 1649 1550 1687 aut
1565 1639 1768 1703 justum,
1795 1648 1843 1687 et
1864 1655 1891 1686 e
1909 1637 2153 1686 contrario
2176 1637 2306 1685 nolle

154 1713 257 1763 fieri
279 1717 415 1781 quod
439 1717 541 1766 fieri
567 1717 755 1766 bonum
781 1729 870 1779 est,
908 1719 1031 1767 sicut
1049 1718 1253 1767 interfici
1274 1729 1468 1767 sanctos
1490 1718 1570 1766 vel
1592 1718 1757 1782 affligi,
1784 1735 1890 1784 quae
1913 1719 2057 1767 etiam
2087 1719 2154 1766 eis
2182 1735 2305 1765 coo-

147 1806 388 1859 perantur
401 1797 451 1845 in
475 1797 680 1847 bonum.
705 1799 800 1847 Sed
819 1799 949 1848 hanc
966 1802 1010 1846 E
1013 1800 1147 1847 tlzicae
1168 1810 1345 1848 nostrae
1368 1815 1670 1849 reservamus
1688 1798 2056 1848 discussionem.

222 1898 245 1922 α
269 1880 326 1926 Εῐ
346 1878 443 1928 hoc
458 1881 678 1929 scientes.
701 1899 725 1926 »
747 1881 825 1928 Sic
842 1892 1071 1930 construe
1095 1901 1105 1929 :
1133 1884 1194 1929 Et
1218 1881 1315 1930 hoc
1333 1881 1538 1930 scientes
1560 1891 1769 1948 tempus,
1797 1882 1912 1947 quia
1936 1881 2096 1930 «hora
2118 1892 2189 1929 est
2204 1882 2304 1946 jam

153 1974 243 2006 nos
267 1957 330 2007 de
351 1976 527 2008 somno
547 1977 758 2026 surgere,
781 1980 805 2008 »
833 1962 1115 2027 abjiciamus
1137 1979 1286 2029 opera
1307 1961 1640 2023 tenebrarum,
1673 1972 1766 2011 etc.
1793 1962 1855 2010 de
1877 1979 2052 2010 somno
2078 1973 2126 2010 et
2148 1962 2305 2027 negli-

153 2039 312 2103 gentia
342 2040 418 2089 vel
448 2050 646 2107 torpore
663 2041 787 2090 -boni
822 2044 1000 2108 operis.
1027 2045 1151 2091 Cum
1171 2043 1306 2105 dicit,
1349 2064 1371 2088 «
1390 2043 1513 2092 hora
1533 2064 1555 2087 »
1594 2059 1699 2107 quae
1723 2041 1972 2091 modicum
1996 2051 2066 2090 est
2094 2052 2298 2107 tempus,

149 2137 249 2169 non
270 2120 386 2170 dicit
408 2122 483 2170 vel
503 2121 870 2171 hebdomadam
890 2140 974 2172 seu
995 2128 1213 2173 mensem
1237 2123 1314 2172 vel
1334 2140 1546 2185 annum,
1573 2124 1676 2172 sine
1704 2122 1936 2172 dilatione
1957 2139 2047 2171 nos
2072 2122 2123 2170 id
2148 2122 2302 2170 facere

149 2201 450 2252 adhortatur.
478 2203 749 2261 Quo-enim
774 2202 971 2252 brevius
1000 2213 1073 2252 est
1096 2214 1291 2270 tempus
1313 2221 1412 2270 quo
1433 2203 1618 2269 aliquid
1648 2214 1720 2252 est
1754 2202 2012 2269 agendum,
2047 2203 2186 2251 citius
2207 2203 2302 2250 hoc

150 2281 421 2330 Faciendum
442 2293 529 2331 est.
557 2304 579 2328 «
594 2286 732 2331 Nunc
752 2284 900 2332 enim.
922 2304 946 2329 2>
973 2283 1089 2333 Ideo
1115 2284 1332 2334 celeriter
1352 2284 1650 2350 surgendum
1667 2283 1808 2332 nobis
1830 2293 1902 2332 est
1924 2301 1952 2333 a
1969 2300 2163 2345 somno,
2178 2284 2301 2349 quia

148 2383 279 2414 nunc
293 2367 419 2431 jam³
437 2366 551 2416 fidei
570 2377 746 2416 nostrae
762 2367 908 2417 bonis
925 2368 1153 2434 operibus
1172 2386 1317 2436 super
1335 2363 1511 2417 addit‘is
1531 2368 1905 2435 propinquiores
1927 2385 2093 2417 sumus
2113 2367 2175 2416 ad
2193 2384 2299 2434 per-

143 2446 422 2512 cipiendum
442 2458 628 2497 aeternae
648 2449 754 2497 vitae
774 2444 1018 2511 bravium,
1042 2470 1064 2496 «
1089 2467 1236 2516 quam
1262 2452 1430 2499 cum‘»
1457 2451 1616 2516 primo
1642 2449 1940 2512 «credimus,
1962 2469 1985 2495 »
2010 2450 2060 2498 in
2080 2451 2187 2515 ipso
2209 2450 2301 2512 sci-

145 2527 257 2576 licet
288 2530 819 2579 nostraeconversionis
847 2529 1067 2580 exordio.
1093 2531 1376 2598 Metaphora
1398 2548 1504 2597 quae
1532 2530 1726 2580 ducitur
1757 2547 1787 2579 a
1808 2547 2001 2591 somne,
2029 2531 2130 2594 jam
2148 2529 2300 2577 nobis

145 2609 440 2674 surgendum
469 2627 570 2658 esse
597 2610 1000 2660 convenientibus
1021 2612 1333 2678 prosequitur
1357 2611 1542 2675 verbis,
1569 2611 1738 2660 dicens
1754 2612 1856 2676 jam
1881 2620 2076 2658 noctem
2099 2626 2297 2674 praeces-

147 2689 279 2750 sisse,
310 2705 417 2754 quae
448 2690 756 2739 dormitionis
783 2701 870 2740 vest
906 2701 1115 2758 tempus,
1140 2702 1189 2741 et
1221 2691 1352 2740 diem
1382 2691 1650 2740 advenisse.
1695 2694 1798 2739 Nox
1824 2690 2108 2755 ‘ignorantia
2137 2688 2299 2737 salutis

146 2778 234 2830 est,
263 2768 364 2817 dies
387 2770 600 2835 cognitio
621 2771 698 2819 vel
721 2771 1026 2821 illuminatio,
1057 2775 1165 2821 Non
1200 2771 1543 2832 mirum‚·dum
1574 2771 1666 2819 hac
1695 2780 1841 2819 nocte
1874 2769 2231 2835 premebamur,
2260 2770 2298 2817 si

145 2853 352 2918 pigri'ad
370 2854 673 2919 operandum
691 2856 1135 2923 eramus.·Expulsa
1161 2866 1233 2904 est
1261 2857 1446 2904 caecitas
1478 2854 1771 2904 infidelitatis
1796 2854 1858 2902 de
1883 2853 2127 2915 cordibus,
2155 2853 2298 2902 adve-

145 2934 760 2983 nientedoctrina'Christi
791 2936 875 3000 qui
898 2935 1025 2984 ait⁸z
1054 2955 1080 2982 «
1099 2938 1202 3001 Ego
1234 2953 1342 2984 sum
1374 2935 1454 2984 lux
1486 2936 1676 2989 mundi.
1699 2955 1724 2980 »
1751 2937 1849 2984 Nec
1875 2944 1974 2982 tam
1998 2951 2088 2982 nos
2119 2933 2180 2982 ab
2207 2934 2299 2982 hac

144 3024 306 3076 nocte,
342 3032 489 3082 quam
512 3017 615 3082 ipsa
645 3032 675 3064 a
702 3015 843 3064 nobis
863 3017 1074 3078 recessit,
1110 3032 1202 3065 nec
1235 3026 1331 3066 tam
1363 3034 1453 3064 nos
1478 3018 1522 3064 ei
1556 3032 1703 3082 quam
1725 3016 1830 3082 ipsa
1851 3015 1993 3063 nobis
2024 3015 2296 3082 appropin-

142 3097 309 3160 quavit
335 3115 345 3143 ε
374 3097 488 3162 quia
517 3095 660 3144 nobis
683 3112 991 3162 nequaquam
1020 3096 1071 3145 id
1103 3097 1459 3163 requirentibus
1478 3097 1655 3158 ,divina
1687 3098 1755 3145 sic
1784 3105 1982 3163 operata
2014 3105 2087 3145 est
2113 3095 2292 3160 gratia,

145 3177 501 3244 sicut-deipso
525 3179 851 3244 scriptumest
872 3178 1085 3227 Domino
1110 3197 1121 3226 ε
1158 3199 1181 3223 α
1204 3182 1429 3229 Inventus
1448 3195 1569 3227 vsum
1605 3195 1631 3227 a
1666 3177 1989 3243 quaerentibus
2020 3194 2122 3235 me,
2153 3187 2244 3224 etc.
2269 3194 2292 3219 »

189 3361 332 3402 mmm..
340 3372 412 3406 cap.
421 3364 980 3408 xxn‚v.14.-²Mauh.,eap.vn,v.
994 3367 1106 3402 14.-·
1113 3366 1210 3400 Amb.
1220 3366 1541 3410 NonJam.-—⁴Amb.
1548 3366 1631 3408 quia
1638 3362 2015 3408 mmmmm—noan„
2024 3371 2095 3404 cap.
2105 3369 2174 3401 νιν,
2182 3369 2211 3392 v.
2227 3360 2277 3392 12-
