2638 3866
64 2370 66 2372 ,
76 2374 159 2400 N&

260 245 354 293 650
1068 242 1239 289 PETnt
1277 242 1591 290 ABAELARD!

260 356 306 393 et
333 361 572 392 summum
598 347 701 391 Deo
726 342 1012 390 sacrificium
1044 341 1278 390 oblatum.
1316 346 1423 390 Non
1446 343 1575 390 enim
1600 352 1739 390 tantae
1762 343 2045 408 captivitatis
2078 344 2396 391 calamitatem

260 426 427 472 nisiex
451 440 639 470 summo
670 423 759 470 Dei
794 422 908 470 odio
943 422 1086 469 nobis
1117 432 1371 471 autumant
1401 422 1647 485 accidisse,
1686 432 1732 470 et
1758 423 1897 487 justae
1933 424 2177 488 imputant
2204 422 2394 482 ultioni,

260 520 596 568 quamcunque
625 504 673 549 in
707 519 798 549 nos
828 512 1051 549 exercent
1083 503 1311 550 saevitiam
1342 513 1440 550 tam
1476 502 1671 567 gentiles
1703 519 1850 568 quam
1881 502 2145 550 christiani.
2187 502 2399 550 Gentiles

260 583 453 648 quidem
503 584 809 648 antiquarum
857 599 1096 630 memores
1157 583 1527 648 oppressionum
1570 583 1745 648 quibus
1800 600 1969 630 eorum
2013 583 2171 647 primo
2222 592 2397 629 terram

260 664 588 730 possedimus,
644 673 692 711 et
733 664 972 711 diuturnis
1022 680 1106 710 eos
1141 664 1453 728 postmodum
1498 664 1908 730 persecutionibus
1954 664 2220 712 attrivimus
2253 673 2398 729 atque

258 744 538 803 delevimus,
580 744 811 809 quicquid
849 743 990 791 nobis
1021 744 1260 807 ingerunt,
1300 744 1470 792 debitae
1501 746 1740 811 imputant
1774 745 1962 792 ultioni.
1998 743 2252 791 Christiani
2285 759 2398 791 vero

259 825 388 888 quia,
412 835 463 871 ut
482 825 633 886 aiunt,
655 841 826 872 eorum
849 828 1006 885 Deum
1023 824 1368 884 interfecimus,
1393 825 1625 889 majorem
1658 826 1706 871 in
1727 841 1818 871 nos
1839 824 2185 889 persecutionis
2204 840 2398 872 causam

261 904 436 952 habere
467 906 708 952 videntur.
743 908 863 952 Ecce
893 905 1017 951 inter
1048 904 1214 969 quales
1253 916 1417 952 nostra
1450 905 1630 953 exsulat
1654 905 1973 970 peregrinatio
2012 914 2057 952 et
2090 904 2151 951 de
2186 920 2399 968 quorum

260 985 400 1032 nobis
432 995 502 1032 est
522 986 790 1051 patrocinio
815 984 1171 1033 confitendum!
1202 986 1409 1033 Summis
1433 986 1636 1034 inimicis
1663 987 1836 1033 nostris
1860 986 2007 1033 vitam
2031 995 2245 1032 nostram
2266 1001 2400 1032 com-

260 1066 507 1124 mittimus,
534 1076 580 1112 et
597 1067 646 1112 in
670 1065 936 1113 infidelium
957 1065 1104 1112 fidem
1126 1082 1214 1112 nos
1236 1066 1430 1113 credere
1453 1066 1689 1129 cogimur.
1711 1069 1920 1113 Somnus
1945 1066 2064 1130 ipse,
2092 1066 2175 1128 qui
2196 1064 2400 1112 laxatam

263 1146 465 1193 maxime
502 1146 628 1193 fovet
665 1163 722 1193 ac
758 1155 939 1193 recreat
973 1154 1221 1205 naturam,
1260 1155 1393 1193 tanta
1422 1162 1512 1193 nos
1546 1146 1779 1210 inquietat
1812 1145 2154 1203 sollicitudine,
2194 1155 2246 1192 ut
2281 1145 2402 1192 dor-

262 1226 461 1272 mientes
493 1227 636 1273 etiam
670 1242 770 1272 non
804 1226 895 1272 nisi
920 1225 981 1272 de
1001 1225 1154 1289 juguli
1183 1227 1335 1273 nostri
1371 1225 1583 1291 periculo
1611 1226 1748 1273 liceat
1766 1224 2005 1288 cogitare.
2030 1227 2276 1289 Nusquam
2310 1226 2403 1272 nisi

261 1305 323 1351 ad
346 1305 521 1352 coelum
548 1316 679 1353 tutus
707 1305 849 1353 nobis
876 1316 1008 1371 patet
1038 1306 1292 1369 ingressuS,
1322 1306 1497 1370 quibus
1518 1307 1619 1373 ipse
1650 1306 1792 1354 etiam
1824 1306 2133 1354 habitationis
2166 1305 2300 1352 locus
2333 1315 2403 1352 est

261 1386 573 1450 periculosus.
607 1388 848 1450 Egressuri
883 1387 945 1434 ad
978 1386 1200 1451 quaelibet
1225 1388 1443 1452 proxima
1474 1387 1599 1447 loca,
1623 1387 1801 1452 ipsum,
1831 1386 1893 1434 de
1918 1403 2016 1452 quo
2049 1403 2220 1451 parum
2253 1386 2403 1433 confi-

262 1466 444 1526 dimus,
482 1467 778 1514 conductum
810 1485 911 1515 non
944 1469 1137 1515 modico
1170 1469 1323 1532 pretio
1355 1467 1690 1515 conducimus.
1727 1468 1972 1532 Principes
2004 1468 2109 1532 ipsi,
2147 1467 2229 1532 qui
2261 1467 2404 1514 nobis

262 1558 470 1612 praesunt
506 1557 553 1594 et
591 1565 798 1612 quorum
834 1549 1037 1613 graviter
1061 1548 1265 1596 emimus
1288 1548 1628 1613 patrocinium,
1667 1557 1800 1596 tanto
1835 1548 2039 1612 amplius
2073 1557 2279 1595 mortem
2316 1564 2404 1595 no-

263 1636 407 1672 stram
429 1626 719 1688 desiderant,
746 1638 928 1691 quanto
954 1628 1175 1676 licentius
1210 1644 1266 1675 ea
1298 1645 1404 1692 quae
1427 1628 1747 1692 possedimus,
1775 1628 2024 1692 arripiunt.
2052 1625 2239 1685 Quibus
2262 1628 2404 1674 etiam

263 1706 529 1765 constrictis
556 1718 602 1754 et
626 1709 892 1772 oppressis,
918 1709 1055 1772 quasi
1083 1709 1133 1755 in
1157 1725 1248 1755 nos
1272 1709 1400 1755 solos
1425 1709 1724 1772 conjurasset
1749 1707 1959 1755 mundus
1976 1743 1988 1766 ‚
2014 1707 2110 1754 hoc
2135 1708 2295 1772 ipsum
2322 1708 2406 1754 mi·

263 1786 410 1833 rabile
430 1797 517 1847 est,
543 1788 581 1834 si
606 1787 765 1835 vivere
789 1788 925 1848 licet,
952 1805 1040 1835 nec
1060 1805 1199 1851 agros
1221 1799 1304 1836 aut
1330 1789 1491 1836 vineas
1523 1797 1605 1836 aut
1627 1798 1841 1835 terrenas
1875 1788 2058 1852 aliquas
2082 1788 2406 1852 possessiones

262 1867 441 1914 habere
475 1867 774 1928 conceditur,
810 1870 921 1933 quia
954 1886 1051 1916 non
1089 1879 1187 1930 est,
1225 1870 1308 1932 qui
1342 1885 1421 1915 eas
1449 1868 1591 1915 nobis
1625 1868 1687 1915 ab
1723 1868 2031 1916 infestatione
2062 1869 2311 1915 manifesta
2331 1869 2407 1915 vel

265 1947 452 1995 occulta
483 1958 734 2012 protegere
756 1949 923 2013 possit.
951 1949 1091 1996 Unde
1116 1948 1257 1996 nobis
1293 1949 1530 2013 praecipue
1567 1958 1782 2013 superest
1803 1947 2018 2007 lucrum,
2044 1958 2098 1994 ut
2130 1948 2408 2011 alienigenis

266 2028 550 2075 foenerantes
580 2028 694 2075 hinc
729 2029 954 2095 mis-eram
983 2039 1302 2076 sustentemus
1332 2029 1508 2090 vitam,
1547 2029 1682 2092 quod
1707 2045 1797 2076 nos
1830 2028 2026 2092 quidem
2061 2028 2267 2075 maxime
2294 2028 2408 2094 ipsis

264 2107 408 2154 efficit
435 2107 726 2168 invidiosos,
753 2108 836 2173 qui
863 2125 913 2155 se
947 2109 997 2155 in
1025 2108 1118 2155 hoc
1140 2108 1402 2174 plurimum
1438 2108 1731 2157 arbitrantur
1755 2117 1990 2172 gravatos.
2027 2110 2098 2154 De
2123 2107 2214 2154 hac
2247 2117 2408 2155 autem

263 2188 368 2234 vitae
404 2198 576 2235 nostrae
612 2189 803 2236 miseria
845 2205 1056 2248 summa,
1096 2198 1143 2235 et
1175 2188 1352 2252 quibus
1385 2189 1677 2237 incessanter
1712 2187 1936 2254 periculis
1966 2187 2267 2246 laboramus,
2305 2188 2410 2252 ipse

266 2268 415 2330 magis
453 2277 601 2314 status
637 2278 802 2315 noster
837 2268 1066 2316 omnibus
1100 2269 1235 2333 loqui
1264 2268 1461 2329 sufficit,
1501 2286 1649 2333 quam
1682 2269 1843 2332 lingua
1867 2268 2037 2333 possit.
2075 2271 2183 2332 Ipsa
2213 2284 2409 2332 quoque

265 2347 379 2411 legis
391 2358 644 2412 praecepta,
663 2359 843 2412 quanta
855 2348 1134 2396 difficultate
1154 2350 1250 2396 sint
1265 2349 1512 2414 implicita,
1535 2349 1780 2396 neminem
1805 2349 1887 2412 qui
1901 2365 2007 2395 eam
2031 2348 2252 2412 attigerit,
2275 2348 2406 2409 latet,

268 2436 320 2473 ut
343 2436 442 2474 tam
474 2427 730 2475 hominum
754 2429 1091 2494 oppressione,
1127 2445 1274 2492 quam
1304 2429 1422 2492 jugo
1454 2428 1570 2492 legis
1598 2427 1957 2475 intolerabiliter
1983 2428 2266 2491 affligamur.
2293 2428 2410 2485 Quis

268 2523 366 2554 non
401 2507 560 2572 ipsum
593 2508 972 2555 circumcisionis
1004 2518 1176 2556 nostrae
1210 2493 1591 2568 sacramentum,
1625 2525 1738 2555 cum
1768 2524 1826 2555 ex
1862 2507 2191 2555 erubescentia
2223 2517 2326 2553 tum
2352 2523 2409 2553 ex

270 2603 437 2652 poena,
472 2588 713 2653 suscipere
741 2605 844 2636 non
864 2588 1122 2637 abhorreat
1145 2599 1227 2636 aut
1250 2588 1490 2653 trepidet?
1517 2591 1632 2646 Quae
1657 2598 1754 2635 tam
1778 2597 1943 2637 tenera
1964 2587 2169 2634 humani
2191 2587 2410 2652 corporis

271 2669 447 2733 portio,
474 2685 620 2731 quam
643 2668 721 2715 illa
759 2669 837 2716 cui
866 2669 993 2717 hanc
1025 2669 1214 2734 plagam
1246 2670 1296 2715 in
1329 2670 1443 2734 ipsis
1472 2685 1669 2733 quoque
1692 2668 1934 2717 infantulis
1959 2667 2033 2715 lex
2058 2667 2259 2731 infligit?
2293 2670 2410 2725 Quae

271 2757 402 2795 tanta
429 2758 499 2795 est
523 2748 777 2812 agrestium
800 2749 1095 2796 lactucarum
1126 2749 1416 2807 amaritudo,
1442 2765 1561 2814 quas
1584 2750 1633 2795 in
1658 2748 1971 2797 condimento
2001 2747 2236 2813 paschalis
2260 2747 2411 2794 sacri-

273 2826 367 2874 ficii
391 2829 653 2875 sumimus?
677 2830 794 2887 Quis
820 2846 920 2876 non
942 2829 1102 2877 videat
1121 2830 1265 2877 etiam
1285 2846 1454 2877 omnes
1479 2829 1576 2877 fere
1600 2828 1828 2876 delicatos
1852 2827 1985 2876 cibos
2008 2837 2055 2874 et
2078 2844 2162 2874 eos
2184 2826 2407 2886 maxime,

275 2907 357 2969 qui
384 2907 518 2955 facile
549 2910 818 2974 comparari
847 2919 1068 2975 possunt,
1100 2910 1242 2957 nobis
1272 2926 1372 2956 esse
1402 2908 1706 2974 prohibitos?
1737 2911 1913 2956 Carnes
1940 2907 2207 2972 quaelibeta
2224 2905 2411 2954 bestiis¹

274 2997 563 3050 praegustatae
601 2988 743 3036 nobis
780 2989 1043 3037 immundae
1089 2997 1225 3049 sunt,
1271 2999 1319 3037 et
1352 2989 1574 3053 quaelibet
1605 2989 1859 3037 morticina
1891 2987 1967 3036 vel
2001 2987 2233 3034 suffocata
2270 2984 2412 3032 nobis

278 3074 387 3112 sunt
426 3066 692 3116 interdicta.
737 3072 832 3116 Nec
867 3069 926 3116 de
963 3069 1124 3117 bestiis
1165 3069 1308 3117 nobis
1346 3069 1488 3117 edere
1526 3069 1654 3127 licet,
1695 3070 1788 3116 nisi
1822 3084 1940 3132 quas
1978 3084 2068 3115 nos
2096 3067 2195 3131 -ipsi
2231 3075 2408 3114 macta-

322 3271 329 3289 ¹
344 3268 439 3302 Hunc
451 3269 558 3302 locum
571 3270 615 3302 ita
633 3271 804 3309 tegendum
816 3280 892 3304 -esse
909 3273 1100 3314 conjicimus
1116 3274 1171 3314 qui
1189 3274 1230 3306 ab
1245 3275 1370 3307 editore
1386 3275 1434 3307 sic
1448 3274 1531 3307 mate
1547 3274 1651 3306 lectus
1666 3277 1723 3306 aut
1738 3274 1929 3306 emendatus
1953 3281 2024 3305 esse
2039 3272 2167 3304 videtur
2190 3271 2346 3313 quaelibet
2367 3271 2411 3304 ab

279 3327 381 3357 «τείας
398 3322 498 3366 [istis]
511 3329 737 3366 praeyustatae.
753 3324 827 3359 Vid.
844 3327 964 3368 Exod„
981 3337 1054 3368 cap.
1070 3336 1160 3369 xxii,
1182 3336 1210 3360 v.
1230 3328 1281 3360 31.
