2638 3866
259 276 356 324 456
1062 272 1222 322 PETRI
1257 271 1567 324 ABAELARDI

259 377 362 423 titia
397 386 466 423 est
500 375 631 440 apud
658 377 831 421 Deum.
870 376 1111 441 Scriptum
1147 387 1217 424 est
1251 377 1379 424 enim
1402 395 1412 424 :
1433 379 1853 445 Comprehendam
1877 382 2112 448 sapientes
2145 385 2194 433 in
2227 387 2396 435 astutia

259 473 444 503 eorum.
470 474 492 499 υ
523 458 576 501 Et
603 455 825 501 iterum¹:
856 456 1135 503 «Dominus
1168 457 1304 503 novit
1332 459 1644 522 cogitationes
1666 460 1921 509 hominum
1954 464 2067 527 quia
2098 481 2231 513 vanae
2265 477 2391 514 sunt.

260 543 421 602 ltaque
452 553 597 584 nemo
635 537 863 601 glorietur
894 539 943 585 in
973 538 1270 587 hominibus.
1290 559 1314 585 »
1343 544 1401 588 Et
1432 552 1538 608 post
1564 559 1717 608 pauca
1744 562 1855 592 cum
1890 547 2055 595 omnia
2074 547 2204 596 bona
2225 549 2396 597 divinae

257 618 485 665 tribueret
507 617 721 681 gratiae':
752 637 776 664 «
795 619 923 676 Quid
944 619 1110 679 habes,
1136 620 1308 684 inquit,
1337 622 1468 686 quod
1494 640 1594 671 non
1618 625 1871 690 accepisti?
1895 627 1943 673 Si
1965 637 2125 675 autem
2148 630 2392 694 accepisti,

255 697 371 761 quid
396 697 611 761 gloriaris
635 699 766 762 quasi
800 716 898 746 non
924 701 1189 765 acceperis?
1210 720 1230 746 w
1262 704 1318 748 Et
1340 702 1473 749 alibi³
1496 720 1506 749 :
1535 703 1678 751 «Noli
1707 705 1857 752 altum
1881 723 2063 772 sapere,
2093 709 2178 756 sed
2206 709 2339 756 time.
2371 731 2394 753 »

256 778 351 836 Qui
373 779 517 825 etiam
542 795 599 826 ea
628 780 852 840 maxime,
876 797 981 844 quae
1003 781 1064 828 ad
1097 781 1317 829 notitiam
1342 783 1430 829 Dei
1456 783 1674 845 attinent,
1705 787 1898 833 nonnisi
1921 804 1979 835 eo
2002 788 2259 850 revelante,
2287 806 2397 854 per-

257 853 352 918 cipi
382 870 541 918 posse,
580 870 727 918 quam
752 854 842 901 soli
867 855 1210 903 mundicordes
1239 858 1519 922 conspicere
1546 860 1721 917 valent,
1748 861 1905 909 valida
1940 863 2248 911 similitudine
2284 881 2399 911 con-

255 933 419 994 vincit,
451 933 635 998 dicens⁴
662 952 672 980 :
703 953 726 979 «
748 935 867 992 Quis
892 936 980 982 scit
1007 935 1262 983 hominum
1287 954 1392 1001 quae
1423 949 1535 985 sunt
1562 939 1792 1002 hominis,
1820 942 1907 988 nisi
1931 944 2124 1007 spiritus
2153 943 2364 991 hominis
2382 981 2394 1004 ,

254 1014 339 1078 qui
375 1014 425 1060 in
474 1014 580 1079 ipso
616 1014 760 1061 estP»
802 1018 872 1062 lta
908 1025 956 1062 et
993 1033 1098 1081 quae
1135 1018 1223 1065 Dei
1266 1028 1378 1065 sunt
1411 1035 1557 1066 nemo
1602 1022 1859 1083 cognovit,
1902 1023 1995 1070 nisi
2040 1023 2232 1089 spiritus
2277 1025 2394 1085 Dei,

252 1095 515 1158 praesertim
546 1111 658 1141 cum
691 1111 782 1142 nec
816 1096 1070 1143 minimum
1103 1097 1283 1162 aliquid
1317 1098 1481 1146 doceri
1517 1099 1623 1164 quis
1660 1100 1830 1161 valeat,
1870 1103 1961 1149 nisi
1993 1119 2052 1150 eo
2082 1120 2173 1150 nos
2200 1103 2399 1150 interius

253 1179 571 1240 illuminante,
610 1182 692 1245 qui
727 1182 818 1228 nisi
853 1192 1064 1230 mentem
1099 1183 1302 1231 instruat
1337 1185 1560 1246 interius,
1600 1185 1772 1235 frustra
1804 1189 1889 1252 qui
1920 1188 2064 1236 docet
2099 1204 2260 1236 aerem
2286 1205 2398 1236 ver-

254 1259 392 1307 berat
429 1261 649 1308 exterius.
694 1261 822 1319 Quid
868 1263 997 1310 enim
1048 1280 1159 1311 cum
1197 1264 1395 1328 alicujus
1432 1265 1645 1313 doctoris
1691 1267 1840 1315 verba
1879 1270 2123 1333 aequaliter
2159 1269 2221 1316 ad
2259 1285 2399 1318 aures

257 1339 560 1387 diversorum
595 1341 918 1406 perferuntur,
958 1360 1049 1391 nec
1082 1353 1241 1392 tamen
1274 1345 1519 1410 aequaliter
1550 1346 1612 1393 ab
1648 1347 1714 1394 eis
1753 1348 2101 1413 intelliguntur,
2139 1349 2230 1396 nisi
2266 1350 2398 1414 quod

257 1419 550 1485 quibusdam
585 1432 757 1487 praesto
797 1432 867 1470 est
900 1424 1100 1471 interior
1136 1426 1388 1488 magister,
1430 1425 1717 1491 quibusdam
1758 1429 1986 1490 minime,
2021 1431 2104 1494 qui
2139 1445 2263 1494 quos
2297 1429 2399 1477 vult

254 1501 397 1548 etiam
426 1501 527 1548 sine
552 1518 674 1549 sono
698 1502 873 1549 docet?
900 1506 970 1550 De
994 1503 1136 1568 hujus
1165 1505 1362 1569 quidem
1384 1507 1593 1571 magistri
1615 1509 1845 1573 sapientia
1869 1509 1971 1574 ipse
1996 1511 2256 1574 Sapientiae
2277 1509 2399 1557 liber

253 1581 470 1628 continet
500 1582 592 1629 ita⁵
618 1600 628 1629 :
661 1584 879 1630 «Sentite
910 1584 971 1631 de
1004 1585 1216 1632 Domino
1250 1587 1297 1633 in
1329 1585 1563 1649 bonitate,
1596 1597 1643 1635 et
1676 1589 1723 1635 in
1748 1590 2050 1654 simplicitate
2081 1589 2239 1636 cordis
2271 1606 2400 1654 quae-

254 1660 343 1707 rite
375 1661 510 1708 illum
539 1680 549 1709 :
589 1664 820 1726 quoniam
857 1665 1099 1712 invenitur
1132 1665 1194 1713 ab
1223 1666 1296 1714 his
1331 1668 1416 1731 qui
1446 1684 1546 1715 non
1577 1678 1766 1716 tentant
1797 1669 1932 1717 illum
1959 1688 1972 1716 2
2006 1679 2204 1736 apparet
2239 1679 2399 1717 autem

253 1742 321 1788 eis
354 1742 439 1806 qui
475 1742 621 1790 fldem
656 1743 838 1791 babent
875 1747 923 1791 in
965 1745 1118 1792 illum.
1161 1749 1397 1794 Perversae
1431 1749 1560 1795 enim
1597 1750 1911 1813 cogitationes
1940 1759 2165 1816 separant
2196 1766 2225 1797 a
2254 1753 2358 1797 Deo
2387 1768 2396 1796 :

257 1823 489 1886 quoniam
522 1823 571 1870 111
609 1824 896 1871 malevolam
927 1826 1139 1873 animam
1170 1843 1271 1873 non
1299 1828 1516 1875 introibit
1547 1830 1796 1894 sapientia,
1823 1847 1913 1877 nec
1943 1829 2183 1877 habitabit
2215 1830 2262 1877 in
2294 1846 2399 1876 cor-

257 1919 377 1966 pore
407 1902 605 1951 subdito
635 1904 861 1968 peccatiS.
888 1922 910 1949 »
939 1907 996 1952 Et
1026 1907 1324 1971 Apostolus⁵,
1360 1927 1382 1953 «
1403 1908 1643 1968 Animalis,
1681 1910 1861 1974 inquit,
1891 1909 2041 1956 homo
2068 1926 2168 1956 non
2199 1910 2402 1974 percipit

257 1999 314 2031 ea
344 2001 451 2048 quae
475 1995 586 2031 sunt
609 1985 800 2050 spiritus
821 1986 926 2033 Dei.
955 2007 978 2030 ³>
1005 1987 1098 2034 Sed
1123 1988 1258 2051 juxta
1292 1989 1625 2049 Psalmistam⁷,
1656 1990 1961 2038 «intellectus
1984 1990 2145 2037 bonus
2176 1989 2402 2037 omnibus

256 2063 543 2111 facientibus
571 2081 701 2124 eum,
726 2084 747 2109 υ
773 2065 868 2112 1100
897 2075 967 2112 est
1000 2067 1091 2113 illis
1121 2068 1205 2132 qui
1238 2068 1373 2133 quod
1403 2068 1528 2117 bene
1561 2070 1849 2134 intelligunt,
1891 2070 2172 2136 operatione
2206 2069 2403 2135 implere

256 2154 508 2207 satagunt,
548 2154 601 2191 ut
634 2162 693 2192 ex
723 2145 820 2192 hoc
853 2156 1015 2211 aperte
1051 2147 1332 2209 doceamur,
1359 2149 1467 2214 plus
1489 2167 1578 2215 per
1599 2150 1962 2214 intelligentiam
1995 2150 2124 2216 apud
2157 2152 2313 2196 Deum
2347 2166 2401 2197 ex

257 2225 491 2288 religione
515 2226 641 2286 vitae,
672 2242 819 2290 quarn
840 2243 895 2274 ex
921 2227 1102 2292 ingenii
1123 2229 1381 2277 subtilitate
1408 2230 1659 2295 proficere.
1682 2230 1906 2295 Alioquin
1930 2231 2170 2277 Dominus
2189 2229 2279 2277 sibi
2298 2232 2403 2296 plus

257 2304 521 2352 humanum
559 2306 803 2371 ingenium
842 2324 990 2372 quam
1023 2309 1322 2357 sanctitatem
1355 2310 1463 2357 vitae
1491 2310 1680 2376 placere
1712 2310 2003 2358 ostenderet.
2036 2311 2226 2375 Quippe
2270 2309 2403 2374 quod

258 2384 363 2448 plus
398 2385 459 2432 de
487 2388 591 2432 Deo
622 2402 648 2433 a
686 2386 827 2434 nobis
864 2389 1081 2450 sentitur,
1115 2389 1222 2454 plus
1255 2407 1283 2437 a
1313 2390 1456 2437 nobis
1490 2390 1718 2455 diligitur,
1756 2401 1803 2438 et
1837 2407 1949 2438 cum
1987 2391 2204 2455 profectu
2234 2389 2406 2437 intelli·

258 2464 426 2527 gentiae
459 2465 669 2512 caritatis
703 2467 984 2514 accenditur
1013 2468 1235 2528 flamma,
1275 2470 1385 2516 licet
1418 2470 1469 2516 hi
1502 2471 1584 2534 qui
1622 2471 1860 2535 simplices
1891 2480 2034 2534 atque
2072 2470 2232 2516 idiotae
2266 2469 2406 2516 nobis

255 2543 504 2604 videntur,
528 2554 574 2592 et
594 2545 706 2592 ideo
725 2545 1037 2594 vehementer
1059 2549 1153 2595 sint
1175 2548 1426 2608 ferventes,
1453 2566 1543 2597 nec
1571 2559 1758 2597 tantum
1777 2550 2043 2615 exprimere
2069 2559 2150 2596 aut
2174 2548 2403 2596 disserere

256 2634 452 2688 queant,
494 2635 732 2689 quantum
765 2626 833 2673 eis
867 2626 1190 2691 intelligentiae
1212 2628 1376 2676 divina
1404 2629 1653 2694 inspiratio
1687 2629 1889 2676 confert.
1918 2632 2022 2676 Hoc
2053 2629 2235 2676 utinam
2260 2639 2307 2675 et
2338 2627 2404 2675 illi

258 2705 577 2764 attenderent,
607 2707 693 2770 qui
722 2707 1053 2772 imprudenter
1076 2709 1329 2772 magisterii
1365 2726 1542 2756 nomen
1567 2710 1616 2756 in
1645 2710 1807 2757 divina
1831 2711 2005 2775 pagina
2036 2709 2126 2757 sibi
2150 2719 2401 2773 arrogant,

261 2800 370 2831 cum
395 2786 542 2833 vitam
573 2803 674 2833 non
701 2787 980 2846 emendent,
1017 2799 1063 2835 et
1095 2806 1206 2836 cum
1238 2790 1491 2836 carnaliter
1519 2799 1565 2837 et
1592 2807 1762 2855 spurce
1790 2791 1971 2850 vivant,
2009 2790 2262 2855 specialem
2286 2789 2404 2836 divi-

262 2879 437 2911 norum
466 2866 772 2929 aenigmatum
803 2867 1171 2932 intelligentiam
1207 2868 1298 2916 sibi
1326 2870 1604 2929 revelatam,
1638 2881 1684 2918 et
1706 2871 1914 2918 coelestia
1944 2870 2035 2917 sibi
2059 2885 2233 2917 arcana
2271 2885 2405 2916 com-

267 2942 409 2990 missa
443 2961 543 2992 esse
584 2948 901 3010 mentiuntur,
940 2965 994 2995 ac
1029 2949 1068 2996 si
1100 2966 1150 2996 se
1183 2949 1418 3015 templum
1452 2951 1653 3016 Spiritus
1692 2951 1843 2998 sancti
1876 2950 2174 3017 apertissime
2204 2949 2399 3013 jactent.

264 3023 482 3078 Quorum
517 3025 681 3073 saltem
701 3027 1054 3092 impudentiam
1083 3029 1311 3077 falsorum
1334 3030 1706 3078 christianorum
1734 3032 1932 3095 gentiles
1963 3039 2214 3078 conterant
2244 3028 2402 3093 philo-

266 3101 425 3166 sophi,
460 3105 545 3167 qui
577 3122 801 3154 normam
831 3109 919 3155 Dei
950 3125 1049 3156 non
1089 3110 1441 3170 ratiocinando,
1478 3111 1563 3159 sed
1590 3113 1738 3175 magis
1768 3112 1893 3160 bene
1924 3111 2131 3159 vivendo
2156 3109 2404 3173 acquiren-

312 3319 318 3336 ¹
335 3317 489 3350 Corinth.
508 3319 534 3358 Ι,
555 3328 626 3360 cap.
647 3330 704 3360 111,
726 3329 756 3353 v.
778 3324 829 3354 20.
847 3339 889 3346 —
906 3324 917 3341 ²
931 3323 1020 3355 Ibid.
1036 3349 1041 3364 ,
1059 3334 1129 3365 cap.
1149 3334 1201 3366 iv,
1220 3335 1249 3359 r.
1270 3329 1302 3359 τ.
1376 3326 1549 3375 ÷⁵Sap.‚
1569 3334 1641 3367 cap.
1660 3334 1685 3366 1,
1705 3335 1732 3359 v.
1753 3327 1783 3360 1.
1800 3342 1839 3349 —
1855 3325 2030 3360 ‘corium
2049 3325 2079 3367 1,
2100 3334 2169 3367 cap.
2192 3333 2231 3366 11,
2250 3335 2278 3357 v.
2303 3326 2350 3358 14.
2364 3341 2403 3347 -

269 3387 302 3393 -
326 3370 337 3390 ³
350 3371 465 3413 Rom„
487 3381 557 3413 cap.
580 3382 629 3415 xi,
646 3383 676 3406 v.
695 3376 747 3408 20.
767 3393 803 3399 ——
823 3377 833 3396 ⁴
846 3376 995 3409 corinth.
1017 3377 1046 3419 1,
1067 3387 1138 3419 cap.
1154 3388 1189 3418 n,
1206 3388 1235 3412 v.
1252 3381 1301 3413 11.
1376 3380 1530 3414 Ῥεαῖνη.
1549 3390 1601 3421 cx,
1619 3390 1650 3414 v,
1668 3382 1718 3415 10.
