<?xml version="1.0" encoding="UTF-8"?>
<!DOCTYPE html PUBLIC "-//W3C//DTD XHTML 1.0 Transitional//EN"
    "http://www.w3.org/TR/xhtml1/DTD/xhtml1-transitional.dtd">
<html xmlns="http://www.w3.org/1999/xhtml" xml:lang="en" lang="en">
 <head>
  <title>
</title>
<meta http-equiv="Content-Type" content="text/html;charset=utf-8" />
  <meta name='ocr-system' content='tesseract 3.04.00' />
  <meta name='ocr-capabilities' content='ocr_page ocr_carea ocr_par ocr_line ocrx_word'/>
</head>
<body>
  <div class='ocr_page' id='page_1' title='image "./operahactenusseo00abeluoft_0401.png"; bbox 0 0 2638 3866; ppageno 0'>
   <div class='ocr_carea' id='block_1_1' title="bbox 935 259 2378 312">
    <p class='ocr_par' dir='ltr' id='par_1_1' title="bbox 935 259 2378 312">
     <span class='ocr_line' id='line_1_1' title="bbox 935 259 2378 312; baseline 0.004 -6"><span class='ocrx_word' id='word_1_1' title='bbox 935 259 1277 308; x_wconf 84' lang='lat' dir='ltr'><strong>THEOLOGlA</strong></span> <span class='ocrx_word' id='word_1_2' title='bbox 1321 259 1691 310; x_wconf 78' lang='lat' dir='ltr'><strong>CHRISTIANA.</strong></span> <span class='ocrx_word' id='word_1_3' title='bbox 2290 264 2378 312; x_wconf 69' lang='lat'><strong>391</strong></span> 
     </span>
    </p>
   </div>
   <div class='ocr_carea' id='block_1_2' title="bbox 239 359 2401 1488">
    <p class='ocr_par' dir='ltr' id='par_1_2' title="bbox 239 359 2401 1488">
     <span class='ocr_line' id='line_1_2' title="bbox 242 359 2390 431; baseline -0 -15"><span class='ocrx_word' id='word_1_4' title='bbox 242 374 444 416; x_wconf 82' lang='lat' dir='ltr'><strong>testatus·</strong></span> <span class='ocrx_word' id='word_1_5' title='bbox 460 373 547 413; x_wconf 91' lang='lat' dir='ltr'><strong>est.</strong></span> <span class='ocrx_word' id='word_1_6' title='bbox 578 383 599 406; x_wconf 76' lang='lat' dir='ltr'>n</span> <span class='ocrx_word' id='word_1_7' title='bbox 625 365 690 410; x_wconf 89' lang='lat' dir='ltr'><strong>Ac</strong></span> <span class='ocrx_word' id='word_1_8' title='bbox 714 361 754 409; x_wconf 89' lang='lat' dir='ltr'><strong>si</strong></span> <span class='ocrx_word' id='word_1_9' title='bbox 777 359 957 409; x_wconf 88' lang='lat' dir='ltr'><strong>diceret</strong></span> <span class='ocrx_word' id='word_1_10' title='bbox 981 377 1088 412; x_wconf 91' lang='lat' dir='ltr'><strong>eam</strong></span> <span class='ocrx_word' id='word_1_11' title='bbox 1113 378 1214 409; x_wconf 90' lang='lat' dir='ltr'><strong>esse</strong></span> <span class='ocrx_word' id='word_1_12' title='bbox 1236 361 1453 427; x_wconf 89' lang='lat' dir='ltr'><strong>ejusdem</strong></span> <span class='ocrx_word' id='word_1_13' title='bbox 1475 361 1750 410; x_wconf 82' lang='lat' dir='ltr'><strong>substantiae</strong></span> <span class='ocrx_word' id='word_1_14' title='bbox 1772 377 1883 410; x_wconf 91' lang='lat' dir='ltr'><strong>cum</strong></span> <span class='ocrx_word' id='word_1_15' title='bbox 1907 362 2015 429; x_wconf 87' lang='lat' dir='ltr'><strong>ipso</strong></span> <span class='ocrx_word' id='word_1_16' title='bbox 2028 362 2209 427; x_wconf 90' lang='lat' dir='ltr'><strong>Verbo,</strong></span> <span class='ocrx_word' id='word_1_17' title='bbox 2237 381 2264 413; x_wconf 89' lang='lat' dir='ltr'><strong>a</strong></span> <span class='ocrx_word' id='word_1_18' title='bbox 2290 382 2390 431; x_wconf 91' lang='lat' dir='ltr'><strong>quo</strong></span> 
     </span>
     <span class='ocr_line' id='line_1_3' title="bbox 239 440 2390 515; baseline -0.001 -18"><span class='ocrx_word' id='word_1_19' title='bbox 239 450 344 515; x_wconf 87' lang='lat' dir='ltr'><strong>ipsa</strong></span> <span class='ocrx_word' id='word_1_20' title='bbox 372 456 459 495; x_wconf 91' lang='lat' dir='ltr'><strong>est.</strong></span> <span class='ocrx_word' id='word_1_21' title='bbox 500 443 686 492; x_wconf 87' lang='lat' dir='ltr'><strong>Puritas</strong></span> <span class='ocrx_word' id='word_1_22' title='bbox 716 442 889 490; x_wconf 88' lang='lat' dir='ltr'><strong>mentis</strong></span> <span class='ocrx_word' id='word_1_23' title='bbox 918 440 1094 490; x_wconf 89' lang='lat' dir='ltr'><strong>dicitur</strong></span> <span class='ocrx_word' id='word_1_24' title='bbox 1124 441 1355 491; x_wconf 82' lang='lat' dir='ltr'>subtilitas</span> <span class='ocrx_word' id='word_1_25' title='bbox 1392 442 1619 503; x_wconf 90' lang='lat' dir='ltr'><strong>rationis,</strong></span> <span class='ocrx_word' id='word_1_26' title='bbox 1659 459 1766 508; x_wconf 80' lang='lat' dir='ltr'><strong>quae</strong></span> <span class='ocrx_word' id='word_1_27' title='bbox 1798 444 2044 492; x_wconf 89' lang='lat' dir='ltr'><strong>universas</strong></span> <span class='ocrx_word' id='word_1_28' title='bbox 2082 444 2390 495; x_wconf 87' lang='lat' dir='ltr'><strong>discutiendo</strong></span> 
     </span>
     <span class='ocr_line' id='line_1_4' title="bbox 242 524 2387 596; baseline -0 -19"><span class='ocrx_word' id='word_1_29' title='bbox 242 537 461 596; x_wconf 88' lang='lat' dir='ltr'><strong>penetrat</strong></span> <span class='ocrx_word' id='word_1_30' title='bbox 499 535 710 574; x_wconf 88' lang='lat' dir='ltr'><strong>naturas.</strong></span> <span class='ocrx_word' id='word_1_31' title='bbox 753 527 861 571; x_wconf 85' lang='lat' dir='ltr'><strong>Haec</strong></span> <span class='ocrx_word' id='word_1_32' title='bbox 899 533 1060 571; x_wconf 90' lang='lat' dir='ltr'><strong>autem</strong></span> <span class='ocrx_word' id='word_1_33' title='bbox 1098 533 1210 571; x_wconf 92' lang='lat' dir='ltr'><strong>sunt</strong></span> <span class='ocrx_word' id='word_1_34' title='bbox 1255 524 1334 572; x_wconf 89' lang='lat' dir='ltr'><strong>illa</strong></span> <span class='ocrx_word' id='word_1_35' title='bbox 1378 539 1485 589; x_wconf 83' lang='lat' dir='ltr'><strong>quae</strong></span> <span class='ocrx_word' id='word_1_36' title='bbox 1527 524 1870 590; x_wconf 80' lang='lat' dir='ltr'>proposuimus</span> <span class='ocrx_word' id='word_1_37' title='bbox 1909 525 2139 574; x_wconf 89' lang='lat' dir='ltr'><strong>Macrobii</strong></span> <span class='ocrx_word' id='word_1_38' title='bbox 2192 527 2335 576; x_wconf 85' lang='lat' dir='ltr'><strong>verba</strong></span> <span class='ocrx_word' id='word_1_39' title='bbox 2376 545 2387 575; x_wconf 91' lang='lat'><strong>:</strong></span> 
     </span>
     <span class='ocr_line' id='line_1_5' title="bbox 245 605 2392 673; baseline 0.001 -17"><span class='ocrx_word' id='word_1_40' title='bbox 245 611 456 658; x_wconf 81' lang='lat' dir='ltr'><strong>«Anima</strong></span> <span class='ocrx_word' id='word_1_41' title='bbox 492 623 640 673; x_wconf 81' lang='lat' dir='ltr'><strong>ergo,</strong></span> <span class='ocrx_word' id='word_1_42' title='bbox 676 605 849 671; x_wconf 88' lang='lat' dir='ltr'><strong>inquit,</strong></span> <span class='ocrx_word' id='word_1_43' title='bbox 889 621 1058 653; x_wconf 85' lang='lat' dir='ltr'><strong>creans</strong></span> <span class='ocrx_word' id='word_1_44' title='bbox 1093 605 1183 653; x_wconf 87' lang='lat' dir='ltr'>sibi</span> <span class='ocrx_word' id='word_1_45' title='bbox 1220 605 1535 670; x_wconf 88' lang='lat' dir='ltr'><strong>condensque</strong></span> <span class='ocrx_word' id='word_1_46' title='bbox 1571 621 1797 671; x_wconf 88' lang='lat' dir='ltr'><strong>corpora,</strong></span> <span class='ocrx_word' id='word_1_47' title='bbox 1845 621 1956 653; x_wconf 88' lang='lat' dir='ltr'><strong>nam</strong></span> <span class='ocrx_word' id='word_1_48' title='bbox 1992 607 2103 656; x_wconf 91' lang='lat' dir='ltr'><strong>ideo</strong></span> <span class='ocrx_word' id='word_1_49' title='bbox 2133 607 2195 657; x_wconf 91' lang='lat' dir='ltr'><strong>ab</strong></span> <span class='ocrx_word' id='word_1_50' title='bbox 2231 610 2392 658; x_wconf 88' lang='lat' dir='ltr'><strong>anima</strong></span> 
     </span>
     <span class='ocr_line' id='line_1_6' title="bbox 241 685 2394 756; baseline -0.001 -16"><span class='ocrx_word' id='word_1_51' title='bbox 241 702 412 740; x_wconf 88' lang='lat' dir='ltr'><strong>natura</strong></span> <span class='ocrx_word' id='word_1_52' title='bbox 434 688 620 756; x_wconf 83' lang='lat' dir='ltr'><strong>incipit,</strong></span> <span class='ocrx_word' id='word_1_53' title='bbox 646 703 793 753; x_wconf 88' lang='lat' dir='ltr'><strong>quam</strong></span> <span class='ocrx_word' id='word_1_54' title='bbox 815 686 1055 754; x_wconf 90' lang='lat' dir='ltr'><strong>sapientes</strong></span> <span class='ocrx_word' id='word_1_55' title='bbox 1087 685 1148 733; x_wconf 89' lang='lat' dir='ltr'><strong>de</strong></span> <span class='ocrx_word' id='word_1_56' title='bbox 1171 689 1275 734; x_wconf 92' lang='lat' dir='ltr'><strong>Deo</strong></span> <span class='ocrx_word' id='word_1_57' title='bbox 1304 697 1351 734; x_wconf 89' lang='lat' dir='ltr'><strong>et</strong></span> <span class='ocrx_word' id='word_1_58' title='bbox 1374 696 1536 734; x_wconf 90' lang='lat' dir='ltr'><strong>mente</strong></span> <span class='ocrx_word' id='word_1_59' title='bbox 1569 689 1726 751; x_wconf 86' lang='lat' dir='ltr'><strong>Noym</strong></span> <span class='ocrx_word' id='word_1_60' title='bbox 1751 687 2024 748; x_wconf 82' lang='lat' dir='ltr'><strong>nominant,</strong></span> <span class='ocrx_word' id='word_1_61' title='bbox 2053 705 2110 737; x_wconf 83' lang='lat' dir='ltr'><strong>ex</strong></span> <span class='ocrx_word' id='word_1_62' title='bbox 2134 690 2215 738; x_wconf 92' lang='lat' dir='ltr'><strong>illo</strong></span> <span class='ocrx_word' id='word_1_63' title='bbox 2240 691 2394 756; x_wconf 91' lang='lat' dir='ltr'><strong>puris-</strong></span> 
     </span>
     <span class='ocr_line' id='line_1_7' title="bbox 239 767 2396 835; baseline -0.001 -14"><span class='ocrx_word' id='word_1_64' title='bbox 239 774 362 821; x_wconf 90' lang='lat' dir='ltr'><strong>simo</strong></span> <span class='ocrx_word' id='word_1_65' title='bbox 401 772 550 832; x_wconf 88' lang='lat' dir='ltr'><strong>sonte,</strong></span> <span class='ocrx_word' id='word_1_66' title='bbox 592 785 738 835; x_wconf 90' lang='lat' dir='ltr'><strong>quem</strong></span> <span class='ocrx_word' id='word_1_67' title='bbox 772 767 1019 816; x_wconf 88' lang='lat' dir='ltr'><strong>nascendo</strong></span> <span class='ocrx_word' id='word_1_68' title='bbox 1053 767 1116 815; x_wconf 88' lang='lat' dir='ltr'><strong>de</strong></span> <span class='ocrx_word' id='word_1_69' title='bbox 1151 768 1349 831; x_wconf 89' lang='lat' dir='ltr'><strong>originis</strong></span> <span class='ocrx_word' id='word_1_70' title='bbox 1384 785 1480 816; x_wconf 88' lang='lat' dir='ltr'><strong>suae</strong></span> <span class='ocrx_word' id='word_1_71' title='bbox 1516 768 1743 816; x_wconf 82' lang='lat' dir='ltr'><strong>hauserat</strong></span> <span class='ocrx_word' id='word_1_72' title='bbox 1773 769 1932 834; x_wconf 90' lang='lat' dir='ltr'><strong>copia,</strong></span> <span class='ocrx_word' id='word_1_73' title='bbox 1971 786 2178 835; x_wconf 89' lang='lat' dir='ltr'><strong>corpora</strong></span> <span class='ocrx_word' id='word_1_74' title='bbox 2208 771 2315 819; x_wconf 87' lang='lat' dir='ltr'><strong>coeli</strong></span> <span class='ocrx_word' id='word_1_75' title='bbox 2349 782 2396 819; x_wconf 90' lang='lat' dir='ltr'><strong>et</strong></span> 
     </span>
     <span class='ocr_line' id='line_1_8' title="bbox 240 848 2398 921; baseline -0.001 -19"><span class='ocrx_word' id='word_1_76' title='bbox 240 854 469 920; x_wconf 81' lang='lat' dir='ltr'><strong>syderum</strong></span> <span class='ocrx_word' id='word_1_77' title='bbox 506 868 614 917; x_wconf 86' lang='lat' dir='ltr'><strong>quae</strong></span> <span class='ocrx_word' id='word_1_78' title='bbox 655 849 878 899; x_wconf 90' lang='lat' dir='ltr'>condidit</span> <span class='ocrx_word' id='word_1_79' title='bbox 911 850 1070 915; x_wconf 92' lang='lat' dir='ltr'><strong>prima</strong></span> <span class='ocrx_word' id='word_1_80' title='bbox 1112 849 1359 921; x_wconf 76' lang='lat' dir='ltr'><strong>animavit.</strong></span> <span class='ocrx_word' id='word_1_81' title='bbox 1400 870 1422 892; x_wconf 71' lang='grc' dir='ltr'>υ</span> <span class='ocrx_word' id='word_1_82' title='bbox 1467 852 1523 896; x_wconf 87' lang='lat' dir='ltr'><strong>Et</strong></span> <span class='ocrx_word' id='word_1_83' title='bbox 1561 858 1673 914; x_wconf 91' lang='lat' dir='ltr'><strong>post</strong></span> <span class='ocrx_word' id='word_1_84' title='bbox 1720 848 1899 914; x_wconf 86' lang='lat' dir='ltr'><strong>aliqua,</strong></span> <span class='ocrx_word' id='word_1_85' title='bbox 1951 866 2063 897; x_wconf 91' lang='lat' dir='ltr'><strong>cum</strong></span> <span class='ocrx_word' id='word_1_86' title='bbox 2104 851 2207 917; x_wconf 89' lang='lat' dir='ltr'><strong>ipse</strong></span> <span class='ocrx_word' id='word_1_87' title='bbox 2248 853 2398 918; x_wconf 84' lang='lat' dir='ltr'><strong>ipsius</strong></span> 
     </span>
     <span class='ocr_line' id='line_1_9' title="bbox 239 930 2396 996; baseline -0.001 -13"><span class='ocrx_word' id='word_1_88' title='bbox 239 935 410 983; x_wconf 85' lang='lat' dir='ltr'><strong>animae</strong></span> <span class='ocrx_word' id='word_1_89' title='bbox 440 934 565 982; x_wconf 86' lang='lat' dir='ltr'><strong>vires</strong></span> <span class='ocrx_word' id='word_1_90' title='bbox 596 932 927 996; x_wconf 84' lang='lat' dir='ltr'><strong>distingueret,</strong></span> <span class='ocrx_word' id='word_1_91' title='bbox 956 946 1077 996; x_wconf 88' lang='lat' dir='ltr'><strong>quas</strong></span> <span class='ocrx_word' id='word_1_92' title='bbox 1110 931 1158 978; x_wconf 92' lang='lat' dir='ltr'><strong>in</strong></span> <span class='ocrx_word' id='word_1_93' title='bbox 1183 930 1471 996; x_wconf 89' lang='lat' dir='ltr'><strong>corporibus</strong></span> <span class='ocrx_word' id='word_1_94' title='bbox 1503 939 1706 990; x_wconf 85' lang='lat' dir='ltr'>exercet,</span> <span class='ocrx_word' id='word_1_95' title='bbox 1734 930 2005 979; x_wconf 91' lang='lat' dir='ltr'><strong>secundum</strong></span> <span class='ocrx_word' id='word_1_96' title='bbox 2031 948 2150 996; x_wconf 91' lang='lat' dir='ltr'><strong>quas</strong></span> <span class='ocrx_word' id='word_1_97' title='bbox 2176 934 2396 981; x_wconf 90' lang='lat' dir='ltr'><strong>omnium</strong></span> 
     </span>
     <span class='ocr_line' id='line_1_10' title="bbox 241 1011 2394 1078; baseline -0.002 -13"><span class='ocrx_word' id='word_1_98' title='bbox 241 1017 568 1065; x_wconf 84' lang='lat' dir='ltr'><strong>animatorum</strong></span> <span class='ocrx_word' id='word_1_99' title='bbox 599 1013 823 1063; x_wconf 88' lang='lat' dir='ltr'><strong>ordinata</strong></span> <span class='ocrx_word' id='word_1_100' title='bbox 861 1021 931 1060; x_wconf 92' lang='lat' dir='ltr'><strong>est</strong></span> <span class='ocrx_word' id='word_1_101' title='bbox 963 1020 1153 1071; x_wconf 88' lang='lat' dir='ltr'><strong>natura,</strong></span> <span class='ocrx_word' id='word_1_102' title='bbox 1187 1020 1241 1059; x_wconf 86' lang='lat' dir='ltr'><strong>ut</strong></span> <span class='ocrx_word' id='word_1_103' title='bbox 1274 1012 1365 1059; x_wconf 87' lang='lat' dir='ltr'><strong>alia</strong></span> <span class='ocrx_word' id='word_1_104' title='bbox 1389 1011 1568 1059; x_wconf 89' lang='lat' dir='ltr'><strong>scilicet</strong></span> <span class='ocrx_word' id='word_1_105' title='bbox 1597 1011 1701 1059; x_wconf 89' lang='lat' dir='ltr'><strong>aliis</strong></span> <span class='ocrx_word' id='word_1_106' title='bbox 1733 1012 1945 1078; x_wconf 74' lang='lat' dir='ltr'><strong>praesint,</strong></span> <span class='ocrx_word' id='word_1_107' title='bbox 1982 1011 2155 1076; x_wconf 91' lang='lat' dir='ltr'><strong>adjecit</strong></span> <span class='ocrx_word' id='word_1_108' title='bbox 2191 1013 2356 1061; x_wconf 89' lang='lat' dir='ltr'><strong>dicens</strong></span> <span class='ocrx_word' id='word_1_109' title='bbox 2385 1034 2394 1061; x_wconf 92' lang='lat'><strong>:</strong></span> 
     </span>
     <span class='ocr_line' id='line_1_11' title="bbox 247 1092 2399 1158; baseline 0 -16"><span class='ocrx_word' id='word_1_110' title='bbox 247 1119 269 1142; x_wconf 74' lang='grc' dir='ltr'><strong>α</strong></span> <span class='ocrx_word' id='word_1_111' title='bbox 286 1101 425 1145; x_wconf 88' lang='lat' dir='ltr'><strong>Hunc</strong></span> <span class='ocrx_word' id='word_1_112' title='bbox 448 1113 612 1145; x_wconf 89' lang='lat' dir='ltr'><strong>rerum</strong></span> <span class='ocrx_word' id='word_1_113' title='bbox 636 1094 879 1156; x_wconf 84' lang='lat' dir='ltr'><strong>ordinem,</strong></span> <span class='ocrx_word' id='word_1_114' title='bbox 906 1103 954 1141; x_wconf 89' lang='lat' dir='ltr'><strong>et</strong></span> <span class='ocrx_word' id='word_1_115' title='bbox 977 1093 1200 1157; x_wconf 85' lang='lat' dir='ltr'><strong>Virgilius</strong></span> <span class='ocrx_word' id='word_1_116' title='bbox 1220 1092 1487 1158; x_wconf 85' lang='lat' dir='ltr'><strong>expressit¹.</strong></span> <span class='ocrx_word' id='word_1_117' title='bbox 1516 1094 1638 1140; x_wconf 91' lang='lat' dir='ltr'><strong>Nam</strong></span> <span class='ocrx_word' id='word_1_118' title='bbox 1660 1101 1708 1140; x_wconf 90' lang='lat' dir='ltr'><strong>et</strong></span> <span class='ocrx_word' id='word_1_119' title='bbox 1727 1092 1914 1141; x_wconf 90' lang='lat' dir='ltr'><strong>mundo</strong></span> <span class='ocrx_word' id='word_1_120' title='bbox 1937 1094 2150 1142; x_wconf 90' lang='lat' dir='ltr'><strong>animam</strong></span> <span class='ocrx_word' id='word_1_121' title='bbox 2174 1094 2326 1154; x_wconf 91' lang='lat' dir='ltr'><strong>dedit,</strong></span> <span class='ocrx_word' id='word_1_122' title='bbox 2353 1105 2399 1142; x_wconf 90' lang='lat' dir='ltr'><strong>et</strong></span> 
     </span>
     <span class='ocr_line' id='line_1_12' title="bbox 243 1163 2400 1244; baseline -0.002 -17"><span class='ocrx_word' id='word_1_123' title='bbox 243 1189 297 1226; x_wconf 90' lang='lat' dir='ltr'><strong>ut</strong></span> <span class='ocrx_word' id='word_1_124' title='bbox 336 1178 534 1244; x_wconf 88' lang='lat' dir='ltr'><strong>puritati</strong></span> <span class='ocrx_word' id='word_1_125' title='bbox 574 1177 678 1242; x_wconf 89' lang='lat' dir='ltr'><strong>ejus</strong></span> <span class='ocrx_word' id='word_1_126' title='bbox 716 1184 1049 1237; x_wconf 85' lang='lat' dir='ltr'><strong>attestaretur,</strong></span> <span class='ocrx_word' id='word_1_127' title='bbox 1091 1163 1305 1221; x_wconf 88' lang='lat' dir='ltr'><strong>mentem</strong></span> <span class='ocrx_word' id='word_1_128' title='bbox 1342 1173 1550 1221; x_wconf 86' lang='lat' dir='ltr'><strong>vocavit.</strong></span> <span class='ocrx_word' id='word_1_129' title='bbox 1599 1174 1785 1222; x_wconf 89' lang='lat' dir='ltr'><strong>Coelum</strong></span> <span class='ocrx_word' id='word_1_130' title='bbox 1833 1175 1994 1236; x_wconf 89' lang='lat' dir='ltr'><strong>enim,</strong></span> <span class='ocrx_word' id='word_1_131' title='bbox 2041 1175 2123 1236; x_wconf 91' lang='lat' dir='ltr'><strong>ait,</strong></span> <span class='ocrx_word' id='word_1_132' title='bbox 2167 1185 2317 1223; x_wconf 90' lang='lat' dir='ltr'><strong>terras</strong></span> <span class='ocrx_word' id='word_1_133' title='bbox 2354 1186 2400 1223; x_wconf 89' lang='lat' dir='ltr'><strong>et</strong></span> 
     </span>
     <span class='ocr_line' id='line_1_13' title="bbox 243 1255 2401 1324; baseline -0.002 -16"><span class='ocrx_word' id='word_1_134' title='bbox 243 1259 414 1322; x_wconf 89' lang='lat' dir='ltr'><strong>maria,</strong></span> <span class='ocrx_word' id='word_1_135' title='bbox 449 1269 497 1307; x_wconf 92' lang='lat' dir='ltr'><strong>et</strong></span> <span class='ocrx_word' id='word_1_136' title='bbox 529 1258 700 1324; x_wconf 85' lang='lat' dir='ltr'><strong>sydera</strong></span> <span class='ocrx_word' id='word_1_137' title='bbox 732 1258 936 1323; x_wconf 89' lang='lat' dir='ltr'><strong>Spiritus</strong></span> <span class='ocrx_word' id='word_1_138' title='bbox 967 1256 1051 1304; x_wconf 91' lang='lat' dir='ltr'><strong>alit</strong></span> <span class='ocrx_word' id='word_1_139' title='bbox 1076 1256 1223 1317; x_wconf 79' lang='lat' dir='ltr'><strong>intuS,</strong></span> <span class='ocrx_word' id='word_1_140' title='bbox 1257 1255 1308 1302; x_wconf 91' lang='lat' dir='ltr'><strong>id</strong></span> <span class='ocrx_word' id='word_1_141' title='bbox 1336 1265 1408 1302; x_wconf 89' lang='lat' dir='ltr'><strong>est</strong></span> <span class='ocrx_word' id='word_1_142' title='bbox 1439 1255 1623 1316; x_wconf 83' lang='lat' dir='ltr'><strong>anima3</strong></span> <span class='ocrx_word' id='word_1_143' title='bbox 1653 1265 1700 1303; x_wconf 89' lang='lat' dir='ltr'><strong>et</strong></span> <span class='ocrx_word' id='word_1_144' title='bbox 1730 1266 1783 1303; x_wconf 92' lang='lat' dir='ltr'><strong>ut</strong></span> <span class='ocrx_word' id='word_1_145' title='bbox 1813 1257 1938 1304; x_wconf 92' lang='lat' dir='ltr'><strong>illius</strong></span> <span class='ocrx_word' id='word_1_146' title='bbox 1966 1257 2137 1304; x_wconf 84' lang='lat' dir='ltr'><strong>animae</strong></span> <span class='ocrx_word' id='word_1_147' title='bbox 2172 1267 2401 1304; x_wconf 88' lang='lat' dir='ltr'><strong>assereret</strong></span> 
     </span>
     <span class='ocr_line' id='line_1_14' title="bbox 244 1335 2399 1404; baseline -0.002 -16"><span class='ocrx_word' id='word_1_148' title='bbox 244 1340 545 1404; x_wconf 88' lang='lat' dir='ltr'><strong>dignitatem,</strong></span> <span class='ocrx_word' id='word_1_149' title='bbox 573 1349 787 1387; x_wconf 89' lang='lat' dir='ltr'><strong>mentem</strong></span> <span class='ocrx_word' id='word_1_150' title='bbox 812 1354 915 1386; x_wconf 88' lang='lat' dir='ltr'><strong>esse</strong></span> <span class='ocrx_word' id='word_1_151' title='bbox 937 1347 1136 1385; x_wconf 87' lang='lat' dir='ltr'><strong>testatus</strong></span> <span class='ocrx_word' id='word_1_152' title='bbox 1161 1346 1231 1384; x_wconf 81' lang='lat' dir='ltr'><strong>est</strong></span> <span class='ocrx_word' id='word_1_153' title='bbox 1259 1355 1268 1382; x_wconf 74' lang='grc' dir='ltr'><strong>ε</strong></span> <span class='ocrx_word' id='word_1_154' title='bbox 1301 1338 1476 1383; x_wconf 93' lang='lat' dir='ltr'><strong>«Mens</strong></span> <span class='ocrx_word' id='word_1_155' title='bbox 1499 1336 1644 1400; x_wconf 89' lang='lat' dir='ltr'><strong>agitat</strong></span> <span class='ocrx_word' id='word_1_156' title='bbox 1666 1335 1863 1384; x_wconf 90' lang='lat' dir='ltr'><strong>molem.</strong></span> <span class='ocrx_word' id='word_1_157' title='bbox 1883 1357 1906 1380; x_wconf 90' lang='lat'>»</span> <span class='ocrx_word' id='word_1_158' title='bbox 1938 1339 2139 1385; x_wconf 89' lang='lat' dir='ltr'><strong>Necnon</strong></span> <span class='ocrx_word' id='word_1_159' title='bbox 2166 1346 2219 1385; x_wconf 93' lang='lat' dir='ltr'><strong>ut</strong></span> <span class='ocrx_word' id='word_1_160' title='bbox 2241 1346 2399 1385; x_wconf 90' lang='lat' dir='ltr'><strong>osten-</strong></span> 
     </span>
     <span class='ocr_line' id='line_1_15' title="bbox 244 1417 2250 1488; baseline -0.002 -18"><span class='ocrx_word' id='word_1_161' title='bbox 244 1420 379 1469; x_wconf 89' lang='lat' dir='ltr'><strong>deret</strong></span> <span class='ocrx_word' id='word_1_162' title='bbox 414 1438 469 1469; x_wconf 87' lang='lat' dir='ltr'><strong>ex</strong></span> <span class='ocrx_word' id='word_1_163' title='bbox 507 1422 612 1488; x_wconf 89' lang='lat' dir='ltr'><strong>ipsa</strong></span> <span class='ocrx_word' id='word_1_164' title='bbox 651 1420 811 1469; x_wconf 90' lang='lat' dir='ltr'><strong>anima</strong></span> <span class='ocrx_word' id='word_1_165' title='bbox 846 1428 1069 1468; x_wconf 86' lang='lat' dir='ltr'><strong>constare</strong></span> <span class='ocrx_word' id='word_1_166' title='bbox 1098 1427 1144 1466; x_wconf 89' lang='lat' dir='ltr'><strong>et</strong></span> <span class='ocrx_word' id='word_1_167' title='bbox 1178 1417 1382 1465; x_wconf 86' lang='lat' dir='ltr'><strong>animari</strong></span> <span class='ocrx_word' id='word_1_168' title='bbox 1414 1417 1640 1465; x_wconf 90' lang='lat' dir='ltr'><strong>universa</strong></span> <span class='ocrx_word' id='word_1_169' title='bbox 1670 1433 1777 1482; x_wconf 87' lang='lat' dir='ltr'><strong>quae</strong></span> <span class='ocrx_word' id='word_1_170' title='bbox 1804 1418 1994 1474; x_wconf 88' lang='lat' dir='ltr'><strong>vivunt,</strong></span> <span class='ocrx_word' id='word_1_171' title='bbox 2028 1417 2214 1466; x_wconf 82' lang='lat' dir='ltr'><strong>addidit</strong></span> <span class='ocrx_word' id='word_1_172' title='bbox 2241 1437 2250 1465; x_wconf 92' lang='lat'>:</span> 
     </span>
    </p>
   </div>
   <div class='ocr_carea' id='block_1_3' title="bbox 821 1560 1784 1622">
    <p class='ocr_par' dir='ltr' id='par_1_3' title="bbox 821 1560 1784 1622">
     <span class='ocr_line' id='line_1_16' title="bbox 821 1560 1784 1622; baseline -0.003 -16"><span class='ocrx_word' id='word_1_173' title='bbox 821 1564 934 1606; x_wconf 86' lang='lat' dir='ltr'><strong>Hinc</strong></span> <span class='ocrx_word' id='word_1_174' title='bbox 957 1560 1505 1622; x_wconf 83' lang='lat' dir='ltr'><strong>hominumpecudumque</strong></span> <span class='ocrx_word' id='word_1_175' title='bbox 1527 1576 1677 1621; x_wconf 82' lang='lat' dir='ltr'><strong>genus,</strong></span> <span class='ocrx_word' id='word_1_176' title='bbox 1702 1571 1784 1604; x_wconf 89' lang='lat' dir='ltr'><strong>etc.</strong></span> 
     </span>
    </p>
   </div>
   <div class='ocr_carea' id='block_1_4' title="bbox 244 1692 2402 1838">
    <p class='ocr_par' dir='ltr' id='par_1_4' title="bbox 244 1692 2402 1838">
     <span class='ocr_line' id='line_1_17' title="bbox 313 1692 2402 1761; baseline -0.002 -17"><span class='ocrx_word' id='word_1_177' title='bbox 313 1700 471 1761; x_wconf 88' lang='lat' dir='ltr'><strong>thue</strong></span> <span class='ocrx_word' id='word_1_178' title='bbox 503 1704 796 1744; x_wconf 87' lang='lat' dir='ltr'><strong>asseveraret</strong></span> <span class='ocrx_word' id='word_1_179' title='bbox 831 1692 1058 1742; x_wconf 90' lang='lat' dir='ltr'><strong>eumdem</strong></span> <span class='ocrx_word' id='word_1_180' title='bbox 1089 1708 1190 1740; x_wconf 86' lang='lat' dir='ltr'><strong>esse</strong></span> <span class='ocrx_word' id='word_1_181' title='bbox 1225 1692 1274 1739; x_wconf 92' lang='lat' dir='ltr'><strong>in</strong></span> <span class='ocrx_word' id='word_1_182' title='bbox 1314 1693 1476 1740; x_wconf 89' lang='lat' dir='ltr'><strong>anima</strong></span> <span class='ocrx_word' id='word_1_183' title='bbox 1510 1708 1700 1756; x_wconf 83' lang='lat' dir='ltr'><strong>semper</strong></span> <span class='ocrx_word' id='word_1_184' title='bbox 1736 1693 1969 1757; x_wconf 91' lang='lat' dir='ltr'><strong>vigorem,</strong></span> <span class='ocrx_word' id='word_1_185' title='bbox 2011 1692 2093 1740; x_wconf 92' lang='lat' dir='ltr'><strong>sed</strong></span> <span class='ocrx_word' id='word_1_186' title='bbox 2137 1709 2276 1741; x_wconf 90' lang='lat' dir='ltr'><strong>usum</strong></span> <span class='ocrx_word' id='word_1_187' title='bbox 2300 1693 2402 1757; x_wconf 89' lang='lat' dir='ltr'><strong>ejus</strong></span> 
     </span>
     <span class='ocr_line' id='line_1_18' title="bbox 244 1771 1698 1838; baseline -0.004 -13"><span class='ocrx_word' id='word_1_188' title='bbox 244 1777 503 1825; x_wconf 89' lang='lat' dir='ltr'><strong>hebescere</strong></span> <span class='ocrx_word' id='word_1_189' title='bbox 539 1777 588 1823; x_wconf 93' lang='lat' dir='ltr'><strong>in</strong></span> <span class='ocrx_word' id='word_1_190' title='bbox 624 1773 912 1824; x_wconf 90' lang='lat' dir='ltr'><strong>animalibus</strong></span> <span class='ocrx_word' id='word_1_191' title='bbox 949 1773 1172 1838; x_wconf 90' lang='lat' dir='ltr'><strong>corporis</strong></span> <span class='ocrx_word' id='word_1_192' title='bbox 1206 1771 1460 1832; x_wconf 88' lang='lat' dir='ltr'><strong>densitate,</strong></span> <span class='ocrx_word' id='word_1_193' title='bbox 1488 1771 1698 1835; x_wconf 84' lang='lat' dir='ltr'><strong>adjecit:</strong></span> 
     </span>
    </p>
   </div>
   <div class='ocr_carea' id='block_1_5' title="bbox 1098 1905 2008 1965">
    <p class='ocr_par' dir='ltr' id='par_1_5' title="bbox 1098 1905 2008 1965">
     <span class='ocr_line' id='line_1_19' title="bbox 1098 1905 2008 1965; baseline 0 -17"><span class='ocrx_word' id='word_1_194' title='bbox 1098 1905 1323 1960; x_wconf 85' lang='lat' dir='ltr'><strong>Quantum</strong></span> <span class='ocrx_word' id='word_1_195' title='bbox 1343 1921 1433 1948; x_wconf 91' lang='lat' dir='ltr'><strong>non</strong></span> <span class='ocrx_word' id='word_1_196' title='bbox 1456 1905 1584 1948; x_wconf 87' lang='lat' dir='ltr'><strong>noxia</strong></span> <span class='ocrx_word' id='word_1_197' title='bbox 1611 1920 1792 1965; x_wconf 86' lang='lat' dir='ltr'><strong>corpora</strong></span> <span class='ocrx_word' id='word_1_198' title='bbox 1815 1905 2008 1948; x_wconf 84' lang='lat' dir='ltr'><strong>tardant.</strong></span> 
     </span>
    </p>
   </div>
   <div class='ocr_carea' id='block_1_6' title="bbox 246 2041 2414 3241">
    <p class='ocr_par' dir='ltr' id='par_1_6' title="bbox 246 2041 2414 3241">
     <span class='ocr_line' id='line_1_20' title="bbox 312 2041 2404 2110; baseline 0 -18"><span class='ocrx_word' id='word_1_199' title='bbox 312 2047 423 2092; x_wconf 85' lang='lat' dir='ltr'><strong>Haec</strong></span> <span class='ocrx_word' id='word_1_200' title='bbox 474 2043 673 2110; x_wconf 86' lang='lat' dir='ltr'><strong>quidem</strong></span> <span class='ocrx_word' id='word_1_201' title='bbox 722 2043 886 2108; x_wconf 85' lang='lat' dir='ltr'><strong>omnia</strong></span> <span class='ocrx_word' id='word_1_202' title='bbox 930 2052 1028 2090; x_wconf 87' lang='lat' dir='ltr'><strong>tam</strong></span> <span class='ocrx_word' id='word_1_203' title='bbox 1075 2041 1261 2106; x_wconf 87' lang='lat' dir='ltr'><strong>Virgilii</strong></span> <span class='ocrx_word' id='word_1_204' title='bbox 1308 2056 1456 2106; x_wconf 90' lang='lat' dir='ltr'><strong>quam</strong></span> <span class='ocrx_word' id='word_1_205' title='bbox 1503 2042 1736 2090; x_wconf 92' lang='lat' dir='ltr'><strong>Macrobii</strong></span> <span class='ocrx_word' id='word_1_206' title='bbox 1771 2043 1919 2091; x_wconf 89' lang='lat' dir='ltr'><strong>verba</strong></span> <span class='ocrx_word' id='word_1_207' title='bbox 1966 2043 2100 2091; x_wconf 88' lang='lat' dir='ltr'><strong>facile</strong></span> <span class='ocrx_word' id='word_1_208' title='bbox 2153 2054 2223 2091; x_wconf 91' lang='lat' dir='ltr'><strong>est</strong></span> <span class='ocrx_word' id='word_1_209' title='bbox 2269 2044 2404 2108; x_wconf 85' lang='lat' dir='ltr'><strong>juxta</strong></span> 
     </span>
     <span class='ocr_line' id='line_1_21' title="bbox 246 2121 2406 2193; baseline -0.001 -19"><span class='ocrx_word' id='word_1_210' title='bbox 246 2126 552 2193; x_wconf 89' lang='lat' dir='ltr'><strong>propositum</strong></span> <span class='ocrx_word' id='word_1_211' title='bbox 604 2134 825 2172; x_wconf 91' lang='lat' dir='ltr'><strong>nostrum</strong></span> <span class='ocrx_word' id='word_1_212' title='bbox 879 2124 942 2171; x_wconf 91' lang='lat' dir='ltr'><strong>ad</strong></span> <span class='ocrx_word' id='word_1_213' title='bbox 989 2133 1165 2171; x_wconf 84' lang='lat' dir='ltr'><strong>nostrae</strong></span> <span class='ocrx_word' id='word_1_214' title='bbox 1217 2121 1330 2170; x_wconf 83' lang='lat' dir='ltr'><strong>fidei</strong></span> <span class='ocrx_word' id='word_1_215' title='bbox 1383 2133 1604 2170; x_wconf 90' lang='lat' dir='ltr'><strong>tenorem</strong></span> <span class='ocrx_word' id='word_1_216' title='bbox 1655 2124 2060 2185; x_wconf 90' lang='lat' dir='ltr'><strong>accommodare;</strong></span> <span class='ocrx_word' id='word_1_217' title='bbox 2113 2141 2213 2171; x_wconf 94' lang='lat' dir='ltr'><strong>non</strong></span> <span class='ocrx_word' id='word_1_218' title='bbox 2271 2125 2406 2173; x_wconf 88' lang='lat' dir='ltr'><strong>aliter</strong></span> 
     </span>
     <span class='ocr_line' id='line_1_22' title="bbox 247 2203 2407 2270; baseline 0 -16"><span class='ocrx_word' id='word_1_219' title='bbox 247 2223 303 2254; x_wconf 89' lang='lat' dir='ltr'><strong>ea</strong></span> <span class='ocrx_word' id='word_1_220' title='bbox 351 2206 581 2254; x_wconf 85' lang='lat' dir='ltr'><strong>convenit</strong></span> <span class='ocrx_word' id='word_1_221' title='bbox 621 2205 818 2270; x_wconf 86' lang='lat' dir='ltr'><strong>exponi.</strong></span> <span class='ocrx_word' id='word_1_222' title='bbox 869 2204 1017 2262; x_wconf 87' lang='lat' dir='ltr'><strong>Quod</strong></span> <span class='ocrx_word' id='word_1_223' title='bbox 1058 2204 1219 2267; x_wconf 88' lang='lat' dir='ltr'><strong>itaque</strong></span> <span class='ocrx_word' id='word_1_224' title='bbox 1256 2204 1323 2250; x_wconf 87' lang='lat' dir='ltr'><strong>ait</strong></span> <span class='ocrx_word' id='word_1_225' title='bbox 1355 2220 1502 2251; x_wconf 88' lang='lat' dir='ltr'><strong>-usum</strong></span> <span class='ocrx_word' id='word_1_226' title='bbox 1538 2204 1710 2252; x_wconf 81' lang='lat' dir='ltr'><strong>animae</strong></span> <span class='ocrx_word' id='word_1_227' title='bbox 1740 2203 1999 2252; x_wconf 89' lang='lat' dir='ltr'><strong>hebescere</strong></span> <span class='ocrx_word' id='word_1_228' title='bbox 2034 2205 2085 2252; x_wconf 92' lang='lat' dir='ltr'><strong>in</strong></span> <span class='ocrx_word' id='word_1_229' title='bbox 2119 2206 2407 2254; x_wconf 87' lang='lat' dir='ltr'><strong>animalibus</strong></span> 
     </span>
     <span class='ocr_line' id='line_1_23' title="bbox 249 2284 2409 2353; baseline 0 -19"><span class='ocrx_word' id='word_1_230' title='bbox 249 2287 466 2353; x_wconf 90' lang='lat' dir='ltr'><strong>corporis</strong></span> <span class='ocrx_word' id='word_1_231' title='bbox 522 2286 786 2342; x_wconf 88' lang='lat' dir='ltr'><strong>densitate,</strong></span> <span class='ocrx_word' id='word_1_232' title='bbox 852 2285 946 2332; x_wconf 89' lang='lat' dir='ltr'><strong>tale</strong></span> <span class='ocrx_word' id='word_1_233' title='bbox 1006 2293 1076 2332; x_wconf 89' lang='lat' dir='ltr'><strong>est</strong></span> <span class='ocrx_word' id='word_1_234' title='bbox 1130 2284 1334 2349; x_wconf 88' lang='lat' dir='ltr'><strong>Spiritus</strong></span> <span class='ocrx_word' id='word_1_235' title='bbox 1382 2285 1536 2332; x_wconf 91' lang='lat' dir='ltr'><strong>sancti</strong></span> <span class='ocrx_word' id='word_1_236' title='bbox 1579 2286 1780 2349; x_wconf 86' lang='lat' dir='ltr'><strong>gratiam</strong></span> <span class='ocrx_word' id='word_1_237' title='bbox 1822 2302 2024 2333; x_wconf 87' lang='lat' dir='ltr'><strong>suorum</strong></span> <span class='ocrx_word' id='word_1_238' title='bbox 2059 2285 2409 2335; x_wconf 88' lang='lat' dir='ltr'><strong>beneficiorum</strong></span> 
     </span>
     <span class='ocr_line' id='line_1_24' title="bbox 249 2364 2411 2432; baseline 0 -18"><span class='ocrx_word' id='word_1_239' title='bbox 249 2366 513 2414; x_wconf 76' lang='lat' dir='ltr'><strong>efficaciam</strong></span> <span class='ocrx_word' id='word_1_240' title='bbox 558 2366 719 2413; x_wconf 91' lang='lat' dir='ltr'><strong>minus</strong></span> <span class='ocrx_word' id='word_1_241' title='bbox 762 2364 945 2412; x_wconf 90' lang='lat' dir='ltr'><strong>habere</strong></span> <span class='ocrx_word' id='word_1_242' title='bbox 979 2365 1030 2411; x_wconf 90' lang='lat' dir='ltr'><strong>in</strong></span> <span class='ocrx_word' id='word_1_243' title='bbox 1067 2364 1342 2416; x_wconf 86' lang='lat' dir='ltr'><strong>carnalibus</strong></span> <span class='ocrx_word' id='word_1_244' title='bbox 1376 2375 1424 2413; x_wconf 86' lang='lat' dir='ltr'><strong>et</strong></span> <span class='ocrx_word' id='word_1_245' title='bbox 1467 2365 1748 2414; x_wconf 84' lang='lat' dir='ltr'><strong>bestialibus</strong></span> <span class='ocrx_word' id='word_1_246' title='bbox 1786 2365 2088 2429; x_wconf 92' lang='lat' dir='ltr'><strong>hominibus,</strong></span> <span class='ocrx_word' id='word_1_247' title='bbox 2137 2368 2219 2431; x_wconf 93' lang='lat' dir='ltr'><strong>qui</strong></span> <span class='ocrx_word' id='word_1_248' title='bbox 2262 2368 2411 2432; x_wconf 89' lang='lat' dir='ltr'><strong>magis</strong></span> 
     </span>
     <span class='ocr_line' id='line_1_25' title="bbox 250 2431 2410 2514; baseline 0.001 -20"><span class='ocrx_word' id='word_1_249' title='bbox 250 2431 469 2495; x_wconf 86' lang='lat' dir='ltr'><strong>sensibus</strong></span> <span class='ocrx_word' id='word_1_250' title='bbox 515 2462 662 2512; x_wconf 90' lang='lat' dir='ltr'><strong>quam</strong></span> <span class='ocrx_word' id='word_1_251' title='bbox 707 2446 908 2494; x_wconf 85' lang='lat' dir='ltr'><strong>ratione</strong></span> <span class='ocrx_word' id='word_1_252' title='bbox 940 2455 1194 2510; x_wconf 83' lang='lat' dir='ltr'><strong>reguntur,</strong></span> <span class='ocrx_word' id='word_1_253' title='bbox 1244 2445 1519 2494; x_wconf 89' lang='lat' dir='ltr'><strong>carnalibus</strong></span> <span class='ocrx_word' id='word_1_254' title='bbox 1563 2446 1744 2494; x_wconf 90' lang='lat' dir='ltr'><strong>scilicet</strong></span> <span class='ocrx_word' id='word_1_255' title='bbox 1775 2446 1924 2495; x_wconf 90' lang='lat' dir='ltr'><strong>dediti</strong></span> <span class='ocrx_word' id='word_1_256' title='bbox 1964 2447 2312 2514; x_wconf 87' lang='lat' dir='ltr'><strong>voluptatibus,</strong></span> <span class='ocrx_word' id='word_1_257' title='bbox 2355 2460 2410 2496; x_wconf 93' lang='lat' dir='ltr'><strong>ut</strong></span> 
     </span>
     <span class='ocr_line' id='line_1_26' title="bbox 248 2521 2411 2594; baseline 0 -19"><span class='ocrx_word' id='word_1_258' title='bbox 248 2530 403 2594; x_wconf 89' lang='lat' dir='ltr'><strong>ipsam</strong></span> <span class='ocrx_word' id='word_1_259' title='bbox 454 2527 742 2576; x_wconf 89' lang='lat' dir='ltr'><strong>densitatem</strong></span> <span class='ocrx_word' id='word_1_260' title='bbox 799 2527 1020 2593; x_wconf 89' lang='lat' dir='ltr'><strong>corporis</strong></span> <span class='ocrx_word' id='word_1_261' title='bbox 1077 2525 1345 2574; x_wconf 89' lang='lat' dir='ltr'><strong>carnalium</strong></span> <span class='ocrx_word' id='word_1_262' title='bbox 1399 2521 1736 2580; x_wconf 85' lang='lat' dir='ltr'><strong>illecebrarum</strong></span> <span class='ocrx_word' id='word_1_263' title='bbox 1791 2529 2173 2592; x_wconf 88' lang='lat' dir='ltr'><strong>magnitudinem</strong></span> <span class='ocrx_word' id='word_1_264' title='bbox 2227 2529 2411 2577; x_wconf 89' lang='lat' dir='ltr'><strong>intelli—</strong></span> 
     </span>
     <span class='ocr_line' id='line_1_27' title="bbox 248 2607 2407 2674; baseline 0 -17"><span class='ocrx_word' id='word_1_265' title='bbox 248 2626 435 2674; x_wconf 86' lang='lat' dir='ltr'><strong>gamus.</strong></span> <span class='ocrx_word' id='word_1_266' title='bbox 487 2609 584 2668; x_wconf 86' lang='lat' dir='ltr'><strong>Qui</strong></span> <span class='ocrx_word' id='word_1_267' title='bbox 629 2609 774 2656; x_wconf 90' lang='lat' dir='ltr'><strong>etiam</strong></span> <span class='ocrx_word' id='word_1_268' title='bbox 813 2607 898 2655; x_wconf 88' lang='lat' dir='ltr'><strong>ubi</strong></span> <span class='ocrx_word' id='word_1_269' title='bbox 939 2607 1005 2655; x_wconf 87' lang='lat' dir='ltr'><strong>ait</strong></span> <span class='ocrx_word' id='word_1_270' title='bbox 1045 2607 1199 2672; x_wconf 91' lang='lat' dir='ltr'><strong>ipsam</strong></span> <span class='ocrx_word' id='word_1_271' title='bbox 1242 2607 1453 2655; x_wconf 90' lang='lat' dir='ltr'><strong>animam</strong></span> <span class='ocrx_word' id='word_1_272' title='bbox 1501 2625 1664 2656; x_wconf 90' lang='lat' dir='ltr'><strong>creare</strong></span> <span class='ocrx_word' id='word_1_273' title='bbox 1711 2608 1803 2655; x_wconf 90' lang='lat' dir='ltr'><strong>sibi</strong></span> <span class='ocrx_word' id='word_1_274' title='bbox 1844 2625 2052 2674; x_wconf 89' lang='lat' dir='ltr'><strong>corpora</strong></span> <span class='ocrx_word' id='word_1_275' title='bbox 2088 2619 2136 2656; x_wconf 89' lang='lat' dir='ltr'><strong>et</strong></span> <span class='ocrx_word' id='word_1_276' title='bbox 2172 2610 2407 2671; x_wconf 90' lang='lat' dir='ltr'><strong>condere,</strong></span> 
     </span>
     <span class='ocr_line' id='line_1_28' title="bbox 251 2687 2410 2753; baseline 0.001 -17"><span class='ocrx_word' id='word_1_277' title='bbox 251 2706 357 2738; x_wconf 89' lang='lat' dir='ltr'><strong>eam</strong></span> <span class='ocrx_word' id='word_1_278' title='bbox 396 2700 665 2738; x_wconf 89' lang='lat' dir='ltr'><strong>creatorem</strong></span> <span class='ocrx_word' id='word_1_279' title='bbox 708 2705 899 2750; x_wconf 89' lang='lat' dir='ltr'><strong>rerum,</strong></span> <span class='ocrx_word' id='word_1_280' title='bbox 940 2698 988 2736; x_wconf 88' lang='lat' dir='ltr'><strong>et</strong></span> <span class='ocrx_word' id='word_1_281' title='bbox 1022 2705 1109 2753; x_wconf 89' lang='lat' dir='ltr'><strong>per</strong></span> <span class='ocrx_word' id='word_1_282' title='bbox 1146 2687 1244 2735; x_wconf 91' lang='lat' dir='ltr'><strong>hoc</strong></span> <span class='ocrx_word' id='word_1_283' title='bbox 1282 2690 1439 2735; x_wconf 91' lang='lat' dir='ltr'><strong>Deum</strong></span> <span class='ocrx_word' id='word_1_284' title='bbox 1479 2705 1581 2735; x_wconf 91' lang='lat' dir='ltr'><strong>esse</strong></span> <span class='ocrx_word' id='word_1_285' title='bbox 1617 2690 1813 2750; x_wconf 89' lang='lat' dir='ltr'><strong>astruit,</strong></span> <span class='ocrx_word' id='word_1_286' title='bbox 1853 2699 1900 2737; x_wconf 90' lang='lat' dir='ltr'><strong>et</strong></span> <span class='ocrx_word' id='word_1_287' title='bbox 1941 2699 2207 2737; x_wconf 89' lang='lat' dir='ltr'><strong>creatarum</strong></span> <span class='ocrx_word' id='word_1_288' title='bbox 2246 2707 2410 2738; x_wconf 90' lang='lat' dir='ltr'><strong>rerum</strong></span> 
     </span>
     <span class='ocr_line' id='line_1_29' title="bbox 252 2767 2412 2834; baseline 0 -17"><span class='ocrx_word' id='word_1_289' title='bbox 252 2770 612 2829; x_wconf 88' lang='lat' dir='ltr'><strong>ordinatorem,</strong></span> <span class='ocrx_word' id='word_1_290' title='bbox 664 2778 712 2816; x_wconf 89' lang='lat' dir='ltr'><strong>et</strong></span> <span class='ocrx_word' id='word_1_291' title='bbox 755 2778 1130 2834; x_wconf 83' lang='lat' dir='ltr'><strong>praeparatorem</strong></span> <span class='ocrx_word' id='word_1_292' title='bbox 1182 2767 1240 2814; x_wconf 91' lang='lat' dir='ltr'><strong>ad</strong></span> <span class='ocrx_word' id='word_1_293' title='bbox 1291 2767 1421 2815; x_wconf 90' lang='lat' dir='ltr'><strong>bona</strong></span> <span class='ocrx_word' id='word_1_294' title='bbox 1467 2785 1643 2833; x_wconf 88' lang='lat' dir='ltr'><strong>opera,</strong></span> <span class='ocrx_word' id='word_1_295' title='bbox 1700 2769 1944 2816; x_wconf 89' lang='lat' dir='ltr'><strong>donorum</strong></span> <span class='ocrx_word' id='word_1_296' title='bbox 1998 2786 2198 2817; x_wconf 87' lang='lat' dir='ltr'><strong>suorum</strong></span> <span class='ocrx_word' id='word_1_297' title='bbox 2251 2770 2412 2819; x_wconf 92' lang='lat' dir='ltr'><strong>distri-</strong></span> 
     </span>
     <span class='ocr_line' id='line_1_30' title="bbox 251 2847 2414 2914; baseline 0.001 -16"><span class='ocrx_word' id='word_1_298' title='bbox 251 2851 487 2910; x_wconf 86' lang='lat' dir='ltr'><strong>butione,</strong></span> <span class='ocrx_word' id='word_1_299' title='bbox 539 2860 594 2897; x_wconf 93' lang='lat' dir='ltr'><strong>ut</strong></span> <span class='ocrx_word' id='word_1_300' title='bbox 634 2849 726 2897; x_wconf 92' lang='lat' dir='ltr'><strong>sibi</strong></span> <span class='ocrx_word' id='word_1_301' title='bbox 769 2866 848 2897; x_wconf 88' lang='lat' dir='ltr'><strong>eas</strong></span> <span class='ocrx_word' id='word_1_302' title='bbox 890 2850 1093 2914; x_wconf 89' lang='lat' dir='ltr'><strong>dignum</strong></span> <span class='ocrx_word' id='word_1_303' title='bbox 1128 2847 1461 2896; x_wconf 85' lang='lat' dir='ltr'><strong>habitaculum</strong></span> <span class='ocrx_word' id='word_1_304' title='bbox 1496 2848 1688 2897; x_wconf 87' lang='lat' dir='ltr'><strong>efficiat.</strong></span> <span class='ocrx_word' id='word_1_305' title='bbox 1731 2850 1802 2897; x_wconf 90' lang='lat' dir='ltr'><strong>Ab</strong></span> <span class='ocrx_word' id='word_1_306' title='bbox 1839 2851 2000 2898; x_wconf 87' lang='lat' dir='ltr'><strong>anima</strong></span> <span class='ocrx_word' id='word_1_307' title='bbox 2040 2860 2260 2900; x_wconf 86' lang='lat' dir='ltr'><strong>naturam</strong></span> <span class='ocrx_word' id='word_1_308' title='bbox 2296 2852 2414 2901; x_wconf 91' lang='lat' dir='ltr'><strong>dicit</strong></span> 
     </span>
     <span class='ocr_line' id='line_1_31' title="bbox 255 2929 2413 2996; baseline 0.001 -17"><span class='ocrx_word' id='word_1_309' title='bbox 255 2932 498 2996; x_wconf 88' lang='lat' dir='ltr'><strong>incipere,</strong></span> <span class='ocrx_word' id='word_1_310' title='bbox 550 2931 664 2995; x_wconf 90' lang='lat' dir='ltr'><strong>quia</strong></span> <span class='ocrx_word' id='word_1_311' title='bbox 701 2946 788 2995; x_wconf 91' lang='lat' dir='ltr'><strong>per</strong></span> <span class='ocrx_word' id='word_1_312' title='bbox 833 2930 1035 2994; x_wconf 88' lang='lat' dir='ltr'><strong>gratiam</strong></span> <span class='ocrx_word' id='word_1_313' title='bbox 1070 2929 1272 2993; x_wconf 87' lang='lat' dir='ltr'><strong>Spiritus</strong></span> <span class='ocrx_word' id='word_1_314' title='bbox 1316 2929 1469 2976; x_wconf 89' lang='lat' dir='ltr'><strong>sancti</strong></span> <span class='ocrx_word' id='word_1_315' title='bbox 1510 2930 1753 2977; x_wconf 89' lang='lat' dir='ltr'><strong>nascimur</strong></span> <span class='ocrx_word' id='word_1_316' title='bbox 1797 2931 2128 2996; x_wconf 87' lang='lat' dir='ltr'><strong>spiritualiter,</strong></span> <span class='ocrx_word' id='word_1_317' title='bbox 2178 2942 2231 2980; x_wconf 90' lang='lat' dir='ltr'><strong>ut</strong></span> <span class='ocrx_word' id='word_1_318' title='bbox 2262 2933 2413 2981; x_wconf 89' lang='lat' dir='ltr'><strong>simus</strong></span> 
     </span>
     <span class='ocr_line' id='line_1_32' title="bbox 256 3009 2412 3076; baseline 0.001 -17"><span class='ocrx_word' id='word_1_319' title='bbox 256 3012 342 3060; x_wconf 87' lang='lat' dir='ltr'><strong>filii</strong></span> <span class='ocrx_word' id='word_1_320' title='bbox 384 3012 471 3059; x_wconf 92' lang='lat' dir='ltr'><strong>Dei</strong></span> <span class='ocrx_word' id='word_1_321' title='bbox 506 3011 656 3076; x_wconf 91' lang='lat' dir='ltr'><strong>magis</strong></span> <span class='ocrx_word' id='word_1_322' title='bbox 693 3027 841 3075; x_wconf 90' lang='lat' dir='ltr'><strong>quam</strong></span> <span class='ocrx_word' id='word_1_323' title='bbox 878 3010 1018 3057; x_wconf 87' lang='lat' dir='ltr'><strong>servi.</strong></span> <span class='ocrx_word' id='word_1_324' title='bbox 1069 3009 1202 3056; x_wconf 92' lang='lat' dir='ltr'><strong>Sicut</strong></span> <span class='ocrx_word' id='word_1_325' title='bbox 1244 3009 1375 3057; x_wconf 90' lang='lat' dir='ltr'><strong>enim</strong></span> <span class='ocrx_word' id='word_1_326' title='bbox 1417 3009 1659 3059; x_wconf 88' lang='lat' dir='ltr'><strong>subtracta</strong></span> <span class='ocrx_word' id='word_1_327' title='bbox 1694 3010 1786 3059; x_wconf 88' lang='lat' dir='ltr'><strong>hac</strong></span> <span class='ocrx_word' id='word_1_328' title='bbox 1831 3014 1980 3075; x_wconf 89' lang='lat' dir='ltr'><strong>gratia</strong></span> <span class='ocrx_word' id='word_1_329' title='bbox 2026 3030 2326 3062; x_wconf 90' lang='lat' dir='ltr'><strong>moreremur</strong></span> <span class='ocrx_word' id='word_1_330' title='bbox 2363 3015 2412 3061; x_wconf 93' lang='lat' dir='ltr'><strong>in</strong></span> 
     </span>
     <span class='ocr_line' id='line_1_33' title="bbox 255 3090 2412 3160; baseline -0 -18"><span class='ocrx_word' id='word_1_331' title='bbox 255 3094 409 3155; x_wconf 90' lang='lat' dir='ltr'><strong>vitiis,</strong></span> <span class='ocrx_word' id='word_1_332' title='bbox 459 3094 526 3141; x_wconf 89' lang='lat' dir='ltr'><strong>ita</strong></span> <span class='ocrx_word' id='word_1_333' title='bbox 556 3103 603 3140; x_wconf 89' lang='lat' dir='ltr'><strong>et</strong></span> <span class='ocrx_word' id='word_1_334' title='bbox 636 3108 692 3140; x_wconf 85' lang='lat' dir='ltr'><strong>ea</strong></span> <span class='ocrx_word' id='word_1_335' title='bbox 726 3091 900 3140; x_wconf 91' lang='lat' dir='ltr'><strong>collata</strong></span> <span class='ocrx_word' id='word_1_336' title='bbox 940 3090 1186 3150; x_wconf 84' lang='lat' dir='ltr'><strong>nascimur</strong></span> <span class='ocrx_word' id='word_1_337' title='bbox 1217 3091 1267 3138; x_wconf 91' lang='lat' dir='ltr'><strong>in</strong></span> <span class='ocrx_word' id='word_1_338' title='bbox 1298 3107 1463 3140; x_wconf 85' lang='lat' dir='ltr'><strong>veram</strong></span> <span class='ocrx_word' id='word_1_339' title='bbox 1498 3092 1732 3140; x_wconf 87' lang='lat' dir='ltr'><strong>virtutum</strong></span> <span class='ocrx_word' id='word_1_340' title='bbox 1761 3093 1933 3155; x_wconf 88' lang='lat' dir='ltr'><strong>vitam,</strong></span> <span class='ocrx_word' id='word_1_341' title='bbox 1982 3110 2103 3159; x_wconf 90' lang='lat' dir='ltr'><strong>quas</strong></span> <span class='ocrx_word' id='word_1_342' title='bbox 2142 3111 2230 3160; x_wconf 91' lang='lat' dir='ltr'><strong>per</strong></span> <span class='ocrx_word' id='word_1_343' title='bbox 2272 3106 2412 3143; x_wconf 87' lang='lat' dir='ltr'><strong>natu—</strong></span> 
     </span>
     <span class='ocr_line' id='line_1_34' title="bbox 255 3172 2412 3241; baseline 0.001 -20"><span class='ocrx_word' id='word_1_344' title='bbox 255 3191 360 3223; x_wconf 91' lang='lat' dir='ltr'><strong>ram</strong></span> <span class='ocrx_word' id='word_1_345' title='bbox 388 3174 646 3236; x_wconf 85' lang='lat' dir='ltr'><strong>habemus,</strong></span> <span class='ocrx_word' id='word_1_346' title='bbox 679 3183 727 3221; x_wconf 86' lang='lat' dir='ltr'><strong>et</strong></span> <span class='ocrx_word' id='word_1_347' title='bbox 763 3182 933 3221; x_wconf 92' lang='lat' dir='ltr'><strong>contra</strong></span> <span class='ocrx_word' id='word_1_348' title='bbox 964 3181 1188 3221; x_wconf 87' lang='lat' dir='ltr'><strong>naturam</strong></span> <span class='ocrx_word' id='word_1_349' title='bbox 1220 3172 1359 3233; x_wconf 89' lang='lat' dir='ltr'><strong>vitia,</strong></span> <span class='ocrx_word' id='word_1_350' title='bbox 1391 3189 1505 3221; x_wconf 89' lang='lat' dir='ltr'><strong>oum</strong></span> <span class='ocrx_word' id='word_1_351' title='bbox 1540 3174 1600 3222; x_wconf 91' lang='lat' dir='ltr'><strong>sit</strong></span> <span class='ocrx_word' id='word_1_352' title='bbox 1626 3174 1795 3222; x_wconf 87' lang='lat' dir='ltr'><strong>vitium</strong></span> <span class='ocrx_word' id='word_1_353' title='bbox 1827 3177 2075 3241; x_wconf 85' lang='lat' dir='ltr'><strong>corruptio</strong></span> <span class='ocrx_word' id='word_1_354' title='bbox 2109 3187 2305 3225; x_wconf 78' lang='lat' dir='ltr'><strong>naturae.</strong></span> <span class='ocrx_word' id='word_1_355' title='bbox 2343 3179 2412 3224; x_wconf 90' lang='lat' dir='ltr'><strong>De</strong></span> 
     </span>
    </p>
   </div>
   <div class='ocr_carea' id='block_1_7' title="bbox 300 3368 797 3411">
    <p class='ocr_par' dir='ltr' id='par_1_7' title="bbox 300 3368 797 3411">
     <span class='ocr_line' id='line_1_35' title="bbox 300 3368 797 3411; baseline -0.004 -10"><span class='ocrx_word' id='word_1_356' title='bbox 300 3370 306 3389; x_wconf 85' lang='lat'><strong>¹</strong></span> <span class='ocrx_word' id='word_1_357' title='bbox 328 3369 459 3402; x_wconf 80' lang='lat' dir='ltr'><strong>AEneid.</strong></span> <span class='ocrx_word' id='word_1_358' title='bbox 479 3368 535 3411; x_wconf 87' lang='lat' dir='ltr'><strong>Vl,</strong></span> <span class='ocrx_word' id='word_1_359' title='bbox 551 3379 582 3402; x_wconf 88' lang='lat' dir='ltr'><strong>v.</strong></span> <span class='ocrx_word' id='word_1_360' title='bbox 604 3371 662 3403; x_wconf 81' lang='lat'><strong>727</strong></span> <span class='ocrx_word' id='word_1_361' title='bbox 683 3373 715 3402; x_wconf 86' lang='lat' dir='ltr'><strong>et</strong></span> <span class='ocrx_word' id='word_1_362' title='bbox 732 3378 797 3410; x_wconf 87' lang='lat' dir='ltr'><strong>sq..</strong></span> 
     </span>
    </p>
   </div>
  </div>
 </body>
</html>
