2638 3866
308 216 406 265 274-
1115 210 1287 258 PETRI
1323 210 1641 259 ABAELARDI

369 313 510 362 Unde
531 329 629 360 non
657 311 857 359 minima
893 310 998 359 fieri
1027 311 1224 376 quaestio
1264 310 1402 372 solet,
1435 326 1590 374 quare
1621 310 1847 359 videlicet
1880 326 2026 377 poena
2053 311 2445 366 haecreservatur

303 395 386 442 ubi
415 403 666 460 peccatum
697 391 831 457 quod
859 392 962 456 ejus
993 408 1135 439 causa
1159 400 1247 451 est,
1278 390 1589 438 condonatur
1614 408 1625 437 :
1667 400 1719 438 ut
1753 393 1838 456 qui
1868 391 2089 441 videlicet
2120 394 2171 442 in
2202 391 2453 462 baptismo

302 475 491 539 plenam
515 482 824 539 peccatorum
843 472 1172 520 remissionem
1193 471 1483 537 percipiunt,
1510 471 1671 518 statim
1698 470 1830 519 illam
1857 471 2024 520 saltem
2050 490 2200 538 quam
2225 476 2275 523 in
2303 493 2446 542 paras-*2

300 552 406 600 diso
439 563 550 601 ante
597 563 847 622 peccatum
887 551 1149 614 habebant,
1187 551 1594 612 immortalitatem
1629 550 1950 618 recuperent?
1973 553 2041 601 Ad
2064 571 2211 620 quam
2243 556 2443 622 quidem

300 633 613 696 quaestionem
630 633 841 680 Isidorus
859 632 917 679 de
934 650 1120 680 summo
1139 631 1259 679 bono
1275 631 1575 697 respondens
1592 631 1677 680 lib.
1697 635 1735 690 Ι,
1753 649 1861 698 cap.
1885 651 2013 693 xx111,
2032 636 2099 682 ait
2117 653 2128 681 :
2150 654 2173 681 «
2194 636 2241 685 Si
2257 653 2284 684 a
2299 653 2443 702 poena

298 714 518 777 praesenti
534 714 667 761 homi
673 730 758 762 nes
779 713 1100 762 liberarentur
1115 730 1201 779 per
1217 712 1533 779 baptismum,
1553 713 1711 779 ipsum
1731 723 1954 778 putarent
1967 715 2191 781 baptismi
2212 717 2439 783 pretium,

298 809 399 841 non
422 794 540 842 illud
563 804 813 842 aeternum.
844 797 968 859 Ergo
993 794 1150 842 soluto
1171 804 1304 842 reatu
1326 793 1528 859 peccati,
1552 803 1713 842 manet
1736 803 1898 842 tamen
1921 796 2141 860 quaedam
2165 797 2445 864 temporalis

297 890 458 939 poena,
486 886 539 923 ut
563 875 642 923 illa
660 875 918 923 ferventius
939 876 1033 923 vita
1057 875 1345 940 requiratur,
1373 891 1479 940 quae
1499 875 1590 922 erit
1609 892 1637 924 a
1666 876 1821 941 poenis
1849 876 2077 925 omnibus
2111 878 2282 927 aliena.
2322 880 2446 938 Quis·

297 957 475 1003 etenim
499 956 678 1004 nesciat
700 973 871 1004 omnes
893 956 990 1004 fere
1012 956 1236 1003 homines
1261 955 1371 1022 plus
1393 955 1711 1021 temporalem
1743 957 1890 1004 vitam
1919 974 2066 1022 qnam
2092 968 2321 1007 aeternam
2357 975 2442 1025 ap·

296 1045 474 1100 petere,
501 1053 613 1084 cum
635 1053 725 1102 pro
748 1053 804 1084 ea
823 1053 972 1101 quam
992 1038 1197 1084 retinere
1216 1053 1316 1083 non
1342 1046 1545 1101 possunt
1564 1038 1717 1086 multo
1737 1038 1943 1104 amplius
1974 1055 2122 1104 quam
2143 1056 2232 1104 pro
2265 1049 2444 1088 aeterna

295 1116 530 1178 laborent,
559 1127 607 1165 et
629 1117 738 1183 plus
761 1119 979 1183 corporis
1000 1134 1148 1183 quam
1177 1118 1348 1165 animae
1381 1128 1589 1166 mortem
1619 1135 1811 1185 pavere,
1842 1129 1891 1167 et
1921 1121 2071 1185 magis
2104 1120 2348 1168 sollicitari
2381 1121 2443 1169 de

294 1198 538 1262 praesentis
555 1198 660 1246 vitae
680 1199 904 1246 aerumnis
927 1215 1072 1263 quam
1096 1198 1299 1246 futurae?
1332 1199 1381 1245 Si
1405 1198 1548 1263 hujus
1584 1200 1744 1265 itaque
1772 1200 1991 1249 animalis
2029 1201 2136 1248 vitae
2170 1201 2442 1250 felicitatem

294 1294 343 1325 se
372 1278 585 1326 detinere
607 1278 995 1340 considerarent,
1025 1279 1230 1344 amplius
1256 1278 1319 1326 ad
1342 1279 1562 1327 Ecclesiae
1585 1291 1883 1330 sacramenta
1906 1292 2104 1347 propter
2126 1283 2267 1330 istam
2295 1297 2442 1348 quam

292 1369 490 1424 propter
508 1369 733 1408 aeternam
755 1377 805 1408 se
827 1370 1176 1427 praepararent3
1206 1370 1253 1408 et
1280 1360 1424 1424 hujus
1448 1361 1773 1427 qualicunque
1792 1361 2036 1426 refrigerio
2057 1363 2290 1424 contenti,
2315 1362 2442 1410 illius

292 1439 636 1502 perfectionem
668 1440 828 1505 gloriae
864 1441 939 1488 vel
971 1441 1174 1488 omnino
1210 1449 1595 1503 contemnerent,
1626 1443 1703 1490 vel
1732 1442 1892 1490 minus
1920 1452 2202 1508 appeterent
2229 1443 2315 1490 :in
2346 1433 2442 1490 hoc

294 1519 398 1583 ipso
422 1520 592 1585 iniqui,
613 1521 747 1585 quod
770 1538 962 1568 summo
982 1521 1118 1570 bono
1139 1521 1339 1569 inferius
1363 1531 1733 1588 anteponerent.
1755 1543 1778 1568 ι)

362 1619 385 1641 α
407 1601 551 1658 Quod
586 1603 625 1649 si
659 1602 868 1668 spiritus.
894 1622 916 1645 >2
946 1603 1053 1649 Dixi
1088 1602 1200 1666 quia
1232 1619 1409 1668 corpus
1439 1613 1663 1651 nostrum
1697 1614 1944 1666 mortuum
1981 1613 2077 1664 est,
2106 1602 2153 1650 id
2193 1612 2264 1651 est
2297 1604 2440 1651 morti

295 1680 546 1746 temporali
579 1681 849 1747 subjectum
881 1692 1116 1742 remanet,
1155 1683 1300 1729 etiam
1336 1692 1446 1748 post
1479 1684 1814 1732 remissionem
1849 1694 2160 1749 peccatorum
2198 1682 2435 1731 omnium.

294 1759 388 1807 Sed
409 1760 472 1808 ab
494 1761 585 1810 hac
611 1763 757 1810 etiam
793 1762 1081 1810 mortalitate
1103 1763 1263 1828 ipsum
1287 1762 1568 1811 liberabitur
1592 1764 1642 1810 in
1666 1766 2044 1827 resurrectione,
2064 1774 2122 1814 ,ut
2144 1780 2245 1811 non
2280 1763 2439 1811 solum

294 1841 523 1904 animam,
550 1859 719 1891 verum
749 1844 893 1891 etiam
921 1859 1098 1908 corpus
1132 1843 1294 1891 divina
1325 1842 1557 1906 glorificet
1584 1845 1752 1908 gratia.
1779 1847 1839 1893 Et
1865 1844 1961 1892 hoc
1991 1854 2062 1892 est
2086 1843 2219 1909 quod
2242 1844 2325 1905 ait,
2355 1862 2379 1889 «
2399 1844 2438 1891 si

293 1921 487 1986 spiritus
520 1923 639 1987 ejus,
662 1944 685 1967 ›>
715 1924 765 1971 id
798 1933 870 1971 est
902 1924 1077 1983 Patris,
1115 1940 1214 1988 quo
1243 1923 1466 1971 videlicet
1500 1927 1637 1972 Patre
1669 1924 1831 1972 divina
1864 1924 2130 1990 specialiter
2166 1923 2439 1986 designatur

293 2003 522 2065 potentia.
565 2004 738 2068 «Ejus,
758 2024 781 2048 ³>
821 2005 1038 2069 inquam,
1084 2004 1239 2068 «qui»
1277 2021 1365 2068 per
1397 2005 1645 2069 propriam
1676 2007 1944 2072 potentiam
1983 2024 2005 2048 <c
2024 2004 2305 2051 suscitavit»
2337 2002 2439 2067 jam

292 2091 437 2146 caput
455 2093 676 2131 nostrum
698 2101 766 2132 «a
781 2084 1002 2144 mortuiS‚
1024 2083 1164 2131 idest
1185 2087 1363 2131 Jesum.
1383 2103 1406 2129 »
1427 2084 1675 2146 Habitans,
1702 2094 1756 2131 ut
1778 2084 1962 2132 dictum
1978 2094 2066 2146 est,
2091 2084 2141 2131 in
2160 2082 2320 2142 nobis,
2334 2083 2437 2149 ipse

292 2159 422 2209 idem
446 2181 469 2208 «
487 2164 571 2228 qui
590 2165 834 2213 suscitavit
846 2167 1008 2212 Jesum
1025 2183 1048 2209 »
1072 2181 1174 2211 non
1199 2164 1260 2212 ab
1283 2163 1579 2227 infirmitate,
1599 2164 1685 2213 sed
1701 2181 1729 2212 a
1747 2174 1920 2224 morte,
1937 2174 2031 2212 etc.
2048 2163 2163 2211 ldeo
2186 2163 2437 2212 resuscita-

292 2241 474 2290 tionem
495 2244 668 2293 Christi
686 2246 875 2312 repetit,
903 2255 956 2293 ut
976 2261 1032 2293 ea
1049 2245 1219 2311 saepius
1231 2255 1498 2293 memorata
1517 2245 1784 2293 securiores
1805 2262 1896 2292 nos
1918 2244 2105 2292 reddat.
2138 2242 2438 2292 «vivificabit

291 2323 434 2370 etiam
457 2336 620 2374 nostra
648 2326 870 2375 mortalia
897 2342 1120 2391 corpora,
1142 2344 1165 2371 n
1193 2336 1245 2373 ut
1271 2325 1494 2374 eamdem
1527 2326 1891 2374 resurrectionis
1914 2325 2115 2390 gloriam
2139 2325 2187 2372 in
2212 2324 2367 2390 capite
2391 2333 2437 2372 et

292 2403 510 2454 membra
531 2408 847 2473 participent3
873 2405 1132 2455 vivificabit
1157 2423 1259 2453 non
1284 2423 1382 2470 quo
1404 2405 1554 2453 modo
1578 2422 1786 2471 corpora
1808 2406 2149 2471 reproborum,
2170 2421 2276 2469 quae
2290 2403 2437 2469 passi-

291 2482 405 2532 bilia
425 2496 580 2545 erunt,
608 2497 654 2536 et
677 2489 910 2536 cruciatui
928 2497 1063 2553 apta,
1087 2486 1171 2534 sed
1195 2496 1394 2552 propter
1417 2507 1440 2531 α
1457 2485 1809 2534 inhabitantem
1831 2487 2071 2551 spiritum,
2090 2505 2114 2530 »
2134 2485 2184 2532 id
2207 2495 2278 2532 est
2293 2493 2437 2550 prout

291 2562 493 2614 debetur
524 2569 801 2616 reverentiae
824 2568 1016 2634 spiritus
1042 2566 1240 2630 Christi,
1268 2567 1352 2632 qui
1384 2568 1433 2614 in
1457 2566 1744 2632 corporibus
1768 2566 1860 2614 illis
1884 2567 2023 2631 quasi
2058 2566 2108 2612 in
2131 2564 2315 2630 templo
2335 2564 2435 2628 jam

291 2642 476 2695 habitat
498 2658 544 2696 et
568 2649 784 2713 quiescit,
806 2649 908 2713 jam
930 2665 1016 2714 per
1042 2648 1143 2712 ejus
1167 2648 1368 2712 gratiam
1390 2647 1619 2712 repressis
1642 2646 1854 2695 motibus
1879 2645 2167 2695 carnalibus

356 2729 463 2775 Non
486 2746 633 2795 parva
659 2739 728 2777 est
756 2730 972 2794 quaestio,
1000 2746 1113 2777 cum
1139 2729 1303 2777 divina
1324 2728 1590 2776 substantia
1613 2728 1877 2777 humanam
1900 2727 1994 2776 sibi
2015 2728 2065 2774 in
2090 2743 2240 2774 unam
2261 2724 2436 2773 Christi

290 2823 546 2871 personam
577 2811 899 2874 conjunxerit,
939 2820 987 2858 et
1022 2811 1193 2858 eadem
1227 2810 1288 2857 sit
1321 2809 1514 2875 penitus
1554 2810 1706 2857 Patris
1745 2818 1793 2857 et
1829 2808 1931 2856 Filii
1966 2818 2013 2856 et
2048 2807 2251 2873 Spiritus
2286 2806 2435 2854 sancti

291 2886 552 2936 substantia
574 2890 822 2938 individua
838 2927 851 2950 ,
885 2908 972 2938 cur
996 2891 1141 2938 Filius
1164 2891 1326 2956 potius
1352 2907 1499 2955 quam
1523 2893 1663 2938 Pater
1695 2899 1779 2938 aut
1801 2890 2003 2955 Spiritus
2026 2898 2219 2936 sanctus
2249 2886 2435 2934 dicatur

292 2966 564 3016 incarnatus
597 2988 606 3015 ε
636 2971 709 3017 vel
740 2987 853 3017 cum
889 2971 982 3017 sint
1020 2988 1168 3036 opera
1191 2971 1430 3018 Trinitatis
1464 2971 1684 3033 indivisa,
1722 2970 1946 3018 videlicet
1981 2978 2034 3016 ut
2063 2966 2302 3033 quidquid
2337 2982 2434 3013 una

292 3063 608 3110 personarum
633 3049 744 3096 facit
767 3060 814 3097 et
836 3060 1015 3097 caeterae
1038 3050 1231 3111 faciant,
1258 3050 1510 3114 quomodo
1531 3050 1656 3098 filius
1676 3066 1872 3098 carnem
1895 3049 2204 3113 assumpsisse
2225 3046 2429 3106 dicatur,

289 3137 337 3174 et
357 3144 458 3175 non
485 3131 623 3176 Pater
645 3138 727 3176 aut
759 3130 992 3194 Spiritus?
1025 3130 1118 3177 Sed
1150 3130 1247 3178 hoc
1278 3147 1337 3178 ex
1358 3131 1683 3196 Atropologia¹
1709 3139 1874 3178 nostra
1907 3138 2114 3194 petatur.
2144 3130 2311 3191 «Ergo
2343 3125 2433 3174 fra·

333 3319 337 3335 ¹
355 3314 477 3349 Forsan
494 3316 665 3356 legendum
685 3312 966 3357 Matho-apologia,
983 3320 1019 3348 ut
1034 3315 1168 3357 conJicit
1183 3315 1389 3349 Amboesius.
1410 3314 1511 3356 Quale
1526 3317 1571 3349 sit
1585 3317 1670 3349 istud
1689 3315 1847 3348 Abaelardi
1864 3322 1949 3356 opus
1963 3313 2060 3354 plane
2075 3321 2136 3346 nos
2152 3312 2246 3352 sugit.
