2638 3866
1138 229 1448 280 DIALOGUS.
2277 238 2327 283 71
2343 240 2361 283 l

228 331 411 379 bonam
442 327 684 391 definireS,
713 345 815 378 non
836 330 993 378 visum
1023 340 1093 378 est
1114 330 1360 392 sufficere,
1387 341 1443 380 ut
1465 330 1676 393 dicereS‚
1702 348 1807 397 quae
1830 332 1972 383 alicui
1997 341 2110 400 apta
2132 345 2204 384 est
2234 338 2366 398 usui,

227 410 324 459 hoc
346 420 415 459 est
437 409 580 471 alicui
604 409 866 459 commoda
889 409 1095 459 utilitati.

294 492 625 539 Cams'nmus.
649 491 921 538 Commune
943 490 1252 555 proverbium
1272 501 1416 557 atque
1439 491 1690 557 probabile
1714 494 1790 541 vix
1815 493 2012 559 aliquod
2035 493 2223 544 bonum
2249 513 2365 554 esse,

229 570 365 637 quod
395 588 496 620 non
527 580 723 633 noceat,
756 578 805 618 et
837 569 1021 619 malum
1052 571 1186 636 quod
1220 588 1320 619 non
1347 572 1514 638 prosit.
1538 572 1685 622 Verbi
1717 574 1900 638 gratia:
1928 577 2050 623 Ecce
2078 575 2368 640 jamdudum

228 650 399 717 aliquis
426 651 476 701 in
503 650 646 705 bonis
667 648 896 716 operibus
918 667 968 698 se
1007 650 1129 699 adeo
1154 652 1389 713 exercuit,
1426 662 1477 701 ut
1500 652 1613 701 inde
1637 654 1806 720 saepius
1829 654 2051 704 laudatus
2079 656 2153 704 vel
2180 656 2240 704 de
2274 659 2370 704 suis

229 731 439 784 confisus
463 730 714 789 virtutibus
745 730 795 778 in
829 730 1108 797 superbiam
1139 731 1410 792 extollatur,
1439 732 1514 780 vel
1545 733 1666 782 alius
1700 734 1881 782 invidia
1908 735 2024 783 hinc
2057 736 2362 785 accendatur.

228 812 306 860 Sic
337 812 498 877 itaque
526 811 708 863 malum
730 810 792 860 de
812 810 948 863 bono
980 820 1168 860 constat
1193 813 1466 877 provenire,
1492 823 1540 861 et
1561 813 1834 879 frequenter
1865 815 1979 863 mali
2010 816 2154 864 etiam
2187 815 2368 865 bonam

229 906 421 954 causam
452 908 571 941 esse.
601 892 793 958 Quippe
814 892 930 941 vitia
957 902 1124 946 nostra
1146 891 1221 940 vel
1252 903 1449 958 peccata
1463 930 1476 955 ,
1504 910 1610 959 quae
1633 904 1745 942 sunt
1766 895 1961 961 proprie
1985 895 2110 944 mala
2132 896 2335 945 dicenda
2354 936 2365 955 ‚

228 972 423 1022 nonnisi
451 972 501 1019 in
524 972 685 1023 anima
706 972 782 1021 vel
802 972 947 1021 bonis
965 971 1150 1021 habent
1169 973 1429 1021 consistere
1450 975 1697 1037 creaturis,
1724 991 1814 1023 nec
1843 975 1934 1023 nisi
1965 991 1995 1023 a
2019 974 2153 1024 bono
2176 993 2368 1041 surgere

226 1061 387 1117 potest
421 1053 687 1119 corruptio.
724 1052 843 1112 Quis
880 1069 907 1100 e
942 1053 1188 1102 contrario
1229 1069 1329 1101 non
1372 1053 1532 1102 videat
1578 1071 1701 1121 saepe
1744 1055 1966 1104 homines
2011 1066 2122 1122 post
2173 1073 2367 1122 magnas

226 1141 536 1197 peccatorum
555 1132 739 1192 ruinas,
765 1132 986 1181 fortiores
1009 1142 1092 1182 aut
1114 1132 1336 1181 meliores
1358 1150 1445 1199 per
1471 1134 1790 1183 humilitatem
1813 1135 1888 1183 vel
1910 1137 2239 1201 poenitentiam
2265 1154 2366 1185 sur·

228 1228 363 1277 gere,
402 1230 550 1278 quam
585 1223 728 1262 antea
756 1212 969 1262 suerint?
1000 1217 1159 1280 Ipsam
1186 1213 1396 1279 denique
1428 1215 1763 1279 poenitentiam
1797 1217 2008 1282 peccati,
2047 1218 2159 1282 quia
2195 1218 2368 1265 mentis

227 1291 423 1341 afflictio
460 1303 551 1355 est,
586 1310 677 1342 nec
711 1310 825 1342 cum
858 1294 1157 1343 beatitudine
1192 1294 1426 1360 perfecta,
1465 1296 1579 1360 quia
1614 1295 1833 1344 dolorem
1872 1296 2071 1361 ingerit,
2109 1300 2367 1345 convenire

225 1382 401 1437 potest,
427 1374 611 1422 malum
644 1390 746 1422 esse
774 1375 935 1441 potius
972 1391 1120 1440 quam
1141 1374 1330 1422 bonum
1363 1384 1582 1436 constat,
1622 1385 1668 1423 et
1689 1386 1850 1424 tamen
1879 1376 2007 1425 hanc
2030 1376 2093 1426 ad
2116 1377 2368 1441 indulgen-

224 1453 340 1501 tiam
372 1464 684 1519 peccatorum
715 1471 861 1504 nemo
887 1455 1204 1505 necessariam
1234 1471 1336 1503 esse
1359 1454 1563 1503 dubitat.
1593 1457 1712 1515 Quis
1734 1457 1876 1505 etiam
1899 1458 2101 1518 nesciat,
2128 1474 2367 1506 summam

224 1534 313 1582 Dei
347 1533 616 1583 bonitatem
659 1551 765 1599 quae
798 1535 920 1584 nihil
957 1537 1059 1584 sine
1090 1551 1232 1592 causa
1260 1534 1365 1583 fieri
1391 1536 1646 1601 permittit,
1684 1537 1806 1585 adeo
1844 1538 1968 1585 mala
2014 1554 2209 1603 quoque
2243 1538 2367 1587 bene

224 1614 575 1678 praeordinare,
611 1626 660 1664 et
692 1616 760 1664 eis
794 1616 939 1664 etiam
970 1616 1153 1681 optime
1188 1616 1259 1663 uti
1287 1633 1297 1662 :
1323 1625 1377 1664 ut
1398 1616 1543 1663 etiam
1575 1616 1635 1663 sit
1670 1615 1855 1664 bonum
1875 1616 2059 1665 malum
2091 1634 2222 1678 esse,
2256 1635 2366 1666 cum

223 1703 385 1742 tamen
415 1695 599 1743 malum
624 1695 899 1744 nullatenus
930 1696 991 1744 sit
1023 1695 1243 1744 bonum?
1271 1696 1402 1743 Sicut
1425 1695 1555 1743 enim
1583 1712 1773 1744 summa
1803 1695 1986 1744 diaboli
2019 1698 2233 1761 nequitia
2258 1698 2369 1763 ipsis

223 1773 368 1821 etiam
385 1773 529 1823 bonis
551 1791 675 1841 saepe
692 1775 897 1840 pessime
917 1775 1084 1838 utitur,
1110 1785 1165 1824 ut
1186 1775 1409 1823 videlicet
1431 1791 1487 1823 ea
1509 1775 1558 1822 in
1579 1791 1747 1823 causas
1768 1777 2086 1841 pessimorum
2109 1777 2367 1825 effectuum

222 1864 499 1921 convertat,
524 1870 581 1911 ac
603 1855 643 1902 si
662 1871 750 1920 per
773 1870 830 1905 ea
858 1871 965 1920 quae
997 1854 1129 1903 bona
1158 1864 1296 1914 sunt,
1324 1855 1546 1919 quaedam
1572 1855 1779 1920 pessima
1809 1866 2054 1922 operetur,
2084 1857 2149 1905 ita
2181 1874 2208 1905 e
2242 1874 2368 1905 con-

223 1934 370 1982 trario
399 1936 529 1982 Deus
558 1934 650 1982 illis
683 1935 865 2000 optime
888 1935 1054 1998 utitur,
1081 1952 1188 2000 quae
1214 1935 1293 1983 ille
1320 1935 1524 2001 pessime
1544 1936 1755 1984 molitur.
1783 1937 1975 2001 Quippe
2002 1946 2050 1984 et
2074 1947 2301 2001 tyrannus
2324 1949 2369 1985 et

222 2013 463 2080 principes
495 2013 670 2062 eodem
700 2015 859 2079 gladio
890 2015 1015 2063 male
1046 2016 1116 2062 uti
1148 2025 1352 2080 possunt
1375 2024 1423 2062 et
1451 2014 1599 2076 bene,
1633 2015 1712 2062 ille
1743 2015 1940 2079 quidem
1971 2015 2032 2064 ad
2064 2017 2364 2073 violentiam,

223 2092 301 2141 ille
333 2094 397 2142 ad
430 2094 725 2155 vindictam3
752 2104 801 2142 et
823 2095 957 2142 nulla
979 2095 1127 2143 credo
1158 2104 1271 2142 sunt
1293 2095 1628 2156 instrumenta,
1654 2093 1731 2141 vel
1754 2111 2054 2160 quaecunque
2081 2095 2245 2143 usibus
2277 2113 2366 2143 no-

223 2173 330 2220 stris
366 2183 480 2221 sunt
516 2174 855 2236 commodata,
893 2173 1071 2239 quibus
1105 2191 1195 2239 pro
1235 2174 1560 2222 intentionum
1596 2172 1824 2238 qualitate
1861 2184 1958 2222 tam
1996 2174 2120 2223 male
2160 2176 2229 2223 uti
2264 2192 2363 2223 non

221 2269 480 2318 possumus
507 2270 654 2319 quam
679 2254 830 2314 bene3
857 2254 1035 2302 scilicet
1056 2254 1175 2302 nihil
1199 2254 1344 2302 refert
1378 2253 1495 2318 quid
1526 2252 1633 2315 fiat,
1663 2253 1749 2301 sed
1768 2271 1867 2319 quo
1897 2255 2062 2303 animo
2095 2254 2193 2303 fiat.
2227 2256 2364 2302 Unde

224 2343 271 2381 et
308 2333 508 2399 quilibet
539 2333 693 2382 homo
728 2344 828 2382 tam
863 2334 1022 2383 bonus
1054 2351 1201 2400 quam
1234 2351 1510 2400 perversus,
1545 2343 1642 2382 tam
1674 2333 1914 2382 bonarum
1947 2351 2092 2399 quam
2129 2335 2364 2383 malarum

222 2430 374 2463 causae
398 2424 510 2472 sunt
546 2431 723 2475 rerum,
760 2424 807 2463 et
828 2431 915 2481 per
948 2431 1032 2463 eos
1056 2424 1155 2463 tam
1189 2415 1323 2463 bona
1351 2431 1497 2480 quam
1522 2414 1650 2463 maJa
1681 2431 1783 2463 esse
1813 2415 2065 2479 contingit.
2098 2418 2202 2463 Non
2234 2417 2362 2463 enim

221 2493 382 2542 bonus
409 2494 563 2544 homo
591 2511 621 2543 a
645 2494 774 2543 malo
802 2495 850 2542 in
874 2511 933 2543 eo
968 2494 1198 2543 dissidere
1222 2495 1431 2557 videtur,
1464 2494 1599 2560 quod
1626 2494 1675 2542 id
1709 2494 1842 2560 quod
1874 2494 2063 2542 bonum
2098 2496 2182 2556 sit,
2222 2495 2357 2554 facit,

221 2574 306 2623 sed
337 2576 526 2641 potius,
561 2575 696 2640 quod
726 2575 853 2623 bene
886 2575 1013 2624 facit.
1048 2576 1147 2623 Etsi
1177 2575 1307 2623 enim
1338 2591 1471 2624 nunc
1499 2591 1612 2622 usus
1637 2575 1871 2622 sermonis
1896 2591 1984 2640 pro
2017 2574 2188 2623 eodem
2217 2574 2362 2622 habet

231 2654 357 2703 bene
379 2655 533 2709 facere
555 2665 604 2705 et
631 2655 820 2704 bonum
841 2656 1020 2716 facere,
1042 2656 1112 2704 vis
1134 2665 1294 2703 tamen
1314 2665 1362 2703 et
1378 2655 1646 2720 proprietas
1664 2654 1922 2702 locutionis
1942 2671 2041 2701 non
2066 2655 2132 2702 ita
2154 2654 2363 2702 fortassis

222 2744 376 2783 sonat.
398 2727 530 2785 Sicut
552 2736 893 2792 enimlbonum
919 2754 1043 2803 saepe
1064 2737 1256 2798 dicitur,
1283 2752 1384 2790 nec,
1400 2745 1559 2783 tamen
1581 2734 1721 2795 bene,
1750 2734 1798 2782 id
1822 2744 1892 2783 est
1914 2734 2046 2785 bona
2072 2736 2357 2794 intentione,

222 2816 287 2863 ita
311 2824 358 2863 et
378 2814 567 2863 bonum
598 2814 702 2863 fieri
728 2832 870 2882 posse
890 2817 1097 2877 videtur,
1125 2833 1239 2864 cum
1262 2825 1421 2864 tamen
1454 2814 1578 2862 bene
1610 2831 1710 2862 non
1742 2813 1840 2862 fiat.
1868 2816 1999 2879 Saepe
2030 2815 2209 2880 quippe
2242 2830 2359 2861 con-

220 2894 356 2959 tingit
387 2894 518 2943 idem
549 2895 761 2943 adversis
783 2895 912 2955 fieri,
940 2896 1006 2944 ita
1038 2905 1093 2943 ut
1115 2913 1207 2962 pro
1242 2912 1413 2944 eorum
1447 2894 1715 2943 intentione
1746 2894 1866 2942 alius
1898 2893 2048 2955 bene,
2083 2894 2201 2942 alius
2236 2894 2360 2942 male

219 2973 337 3023 illud
370 2974 526 3024 faciat.
551 2975 736 3037 Veluti,
773 2977 812 3024 si
834 2976 935 3024 duo
959 2975 1169 3041 aliquem
1199 2992 1336 3033 reum
1359 2974 1682 3040 suspendant,
1709 2974 1828 3023 alter
1861 2974 2058 3039 quidem
2088 2990 2146 3022 eo
2177 2974 2358 3023 solum-

219 3055 369 3105 modo
391 3055 526 3120 quod
548 3072 659 3104 eum
683 3055 810 3118 odit,
837 3056 956 3105 alter
978 3073 1094 3104 vero
1117 3057 1232 3121 quia
1252 3055 1401 3113 habet
1428 3055 1556 3104 hanc
1586 3071 1805 3105 exercere
1826 3055 2084 3120 justitiam,
2104 3055 2232 3119 justa
2254 3054 2355 3103 haec

219 3138 473 3201 suspensio
492 3135 554 3185 ab
569 3138 672 3185 -isto
686 3136 812 3201 juste
836 3135 908 3199 fit,
934 3137 1047 3202 quia
1070 3145 1202 3186 recta
1222 3136 1506 3197 intentione,
1532 3135 1697 3184 abillo
1719 3135 1910 3200 injuste,
1937 3135 2049 3199 quia
2072 3152 2171 3191 non
2194 3151 2357 3183 amore

216 3215 425 3278 justitiae,
449 3216 533 3264 sed
554 3216 653 3263 odii
676 3215 779 3264 zelo
799 3215 874 3264 vel
892 3216 989 3264 irae.
1016 3220 1376 3281 Nonnunquam
1394 3216 1538 3263 etiam
1558 3215 1670 3263 mali
1688 3215 1928 3277 homines,
1950 3216 2022 3262 vel
2043 3215 2144 3280 ipse
2162 3230 2355 3279 quoque

222 3293 442 3344 diabolus
466 3297 515 3344 in
540 3296 712 3345 eodem
748 3296 873 3345 facto
895 3296 962 3345 ita
986 3299 1089 3344 Deo
1114 3296 1365 3361 cooperari
1387 3295 1631 3356 dicuntur,
1666 3305 1716 3343 ut
1746 3295 1875 3343 idem
1908 3304 2006 3343 tam
2034 3310 2062 3343 a
2085 3297 2186 3342 Deo
2209 3310 2352 3360 quam
