2638 3866
849 214 909 263 ΙΝ
946 212 1282 261 EPISTOLAM
1317 212 1400 260 AD
1436 211 1743 261 ROMANOS.
2283 216 2371 264 271

214 315 418 381 luptati?
444 333 468 360 «
489 314 653 362 Gratia
676 313 783 375 Dei,
809 332 831 359 »
858 313 909 361 id
931 323 1003 362 est
1025 330 1126 361 non
1150 314 1244 376 lex,
1272 329 1372 360 non
1396 312 1605 378 propriae
1630 313 1774 375 vires,
1801 329 1901 361 non
1937 313 2164 379 quaelibet
2192 314 2378 377 merita,

214 395 302 444 sed
324 395 488 443 divina
523 394 758 444 beneficia
782 394 926 460 gratis
955 394 1100 443 nobis
1125 411 1212 460 per
1237 397 1419 455 Jesum,
1461 392 1514 441 id
1546 403 1619 442 est
1652 394 1943 442 salvatorem
1975 396 2148 444 mundi
2186 395 2376 445 collata.

215 479 337 524 Cum
357 486 520 525 autem
543 476 708 525 subdit
731 476 976 525 Christum
996 485 1043 524 et
1073 475 1343 541 Dominum
1380 484 1623 537 nostrum,
1656 477 1925 541 potentiam
1954 487 2003 524 et
2021 477 2256 542 justitiam
2283 493 2383 543 qua

214 556 398 606 salvare
415 568 576 624 queat,
596 557 740 606 nobis
762 558 994 606 ostendit.
1015 557 1232 606 Christus
1255 556 1437 623 quippe
1456 556 1506 604 id
1520 566 1591 604 est
1615 566 1807 619 unctus,
1832 558 2014 621 regiam
2040 575 2188 624 quam
2210 557 2378 621 habet,

214 648 503 704 potestatem
521 640 757 706 exprimit.
776 642 899 688 Cum
911 656 1030 688 vero
1043 640 1127 701 ait,
1143 659 1166 686 «
1178 639 1448 687 Dominum
1467 647 1706 698 nostrum,
1726 658 1748 682 >2
1762 638 1840 701 jus
1854 639 1989 703 quod
2006 639 2154 687 habet
2171 641 2219 687 in
2239 639 2382 688 nobis

214 728 447 785 tanquam
470 722 618 769 servis
635 721 751 782 suis,
769 719 1088 783 demonstrat,
1112 730 1167 768 ut
1184 737 1274 769 nos
1285 720 1412 786 juste
1431 736 1458 768 a
1478 719 1699 767 dominio
1713 720 1899 786 peccati
1913 720 2012 768 sive
2028 719 2210 769 diaboli
2234 721 2383 787 possit

213 815 401 860 eruere,
421 812 469 850 et
491 818 521 850 a
543 803 820 869 captivitate
845 803 1072 870 praedicta
1099 812 1332 868 tanquam
1355 819 1467 851 suos
1489 801 1742 850 reducere.
1780 821 1804 846 (ε
1827 802 1976 865 Igitur
2011 819 2122 867 ego.
2155 823 2178 846 »
2220 805 2383 861 Quan-

213 880 481 947 doquidem
506 900 593 950 per
611 884 869 946 rationem,
896 895 950 933 ut
975 885 1159 933 dictum
1183 894 1272 952 est²
1300 884 1487 932 bonum
1508 883 1640 950 quod
1669 883 1744 931 lex
1776 884 1992 950 praecipit
2013 882 2145 943 vo10,
2179 884 2264 931 sed
2296 901 2383 949 per

212 974 467 1028 peccatum
503 965 639 1031 quod
668 965 853 1015 habitat
889 967 939 1014 in
968 983 1115 1015 carne
1148 983 1273 1029 mea,
1313 966 1497 1014 malum
1523 982 1720 1032 operor.
1749 986 1771 1010 «
1800 966 1947 1029 lgitur
1972 975 2152 1025 mente,
2187 985 2210 1009 »
2238 964 2289 1012 id
2312 976 2382 1013 est

212 1045 402 1094 ratione
439 1047 597 1096 servio
638 1046 731 1112 legi
770 1047 879 1110 Dei,
913 1064 1101 1113 pronus
1125 1051 1136 1074 ¹
1177 1047 1402 1096 videlicet
1436 1047 1498 1095 ad
1538 1046 1871 1095 obediendum
1914 1048 1959 1094 ei
1994 1064 2081 1113 per
2120 1047 2376 1095 rationem.

212 1125 309 1174 Sed
331 1143 421 1192 ego
438 1128 542 1194 ipse
564 1145 728 1190 carne,
756 1128 806 1177 id
829 1138 918 1192 est,
942 1129 1147 1178 carnalis
1165 1128 1406 1177 desiderio
1428 1128 1689 1195 voluptatis
1711 1128 2006 1188 stimulante,
2046 1148 2068 1171 α
2103 1128 2260 1176 servio
2290 1129 2382 1192 legi

211 1210 416 1273 peccati,
435 1228 459 1254 »
486 1210 534 1257 id
558 1219 647 1273 est,
668 1210 828 1276 pravis
853 1211 1256 1277 concupiscentiae
1281 1210 1669 1275 suggestionibus
1691 1211 1831 1276 quasi
1849 1210 1942 1275 legi
1967 1208 2165 1257 obedio.

282 1308 307 1335 «
327 1289 457 1338 Nihil
482 1307 613 1355 ergo.
647 1311 672 1338 »
707 1292 835 1351 Quia
863 1291 1105 1354 videlicet,
1141 1301 1194 1340 ut
1230 1291 1416 1340 dictum
1439 1302 1528 1353 est,
1565 1293 1713 1356 gratia
1745 1293 1834 1339 Dei
1863 1307 1951 1357 per
1981 1290 2226 1338 Christum
2267 1307 2381 1338 suos

210 1366 403 1434 liberat,
427 1388 542 1437 ergo
575 1371 681 1420 «nil
698 1372 1025 1421 damnationis
1048 1373 1124 1421 his
1147 1374 1250 1439 qui,
1278 1384 1394 1433 etc.,
1419 1392 1442 1418 »
1471 1372 1522 1420 id
1557 1384 1627 1421 est
1670 1373 1755 1438 qui
1787 1373 1836 1420 in
1875 1373 1972 1420 hoc
2013 1371 2381 1438 superaedificati

210 1460 323 1499 sunt
342 1451 679 1502 fundamento.
707 1455 973 1513 Quomodo
995 1465 1157 1503 autem
1179 1455 1270 1503 hos
1293 1471 1591 1520 cognoscere
1614 1454 1860 1502 valeamus
1883 1453 2190 1502 determinat.
2232 1472 2256 1499 (ι
2285 1452 2381 1511 Qui

211 1531 432 1582 videlicet
456 1553 558 1583 non
585 1536 837 1584 ambulant
858 1537 1131 1585 secundum
1153 1550 1369 1600 carnem,
1396 1558 1418 1581 »
1444 1536 1496 1584 id
1530 1547 1599 1584 est
1628 1537 1666 1583 si
1699 1535 1898 1601 quando
1933 1552 2019 1601 per
2051 1534 2381 1582 infirmitatem

211 1615 372 1662 carnis
392 1616 606 1681 aliquam
626 1616 874 1680 labuntur,
901 1619 1026 1666 sicut
1045 1618 1155 1666 fecit
1180 1621 1367 1678 Petrus,
1394 1627 1603 1665 mortem
1628 1617 1803 1665 timens
1825 1631 2133 1683 corpoream,
2153 1632 2252 1663 non
2271 1631 2380 1680 per-

211 1706 434 1746 severant
454 1707 565 1763 post
591 1699 1011 1765 concupiscentias
1036 1716 1164 1759 suas,
1190 1699 1356 1747 eundo
1377 1698 1438 1746 de
1462 1699 1582 1746 vitio
1617 1698 1668 1744 in
1700 1698 1890 1746 vitium.
1938 1700 2034 1744 Lex
2072 1697 2203 1743 enim
2241 1695 2376 1757 dixit,

211 1777 327 1841 quia
349 1779 500 1842 gratia
520 1780 609 1827 Dei
631 1779 852 1828 liberavit
875 1797 988 1828 eum
1007 1797 1094 1846 per
1115 1780 1378 1841 Christum,
1402 1790 1449 1828 et
1467 1779 1720 1844 quomodo
1745 1779 1796 1827 id
1820 1778 1903 1827 fiat
1926 1795 2059 1826 nunc
2078 1777 2246 1843 aperit,
2268 1779 2381 1842 quia

210 1856 286 1906 lex
304 1859 500 1926 spiritus
523 1862 648 1923 vitae,
679 1862 730 1910 id
761 1872 832 1911 est
862 1863 939 1911 lex
971 1863 1182 1911 caritatis
1205 1872 1253 1910 et
1274 1862 1429 1911 divini
1453 1862 1632 1910 amoris
1656 1862 1820 1928 potius
1842 1878 1989 1927 quam
2015 1861 2219 1922 timoris,
2259 1860 2382 1908 sicut

212 1951 316 1989 erat
330 1942 408 1990 lex
429 1953 586 2005 vetus,
616 1964 640 1990 «
662 1945 711 1992 in
732 1944 924 1994 Christo
947 1948 1075 2008 Jesu,
1102 1965 1126 1991 υ
1154 1944 1205 1992 id
1234 1954 1306 1993 est
1328 1962 1416 2011 per
1440 1961 1554 1992 eum
1576 1944 1720 1992 nobis
1741 1944 1855 1992 data
1877 1954 1925 1993 et
1948 1943 2176 2000 exhibita,
2212 1962 2235 1987 «
2257 1941 2379 1989 libe-

210 2023 333 2070 ravit
357 2040 436 2072 me
465 2026 616 2090 alege
645 2027 847 2093 peccati,
868 2047 892 2074 »
928 2038 976 2076 et
1003 2028 1116 2076 ideo
1145 2028 1331 2087 mortiS‚
1368 2026 1421 2075 id
1450 2036 1520 2074 est
1545 2044 1572 2075 a
1598 2027 1848 2092 praeceptis
1875 2026 1951 2074 vel
1986 2023 2376 2089 suggestionibus

209 2105 417 2154 carnalis
441 2108 864 2173 concupiscentiae,
891 2126 954 2157 ne
977 2109 1044 2157 eis
1067 2108 1249 2156 scilicet
1272 2108 1629 2156 consentiendo
1652 2108 1900 2157 obediam.
1927 2107 2132 2173 Spiritus
2166 2106 2289 2164 vitae,
2330 2105 2379 2152 id

139 2214 150 2222 ·
208 2193 281 2232 est
300 2187 504 2252 Spiritus
529 2199 740 2251 sanctus,
769 2190 854 2255 qui
877 2200 949 2238 est
972 2191 1067 2238 vita
1088 2190 1380 2251 animarum,
1408 2190 1524 2254 quia
1549 2206 1687 2237 amor
1709 2198 1796 2237 est.
1827 2188 1943 2236 Ideo
1970 2187 2042 2235 lex
2069 2186 2213 2251 hujus
2241 2186 2380 2252 spiri—

210 2274 287 2314 tus
307 2266 383 2315 lex
400 2270 580 2317 amoris
594 2269 770 2318 dicitur
790 2271 916 2320 filios
933 2288 1186 2337 generans,
1205 2288 1305 2320 non
1322 2287 1487 2319 servos
1503 2271 1859 2335 constringens,
1882 2270 1933 2317 id
1954 2279 2024 2317 est
2046 2267 2375 2332 Evangelium,

209 2347 345 2411 quod
365 2357 522 2396 totum
550 2351 748 2400 caritate
774 2352 1003 2401 refertum
1035 2363 1122 2401 est.
1153 2352 1295 2401 Unde
1324 2363 1372 2400 et
1402 2351 1466 2400 ad
1499 2352 1743 2400 Christum
1771 2351 2008 2399 dicitur²z
2040 2371 2062 2394 ε(
2094 2350 2279 2398 Diffusa
2311 2359 2381 2397 est

211 2430 360 2492 gratia
381 2431 432 2479 in
449 2430 587 2479 labiis
611 2433 722 2496 tuis,
744 2455 767 2478 >2
792 2435 908 2500 quia
927 2445 1029 2483 tota
1050 2435 1154 2499 ejus
1180 2432 1460 2500 praedicatio
1484 2434 1684 2481 caritate
1719 2433 1865 2500 plena
1899 2442 1986 2480 est.
2022 2431 2163 2479 Unde
2192 2441 2240 2478 et
2274 2431 2379 2496 Spi-

209 2510 328 2559 ritus
346 2512 600 2578 Apostolos
619 2513 814 2580 replens
837 2516 1053 2577 scien-tia,
1082 2516 1203 2564 sicut
1222 2516 1510 2581 promiserat
1533 2515 1679 2562 Filius
1698 2515 1864 2562 dicens
1881 2516 1895 2540 ³
1917 2532 1928 2560 z
1959 2533 1983 2560 «
2010 2513 2093 2560 Ille
2119 2530 2207 2560 vos
2232 2512 2378 2559 doce-

209 2589 280 2639 bit
303 2593 485 2641 omnia.
504 2615 526 2638 »
549 2597 668 2653 Quae
691 2597 838 2645 etiam
855 2597 1076 2645 doctrina
1100 2597 1414 2661 significatur,
1444 2613 1557 2644 cum
1576 2596 1776 2643 dici-tur‘
1806 2613 1817 2641 z
1849 2615 1870 2641 «
1890 2598 2062 2642 Factus
2087 2603 2158 2640 est
2181 2600 2377 2657 repente

210 2670 272 2719 de
295 2673 418 2720 coelo
442 2691 609 2737 sonuS,
631 2696 654 2719 »
681 2677 731 2724 id
755 2687 826 2725 est
863 2695 1023 2726 sermo
1047 2678 1370 2742 intelligentiae
1385 2678 1536 2725 factus
1551 2677 1618 2724 eis
1636 2693 1723 2741 per
1740 2675 2108 2741 inspirationem
2125 2674 2174 2719 in
2194 2681 2372 2728 mente,

210 2754 384 2801 merito
407 2755 457 2801 in
483 2756 634 2819 igneis
656 2757 1016 2807 demonstratus
1033 2769 1105 2807 est
1126 2759 1321 2823 linguis,
1354 2765 1470 2805 'cum
1506 2774 1679 2804 eorum
1712 2756 1891 2803 scilicet
1920 2755 2095 2818 linguae
2131 2753 2251 2800 nihil
2286 2752 2378 2799 nisi

209 2834 421 2882 caritatis
442 2835 681 2884 fervorem
710 2852 868 2888 essent
883 2841 1230 2906 praedicaturae.

281 2935 305 2962 «
326 2918 447 2964 Nam
467 2918 620 2982 quod.
643 2940 666 2963 »
699 2920 907 2986 Exponit
927 2913 1181 2985 quomodo
1203 2920 1253 2967 in
1274 2918 1467 2967 Christo
1491 2919 1552 2966 sit
1573 2917 1803 2965 liberatus
1818 2916 1965 2981 alege
1985 2916 2185 2982 peccati.
2209 2936 2231 2958 «
2256 2918 2376 2962 Nam

210 2999 341 3045 Deus
367 3001 525 3060 Pater,
550 3020 573 3044 >³
602 3000 652 3048 id
682 3011 754 3049 est
777 3002 954 3050 divinae
981 3001 1208 3067 potentiae
1230 3001 1470 3066 majestas.
1510 3020 1533 3046 «
1562 3000 1686 3047 Misit
1711 2999 1883 3046 Filium
1917 3014 2059 3045 suum
2083 2998 2133 3044 in
2154 2997 2377 3044 similitu-

211 3076 376 3126 dinem
401 3081 561 3128 carnis
582 3083 786 3147 peccati,
811 3102 839 3140 n,
861 3083 912 3130 id
934 3093 1005 3130 est
1035 3092 1327 3131 coaeternam
1350 3082 1442 3130 sibi
1475 3081 1763 3148 sapientiam
1802 3079 1912 3127 fecit
1948 3077 2194 3126 humiliari
2227 3093 2377 3140 usque

212 3157 274 3205 ad
298 3162 681 3227 assumptionem
699 3163 939 3230 passibilis
968 3173 1015 3211 et
1048 3162 1263 3212 mortalis
1293 3164 1526 3224 hominis,
1559 3153 1625 3211 ita
1656 3172 1709 3210 ut
1739 3178 1827 3227 per
1851 3176 2047 3226 poenam
2067 3159 2266 3225 -peccati
2298 3157 2377 3204 cui

209 3353 214 3358 ’
254 3346 264 3366 ¹
273 3344 368 3380 Amb.
378 3346 547 3382 Dominus
558 3348 726 3391 2·idezicet;
735 3349 826 3392 quod
836 3359 932 3384 sensu
940 3356 1083 3385 caret.—-
1092 3351 1343 3394 2Psa1m.xmv‚
1354 3359 1388 3384 v.
1398 3353 1471 3386 3.-
1479 3350 1608 3393 ³Joan.,
1618 3358 1691 3391 cap.
1700 3356 1767 3390 xiv,
1777 3357 1807 3382 v.
1817 3349 1912 3382 26.—
1923 3348 2011 3381 6Αει.
2020 3347 2139 3388 Apost.
2147 3367 2155 3383 ,
2164 3351 2235 3383 cap·
2250 3350 2285 3382 ¹¹,
2298 3349 2328 3373 V·
2342 3343 2372 3374 ²·
