2638 3866
227 241 322 288 430
726 266 738 279 .
1033 233 1204 280 PETRI
1237 232 1552 281 ABAELARDI

230 341 349 388 mini
390 337 638 385 mulierem
671 350 773 382 non
813 343 1021 397 tangere.
1048 352 1070 377 n
1105 336 1163 380 Et
1197 334 1369 382 item¹:
1409 335 1577 383 «Volo
1609 344 1768 383 autem
1807 351 1978 383 omnes
2007 335 2231 385 homines
2267 353 2368 385 esse

231 422 358 469 sicut.
385 420 645 483 meipsum3
672 414 756 462 sed
781 414 1111 478 unusquisque
1135 416 1388 480 proprium
1416 416 1565 464 habet
1585 415 1772 463 donum
1795 433 1850 464 ex
1873 419 2000 478 Deo;
2027 417 2147 465 alius
2169 416 2368 482 quidem

231 503 316 561 sic,
355 499 474 547 alius
497 513 612 544 vero
636 496 721 543 sic.
752 496 873 542 Dico
894 504 1058 542 autem
1081 512 1181 543 non
1209 497 1373 562 nuptis
1397 507 1444 544 et
1464 497 1637 559 viduis,
1664 497 1851 545 bonum
1875 497 1966 545 illis
1996 507 2083 557 est,
2106 498 2145 545 si
2167 498 2234 545 sic
2260 514 2368 563 per·

229 589 456 629 maneant
491 579 612 625 sicut
642 587 689 625 et
723 594 811 641 ego
842 594 852 623 ε
882 576 1015 642 quod
1048 577 1087 624 si
1122 594 1172 625 se
1201 594 1301 625 non
1335 578 1606 638 continent,
1639 578 1840 627 nubant.
1865 597 1889 623 »
1916 581 1975 625 Et
2005 582 2230 627 rursus²:
2258 581 2370 626 «De

228 660 489 725 virginibus
508 668 670 706 autem
699 668 990 724 praeceptum
1012 658 1211 704 Domini
1233 675 1334 705 non
1359 658 1545 706 habeo:
1572 659 1825 706 consilium
1847 668 2007 707 autem
2031 659 2114 707 do.
2140 659 2370 707 Existimo

228 759 342 806 ergo
377 741 474 788 hoc
509 740 697 787 bonum
736 756 837 787 esse
883 748 1082 804 propter
1117 739 1374 786 instantem
1409 739 1765 800 necessitatem,
1805 740 2038 804 quoniam
2074 739 2262 787 bonum
2300 747 2371 785 est

229 823 417 870 homini
437 822 503 869 sic
525 838 644 868 esse.
671 841 693 864 »
721 823 779 866 Et
801 829 912 884 post
929 819 1112 883 aliqua³
1135 837 1146 865 ε
1181 839 1203 863 «
1221 819 1347 867 Volo
1366 829 1528 868 autem
1550 836 1635 867 vos
1658 820 1760 868 sine
1782 820 2104 868 sollicitudine
2127 837 2247 871 esse.
2273 818 2368 877 Qui

227 905 328 951 sine
365 920 516 951 uxore
553 912 649 963 est,
686 901 913 948 sollicitus
949 909 1020 947 est
1051 917 1157 965 quae
1189 900 1388 947 Domini
1424 910 1558 959 sunt,
1600 901 1852 965 quomodo
1887 901 2072 966 placeat
2105 904 2208 948 Deo
2247 899 2372 964 :qui

227 994 389 1033 autem
421 1001 532 1031 cum
568 1000 717 1030 uxore
740 992 826 1043 est,
863 981 1092 1030 sollicitus
1121 991 1191 1029 est
1220 998 1324 1046 quae
1353 991 1466 1028 sunt
1494 981 1680 1042 mundi,
1707 981 1960 1047 quomodo
1993 981 2178 1047 placeat
2211 980 2367 1040 uxori,

228 1076 275 1113 et
312 1066 490 1113 divisus
527 1074 613 1111 est.
657 1067 714 1111 Et
749 1062 922 1110 mulier
957 1063 1182 1128 innupta,
1221 1072 1268 1109 et
1304 1062 1438 1127 virgo
1471 1062 1646 1125 cogitat
1682 1080 1788 1128 quae
1822 1063 2020 1110 Domini
2053 1072 2183 1122 sunt,
2223 1071 2277 1109 ut
2313 1061 2372 1108 sit

227 1156 389 1195 sancta
418 1163 623 1211 corpore
649 1155 696 1192 et
718 1144 904 1209 spiritu,
937 1160 1042 1208 quae
1066 1152 1226 1190 autem
1254 1152 1404 1208 nupta
1437 1151 1523 1202 est,
1556 1143 1731 1206 cogitat
1753 1160 1858 1208 quae
1879 1152 1992 1190 sunt
2015 1142 2205 1201 mundi,
2239 1157 2373 1206 quo-

226 1227 377 1275 modo
420 1227 606 1292 placeat
641 1226 763 1273 viro.
804 1228 956 1272 Porro
997 1224 1094 1271 hoc
1133 1223 1196 1271 ad
1227 1223 1480 1271 utilitatem
1515 1232 1721 1271 vestram
1754 1223 1883 1285 dico,
1923 1240 2024 1271 non
2056 1231 2112 1271 ut
2146 1224 2372 1287 laqueum

227 1307 364 1354 vobis
397 1307 628 1371 injiciam,
662 1305 745 1353 sed
775 1305 846 1352 ad.
860 1305 909 1352 id
931 1304 1067 1369 quod
1093 1304 1353 1351 honestum
1385 1312 1473 1365 est,
1503 1312 1550 1351 et
1573 1303 1706 1369 quod
1730 1304 2002 1352 facultatem
2035 1303 2245 1370 praebeat
2270 1303 2372 1349 sine

227 1388 575 1453 impedimento
595 1386 861 1434 Dominum
886 1384 1192 1433 obsecrandi.
1217 1405 1239 1429 »
1257 1387 1376 1431 Item
1391 1385 1430 1431 ⁴:
1462 1404 1485 1430 «
1505 1385 1653 1448 Igitur
1668 1394 1716 1432 et
1727 1385 1873 1448 quiin
1887 1385 2199 1432 matrimonio
2217 1384 2375 1448 jungit

228 1469 460 1534 virginem
479 1468 604 1515 bene
622 1468 751 1528 facit,
785 1476 833 1513 et
849 1466 933 1530 qui
953 1482 1051 1512 non
1073 1465 1231 1529 jungit
1253 1464 1423 1512 melius
1446 1464 1572 1513 facit.
1590 1465 1757 1514 Mulier
1775 1464 1965 1530 alligata
1983 1476 2054 1513 est
2077 1465 2169 1530 legi
2191 1473 2374 1529 quanto

231 1561 449 1615 tempore
481 1549 555 1595 vir
581 1549 683 1612 ejus
706 1548 845 1608 vivit;
873 1546 1005 1611 quod
1030 1546 1068 1592 si
1099 1544 1352 1593 dormierit
1372 1546 1446 1593 vir
1476 1546 1606 1611 ejus,
1637 1545 1839 1594 liberata
1861 1555 1954 1607 est3
1980 1547 2059 1593 cui
2081 1547 2182 1593 vult
2204 1544 2372 1605 nubat,

229 1639 415 1677 tantum
451 1630 498 1676 in
534 1628 776 1688 Domin03
817 1627 1003 1674 beatior
1035 1636 1196 1674 autem
1232 1627 1339 1685 erit,
1374 1628 1414 1674 si
1447 1628 1513 1674 sic
1547 1627 1881 1692 permanserit,
1919 1627 2188 1675 secundum
2211 1642 2375 1674 meum

226 1710 497 1757 consilium.
523 1729 544 1752 »
574 1708 776 1765 Quantis
802 1717 965 1754 autem
992 1706 1368 1772 impedimentiS‚
1409 1708 1601 1771 quantis
1633 1708 1862 1755 molestiis
1892 1717 1939 1754 et
1963 1707 2189 1773 periculis
2219 1707 2376 1755 matri-

229 1791 394 1838 monia
413 1788 681 1848 abundent,
696 1788 958 1835 multorum
979 1797 1119 1835 antea
1138 1788 1424 1835 testimoniis
1442 1797 1489 1835 et
1501 1788 1721 1853 lapsuum
1734 1789 2072 1853 experimentis
2093 1787 2349 1835 didicimus
2361 1824 2374 1847 ‚

230 1887 344 1918 cum
377 1871 426 1917 in
458 1869 679 1935 paradiso
711 1868 885 1915 mulier
913 1868 1072 1915 statim
1096 1869 1255 1916 virum
1286 1869 1615 1932 captivaverit,
1645 1878 1693 1915 et
1723 1872 1988 1916 Nazareum
2017 1868 2214 1915 Domini
2245 1870 2379 1916 Sam-

230 1969 418 2011 sonem,
454 1951 590 2014 cujus
623 1967 710 2015 per
737 1949 959 2013 angelum
990 1949 1212 1996 nativitas
1241 1950 1524 1996 annuntiata
1550 1949 1726 2008 fuerat,
1753 1949 2139 2014 concupiscentia
2165 1947 2379 1996 mulieris

232 2050 380 2097 usque
409 2031 470 2079 ad
496 2031 742 2078 interitum
769 2030 1030 2089 attraxerit,
1055 2039 1102 2077 et
1126 2031 1389 2077 maximum
1410 2030 1544 2077 illum
1565 2030 1913 2095 prophetarum
1932 2039 1979 2077 et
2000 2046 2167 2094 regum
2202 2029 2376 2090 David,

228 2115 306 2161 cui
344 2123 392 2160 et
425 2113 662 2160 Dominus
701 2122 891 2159 tantum
927 2110 1125 2159 dederat
1162 2112 1495 2159 testimonium
1533 2111 1764 2159 dicens⁵2
1810 2112 2022 2158 «Inveni
2055 2111 2212 2158 virum
2243 2110 2380 2175 juxta

229 2212 314 2242 cor
345 2210 525 2254 meum,
553 2212 576 2238 n
605 2209 730 2239 unus
762 2191 999 2238 Betsabeae
1030 2201 1253 2256 aspectus
1276 2193 1325 2238 in
1357 2199 1547 2240 tantum
1569 2192 1944 2256 illaqueavit,·ut
1971 2192 2298 2241 strenuissimo
2323 2207 2381 2239 ac

229 2275 507 2322 fidelissimo
546 2274 660 2321 Uria
695 2272 965 2332 interfecte,
1005 2281 1101 2319 tam
1138 2271 1358 2320 adulterii
1389 2289 1538 2338 quam
1561 2272 1829 2333 homicidii,
1864 2289 1950 2321 seu
1981 2289 2180 2320 summae
2211 2271 2382 2338 prodi-

229 2356 374 2402 tionis
394 2372 503 2403 reus
525 2354 669 2402 simul
688 2354 1086 2413 constitueretur3
1107 2362 1155 2400 et
1171 2353 1482 2401 Salomonem
1497 2354 1940 2419 illumsapientium
1953 2354 2218 2401 maximum
2230 2369 2382 2418 usque

229 2436 292 2484 ad
314 2436 588 2484 idolatriam
615 2434 838 2500 voluptas
863 2435 928 2481 ita
955 2435 1268 2499 prostraverit
1295 2435 1432 2499 quasi
1457 2435 1507 2482 in
1532 2435 1666 2482 idolo
1689 2434 1790 2493 illo,
1819 2445 1871 2481 ut
1894 2434 2027 2499 quod
2051 2434 2380 2499 turpissimum

233 2527 302 2565 est
330 2518 533 2583 turpiter
557 2516 774 2570 efferam,
800 2531 1020 2562 cunnum
1046 2515 1233 2579 gentilis
1264 2515 1453 2563 feminae
1477 2532 1563 2581 per
1591 2515 2035 2579 concupiscentiam
2059 2514 2210 2578 magis
2234 2530 2382 2579 quam

232 2598 417 2646 idolum
456 2599 616 2663 ipsum
652 2614 738 2662 per
786 2596 1106 2660 ignorantiam
1144 2604 1471 2657 veneraretur,
1515 2605 1648 2643 tanto
1685 2594 1883 2642 effectus
1920 2593 2147 2655 deterior,
2198 2603 2383 2658 quanto

232 2696 288 2726 ex
313 2679 609 2727 conscientia
633 2694 718 2725 sua
737 2676 1124 2725 inexcusabilior.
1153 2676 1250 2734 Qui
1275 2676 1419 2724 etiam
1438 2692 1584 2739 quam
1609 2675 1756 2723 facilis
1779 2676 1840 2723 sit
1861 2692 1917 2723 ac
1942 2674 2217 2741 periculosa
2237 2675 2384 2740 hujus

233 2760 632 2824 concupiscentiae
654 2759 875 2818 tentatio,
911 2758 1114 2823 ipsemet
1147 2757 1231 2821 qui
1256 2766 1352 2804 tam
1388 2757 1593 2821 graviter
1614 2756 1711 2804 hoc
1736 2766 1958 2822 expertus
1981 2767 2070 2812 est,
2099 2773 2188 2822 per
2211 2765 2384 2805 semet-

240 2840 397 2902 ipsum
434 2839 575 2886 nobis
611 2840 660 2886 in
697 2838 969 2887 Proverbiis
1003 2838 1203 2903 exponit
1238 2838 1460 2885 dicens⁶z
1506 2837 1723 2885 «Mulier
1756 2838 1847 2886 viri
1881 2838 2142 2903 pretiosam
2173 2837 2383 2884 animam

236 2919 377 2982 capit.
420 2921 667 2985 Numquid
709 2919 1008 2968 abscondere
1045 2929 1204 2985 potest
1239 2919 1394 2966 homo
1430 2919 1678 2983 ignemin
1717 2919 1826 2966 sinu
1860 2935 1971 2980 suo,
2014 2928 2066 2965 ut
2103 2918 2383 2966 vestimenta

237 2998 359 3045 illius
389 3016 488 3046 non
525 3001 755 3060 ardeant3
799 3011 881 3047 aut
913 3000 1161 3047 ambulare
1199 3017 1345 3065 super
1380 3016 1577 3065 prunas,
1617 3009 1670 3047 ut
1703 2993 1804 3047 non
1829 2999 2180 3047 comburantur
2211 2998 2385 3063 plantae

235 3078 564 3141 ejus?»1tem⁷
588 3098 598 3125 z
623 3100 645 3126 «
667 3081 755 3127 Dic
772 3081 1044 3146 Sapientiae,
1069 3082 1219 3128 Soror
1237 3096 1346 3128 mea
1369 3097 1435 3143 eS,
1459 3090 1506 3128 et
1529 3079 1836 3146 prudentiam
1855 3096 1977 3129 voca
1998 3080 2213 3128 animam
2232 3088 2383 3139 tuam,

282 3290 287 3307 ¹
311 3285 464 3320 Corinth.
492 3285 524 3325 1,
546 3294 618 3325 cap.
642 3294 706 3325 vu,
734 3294 764 3318 r.
789 3288 818 3317 7.
846 3303 882 3308 —-
909 3287 919 3304 ³
940 3285 1045 3326 Ibid„
1062 3295 1090 3318 v.
1113 3288 1165 3320 25.
1190 3304 1228 3310 ——
1252 3287 1384 3329 ³Ibid.‚
1409 3298 1437 3322 v.
1465 3291 1517 3322 32.
1544 3307 1580 3313 —-
1607 3292 1616 3310 ‘
1635 3289 1733 3328 thid„
1759 3298 1790 3320 v.
1815 3289 1867 3321 38.
1896 3306 1932 3311 -
1954 3289 2050 3319 ⁵Act.
2072 3288 2203 3329 Apost„
2226 3295 2299 3327 cap.
2316 3295 2387 3323 xm.

240 3351 268 3373 v.
288 3343 339 3374 22.
353 3357 390 3363 -—
405 3340 417 3359 Β
436 3340 552 3379 Prov.,
569 3348 640 3379 cap.
660 3347 710 3379 vi,
731 3347 759 3370 v.
777 3340 829 3371 26.
850 3356 885 3361 -—
903 3341 912 3358 ⁷
928 3340 1137 3382 Prov.,cap.
1155 3348 1220 3381 vn,
1237 3349 1269 3373 v,
1288 3343 1319 3374 4.
