2638 3866
814 223 1214 274 INTRODUCTIO
1249 223 1332 275 ΑΙ)
1364 222 1775 275 THEOLOGIAM.
2270 227 2363 274 113

221 334 453 374 aeternum
476 334 735 387 astrueret,
756 341 868 374 cum
897 324 960 374 de
987 328 1093 374 Deo
1119 335 1167 374 et
1188 326 1351 376 Verbo
1382 326 1485 392 ejus
1515 325 1739 392 loquenS,
1769 325 1895 374 Patri
1917 333 1966 375 et
1989 324 2152 374 Verbo
2185 325 2367 377 solum·

220 404 370 454 modo
391 394 703 455 aeternitatem
726 403 944 464 ascribit,
966 404 1155 454 dicens¹
1182 424 1192 454 ε
1226 427 1249 452 α
1269 410 1374 456 Hoc
1393 416 1495 456 erat
1525 406 1574 454 in
1604 406 1844 472 principio
1868 405 2002 472 apud
2025 406 2199 454 Deum.
2224 425 2248 452 n
2271 409 2368 466 Qui

220 486 271 533 in
303 502 365 535 eo
398 485 596 536 fortasse
628 485 762 553 qu'od
794 485 1041 552 subjunxit
1071 485 1133 535 de
1164 486 1339 538 effectu
1368 503 1574 554 operum
1609 485 1775 534 dicens
1804 504 1814 532 ε
1857 507 1880 530 «
1903 486 2077 535 Omnia
2099 503 2187 552 per
2208 487 2368 552 ipsum

221 564 342 626 facta
363 577 476 615 sunt
492 605 506 628 ‚
531 588 555 612 n
580 567 813 634 Spiritum
832 565 1106 633 designasse
1130 567 1321 616 videtur
1354 566 1626 616 secundum
1655 565 1824 614 effecta
1859 568 1961 632 ipsa
1991 584 2096 632 quae
2123 584 2211 617 sua
2240 572 2369 616 Deus

221 647 441 708 condidit
469 648 711 710 bonitate,
746 647 1015 697 secundum
1043 664 1169 714 quae,
1200 658 1253 697 ut
1272 649 1499 707 diximus,
1527 658 1734 696 aeternus
1757 664 1858 695 non
1879 658 1949 695 est
1973 649 2201 714 Spiritus,
2229 648 2279 698 id
2301 659 2371 697 est

221 727 380 791 datus,
403 730 528 778 sicut
555 745 647 778 nec
675 730 838 778 anima
859 728 1032 778 mundi
1053 746 1203 795 quam
1229 731 1361 779 Plato
1382 730 1519 778 dicit.-
1547 732 1644 777 Nec
1673 728 1851 776 mirum
1873 729 2038 776 locum
2061 727 2371 794 Evangelistae

222 809 429 868 maxime
458 827 572 858 cum
606 810 804 858 Platone
833 810 1112 873 convenire,
1150 827 1265 859 cum
1290 820 1444 859 totam
1472 810 1735 859 verborum
1763 809 1968 856 istorum
2000 810 2287 857 sententiam
2321 810 2369 858 in

221 888 355 938 libris
378 890 765 954 Platonicorum,
792 891 1099 956 Augustinus,
1127 899 1181 939 ut
1204 909 1351 958 supra
1376 891 1717 953 meminimus,
1745 889 2028 938 invenerit&
2057 891 2180 938 Sunt
2212 899 2372 938 autem

224 970 446 1020 nonnulli
467 973 553 1038 qui
575 971 857 1022 charitatem
871 972 958 1020 Dei
979 989 1080 1020 non
1104 971 1264 1020 solum
1284 971 1347 1021 ad
1364 981 1606 1020 creaturas
1623 971 1823 1038 porrigi,
1842 987 2009 1018 verum
2030 970 2174 1017 etiam
2194 969 2255 1018 ab
2279 988 2374 1019 una

222 1067 431 1116 persona
446 1053 496 1101 in
517 1052 734 1116 alteram,
754 1063 807 1101 ut
823 1052 1045 1102 videlicet
1058 1070 1195 1101 amor
1214 1054 1366 1101 Patris
1384 1053 1434 1100 in
1452 1053 1643 1114 Filium,
1663 1051 1740 1100 vel
1761 1050 1865 1099 Filii
1889 1051 1935 1098 in
1960 1053 2149 1098 Patrem
2174 1052 2374 1117 Spiritus

225 1132 324 1198 ipse
346 1132 422 1181 sit.
447 1133 594 1193 Quod
617 1143 783 1200 aperte
798 1134 1108 1199 Augustinus,
1138 1135 1188 1182 in
1213 1137 1297 1182 XV
1316 1132 1374 1182 de
1400 1135 1662 1194 Trc'nc'tate,
1690 1133 1859 1181 astruit
1882 1131 1956 1179 his
1980 1131 2165 1180 verbis³
2191 1150 2201 1178 :
2230 1153 2252 1177 «
2271 1135 2375 1180 De·-

223 1213 387 1279 nique,
412 1215 452 1263 si
478 1215 529 1265 in
555 1213 697 1264 donis
716 1216 806 1264 Dei
828 1215 895 1264 nil
924 1216 1079 1280 majus
1111 1224 1182 1264 est
1206 1215 1457 1277 charitate,
1489 1225 1537 1264 et
1561 1214 1749 1263 nullum
1778 1213 1933 1278 majus
1965 1212 2151 1260 donum
2181 1213 2270 1261 Dei
2306 1225 2376 1263 est

225 1310 372 1359 quam
402 1295 606 1362 Spiritus
636 1306 848 1359 sanctus,
874 1296 993 1362 quid
1025 1297 1400 1363 consequentius
1428 1313 1577 1362 quam
1612 1296 1714 1362 ipse
1745 1295 1805 1342 sit
1834 1293 2044 1342 charitas
2073 1311 2179 1359 quae
2203 1294 2378 1344 dicitur

224 1376 353 1424 Deus
375 1385 423 1424 et
446 1392 505 1425 ex
522 1377 655 1435 Deo?
683 1380 742 1424 Et
771 1377 810 1425 si
838 1376 1043 1425 charitas
1066 1394 1163 1442 qua
1188 1381 1326 1426 Pater
1351 1377 1504 1442 diligit
1539 1377 1731 1437 Filium,
1758 1385 1806 1423 et
1837 1378 2024 1423 Patrem
2051 1374 2204 1439 diligit
2238 1375 2378 1425 Filius

226 1455 547 1520 ineffabiliter,
588 1458 990 1507 communionem
1029 1458 1288 1507 amborum
1324 1459 1640 1519 demonstrat,
1677 1456 1795 1524 quid
1831 1456 2197 1504 convenientius
2232 1473 2378 1522 quam

227 1547 279 1585 ut
317 1536 397 1587 ille
432 1540 628 1605 proprie
669 1538 859 1587 dicatur
893 1539 1124 1601 charitas,
1159 1540 1244 1605 qui
1271 1540 1475 1606 Spiritus
1503 1550 1576 1588 est
1607 1537 1882 1588 communis
1910 1535 2220 1586 ambobus?»
2258 1538 2380 1586 Hinc

227 1628 298 1665 est
323 1628 372 1666 et
399 1618 518 1668 illud
551 1621 834 1686 Hieronymi
866 1638 1012 1686 super
1033 1622 1290 1686 septimam
1309 1620 1596 1668 Psalmum:
1629 1619 1874 1686 «Spiritus
1906 1627 2097 1666 sanctus
2121 1634 2212 1665 nec
2245 1621 2382 1667 Pater

227 1708 315 1759 est,
342 1716 432 1748 nec
449 1701 594 1749 Fiiius
623 1710 716 1763 est,
755 1702 841 1751 sed
873 1702 1243 1769 dilectiogquam
1276 1700 1425 1749 habet
1457 1704 1597 1749 Pater
1631 1689 1690 1748 in>
1708 1700 1828 1748 Filio
1859 1709 1907 1747 et
1935 1698 2082 1746 Filius
2099 1699 2149 1745 in
2178 1701 2330 1747 Patre.
2355 1721 2376 1744 »

228 1779 373 1838 Quod
406 1779 619 1830 fortassis
653 1782 765 1831 ideo
797 1783 1006 1831 maxime
1030 1770 1292 1830 dicendum
1322 1781 1514 1830 videtur
1535 1791 1583 1830 et
1610 1779 1901 1840 tenendum,
1929 1788 1982 1827 ut
2003 1778 2225 1827 videlicet
2246 1795 2383 1828 amor

227 1876 422 1926 quoque
442 1862 594 1910 Patris
622 1863 672 1911 in
707 1863 880 1912 Filium
914 1863 988 1913 vel
1025 1863 1128 1912 Filii
1147 1865 1197 1910 in
1231 1865 1446 1924 Patrem,
1481 1862 1670 1913 dicatur
1702 1862 1907 1928 Spiritus
1943 1870 2162 1920 sanctus,
2198 1870 2245 1908 et
2282 1878 2382 1909 non

231 1950 417 2001 tantum
437 1959 576 1991 amor
598 1944 661 1993 ad
685 1955 944 2008 creaturaS,
973 1944 1108 2011 quod
1133 1944 1346 1993 fortassis
1370 1945 1508 1993 aliter
1531 1943 1774 1993 videretur
1796 1943 1999 2009 Spiritus
2026 1951 2218 1990 sanctus
2240 1959 2382 2008 posse

230 2013 328 2071 non
352 2040 476 2084 esse,
515 2041 572 2073 ac
600 2043 687 2092 per
716 2025 813 2074 hoc
836 2042 934 2074 non
958 2027 1230 2075 necessario
1255 2043 1357 2075 esse
1380 2027 1535 2093 ipsam
1564 2025 1861 2074 Trinitatem.
1892 2027 2056 2071 Posset
2078 2024 2258 2090 quippe
2283 2040 2384 2072 esse

229 2113 283 2151 ut
296 2103 438 2153 'nulla
462 2115 681 2155 creatura
705 2124 921 2173 unquam
944 2116 1088 2169 esset,
1121 2124 1235 2157 cum
1259 2107 1392 2156 nulla
1413 2124 1471 2156 ex
1497 2107 1774 2155 necessitate
1792 2106 1873 2167 sit,
1900 2120 1956 2152 ac
1980 2121 2065 2170 per
2086 2103 2182 2152 hoc
2204 2120 2383 2153 conse-

228 2201 382 2248 quens
406 2185 667 2249 videretur,
687 2197 742 2235 ut
761 2187 862 2252 jam
887 2205 976 2236 nec
995 2187 1194 2237 affectus
1222 2189 1373 2255 ipsius
1399 2205 1546 2255 quem
1574 2187 1797 2237 videlicet
1819 2202 1930 2251 erga
1953 2194 2194 2234 creaturas
2215 2184 2377 2246 habet,

233 2280 291 2311 ex
317 2267 597 2315 necessitate
623 2268 708 2328 sit,
739 2284 795 2316 ac
815 2285 902 2334 per
922 2267 1020 2317 hoc
1047 2269 1251 2335 Spiritus
1276 2270 1378 2335 ipse
1402 2286 1459 2317 ex
1482 2268 1764 2318 necessitate
1793 2284 1894 2316 non
1919 2268 1979 2315 sit
2006 2283 2153 2332 quem
2180 2265 2383 2314 dicimus

230 2346 319 2402 Dei
342 2346 503 2412 ipsum
525 2347 752 2396 affectum
782 2366 882 2401 esse
914 2349 1015 2398 sive
1042 2366 1277 2399 amorem.
1306 2352 1365 2398 At
1390 2367 1504 2398 vero
1536 2349 1575 2398 si
1598 2365 1817 2398 amorem
1843 2347 1933 2395 Dei
1964 2364 2065 2395 non
2089 2345 2245 2395 solum
2276 2363 2384 2410 erga

229 2435 487 2488 creaturas,
514 2445 684 2477 verum
714 2429 859 2478 etiam
889 2431 1032 2479 unius
1056 2447 1276 2497 personae
1305 2447 1416 2496 erga
1447 2431 1644 2483 alteram
1676 2429 1992 2496 accipiamus,
2021 2428 2116 2476 hoc
2151 2428 2383 2476 inconve-

228 2507 367 2555 niens
395 2508 602 2558 vitamus
629 2521 811 2577 aperte.
844 2514 911 2560 Ac
940 2511 1138 2562 fortasse
1170 2529 1282 2561 cum
1315 2521 1543 2561 creaturae
1574 2513 1687 2578 ipsae
1721 2528 1779 2558 ex
1808 2509 2087 2558 necessitate
2121 2525 2220 2556 non
2261 2509 2380 2568 sint,

230 2588 343 2653 quia
377 2588 556 2638 scilicet
595 2601 833 2656 quantum
866 2592 930 2641 ad
962 2594 1212 2660 propriam
1251 2603 1474 2643 naturam
1515 2610 1615 2641 non
1652 2609 1755 2640 esse
1789 2599 2009 2658 possunt,
2048 2605 2187 2637 amor
2226 2598 2383 2636 tamen

231 2669 319 2716 Dei
353 2685 468 2734 erga
500 2670 604 2719 illas
635 2671 702 2720 ita
732 2673 1004 2721 necessario
1035 2673 1184 2722 habet
1218 2691 1339 2734 esse,
1374 2683 1429 2722 ut
1455 2674 1637 2738 absque
1675 2672 1758 2720 illo
1794 2675 1924 2719 Deus
1959 2685 2061 2732 esse
2099 2685 2199 2715 non
2236 2669 2385 2735 possit

232 2749 452 2813 omnino,
479 2768 591 2799 cum
606 2752 829 2801 videlicet
858 2754 960 2820 ipse
989 2771 1047 2803 ex
1070 2755 1270 2821 propria
1303 2764 1475 2814 natura
1512 2763 1610 2801 tam
1649 2753 1782 2800 hunc
1807 2767 2022 2799 amorem
2055 2765 2197 2797 suum
2237 2765 2382 2814 quam

231 2829 483 2895 quodlibet
529 2831 716 2879 bonum
766 2834 830 2881 ita
871 2834 1075 2898 habeat,
1123 2845 1175 2882 ut
1221 2851 1280 2882 eo
1328 2851 1491 2883 carere
1538 2833 1814 2881 nullatenus
1856 2831 2028 2897 possit,
2077 2847 2223 2895 quem
2273 2830 2384 2878 nul-

227 2910 415 2959 latenus
452 2921 535 2960 aut
566 2912 726 2960 minus
769 2913 958 2962 bonum
998 2931 1145 2981 quam
1185 2924 1282 2976 est,
1322 2924 1404 2963 aut
1436 2914 1592 2979 majus
1627 2913 1815 2961 bonum
1853 2928 1996 2978 posse
2034 2927 2138 2959 esse
2174 2921 2379 2960 constat.

230 2991 323 3039 Sed
377 2991 437 3040 de
483 2992 579 3041 hoc
628 2993 817 3059 plenius
860 2996 1167 3044 tractandum
1209 2995 1526 3062 postmodum
1578 3010 1878 3042 reservamus
1899 3030 1911 3054 ,
1956 3009 2068 3040 cum
2117 2992 2180 3040 de
2223 2993 2384 3042 divina

231 3073 447 3137 potentia
489 3073 755 3140 principale
802 3076 1039 3124 tractandi
1087 3094 1137 3125 se
1184 3076 1415 3125 obtulerit
1459 3076 1730 3141 negotium.
1775 3077 1976 3121 Donum
2019 3083 2179 3121 tamen
2239 3074 2385 3122 Patris

233 3162 470 3216 quantum
492 3153 553 3203 ad
585 3154 782 3215 Filium,
811 3155 884 3203 vel
911 3155 1015 3204 Filii
1047 3157 1290 3223 {quantum
1328 3156 1391 3206 ad
1423 3160 1611 3205 Patrem
1651 3170 1958 3222 nequaquam
1993 3153 2253 3216 dicendum
2285 3170 2384 3201 esse

281 3340 415 3382 'Joan.‚
434 3349 506 3382 cap.
522 3349 546 3383 ι,
560 3351 589 3375 v.
610 3344 641 3374 2.
659 3359 700 3367 -
716 3343 726 3363 ²
744 3342 907 3385 consess..
923 3345 980 3378 lib.
992 3343 1166 3386 Vllhcap.
1185 3352 1229 3377 ix.
1242 3345 1302 3369 -³
1314 3344 1362 3377 De
1373 3344 1579 3385 Trinit.,lib.
1593 3342 1662 3382 XV,
1676 3351 1748 3384 cap.
1768 3351 1836 3375 xix.

395 3415 428 3440 n
2165 3401 2215 3437 15
