2638 3866
217 176 313 224 728
1023 170 1196 218 PETRI
1230 168 1544 217 ABAELARDI

222 277 345 325 citur
379 293 389 322 ε
434 294 456 320 «
492 278 799 336 Unguentum
836 271 1041 318 effusum
1070 286 1251 317 nomen
1282 279 1439 316 tuum.
1484 290 1506 313 2)
1557 270 1622 316 Ac
1653 269 1690 316 si
1720 268 1899 317 diceret
1929 288 1939 317 ε
1972 273 2157 319 Nomen
2191 282 2355 335 tuum,

221 375 251 404 0
274 356 476 413 Christe,
517 352 650 417 quod
682 361 999 414 unguentum,
1036 351 1087 397 id
1113 360 1183 397 est
1214 350 1494 397 unctionem
1525 359 1692 411 sonat,
1732 360 1802 397 est
1835 350 2064 411 effusum,
2100 352 2151 399 id
2185 362 2256 400 est
2287 353 2358 401 di-

227 437 455 493 latatum,
490 443 633 497 atque
664 433 714 478 in
743 431 921 479 multos
964 431 1252 492 derivatum,
1295 431 1375 494 qui
1416 430 1744 478 inde'scilicet
1787 431 2043 479 Christiani
2076 432 2189 480 dicti
2228 444 2356 481 sunt.

221 521 274 564 A.
300 520 351 562 P.
389 513 482 561 Sed
505 523 553 559 et
582 513 718 575 juxta
750 511 1052 577 Apostolum,
1079 527 1189 558 cum
1214 511 1271 558 sit
1294 511 1508 558 Christus
1543 511 1670 576 ipsa¹
1705 512 1935 576 sapientia
1967 527 2114 576 quam
2141 513 2362 578 sophiam

222 596 373 644 Graeci
413 593 668 640 nominant
709 611 719 638 :
765 593 924 639 nullos
964 592 1138 639 rectius
1171 590 1264 638 dici
1301 590 1621 656 philosophos
1659 601 1878 651 autumo,
1917 609 2064 656 quam
2101 593 2186 658 qui
2219 593 2363 658 hujus

220 691 418 722 summae
451 690 506 721 30
529 672 748 738 perfectae
779 673 1020 739 sapientiae
1054 681 1292 719 amatores
1323 672 1547 720 existunt.
1585 675 1638 718 P.
1669 675 1772 719 Hoc
1802 672 2028 736 equidem
2060 683 2106 720 et
2128 674 2232 738 ipsa
2255 673 2364 739 phi-

220 754 482 819 losophici²
516 754 728 800 nominis
764 752 1088 817 ethymologia
1124 751 1338 814 requirit,
1375 761 1421 799 et
1446 752 1652 799 maxime
1685 762 1785 799 tam
1821 751 2040 800 doctrina
2071 752 2183 801 fidei
2218 770 2363 817 quam

221 851 411 882 morum
446 833 697 899 disciplina
726 850 811 880 seu
842 834 955 880 vita.
996 835 1130 899 Ipsos
1161 831 1302 879 nobis
1335 831 1655 898 philosophos
1685 833 1900 896 gentium
1928 842 2112 881 certum
2143 843 2213 881 est
2246 850 2367 882 con-

220 916 407 975 venire3
443 914 566 963 adeo
591 930 802 979 namque
825 913 886 961 de
916 913 1010 960 fide
1033 913 1273 961 Trinitatis
1301 922 1464 979 aperte
1489 912 1845 974 disseruerunt,
1876 922 1930 960 ut
1953 914 2168 962 mirabile
2191 916 2252 962 sit
2283 931 2367 962 eos

221 1013 418 1061 quoque
450 997 501 1043 in
532 995 773 1061 plerisque
806 994 1080 1059 diligentius
1115 1010 1262 1059 quam
1292 994 1557 1060 Prophetas
1590 995 1719 1060 ipsos
1754 1004 1905 1042 totam
1927 995 2071 1059 hujus
2094 994 2207 1043 fidei
2236 1013 2366 1043 sum-

223 1094 352 1124 mam
373 1077 664 1142 exposuisse.
689 1079 911 1134 Quorum
935 1076 1078 1123 etiam
1101 1092 1328 1140 sequaces
1351 1077 1401 1122 in
1424 1085 1608 1122 tantam
1628 1076 1732 1123 ausi
1755 1086 1868 1123 sunt
1891 1077 2127 1124 insaniam
2149 1093 2370 1142 prorum-

223 1174 354 1223 pere,
382 1167 434 1204 ut
455 1158 720 1205 Dominum
741 1173 936 1221 quoque
962 1160 1123 1204 Jesum
1155 1157 1368 1204 dicerent
1391 1172 1448 1203 ea
1470 1173 1575 1220 quae
1609 1156 1670 1204 de
1693 1156 1789 1205 fide
1810 1157 2047 1204 Trinitatis
2072 1156 2365 1222 praedicavit,

223 1255 249 1285 3
287 1237 588 1303 philosophis
623 1236 863 1284 didicisse.
911 1236 1046 1284 Unde
1077 1247 1123 1285 et
1153 1237 1322 1285 beatus
1363 1237 1653 1300 Augustinus
1687 1237 1737 1284 in
1770 1237 1897 1285 libro
1934 1239 2039 1285 VIII
2083 1236 2141 1284 de
2171 1238 2371 1284 Ciuitate

225 1321 319 1365 Dei
353 1337 366 1364 .·
399 1339 421 1361 α
449 1319 699 1379 Mirantur,
740 1336 762 1362 »
791 1318 972 1382 inquit,
1005 1338 1027 1361 «
1060 1317 1259 1382 quidam
1288 1317 1430 1365 nobis
1459 1319 1507 1365 in
1546 1318 1721 1365 Christi
1754 1320 1901 1382 gratia
1936 1318 2102 1367 sociati
2137 1335 2250 1365 cum
2284 1334 2370 1365 au-

225 1400 365 1446 diunt
397 1398 472 1446 vel
504 1399 670 1461 legunt
700 1397 949 1446 Platonem
979 1416 990 1444 2
1014 1415 1127 1445 cum
1154 1398 1215 1445 de
1241 1401 1345 1446 Deo
1368 1399 1459 1447 ista
1491 1399 1710 1457 senserit,
1737 1415 1842 1464 quae
1874 1399 2079 1447 multum
2102 1414 2371 1462 congruere
2442 1432 2445 1433 γ

225 1479 410 1526 veritati
441 1487 613 1525 nostrae
650 1479 906 1542 Religionis
939 1488 1281 1543 agnoscuntur.
1324 1499 1347 1523 »
1386 1478 1520 1526 Idem
1556 1479 1607 1526 in
1642 1482 1683 1526 II
1716 1478 1776 1526 de
1812 1480 2043 1526 Doctrina
2076 1478 2368 1537 christiana,

230 1558 474 1616 «Quidam
498 1558 699 1605 lectores
717 1569 763 1605 et
789 1558 1041 1606 dilectores
1062 1559 1272 1607 Platonis
1297 1560 1398 1607 ausi
1425 1569 1536 1607 sunt
1560 1560 1609 1606 in
1634 1568 1815 1607 tantam
1837 1575 2155 1624 prorumpere
2179 1557 2374 1606 demen-

228 1639 358 1694 tiam,
392 1638 525 1702 quod
559 1639 774 1685 dicerent
806 1655 975 1686 omnes
1007 1640 1203 1686 Domini
1235 1640 1388 1687 nostri
1415 1643 1524 1687 Jesu
1557 1639 1733 1687 Christi
1759 1639 2043 1701 sententias,
2071 1655 2189 1704 quas
2212 1639 2375 1686 mirari

229 1729 276 1766 et
298 1735 522 1783 promere
547 1728 804 1780 coguntur,
831 1719 892 1766 de
926 1720 1136 1767 Platonis
1157 1719 1291 1767 libris
1317 1737 1430 1767 eum
1458 1720 1697 1768 didicisse.
1731 1740 1753 1764 >³
1778 1720 1925 1778 Quod
1948 1721 1987 1767 si
2008 1720 2155 1767 vitam
2179 1735 2375 1784 quoque

230 1799 661 1864 Philosophorum,
693 1815 748 1846 ac
782 1816 975 1846 morum
1002 1799 1305 1864 disciplinam
1335 1815 1611 1865 pensemus,
1641 1801 1801 1847 nullos
1832 1811 1916 1847 aut
1949 1817 2129 1865 paucos
2161 1799 2376 1847 fidelium

229 1879 611 1926 Christianorum
626 1880 640 1904 ³
661 1877 723 1925 de
747 1888 1030 1944 contemptu
1059 1880 1206 1926 seculi
1226 1890 1309 1928 aut
1334 1897 1527 1927 morum
1550 1880 1802 1946 disciplina
1826 1882 1892 1928 eis
1915 1879 2252 1928 anteferendos
2277 1895 2377 1927 esse

229 1959 550 2006 censebimus.
592 1959 687 2017 Qui
729 1959 873 2006 etiam
910 1959 1120 2024 sophum
1145 1962 1160 1984 ¹·
1202 1960 1300 2007 sive
1334 1960 1686 2026 philosophum
1724 1961 1874 2025 magis
1913 1977 1971 2008 ex
2002 1961 2098 2008 vita
2137 1975 2283 2023 quam
2321 1976 2378 2007 ex

230 2040 523 2087 conscientia
552 2039 814 2086 dicendum
846 2056 949 2086 esse
979 2049 1210 2086 asserunt.
1250 2042 1322 2086 De
1350 2039 1446 2087 fide
1471 2049 1632 2087 autem
1664 2039 2073 2106 Philosophorum
2095 2049 2239 2104 atque
2260 2040 2374 2100 vita,

233 2136 316 2166 seu
338 2121 482 2166 etiam
507 2119 759 2185 disciplina
782 2135 998 2179 morum,
1035 2120 1084 2166 in
1109 2119 1443 2167 exhortatione
1464 2130 1629 2167 nostra
1651 2120 1715 2167 ad
1737 2120 1902 2168 fratres
1927 2130 1974 2167 et
1999 2119 2380 2167 commonachos

231 2211 424 2247 nostros
458 2201 569 2248 satis
605 2199 813 2247 arbitror
847 2217 876 2248 a
909 2200 1052 2247 nobis
1086 2217 1189 2248 esse
1227 2202 1517 2266 expositum.
1566 2204 1724 2259 Quam
1759 2201 1958 2266 quidem
1994 2200 2381 2249 exhortationem

231 2281 446 2345 quisquis
472 2280 662 2343 legerit,
699 2280 882 2327 videbit
914 2280 1233 2346 philosophos
1257 2297 1358 2328 non
1387 2291 1486 2328 tam
1510 2283 1709 2329 nomine
1740 2297 1889 2346 quam
1914 2282 2070 2347 reipsa
2102 2281 2381 2328 Christianis

234 2361 440 2408 maxime
463 2361 685 2408 sociatos.
707 2364 872 2425 Neque
893 2357 1022 2408 enim
1041 2362 1222 2409 Graecia
1243 2371 1317 2409 tot
1339 2362 1688 2427 philosophicis
1711 2361 1979 2409 rationibus
2007 2372 2207 2423 armata,
2227 2365 2383 2409 Evan-

233 2440 392 2504 gelicae
419 2441 779 2509 praedicationis
806 2442 922 2506 jugo
964 2442 1089 2489 colla
1122 2451 1222 2489 tam
1257 2442 1353 2489 cito
1389 2442 1711 2501 submisisset,
1755 2443 1847 2490 nisi
1881 2453 2021 2490 antea
2057 2442 2242 2507 scriptis
2275 2442 2381 2507 phi-

233 2521 568 2586 losophorum,
596 2522 718 2569 sicut
746 2521 908 2569 Judaea
931 2521 1301 2587 Prophetarum,
1335 2522 1398 2570 ad
1428 2522 1524 2569 hoc
1554 2532 1677 2570 esset
1706 2532 1988 2588 praeparata.
2024 2525 2060 2569 A
2086 2525 2140 2568 Ρ.
2168 2521 2381 2568 Verbum

234 2618 430 2666 quoque
462 2603 574 2663 Dei,
609 2602 744 2666 quod
769 2603 922 2650 Graeci
940 2602 1112 2666 logon⁵
1140 2613 1341 2664 vocant,
1369 2603 1526 2650 solum
1550 2603 1788 2651 Christum
1812 2602 2034 2650 dicimus.
2059 2602 2199 2649 Unde
2231 2603 2383 2666 Augu·

236 2683 387 2729 stinus
412 2684 461 2729 in
484 2683 609 2729 libro
636 2686 961 2743 Quaestionum
984 2686 1255 2743 LXXXIII,
1282 2700 1389 2749 cap.
1415 2700 1547 2732 xmm
1566 2699 1579 2731 t
1600 2703 1623 2729 «
1648 2686 1701 2730 In
1726 2684 1967 2749 principio
1987 2693 2086 2731 erat
2108 2682 2341 2743 Verbum,
2356 2702 2379 2726 >2

236 2763 419 2825 inquit,
461 2783 484 2806 κ
520 2763 654 2827 quod
687 2766 851 2810 Graece
880 2769 1009 2829 Λόγος
1044 2763 1236 2811 dicitur.
1275 2784 1297 2808 >2
1339 2765 1464 2811 Hinc
1495 2774 1542 2811 et
1575 2764 1710 2828 juxta
1742 2765 1953 2811 nominis
1987 2763 2380 2828 ethymologiam,

238 2842 516 2907 quicunque
553 2844 667 2891 huic
699 2860 814 2890 vero
860 2860 914 2891 ac
959 2843 1173 2909 perfecto
1215 2844 1373 2892 Verbo
1416 2860 1504 2909 per
1549 2844 1819 2891 doctrinam
1869 2853 1917 2893 et
1962 2860 2179 2892 amorem
2225 2842 2382 2889 cohae-

239 2931 368 2982 rent,
393 2940 503 2970 vere
534 2924 696 2988 Logici
728 2934 856 2984 sunt,
887 2934 933 2970 et
961 2923 1245 2989 Philosophi
1279 2924 1473 2972 dicendi
1509 2935 1656 2972 sunt:
1684 2924 1914 2989 nullaque
1950 2914 2201 2990 disciplina
2227 2923 2386 2970 verius

241 3000 395 3063 logica
419 3002 515 3050 dici
531 3005 691 3064 debet,
718 3019 864 3068 quam
890 3004 1159 3052 Christiana
1181 3004 1419 3053 doctrina.

279 3211 284 3226 ¹
307 3208 391 3249 Ipsa
410 3208 475 3240 Dei
492 3209 673 3252 sapientia.
693 3210 774 3242 Cod.
793 3211 888 3243 2923.
916 3227 954 3233 -
985 3211 996 3229 ²
1013 3211 1065 3243 Sic
1083 3210 1162 3242 Cod.
1181 3212 1276 3244 2923.
1350 3213 1361 3232 ⁴
1378 3210 1431 3243 Sic
1456 3211 1537 3244 Cod.
1561 3213 1657 3245 2923.
1684 3211 1750 3251 Qui
1769 3220 1832 3254 per
1854 3211 1998 3253 sophum
2018 3210 2115 3243 Amb.
2136 3226 2177 3233 —
2197 3209 2209 3228 ⁵
2230 3206 2283 3240 Sit:
2302 3207 2382 3240 Cod.

245 3262 383 3303 Physici
399 3263 496 3296 Amb.
516 3281 554 3286 —
569 3265 581 3284 ³
598 3263 769 3298 Fidelium
785 3269 816 3297 et
834 3265 1110 3298 Christianorum
1125 3266 1221 3298 Amb.
1236 3283 1277 3290 —
1350 3267 1444 3300 2923.
1462 3267 1569 3306 Λόγον
1587 3265 1683 3298 Amb.
