2638 3866
826 251 1086 300 EPlTOME
1119 251 1483 300 THEOLOGIAE
1517 250 1903 299 CHRISTlANAE.
2337 249 2431 297 579

287 350 415 399 suum
436 355 539 398 dare
560 354 736 408 maluit,
762 368 893 412 quam
908 354 954 396 in
974 352 1058 396 alio
1073 364 1208 413 potu,
1231 355 1332 413 quia
1352 369 1433 414 per
1458 354 1608 396 vinum
1622 354 1772 397 laetitia
1793 352 2068 414 significatur.
2087 351 2252 396 Unde:
2272 352 2433 396 Vinum

290 420 475 463 laetificat
502 435 578 463 cor
598 419 802 462 hominis.
828 419 912 462 Per
933 419 1018 461 hoc
1044 434 1217 478 quoque
1245 431 1390 479 aperte
1415 419 1627 470 ostendit,
1655 417 1999 463 inaestimabilem
2021 418 2213 462 laetitiam
2233 433 2311 478 per
2330 434 2434 479 pas-

290 486 457 529 sionem
480 500 602 529 suam
617 484 816 528 Ecclesiae
839 483 1086 539 affuturam,
1107 500 1236 543 quam
1250 485 1412 538 Sancti,
1436 485 1511 560 qui
1528 495 1627 529 ante
1650 485 1883 529 adventum
1901 499 2027 528 suum
2048 485 2238 538 fuerunt,
2256 484 2435 528 minime

289 552 549 605 habuerunt,
579 551 680 611 quia
702 549 928 594 moriendo
957 565 1047 593 non
1068 551 1308 593 transibant
1336 550 1393 594 ad
1413 552 1562 602 vitam,
1587 552 1677 594 imo
1699 552 1744 594 in
1767 550 1937 594 inferno
1961 550 2281 595 detinebantur.
2305 549 2435 593 Unde

291 632 370 660 nec
399 633 551 661 eorum
580 617 774 660 natalitia
794 617 840 659 in
863 614 1038 659 ecclesia
1068 615 1360 660 celebrantur.
1396 618 1461 660 De
1491 632 1602 676 aqua
1630 633 1720 660 non
1749 616 1952 676 legimus,
1977 617 2096 676 quod
2126 617 2315 660 Christus
2335 616 2437 659 huic

289 693 556 727 sacramento
580 681 812 726 addiderit.
838 683 925 724 Cur
945 682 1074 742 igitur
1087 682 1190 724 vino
1214 682 1500 726 admiscetur?
1522 683 1607 727 Sed
1624 682 1820 733 dicimus,
1846 681 1965 741 quod
1986 698 2064 742 per
2079 697 2234 742 aquam
2252 681 2436 742 populus

289 749 483 808 gentium
506 748 769 808 designatur.
794 747 924 791 Unde
947 762 1069 806 aquae
1091 748 1238 791 multae
1258 748 1409 808 populi
1433 748 1580 804 multi;
1606 759 1656 791 ut
1677 749 1794 792 enim
1815 763 1984 808 semper
2005 749 2050 790 in
2073 747 2193 791 fluxu
2213 758 2256 791 et
2277 748 2321 790 in
2340 763 2438 790 mo·-

288 814 454 857 bilitate
478 829 588 873 aqua
602 847 613 868 ‚
645 814 705 857 ita
726 813 911 874 populus
934 813 1006 857 ille
1034 814 1080 856 in
1101 812 1219 856 fluxu
1247 815 1385 857 carnis
1407 825 1451 857 et
1476 814 1752 858 instabilitate
1780 813 1970 873 quadam
2002 813 2290 857 detinebatur.
2323 813 2436 856 Nam

288 879 408 922 nullo
440 879 545 939 legis
584 879 653 923 vel
684 879 998 939 Prophetarum
1024 880 1129 939 jugo
1155 879 1428 933 rest-venatus,
1457 896 1536 940 per
1567 880 1687 924 lucos
1717 891 1760 923 et
1791 895 1885 922 aras
1923 879 2172 923 daemonum
2200 879 2302 922 hinc
2334 878 2437 922 inde

286 946 554 1005 raptabatur.
582 946 692 989 Cum
711 945 840 1006 igitur
862 955 962 988 ante
980 956 1167 988 mortem
1191 947 1345 989 Christi
1367 946 1552 1006 populus
1572 947 1651 989 iste
1672 947 1717 988 in
1737 946 1973 989 Ecclesiam
1995 961 2084 988 non
2106 946 2326 998 intrasset,
2347 960 2437 987 non

285 1022 380 1053 erat
409 1012 692 1066 conveniens,
717 1011 836 1070 quod
869 1026 1003 1071 aqua,
1037 1028 1133 1071 quae
1161 1012 1368 1073 gaudium
1390 1013 1445 1056 de
1474 1014 1564 1070 ejus
1592 1012 1773 1055 introitu
1801 1012 2024 1071 exprimit,
2052 1010 2299 1054 adderetur.
2328 1011 2437 1053 Cum

287 1091 390 1120 vero
410 1088 560 1137 postea
584 1078 788 1132 intraret,
815 1077 1002 1121 Ecclesia
1026 1077 1081 1121 de
1103 1080 1194 1135 ejus
1214 1079 1395 1122 introitu
1423 1091 1468 1123 et
1494 1079 1697 1122 societate
1725 1077 1931 1139 gaudens,
1957 1093 2115 1136 aquam
2137 1076 2347 1134 adjunxit.
2374 1077 2438 1120 De

288 1142 497 1187 fractione
526 1143 597 1186 illa
613 1176 624 1198 ,
649 1158 745 1202 quae
766 1143 829 1186 ibi
850 1155 1028 1203 apparet
1041 1177 1052 1198 ,
1079 1144 1239 1204 ambigi
1260 1145 1453 1189 similiter
1466 1178 1477 1199 ,
1503 1160 1558 1187 an
1580 1145 1719 1204 ipsum
1745 1159 1899 1203 corpus
1921 1143 2097 1195 Christi,
2123 1142 2232 1186 sicut
2255 1157 2354 1185 vere
2376 1153 2440 1185 est

287 1207 364 1261 ibi,
396 1210 456 1251 ita
489 1210 534 1252 in
562 1210 744 1252 veritate
774 1210 1010 1270 frangatur.
1042 1210 1129 1254 Sed
1158 1209 1365 1265 dicimus,
1395 1210 1515 1270 quod
1543 1211 1652 1254 sicut
1676 1225 1767 1253 esse
1790 1209 1960 1252 videtur
1989 1209 2128 1269 panis,
2163 1219 2206 1251 et
2238 1224 2327 1251 non
2359 1218 2437 1259 est,

285 1274 457 1317 videtur
479 1290 652 1335 quoque
675 1276 825 1318 vinum
839 1291 946 1329 esse,
966 1292 1065 1319 cum
1086 1287 1233 1319 tamen
1254 1277 1401 1319 vinum
1421 1292 1509 1319 non
1525 1277 1579 1320 sit
1597 1291 1607 1319 ε
1628 1277 1687 1319 sic
1703 1275 1873 1318 videtur
1889 1275 2044 1335 frangi,
2069 1290 2169 1318 cum
2184 1274 2440 1317 fractionem

287 1338 450 1382 nullam
473 1340 653 1400 recipiat
683 1341 930 1401 nullamque
962 1343 1149 1401 partium
1178 1343 1412 1385 sectionem
1435 1343 1652 1402 suscipiat.
1677 1342 1768 1385 Nec
1788 1352 1852 1384 est
1871 1351 2047 1401 propter
2067 1341 2153 1383 hoc
2173 1340 2440 1399 phantastica

286 1405 392 1448 visio
422 1405 521 1459 illa,
554 1407 656 1465 quia
686 1423 777 1449 non
809 1418 872 1450 est
895 1407 951 1450 ad
975 1408 1278 1468 deceptionem
1299 1408 1367 1451 vel
1394 1407 1496 1451 fidei
1527 1423 1740 1461 errorem,
1769 1407 1846 1450 sed
1875 1406 2129 1450 sacramenti
2157 1404 2441 1448 commenda-

288 1471 467 1515 tionem.
494 1472 580 1515 Sed
602 1488 698 1515 cum
724 1473 779 1516 de
803 1473 1011 1517 fractione
1033 1474 1121 1527 illa,
1146 1487 1243 1527 quae
1265 1474 1313 1517 fit
1333 1475 1379 1517 in
1402 1475 1541 1528 altari,
1566 1474 1690 1516 facile
1718 1474 1772 1516 sit
1797 1472 2072 1532 responderi,
2103 1471 2158 1514 de
2183 1471 2278 1525 illa,
2311 1486 2441 1530 quam

282 1537 478 1580 Christus
498 1538 599 1581 fecit
618 1539 664 1581 in
686 1554 824 1592 coena,
848 1538 902 1582 de
923 1555 1007 1599 qua
1028 1541 1300 1601 Evangelista
1326 1556 1336 1584 :
1363 1541 1508 1600 Fregit
1529 1551 1574 1583 et
1597 1539 1731 1582 dabat
1755 1538 1972 1598 discipulis
1994 1538 2094 1591 suis,
2120 1552 2248 1596 grave
2272 1536 2443 1579 videtur

286 1602 528 1658 absolvere,
554 1620 610 1647 an
632 1605 793 1648 scilicet
812 1605 858 1647 in
879 1606 1060 1649 veritate
1079 1621 1236 1666 corpus
1257 1622 1381 1649 suum
1402 1606 1578 1665 fregerit
1599 1615 1645 1649 et
1662 1620 1741 1666 per
1755 1616 1898 1664 partes
1921 1603 2106 1646 divisum
2122 1602 2338 1662 discipulis
2356 1602 2442 1645 suis

288 1669 531 1713 tradiderit.
570 1670 642 1713 Ad
676 1671 804 1730 quod*
832 1671 1033 1730 equidem
1072 1672 1425 1732 respondendum
1458 1670 1648 1725 videtur,
1685 1671 1806 1731 quod
1834 1681 1976 1713 totum
2014 1671 2229 1729 integrum
2263 1679 2307 1711 et
2339 1683 2440 1727 per-

287 1734 463 1790 fectum,
489 1736 597 1778 sicut
621 1737 675 1779 de
696 1737 875 1797 Virgine
893 1737 1102 1792 traduxit,
1126 1739 1186 1780 ita
1204 1739 1434 1797 unicuique
1456 1737 1764 1796 discipulorum
1783 1747 1927 1778 totum
1949 1746 1993 1778 et
2010 1736 2228 1795 integrum
2247 1733 2441 1777 tradidit.

285 1800 355 1842 Sic
377 1801 507 1844 etiam
524 1802 571 1843 in
594 1801 718 1844 altari
736 1803 792 1844 ab
808 1818 1073 1863 unoquoque
1089 1803 1282 1847 fidelium
1299 1803 1521 1863 recipitur.
1541 1803 1673 1858 Quod
1690 1813 1835 1846 autem
1856 1802 1964 1845 dixit
1978 1800 2251 1861 Evangelista
2270 1816 2281 1843 ε
2302 1800 2445 1861 Fregit

286 1876 330 1908 et
353 1865 475 1909 dedit
501 1866 720 1927 discipulis
743 1868 853 1923 suis,
877 1868 937 1911 sic
958 1884 1060 1912 sane
1082 1869 1411 1930 intelligendum
1432 1869 1584 1927 liquet,
1611 1869 1758 1929 fregit,
1783 1868 1831 1911 id
1852 1879 1938 1922 est,
1961 1866 2188 1920 revelavit,
2214 1877 2257 1909 et
2280 1867 2445 1926 aperuit

287 1931 527 1991 discipulis,
561 1934 667 1992 quid
698 1934 783 1976 hoc
818 1946 1134 1978 sacramentum
1165 1935 1437 1996 significaret,
1474 1935 1593 1994 quod
1627 1935 1829 1978 videlicet
1856 1950 2012 1994 corpus
2042 1932 2290 1986 ecclesiam,
2326 1931 2443 1991 quod

285 1998 456 2058 sanguis
476 1999 738 2043 hilaritatem
759 1999 877 2043 illam
899 2017 1030 2060 quam
1054 2001 1232 2045 ecclesia
1255 2001 1311 2045 de
1333 2003 1398 2044 sui
1420 2002 1692 2045 redemtione
1713 2002 1848 2044 habet
1869 2000 2088 2060 figuraret.
2113 1998 2242 2041 Unde
2257 1999 2339 2058 *qui
2360 1999 2444 2041 hoc

286 2064 513 2124 ignorant,
545 2081 637 2108 non
670 2066 868 2118 fractum,
900 2067 948 2109 id
969 2079 1046 2122 est,
1084 2084 1175 2111 non
1199 2068 1436 2111 revelatum
1462 2067 1699 2110 secundum
1732 2067 1796 2109 sui
1821 2066 2176 2126 significationem
2212 2065 2439 2123 accipiunt.

286 2130 419 2184 Quod
442 2141 587 2173 autem
609 2132 668 2174 sic
690 2147 792 2174 sane
809 2143 852 2175 et
868 2133 1175 2176 convenienter
1192 2134 1350 2193 exponi
1372 2133 1522 2193 possit,
1542 2133 1782 2175 Hieremias
1802 2130 1990 2174 ostendit
2010 2146 2020 2173 :
2040 2129 2213 2172 Parvuli
2227 2131 2444 2189 petierunt

285 2210 462 2253 panem,
488 2206 532 2238 et
553 2212 644 2239 non
667 2207 759 2239 erat
781 2198 855 2256 qui
877 2198 1095 2258 frangeret
1114 2200 1191 2242 eis.
1217 2199 1344 2242 Panis
1365 2199 1445 2242 iste
1461 2200 1669 2258 scriptura
1692 2208 1770 2250 est,
1794 2213 1925 2256 quem
1940 2211 2116 2256 panem,
2141 2194 2187 2238 id
2210 2206 2289 2249 est,
2314 2210 2443 2253 quam

285 2261 541 2320 scripturam
575 2261 743 2320 parvuli
772 2262 930 2305 infirmi
963 2275 1062 2307 ante
1092 2263 1328 2307 adventum
1357 2265 1514 2307 Christi
1544 2264 1625 2306 sibi
1654 2263 1810 2322 frangi,
1844 2262 1891 2305 id
1919 2273 1998 2313 est,
2032 2261 2188 2321 aperiri
2221 2271 2264 2303 et
2284 2261 2443 2319 exponi

286 2326 509 2384 petebant,
537 2337 581 2369 et
602 2343 692 2370 non
716 2339 808 2370 erat
821 2330 894 2387 qui
914 2329 1132 2389 frangeret
1151 2330 1229 2383 eis,
1255 2330 1394 2373 donec
1410 2331 1577 2372 veniret
1597 2329 1804 2381 Christus,
1827 2328 1901 2386 qui
1917 2328 2103 2387 aperiret
2124 2327 2183 2369 eis
2199 2326 2438 2385 scripturas.

286 2391 413 2434 Unde
426 2392 448 2433 J
451 2408 612 2436 oannes
629 2393 675 2435 in
698 2394 943 2454 apocalypsi
962 2396 1043 2438 :Et
1062 2411 1192 2439 nemo
1207 2406 1378 2455 poterat
1392 2396 1556 2455 aperire
1573 2394 1732 2437 librum
1749 2405 1793 2437 et
1809 2393 1975 2437 solvere
1988 2392 2205 2453 signacula
2224 2392 2332 2447 ejus,
2355 2402 2438 2435 etc.

286 2457 342 2499 Et
361 2457 474 2500 bene
498 2457 654 2501 dicitur
674 2459 882 2519 scriptura
905 2461 1044 2520 panis,
1071 2462 1172 2521 quia
1194 2476 1245 2503 ea
1266 2471 1315 2504 ut
1336 2462 1434 2504 cibo
1458 2460 1637 2520 spiritali
1658 2460 1839 2503 interior
1858 2459 2141 2513 homo„sicut
2162 2468 2206 2500 et
2228 2457 2441 2516 corporali

287 2524 491 2576 exterior,
521 2522 708 2567 reficitur
731 2536 774 2568 et
792 2537 1068 2570 sustentatur.
1095 2527 1204 2582 Quae
1228 2526 1492 2587 frangenda,
1517 2526 1564 2569 id
1584 2537 1663 2580 est,
1689 2524 1950 2586 exponenda
1972 2535 2050 2576 est,
2077 2524 2193 2583 quia,
2217 2523 2326 2565 sicut
2347 2522 2442 2565 duri

286 2588 409 2646 panis
441 2600 584 2632 crusta
617 2589 858 2650 frangenda
891 2603 1012 2647 sunt,
1047 2603 1096 2634 ut
1125 2593 1183 2636 ad
1216 2591 1449 2635 medullam
1480 2603 1523 2635 et
1554 2592 1734 2646 micam,
1760 2607 1855 2650 quoe
1876 2592 1991 2633 intus
2012 2600 2091 2642 est,
2114 2589 2360 2642 veniamus,
2384 2588 2443 2630 sic

288 2663 433 2698 cortex
457 2666 502 2697 et
522 2665 631 2698 testa
657 2655 792 2699 literae
816 2656 1055 2718 frangenda
1077 2669 1155 2713 est,
1180 2658 1227 2700 id
1249 2669 1328 2712 est,
1353 2659 1482 2702 series
1504 2658 1638 2701 literae
1662 2655 1920 2716 exponenda
1934 2687 1946 2710 ‚
1971 2666 2019 2698 ut
2041 2654 2097 2698 ad
2120 2652 2373 2707 medullam,
2397 2652 2442 2695 id

286 2728 367 2771 est,
392 2718 481 2761 ad
470 2721 721 2764 interiorem
743 2737 915 2764 sensum
935 2723 1083 2766 venire
1106 2722 1340 2766 valeamus.

347 2782 467 2827 Solet
489 2801 662 2844 quoque
687 2788 837 2846 quaeri,
861 2803 993 2852 quare
1016 2787 1266 2848 discipulis
1255 2804 1395 2848 ipsum
1416 2788 1613 2839 tradidit,
1636 2787 1837 2848 passibile
1858 2786 2057 2830 videlicet
2079 2801 2135 2828 an
2161 2783 2438 2845 impassibile.

291 2846 358 2890 Ad
377 2849 497 2907 quod
520 2850 717 2906 dicimus,
746 2851 864 2910 quod
889 2852 942 2896 de
966 2855 1218 2896 auctoritate
1236 2854 1321 2896 hoc
1345 2853 1574 2896 diffinitum
1603 2870 1692 2896 non
1714 2853 1938 2896 habemus.
1964 2851 2196 2895 Possumus
2216 2861 2363 2893 tamen
2388 2850 2442 2894 de

284 2914 370 2956 hoc
395 2930 541 2959 secure
564 2917 852 2976 respondere,
881 2917 1000 2977 quod
1032 2913 1154 2962 dedit
1175 2919 1260 2963 tale
1284 2919 1409 2978 quale
1431 2920 1583 2964 voluit.
1609 2919 1653 2963 Si
1681 2920 1797 2963 enim
1819 2917 1955 2961 voluit
1977 2918 2038 2961 eis
2065 2912 2271 2962 tradere
2259 2932 2442 2959 immor-

287 2978 388 3033 tale,
413 2980 525 3024 bene
547 2981 755 3041 quidem
744 2999 791 3026 m
811 2983 886 3026 illo
908 2994 1103 3045 tempore
1126 2985 1512 3045 impassibilitatem
1533 2985 1599 3028 sui
1622 2984 1767 3045 potuit
1788 2998 2020 3035 assumere,
2045 2984 2153 3027 sicut
2175 2994 2219 3026 et
2237 2982 2283 3025 in
2304 2992 2443 3025 morte

286 3043 479 3089 claritate
508 3062 552 3091 se
580 3048 679 3091 vitae
713 3049 967 3092 immortalis
994 3051 1250 3094 venustavit.
1283 3051 1325 3093 Si
1356 3062 1499 3094 autem
1528 3049 1712 3094 voluerit
1743 3049 1847 3092 dare
1874 3049 2073 3110 passibile
2103 3059 2146 3092 et
2178 3040 2264 3091 hoc
2297 3047 2444 3107 utique

288 3111 442 3168 potuit,
466 3112 526 3154 ita
549 3124 711 3165 tamen,
734 3113 853 3174 quod
877 3130 976 3158 cum
1002 3131 1153 3159 eorum
1178 3116 1383 3160 dentibus
1406 3127 1516 3160 attei
1518 3128 1676 3170 eretur,
1699 3115 1810 3159 nihil
1832 3111 1934 3158 inde
1957 3115 2135 3159 sentiret
2155 3113 2344 3172 nihilque
2368 3111 2443 3155 de-

288 3174 520 3220 fectionis
510 3195 555 3220 in
585 3195 630 3222 se
653 3191 922 3224 assumeret:
948 3182 1056 3225 sicut
1083 3181 1214 3225 etiam
1241 3182 1372 3225 beato
1394 3181 1626 3226 Vincentio
1649 3181 1781 3225 talem
1802 3181 1995 3241 corporis
2016 3170 2275 3224 soliditatem
2301 3176 2441 3228 dedit,

290 3241 409 3298 quod
439 3259 593 3302 parum
623 3245 677 3288 de
706 3246 788 3289 illis
823 3247 1047 3290 tormentis
1062 3264 1195 3307 ,quae
1218 3249 1258 3290 ei
1279 3247 1591 3302 inferebantur,
1631 3248 1776 3291 sensit.
1814 3247 1857 3289 Si
1893 3247 2011 3290 enim
2044 3245 2216 3305 aliquis,
2253 3244 2326 3303 qui
2354 3257 2440 3284 non

290 3305 470 3350 haberet
501 3309 701 3353 eamdem
724 3311 811 3354 vim
835 3312 880 3354 in
903 3327 1102 3372 corpore
1108 3329 1209 3368 suo,
1240 3324 1409 3357 tantum
1434 3313 1646 3357 decimam
1669 3324 1836 3372 partem
1863 3312 2032 3355 illarum
2054 3324 2278 3375 poenarum
2299 3321 2441 3349 susce-
