2638 3866
763 228 1023 276 ΕΡΙΤΟΜΕ
1052 228 1418 279 THEOLOGlAE
1451 230 1834 279 eflffls‘rlANAE.
2294 234 2387 282 583

244 327 482 373 sostomus⁸
513 344 523 372 ε
549 328 650 372 Non
677 328 777 372 licet
801 329 881 372 tibi
908 330 1069 374 habere
1100 346 1281 374 uxorem
1319 331 1459 375 fratris
1490 332 1568 375 tui.
1602 332 1790 375 Ioannes
1822 331 1950 387 dicit,
1985 332 2103 392 quod
2132 332 2389 376 adulterium

246 406 354 448 erat,
379 405 423 438 et
449 395 508 438 sic
530 394 794 455 conjugium.
818 394 905 439 Sed
928 396 1163 455 opponitur
1188 412 1199 440 ε
1224 397 1384 448 Omne,
1410 397 1530 458 quod
1551 414 1640 441 non
1670 409 1733 441 est
1754 413 1808 441 ex
1829 397 1931 449 fide,
1955 410 2180 458 peccatum
2202 410 2281 442 est.
2306 399 2391 443 Sed

246 459 575 521 intelligendum
612 471 676 504 est
690 495 699 511 ,
739 459 860 519 quod
894 476 984 504 non
1026 472 1089 504 est
1122 478 1176 505 ex
1209 461 1311 517 fide,
1346 462 1393 506 id
1427 475 1514 516 est,
1555 463 1674 523 quod
1707 474 1857 506 contra
1900 465 2221 508 conscientiam.
2260 465 2391 520 Quod

244 527 505 571 conscientia
529 536 704 570 testatur
725 526 887 569 malum
910 541 1015 581 esse,
1039 527 1163 581 illud,
1187 528 1220 570 si
1241 527 1330 582 fiat,
1355 540 1579 588 peccatum
1600 540 1678 573 est.
1703 530 1965 590 Augustinus
1988 531 2115 583 dicit,
2140 530 2259 590 quod
2280 546 2389 574 con-

240 592 408 654 jugium
439 592 604 636 bonum
638 592 832 635 naturale
861 603 941 644 est,
972 592 1090 651 quod
1122 592 1379 637 diffunditur
1409 595 1520 638 inter
1546 610 1713 649 omnes,
1738 596 1867 638 etiam
1894 596 2005 639 inter
2037 596 2244 639 infideles.
2282 598 2390 640 Item

245 659 495 719 conjugium
516 668 580 702 est
607 657 719 701 inter
738 656 886 701 fideles
910 668 955 701 et
974 657 1183 702 infideles.
1208 659 1335 703 Unde
1364 661 1594 720 Apostolus
1617 676 1629 704 t
1654 660 1698 703 Si
1721 662 1814 720 quis
1835 660 1971 704 fidelis
1991 662 2190 705 habuerit
2211 678 2392 706 uxorem

245 721 462 768 infidelem
480 734 523 767 et
543 724 638 767 haec
653 723 866 767 consentit
876 724 1073 767 habitare
1095 739 1192 767 cum
1209 725 1300 780 illo,
1326 742 1414 769 non
1438 726 1625 769 dimittat
1644 741 1756 769 eam.
1769 727 2030 770 Christianus
2051 727 2182 771 etiam
2196 727 2387 772 Judaeam

248 800 392 848 posset
414 789 590 844 ducere,
615 790 650 833 si
671 790 1013 850 recompensatio
1034 789 1137 834 inde
1159 802 1422 850 sequeretur.
1558 800 1560 802 ’

304 855 500 899 Diximus
531 856 724 917 superius
745 872 960 900 summam
981 857 1126 900 salutis
1154 857 1199 900 in
1225 858 1292 900 his
1314 857 1464 911 tribus,
1496 856 1654 900 scilicet
1676 856 1761 900 fide
1782 868 1826 900 et
1847 868 2114 901 sacramento
2144 869 2188 901 et
2215 859 2388 902 caritate

245 932 457 965 constare.
482 921 608 966 Nunc
631 922 688 966 de
716 921 903 978 duobus,
928 922 1014 966 fide
1037 934 1080 966 et
1099 935 1384 979 sacramento,
1408 923 1665 966 sufficienter
1688 924 1910 983 expedito,
1943 924 1998 967 de
2020 924 2164 978 terti0,
2189 926 2363 968 caritate
2377 959 2387 977 ,

245 987 405 1031 amodo
434 987 706 1032 disseramus.
740 989 929 1043 Caritas,
960 1000 1009 1031 ut
1029 1005 1155 1049 supra
1183 988 1390 1042 diximus,
1416 999 1480 1032 est
1508 1005 1630 1032 amor
1657 990 1884 1044 honestus,
1909 989 1955 1032 id
1979 1001 2043 1033 est
2070 1005 2207 1043 amor,
2240 991 2313 1049 qui
2336 990 2389 1032 ad

244 1068 346 1096 eum
366 1053 511 1107 finem,
531 1054 589 1098 ad
609 1069 739 1115 quem
760 1054 910 1099 referri
933 1054 1082 1111 debet,
1106 1055 1303 1099 refertur.
1328 1056 1402 1099 Est
1424 1066 1565 1098 autem
1588 1071 1710 1099 amor
1730 1056 1847 1098 bona
1866 1057 2065 1099 voluntas
2086 1071 2187 1116 erga
2208 1056 2391 1116 aliquem

244 1130 419 1180 propter
440 1120 595 1180 ipsum.
627 1121 672 1164 Si
699 1121 816 1164 enim
846 1120 1023 1182 diligam
1046 1121 1233 1181 aliquem
1257 1133 1435 1182 propter
1464 1122 1649 1181 aliquam
1685 1121 1934 1174 utilitatem,
1968 1138 2058 1164 non
2090 1132 2152 1165 est
2180 1138 2302 1165 amor
2336 1122 2389 1164 ad

244 1185 399 1244 ipsum,
420 1186 498 1230 sed
521 1186 578 1230 ad
592 1202 737 1230 meam
757 1187 1001 1231 utilitatem.
1025 1187 1155 1231 Unde
1177 1189 1212 1230 si
1233 1199 1382 1248 optem
1402 1188 1534 1230 vitam
1558 1198 1761 1231 aeternam
1784 1188 1910 1231 alicui
1933 1204 2021 1230 non
2041 1199 2217 1247 propter
2237 1204 2296 1240 se,
2315 1188 2389 1231 sed

244 1260 291 1293 ut
312 1251 369 1294 ab
391 1266 445 1294 eo
466 1252 646 1305 liberer,
665 1254 757 1310 jam
778 1253 935 1297 vellem
956 1264 1005 1296 ut
1025 1253 1068 1296 in
1089 1253 1290 1314 paradiso
1311 1264 1445 1309 esset,
1470 1270 1558 1296 non
1575 1269 1675 1297 eum
1698 1253 1854 1314 diligo,
1880 1253 1957 1296 sed
1977 1253 2152 1313 aliquod
2175 1253 2229 1297 de
2252 1265 2390 1296 morte

241 1332 318 1359 sua
338 1318 619 1361 commodum
639 1319 747 1362 mihi
770 1319 987 1363 desidero.
1014 1319 1105 1363 Nec
1126 1331 1191 1363 est
1212 1321 1342 1381 igitur
1356 1321 1560 1363 honestus
1583 1335 1720 1373 amor,
1739 1319 1786 1362 id
1808 1330 1887 1375 est,
1912 1335 2002 1362 non
2021 1319 2203 1363 tendens
2225 1320 2269 1363 in
2291 1335 2389 1363 eum

241 1380 388 1438 finem,
411 1384 457 1426 in
478 1400 608 1443 quem
632 1385 779 1438 debet,
800 1386 848 1429 id
870 1397 949 1441 est,
976 1386 1022 1428 in
1043 1386 1181 1446 ipsum
1202 1387 1359 1430 Deum.
1385 1386 1504 1429 Licet
1526 1386 1642 1429 enim
1666 1385 1790 1428 multi
1812 1396 1855 1428 et
1875 1385 2031 1429 diversi
2052 1384 2158 1428 fines
2177 1401 2267 1428 esse
2286 1400 2390 1445 pos-

241 1447 327 1491 sint
348 1448 394 1491 in
417 1449 667 1506 dilectione,
698 1451 766 1494 vel
793 1452 840 1494 in
862 1451 1023 1511 aliquo,
1048 1463 1098 1495 ut
1121 1453 1166 1495 in
1195 1452 1329 1495 domo
1350 1463 1529 1512 propter
1549 1467 1759 1511 pauperes
1781 1451 1977 1495 facienda
1997 1467 2207 1511 pauperes
2229 1462 2327 1494 sunt
2347 1452 2391 1493 in

241 1529 382 1566 causa,
407 1526 554 1559 tamen
577 1516 694 1572 finis,
718 1517 765 1560 id
788 1527 866 1571 est,
891 1517 1029 1560 finalis
1051 1533 1178 1562 causa
1201 1529 1244 1561 et
1271 1533 1471 1578 suprema
1499 1517 1658 1561 scilicet
1679 1518 1794 1560 Deus
1816 1533 1926 1560 unus
1948 1528 2025 1561 est.
2050 1517 2178 1560 Unde
2199 1517 2390 1576 quamvis

242 1578 418 1640 diligam
442 1581 630 1641 aliquem
652 1593 830 1643 propter
848 1598 909 1637 se,
933 1583 1059 1627 illum
1079 1585 1126 1626 in
1146 1583 1278 1628 finem
1302 1583 1545 1627 dilectionis
1567 1584 1827 1626 constituere
1848 1598 1938 1626 non
1961 1582 2120 1636 debeo,
2148 1582 2223 1626 sed
2250 1583 2391 1642 ipsum

240 1645 399 1702 Deum,
413 1658 457 1690 et
468 1658 572 1691 tunc
594 1648 652 1691 ad
669 1648 857 1708 primum
880 1664 1004 1692 amor
1026 1649 1082 1693 ad
1105 1666 1205 1693 eum
1225 1650 1410 1693 refertur
1421 1648 1569 1704 finem,
1585 1648 1642 1691 ad
1657 1664 1786 1708 quem
1802 1648 1948 1692 debet.
1975 1648 2158 1692 Gemina
2174 1663 2279 1691 vero
2299 1650 2390 1690 haec

241 1709 414 1755 dilectio
432 1713 478 1755 in
498 1712 728 1757 dilectione
749 1714 897 1773 utique
916 1715 999 1758 Dei
1020 1726 1063 1759 et
1081 1716 1268 1776 proximi
1289 1715 1499 1759 consistit.
1524 1714 1626 1757 Non
1648 1715 1764 1758 enim
1785 1729 2013 1774 possumus
2036 1713 2213 1773 diligere
2234 1714 2390 1765 Deum,

241 1776 321 1819 nisi
346 1779 593 1837 proximum
618 1778 861 1840 diligamus.
886 1781 983 1823 Hoc
1003 1791 1150 1824 tamen
1173 1797 1266 1824 non
1286 1795 1412 1841 posse
1432 1780 1489 1823 ad
1514 1791 1714 1823 naturam
1729 1813 1740 1834 ,
1766 1781 1843 1824 sed
1871 1780 1927 1823 ad
1950 1780 2259 1823 institutionem
2280 1795 2393 1839 prae-

240 1843 353 1902 cepti
380 1844 616 1899 referatur3
649 1856 792 1904 posset
819 1846 937 1889 enim
967 1862 1081 1902 esse,
1114 1847 1235 1907 quod
1262 1847 1404 1890 nullus
1425 1847 1559 1889 homo
1584 1857 1743 1906 praeter
1763 1862 1834 1889 me
1857 1857 1967 1890 esset
1981 1879 1992 1901 ,
2019 1857 2063 1889 et
2083 1846 2197 1889 bene
2219 1845 2394 1905 diligere

239 1907 380 1951 Deum
407 1925 594 1969 possem.
625 1911 701 1954 Est
722 1924 893 1971 quoque
921 1911 976 1956 de
1000 1913 1226 1956 obstinatis
1249 1913 1295 1955 in
1319 1913 1567 1972 proximum
1588 1912 1696 1954 illud
1718 1913 1896 1955 Ioannis
1922 1912 2251 1973 intelligendum
2275 1928 2284 1955 ε
2310 1914 2394 1967 Qui

240 1988 329 2016 non
357 1974 495 2035 diligit
525 1977 790 2035 proximum,
819 1993 949 2036 quem
970 1978 1105 2033 videt,
1140 1979 1299 2033 Deum,
1332 1994 1463 2037 quem
1490 1994 1581 2021 non
1602 1977 1734 2032 videt,
1764 1978 1987 2038 quomodo
2019 1989 2159 2037 potest
2193 1979 2395 2039 diligere?

239 2040 360 2097 quasi
381 2039 559 2095 diceret,
584 2043 658 2100 qui
680 2042 792 2085 adeo
814 2058 915 2103 erga
935 2045 1199 2103 proximum,
1228 2059 1357 2103 quem
1378 2043 1521 2096 videt,
1544 2043 1769 2086 induratus
1796 2055 1875 2097 est,
1904 2043 2022 2103 quod
2043 2044 2163 2086 nullo
2182 2045 2317 2087 modo
2337 2046 2393 2087 ad

239 2105 329 2160 ejus
351 2104 628 2150 dilectionem
648 2109 843 2151 revocari
864 2120 1020 2168 potest,
1045 2109 1132 2162 ille,
1158 2109 1264 2152 dum
1282 2110 1377 2152 talis
1403 2120 1481 2163 est,
1506 2110 1648 2152 Deum
1671 2125 1760 2152 non
1784 2121 1928 2169 potest
1950 2109 2149 2170 diligere3
2173 2111 2257 2152 hoc
2277 2111 2392 2153 enim

232 2170 323 2225 jam
352 2172 458 2215 nihil
486 2172 604 2216 aliud
638 2184 723 2228 est,
757 2190 888 2233 quam
910 2175 1159 2234 proximum
1185 2174 1289 2218 odio
1320 2174 1506 2230 habere,
1538 2186 1582 2218 et
1612 2176 1686 2234 qui
1716 2176 1964 2235 proximum
1997 2175 2113 2230 odit,
2143 2176 2283 2219 Deum
2303 2192 2391 2218 non

239 2235 391 2297 diligit.

1051 2396 1297 2457 CAPUT
1355 2398 1593 2458 XXXII.

297 2534 448 2584 Quibus
470 2536 596 2577 modis
614 2550 686 2577 nos
705 2537 840 2592 diligat
861 2542 968 2578 Deus
987 2547 1027 2578 et
1045 2539 1187 2592 quibus
1208 2540 1333 2580 modis
1353 2554 1426 2580 nos
1448 2545 1575 2581 Deum
1593 2542 1657 2582 vel
1679 2542 1904 2595 proximum
1923 2541 2085 2595 diligere
2104 2542 2327 2582 debeamus.

296 2660 424 2705 Nunc
445 2678 566 2717 vero,
591 2663 746 2722 quibus
762 2664 903 2708 modis
924 2681 1004 2709 nos
1026 2666 1176 2726 diligat
1197 2677 1242 2710 et
1259 2667 1414 2725 quibus
1435 2667 1578 2710 modis
1595 2683 1675 2710 nos
1696 2669 1836 2710 Deum
1857 2667 1924 2710 vel
1945 2667 2192 2727 proximum
2215 2666 2390 2728 diligere

238 2724 496 2782 debeamus,
531 2727 764 2773 dicendum
785 2730 973 2785 videtur,
998 2742 1061 2785 ut,
1087 2732 1181 2790 quis
1213 2731 1324 2775 ordo
1347 2732 1393 2774 in
1419 2733 1595 2775 caritate
1623 2733 1781 2776 servari
1809 2732 1987 2784 debeat,
2013 2732 2233 2776 evidenter
2255 2749 2390 2793 appa-

237 2801 344 2834 reat.
375 2792 518 2835 Deum
547 2793 678 2853 igitur
701 2793 887 2854 aliquem
913 2795 1090 2856 diligere
1122 2813 1214 2840 non
1249 2808 1313 2841 est
1335 2797 1474 2852 aliud,
1508 2813 1640 2857 quam
1666 2798 1807 2857 ipsum
1832 2797 1887 2840 ab
1920 2809 2081 2841 aeterno
2108 2798 2220 2842 bene
2253 2797 2308 2842 de
2338 2814 2391 2842 eo

238 2854 465 2916 disponere
493 2868 538 2901 et
565 2874 643 2918 per
667 2870 913 2920 temporum
937 2863 1250 2906 successionem
1273 2862 1399 2906 donis
1421 2864 1570 2923 gratiae
1591 2878 1678 2906 suae
1703 2863 1759 2906 ad
1782 2863 1913 2906 vitam
1931 2874 2136 2906 aeternam
2158 2879 2257 2907 eum
2277 2880 2390 2925 prae-

237 2937 405 2980 parare.
429 2923 559 2967 Unde
587 2940 688 2969 cum
711 2925 809 2969 dico
835 2941 845 2969 :
871 2928 988 2971 Deus
1010 2927 1148 2988 diligit
1165 2928 1311 2982 illum,
1336 2944 1482 2971 sensus
1504 2940 1569 2972 est
1595 2944 1605 2971 ι
1632 2928 1686 2972 de
1710 2928 1846 2972 salute
1866 2931 1955 2987 ejus
1980 2929 2034 2972 ab
2059 2940 2219 2973 aeterno
2242 2930 2391 2990 dispo-

237 2988 344 3042 suit,
377 2999 427 3031 ut
456 2989 616 3034 scilicet
642 2991 688 3033 in
712 2993 915 3051 praesenti
941 2993 1029 3036 vita
1060 2993 1237 3053 aliquod
1259 2994 1425 3037 bonum
1452 2995 1493 3037 ei
1514 2993 1733 3055 largiatur,
1761 3010 1840 3054 per
1867 2995 1984 3054 quod
2017 2995 2216 3040 salvetur.
2240 2995 2393 3039 Nullus

234 3052 354 3096 enim
375 3065 518 3097 motus
543 3067 606 3099 est
635 3057 682 3099 in
710 3057 804 3100 Deo
830 3058 886 3101 ad
908 3073 989 3102 nos
1010 3058 1295 3120 diligendum,
1323 3059 1432 3102 sicut
1461 3070 1526 3102 est
1547 3059 1593 3102 in
1622 3060 1749 3103 nobis
1771 3060 1828 3104 ad
1849 3061 2006 3121 ipsum.
2031 3061 2121 3104 Nos
2148 3062 2265 3104 enim
2295 3076 2390 3104 cum

236 3117 378 3162 Deum
401 3120 634 3181 diligimus,
659 3122 792 3166 talem
814 3134 982 3167 motum
1005 3124 1138 3167 animi
1155 3123 1211 3167 ad
1232 3125 1374 3184 ipsum
1389 3125 1616 3169 habemus.
1642 3126 1719 3169 Est
1739 3126 1856 3170 enim
1877 3127 2043 3179 caritas,
2068 3138 2117 3170 ut
2138 3128 2198 3170 ait
2218 3128 2388 3187 Augus-

236 3182 365 3239 tinus,
401 3198 545 3229 motus
573 3188 708 3230 animi
736 3188 793 3231 ad
818 3189 959 3233 Deum
995 3189 1262 3251 diligendum
1288 3201 1467 3251 propter
1495 3207 1540 3235 se
1555 3225 1567 3247 ,
1598 3203 1641 3235 et
1661 3192 1909 3252 proximum
1931 3187 2109 3253 propter
2130 3194 2284 3237 Deum.
2311 3191 2391 3233 Hic

282 3338 311 3369 1.
335 3336 413 3379 Leg.
430 3339 579 3373 Joanms
594 3341 764 3383 Baptista.
