2638 3866
259 222 356 271 264
1066 217 1239 264 PETRI
1273 217 1588 265 ABAELARDI

259 338 371 386 qua,
402 337 501 367 non
537 317 842 384 perfectionis
874 316 989 365 dare
1029 316 1260 364 mandata
1287 334 1297 363 :
1336 325 1391 363 ut
1422 315 1605 364 saltem'
1626 316 1677 363 in
1709 316 1870 381 aliquo
1905 318 2172 367 addisceret
2206 319 2402 370 obedire

260 402 344 467 qui
362 401 543 448 nullam
565 397 741 460 adhuc,
768 406 850 444 aut
873 414 997 462 pene
1032 397 1215 444 nullam
1245 406 1468 462 expertus
1496 396 1648 444 suerat
1677 396 2019 462 obedientiam,
2057 410 2109 447 ut
2131 404 2279 450 Poeta
2301 418 2402 449 me-

261 482 398 530 minit
419 483 461 527 ¹:

618 563 695 605 Est
717 562 904 622 quadam
925 562 1101 622 prodire
1124 572 1248 605 tenus
1263 594 1274 615 ,
1300 562 1335 604 si
1356 577 1447 605 non
1470 561 1595 604 datur
1617 561 1746 606 ultra.

261 715 356 758 Nec
375 727 464 758 nos
487 727 599 758 cum
617 710 834 775 jumenta
853 709 1126 771 domamus,
1152 725 1325 772 magna
1360 709 1428 756 eis
1466 726 1616 758 onera
1651 710 1862 775 primum
1891 711 2205 777 imponimus,
2241 711 2326 760 sed
2356 712 2404 760 in

259 792 415 857 parvis
455 808 622 839 eorum
655 791 876 857 primitus
911 790 1165 837 excitatam
1199 790 1506 838 insolentiam
1546 791 1610 838 ad
1650 808 1826 856 magna
1858 792 2141 858 perferenda
2171 792 2405 859 paulatim

261 872 595 920 conducimus.
622 871 873 920 Credimus
896 881 1054 919 tamen
1079 887 1161 918 eos
1186 887 1356 919 omnes
1379 872 1462 936 qui
1483 871 1837 937 imperfectioni
1858 873 2201 921 mandatorum
2241 887 2407 920 amore

260 953 348 1000 Dei
382 954 542 1019 potius
575 970 721 1019 quam
744 954 917 1000 timore
949 951 1366 1018 obtemperabant,
1397 961 1506 1000 ante
1530 952 1659 1000 diem
1685 953 1760 1001 sui
1781 954 1946 1014 exitus,
1982 954 2116 1020 quod
2148 953 2208 1001 de
2249 953 2406 1020 perfe-

262 1034 421 1082 ctione
445 1035 536 1082 eis²
554 1051 637 1100 per
656 1034 976 1099 ignorantiam
999 1033 1179 1095 deerat,
1197 1033 1330 1098 quod
1347 1033 1422 1080 lex
1438 1043 1669 1096 tacuerat,
1691 1034 1767 1082 vel
1781 1052 1867 1101 per
1886 1036 2182 1101 spiritualem
2197 1033 2408 1100 aliquem

262 1114 529 1175 doctorem,
558 1115 630 1163 vel
661 1132 747 1181 per
779 1116 1019 1162 internam
1055 1114 1227 1162 divinae
1264 1115 1423 1179 gratiae
1458 1115 1824 1181 inspirationem
1860 1117 1953 1164 eis³
1987 1116 2203 1164 revelari.
2233 1115 2408 1164 Multos

261 1195 440 1260 quippe
464 1196 686 1243 homines
716 1196 1002 1262 spirituales,
1033 1205 1178 1260 atque
1205 1196 1307 1260 jam
1337 1212 1424 1261 per
1456 1196 1822 1262 inspirationem
1863 1197 2082 1246 doctrina
2114 1197 2409 1262 Evangelicae

260 1275 612 1340 praedicationis
628 1277 885 1323 instructos
902 1278 1035 1342 prior
1051 1276 1129 1324 ille
1146 1277 1357 1342 populus
1378 1275 1593 1340 habuit*,
1616 1278 1700 1343 qui
1721 1278 1867 1326 etiam
1889 1278 2197 1329 inimicorum
2215 1293 2411 1343 quoque

262 1354 586 1419 dilectionem,
609 1374 711 1404 non
732 1357 892 1404 solum
918 1358 1126 1424 scriptis,
1150 1373 1322 1406 verum
1343 1359 1487 1406 etiam
1510 1358 1647 1406 factis
1668 1358 1932 1425 plurimum
1956 1360 2245 1408 docuerunt.
2270 1357 2411 1406 Unde

263 1437 510 1486 Psalmista
531 1441 571 1485 ⁵:
598 1439 685 1486 «Si
705 1438 912 1500 reddidi,
937 1460 960 1483 ))
981 1440 1156 1504 inquit,
1187 1438 1600 1488 «retribuentibus
1623 1441 1743 1488 mihi
1764 1440 1908 1504 mala,
1934 1451 2027 1490 etc.
2048 1462 2071 1486 >2
2097 1444 2155 1489 Et
2168 1439 2346 1488 iterum
2367 1441 2409 1486 ⁶:

268 1537 289 1560 «
321 1520 442 1565 Cum
471 1519 548 1567 his
590 1520 674 1584 qui
711 1520 920 1568 oderunt
951 1537 1121 1586 pacem
1158 1537 1291 1568 eram
1322 1520 1566 1586 pacificus.
1606 1542 1629 1566 ))
1671 1522 1767 1581 Qui
1799 1523 1943 1571 etiam
1977 1523 2231 1570 inimicum
2268 1537 2412 1568 suum

262 1598 450 1645 Saulem
469 1598 558 1646 sibi
581 1616 608 1646 a
633 1601 846 1647 Domino
870 1600 920 1646 in
940 1616 1112 1648 manus
1130 1601 1363 1649 traditum
1387 1619 1489 1650 non
1513 1601 1671 1650 solum
1691 1620 1791 1650 non
1817 1603 2012 1665 occid-it,
2043 1603 2127 1652 sed
2155 1603 2299 1650 etiam
2331 1616 2414 1648 oc·

262 1678 413 1725 cisum
437 1680 641 1742 graviter
659 1681 859 1745 planxit,
881 1690 927 1727 et
953 1697 1065 1728 eum
1089 1681 1174 1745 qui
1192 1699 1242 1730 se
1266 1682 1367 1746 ejus
1384 1684 1648 1731 occisorem
1679 1683 1921 1749 professus
1961 1694 2032 1732 est
2060 1692 2216 1731 morte
2254 1680 2415 1730 statim

261 1759 465 1822 punivit.
493 1760 721 1808 Salomon
746 1777 942 1826 quoque
960 1761 1332 1811 beneficentiam
1351 1764 1400 1810 in
1427 1764 1648 1811 inimicos
1664 1764 2013 1812 commendans
2038 1765 2104 1812 ait
2119 1768 2133 1790 ⁷
2154 1783 2164 1812 :
2190 1783 2213 1808 «
2242 1764 2290 1810 Si
2313 1778 2417 1811 esu-

263 1839 394 1886 rierit
411 1840 634 1888 inimicus
654 1852 782 1904 tuus,
806 1842 914 1891 ciba
937 1843 1092 1907 illum,
1119 1855 1210 1892 etc.
1235 1865 1257 1889 >³
1281 1847 1442 1910 Longe
1465 1855 1628 1893 tamen
1647 1861 1675 1892 a
1693 1846 1986 1912 perfectione
2010 1846 2295 1910 Evangelica
2317 1853 2417 1891 tam

263 1918 379 1982 legis
400 1937 544 1985 quam
579 1922 931 1988 Prophetarum
962 1923 1091 1972 dicta
1115 1925 1354 1990 disjuncta
1391 1936 1518 1973 sunt.
1560 1926 1632 1974 Ad
1663 1942 1812 1992 quam
1840 1926 2038 1992 quidem
2072 1924 2418 1992 perfectionem

263 1998 521 2065 discipulos
543 2001 803 2050 adhortans
826 2005 1011 2052 Veritas
1031 2005 1246 2054 dicebat⁸
1266 2025 1277 2054 ε
1310 2026 1333 2053 «
1354 2007 1635 2055 Mandatum
1658 2024 1841 2056 novum
1866 2007 1931 2055 do
1955 2007 2110 2070 vobis,
2140 2016 2196 2054 ut
2214 2003 2420 2069 diligatis

263 2078 481 2129 inimicos
519 2092 721 2144 vestros,
749 2084 871 2130 sicut
902 2084 1047 2133 dilexi
1068 2103 1175 2135 vos.
1216 2106 1240 2132 »
1280 2091 1391 2136 Haec
1413 2098 1484 2136 est
1503 2087 1583 2136 illa
1605 2104 1719 2136 vera
1740 2097 1788 2136 et
1810 2088 1997 2136 sincera
2026 2087 2240 2149 dilectio,
2272 2099 2420 2150 quam

266 2161 518 2225 Apostolus
557 2162 833 2212 describens
866 2166 960 2213 ait⁹
989 2185 1000 2213 z
1033 2171 1189 2216 «Non
1213 2169 1382 2234 quaerit
1404 2186 1510 2234 quae
1545 2185 1632 2217 sua
1668 2179 1798 2231 sunt,
1830 2170 1997 2218 omnia
2032 2167 2217 2230 suffert,
2257 2164 2420 2213 omnia

265 2241 431 2304 credit,
459 2244 622 2291 omnia
644 2255 820 2310 sperat,
848 2247 1015 2296 omnia
1031 2249 1262 2312 sustinet3
1283 2270 1306 2294 >³
1333 2260 1384 2298 ut
1401 2252 1545 2298 etiam
1565 2267 1655 2316 pro
1679 2250 1907 2299 fratribus
1930 2250 2143 2298 animam
2166 2255 2333 2315 parata
2362 2245 2422 2294 sit

263 2336 461 2385 ponere,
487 2341 577 2372 nec
596 2342 682 2373 sua
701 2335 890 2374 tantum
919 2327 1029 2391 illiS,
1056 2330 1141 2377 sed
1165 2331 1372 2396 seipsam
1401 2331 1705 2398 impendere.
1747 2334 1812 2379 Ac
1847 2332 1886 2379 si
1921 2331 2174 2396 diligenter
2201 2325 2423 2376 attenda-

265 2416 372 2447 mus
393 2404 525 2464 quod
546 2406 611 2452 ait
627 2407 829 2467 Veritas,
861 2425 884 2452 «
904 2408 1027 2456 sicut
1050 2409 1196 2458 dilexi
1217 2428 1322 2474 vos,
1343 2432 1367 2456 >³
1396 2422 1444 2460 et
1463 2412 1740 2479 Apostolus,
1769 2431 1792 2458 «
1810 2412 1980 2460 caritas
1995 2428 2097 2458 non
2127 2409 2294 2475 quaerit
2316 2422 2422 2473 quae

265 2497 349 2529 sua
378 2492 504 2545 sunt,
531 2504 553 2526 »
589 2501 757 2534 revera
790 2487 1092 2538 inveniemus
1133 2493 1477 2557 Evangelicum
1511 2493 1573 2540 de
1605 2493 1863 2542 dilectione
1897 2491 2106 2558 proximi
2138 2487 2422 2537 mandatum

264 2562 500 2627 singulare
525 2580 581 2611 ac
604 2582 806 2614 novum.
831 2570 948 2615 Tam
972 2571 1159 2620 sincera
1182 2573 1313 2619 enim
1337 2574 1465 2622 circa
1488 2590 1580 2621 nos
1606 2573 1783 2621 Christi
1810 2571 2005 2620 dileetio
2024 2570 2217 2630 exstitit,
2244 2576 2298 2616 ut
2320 2582 2421 2614 non

266 2642 422 2690 solum
448 2661 536 2709 pro
572 2645 715 2694 nobis
743 2659 1032 2712 moreretur,
1073 2669 1241 2699 verum
1273 2654 1419 2701 etiam
1452 2654 1504 2701 in
1542 2653 1786 2715 omnibuS,
1825 2669 1930 2717 quae
1961 2667 2051 2716 pro
2082 2648 2224 2697 nobis
2253 2647 2419 2712 egerit,

266 2722 453 2771 nullum
476 2743 618 2773 suum
643 2728 960 2777 commodum
989 2732 1064 2779 vel
1094 2735 1361 2799 temporale
1388 2735 1464 2783 vel
1497 2744 1748 2797 aeternum,
1786 2733 1870 2782 sed
1904 2740 2125 2779 nostrum
2155 2737 2418 2794 quaereret3

269 2817 359 2848 nec
381 2804 478 2851 ulla
498 2808 703 2873 propriae
726 2813 1131 2861 remunerationis
1153 2815 1441 2877 intentione,
1468 2815 1554 2864 sed
1586 2824 1745 2863 totum
1780 2823 1956 2862 nostrae
1989 2811 2153 2860 salutis
2186 2807 2423 2857 desiderio

271 2882 381 2945 egit.
402 2885 579 2933 Revera
600 2886 701 2935 haec
718 2907 831 2938 vera
861 2900 910 2937 et
940 2893 1126 2942 sincera
1165 2894 1378 2958 dilectio,
1415 2913 1561 2961 quam
1595 2895 1849 2960 diligenter
1880 2892 2134 2942 attendens
2169 2888 2425 2956 Apostolus

271 2970 370 3008 tam
397 2965 572 3028 scripto
603 2967 744 3015 nobis
766 2985 913 3034 quam
946 2976 1168 3039 exemplo
1200 2977 1569 3037 commendans,
1597 2978 1663 3024 ait
1679 2979 1732 3024 ¹⁰:
1762 2997 1784 3021 «
1814 2976 1948 3023 Sicut
1970 2984 2017 3022 et
2038 2989 2128 3037 ego
2151 2988 2239 3035 per
2260 2966 2425 3014 omnia

302 3165 472 3223 ''Horatq
497 3168 610 3208 Epist.
635 3170 671 3211 l,
693 3179 716 3211 1,
743 3180 771 3204 v.
799 3174 851 3206 32.
877 3191 915 3198 —
937 3176 948 3195 ²
963 3175 1158 3211 Amboesius
1178 3180 1222 3212 Ei
1248 3169 1310 3220 pro
1383 3181 1393 3200 ⁷
1409 3181 1529 3222 Prov.‚
1548 3190 1619 3222 cap.
1644 3189 1726 3222 xxv,
1742 3189 1774 3213 v.
1795 3183 1848 3213 21.
1864 3196 1904 3203 —
1920 3180 1931 3199 ⁸
1945 3176 2054 3216 Joan..
2071 3183 2144 3216 cap.
2160 3182 2233 3214 xm,
2255 3181 2287 3206 v-
2311 3172 2363 3206 34·
2381 3188 2424 3196 —

276 3226 335 3250 ets.
354 3234 391 3240 -
408 3217 528 3251 ³Amb.
557 3221 598 3253 Ei
624 3231 685 3263 pro
711 3223 771 3256 eis.
791 3242 833 3249 —
855 3229 865 3248 ⁴
882 3227 962 3260 Male
985 3230 1064 3269 legit
1085 3231 1279 3265 Amboesius
1299 3242 1308 3263 ε
1384 3234 1423 3267 ⁹1
1447 3236 1623 3279 Corinth.,
1644 3245 1718 3278 cap.
1743 3243 1815 3276 xm,
1840 3243 1873 3267 v.
1900 3235 1992 3267 7.-
2010 3233 2031 3253 ¹⁰
2053 3230 2068 3263 l
2094 3228 2265 3270 corinth„
2290 3236 2363 3269 cap·
2387 3235 2423 3269 Χ,

276 3270 384 3303 Prior
402 3271 461 3305 ille
475 3273 640 3316 populus,
664 3277 723 3318 qui
747 3278 849 3311 etiam
873 3279 992 3314 habuit
1013 3283 1235 3318 inimicorum
1256 3285 1309 3318 di·
1383 3297 1414 3321 v.
1441 3292 1493 3324 33.

278 3323 463 3359 lectionem.
475 3343 511 3350 -
525 3328 675 3362 ⁵Psazm.
690 3339 748 3373 vn,
763 3342 792 3366 v.
807 3334 836 3366 5.
854 3351 893 3359 —
906 3335 1058 3370 GPsalm.
1074 3347 1164 3379 cxix,
1181 3349 1211 3372 v.
1227 3342 1256 3373 7.
1269 3358 1310 3365 —
