2638 3866
983 220 1330 269 THEOLOGIA
1365 220 1737 268 cnms'rlANA.
2347 228 2444 276 495

291 321 447 387 piunt,
473 337 564 387 pro
582 320 851 369 substantia
868 320 1050 368 scilicet
1072 321 1313 383 rationali,
1336 321 1424 370 ubi
1442 320 1666 370 videlicet
1683 321 1746 369 de
1768 337 1977 387 persona
1997 333 2045 371 et
2063 326 2259 389 negotio
2276 338 2442 391 agunt,

284 410 336 450 et
355 401 492 450 locos
514 400 784 449 rhetoricos
802 417 890 467 per
906 399 1136 449 attributa
1159 417 1378 467 personae
1397 412 1446 450 et
1468 402 1697 451 attributa
1720 404 1918 468 negotio
1936 403 2258 470 distinguunt.
2287 409 2444 465 Quam

287 481 488 546 quidem
507 480 906 546 significationem
925 481 1119 529 Boetius
1135 491 1384 530 exsecutus
1398 484 1448 530 in
1466 493 1642 548 quarto
1664 485 1949 548 Topicorum
1966 486 2031 533 ait
2055 489 2445 552 t-«Purgas-cum

286 561 397 612 faeti
426 562 571 628 culpa
601 562 677 610 his
698 561 970 623 ascribitur,
992 561 1172 627 quibus
1202 563 1370 612 obsisti
1403 563 1685 628 obviarique
1707 580 1806 612 non
1827 566 1995 630 possit,
2022 583 2113 615 nec
2145 577 2305 615 tamen
2334 585 2442 634 per·

284 659 416 692 sonae
437 653 567 692 sunt.
593 642 650 691 Id
673 643 806 691 enim
828 643 878 690 in
903 643 1046 691 aliam
1063 645 1460 693 constitutionem
1473 644 1617 693 cadit.
1639 663 1663 690 υ
1687 645 1783 703 Qui
1801 646 1946 693 etiam
1963 646 2091 694 hanc
2109 649 2441 713 acceptionem

284 740 505 790 personae
534 734 706 773 contra
739 723 977 772 Euthicen
1016 734 1064 772 et
1098 725 1374 774 Nestorium
1413 726 1664 791 disputans
1703 725 1764 773 de
1801 726 1986 774 unitate
2026 744 2244 792 personae
2268 730 2357 777 Dei
2395 739 2442 778 et

283 802 498 852 hominis
515 804 567 852 in
590 804 800 866 Christo,
816 804 902 853 tali·
918 814 1204 871 prosecutus
1227 815 1299 854 est
1321 806 1611 854 diffinitione
1630 824 1641 853 z
1676 827 1698 850 t<
1717 810 1926 854 Persona
1944 817 2033 867 est,
2057 809 2231 874 inquit,
2258 818 2441 860 naturae

282 884 583 934 rationabilis
600 885 862 946 individua
880 884 1172 947 substantia,
1203 903 1316 951 quae
1338 887 1537 952 quidem
1565 902 1885 952 nequaquam·
1898 887 2123 936 diffinitio
2144 889 2352 939 dicenda
2371 899 2440 938 est

281 965 429 1013 trium
459 982 780 1032 personarum
808 967 858 1014 in
880 966 1141 1014 Divinitate
1163 967 1382 1032 superius
1405 984 1434 1015 a
1454 968 1599 1016 nobis
1625 967 1978 1029 distinctarum,
2004 968 2102 1016 hoc
2127 979 2197 1016 est
2221 971 2367 1017 Patris
2392 980 2438 1019 et

281 1045 385 1094 Filii
421 1055 470 1094 et
500 1046 704 1112 Spiritus
736 1047 906 1095 sancti.
935 1046 1162 1112 Alioquin
1197 1063 1311 1095 cum
1342 1048 1439 1096 sint
1474 1057 1569 1095 tres
1598 1064 1835 1113 personae,
1863 1057 2020 1098 essent
2050 1058 2146 1097 tres
2179 1049 2442 1098 individuae

280 1126 536 1178 rationales
558 1126 851 1176 substantiae.
878 1145 904 1173 »ι

348 1209 583 1256 Personas
603 1209 749 1256 etiam
773 1208 1125 1257 comoediarum
1149 1209 1354 1257 dicimus
1379 1209 1510 1275 ipsos
1533 1208 1756 1258 videlicet
1786 1209 2028 1273 homines,
2061 1211 2147 1276 qui
2169 1227 2258 1276 per
2279 1222 2439 1276 gestus

278 1287 589 1356 suosezaliqua
605 1288 771 1337 ¹nobis
801 1290 927 1338 facta
955 1291 1036 1338 ‘vel
1072 1290 1200 1338 dicta
1232 1299 1595 1356 repraesentant.
1624 1293 1765 1348 Quas
1800 1300 1848 1338 et
1882 1291 1984 1357 ipse
2023 1292 2216 1339 Boetius
2255 1292 2437 1340 ibidem

277 1366 492 1416 distinxit
519 1369 685 1418 dicens
711 1388 722 1418 :
757 1389 782 1416 u
801 1374 989 1419 Nomen
1021 1387 1238 1437 personae
1260 1371 1453 1419 videtur
1472 1370 1667 1420 aliunde
1689 1381 1915 1431 tractum,
1942 1389 1999 1419 ex
2026 1372 2101 1419 his
2125 1372 2303 1421 scilicet
2323 1390 2438 1439 per-

275 1449 425 1510 sonis,
443 1465 550 1513 quae
569 1450 619 1497 in
639 1452 892 1499 comoediis
912 1452 1252 1518 tragoediisque
1271 1469 1355 1501 eos
1370 1468 1495 1517 quos
1513 1452 1711 1499 interest
1726 1452 1950 1500 homines
1966 1453 2388 1518 repraesentabant.
2407 1473 2434 1497 »

274 1528 444 1576 Tribus
466 1530 628 1595 itaque
649 1547 732 1578 seu
757 1542 968 1596 quatuor
993 1531 1155 1580 modis
1173 1549 1229 1581 ac
1254 1533 1475 1599 pluribus
1497 1532 1707 1580 fortassis
1733 1531 1831 1581 hoc
1854 1549 2034 1580 nomen
2059 1544 2266 1599 persona
2285 1534 2436 1581 sumi·

276 1617 382 1670 tur;
420 1609 557 1658 aliter
578 1611 805 1660 videlicet
834 1629 862 1661 a
900 1613 1158 1677 theologis,
1190 1613 1329 1661 aliter
1360 1630 1389 1661 a
1422 1613 1779 1678 grammaticis,·
1800 1613 1937 1660 aliter
1969 1629 1999 1661 a
2028 1613 2329 1674 rhetoribus,
2360 1613 2436 1661 vel

273 1689 333 1738 in=
358 1691 630 1754 comoediis,
648 1703 719 1741 ·ut
741 1710 887 1759 supra
911 1694 1293 1750 {determinatum
1322 1704 1410 1742 est.
1448 1696 1571 1741 Cum
1594 1703 1754 1741 autem
1779 1693 1903 1741 sicut
1931 1694 1982 1740 in
2007 1694 2248 1759 principio
2276 1694 2437 1759 operis

273 1770 648 1835 adsignavimus‚
681 1774 731 1820 in
764 1774 919 1822 tribus
943 1774 1121 1822 divinis
1153 1776 1392 1841 personis,
1425 1778 1565 1822 Patre
1593 1774 1834 1834 videlicet,
1870 1774 2007 1834 Filio,
2033 1775 2213 1839 Spiritu
2238 1784 2431 1837 sancto,

271 1859 375 1898 tota
409 1851 529 1899 boni
567 1853 799 1918 perfectio
835 1856 1078 1918 consistit,
1114 1865 1163 1903 et
1191 1857 1358 1904 omnia
1393 1872 1499 1921 quae
1534 1855 1597 1903 ad
1631 1854 1751 1902 boni
1776 1854 2128 1920 perfectionem
2158 1856 2431 1921 pertinent,

269 1931 321 1979 in
344 1930 420 1979 his
445 1931 601 1980 trihus
623 1934 1134 2000 comprehenduntur;
1158 1936 1286 1985 bene
1308 1937 1384 1984 hae
1406 1936 1520 1984 solae
1548 1946 1643 1984 tres
1658 1951 1881 2002 personae
1903 1935 2141 1983 distinctae
2164 1944 2295 1995 sunt,
2322 1952 2434 1983 cum

267 2010 373 2060 haec
392 2013 482 2061 tria
508 2015 712 2063 nomina
743 2016 1015 2064 secundum
1034 2017 1135 2065 vim
1158 2034 1254 2066 suae
1285 2017 1651 2083 significationis
1679 2026 1838 2064 cetera
1861 2017 2026 2063 omnia
2057 2016 2108 2062 in
2143 2033 2194 2063 se
2224 2015 2435 2063 conclu-

270 2092 406 2155 dant,
444 2112 551 2159 quae
585 2095 646 2143 ad
689 2097 1178 2147 commendationem·
1218 2098 1336 2146 boni
1382 2107 1496 2146 sunt
1526 2097 1720 2145 idonea.
1762 2091 1910 2154 Quod
1947 2097 2079 2144 enim
2116 2087 2322 2143 aeternus
2364 2106 2433 2143 est

268 2175 417 2236 Deus,
442 2176 671 2240 potentiae
693 2187 782 2236 est,
810 2187 866 2224 ut
885 2178 1110 2226 videlicet
1139 2179 1304 2243 aliquo
1326 2195 1428 2225 non
1453 2178 1638 2242 eguerit
1663 2168 1906 2243 principio
1938 2193 2026 2242 per
2048 2177 2184 2241 quod
2208 2176 2432 2223 subsiste·

268 2265 363 2317 ret3
402 2255 538 2320 quod
565 2272 681 2304 vero
703 2257 860 2322 justus
891 2269 990 2319 est,
1018 2260 1118 2307 sive
1149 2260 1442 2318 misericors,
1471 2257 1741 2322 benignitas
1773 2267 1862 2304 est.
1902 2257 2090 2305 Justitia
2122 2272 2334 2321 namque
2362 2266 2430 2304 est

268 2351 375 2400 quae
397 2337 663 2402 unicuique
682 2337 842 2386 reddit
864 2339 1002 2404 quod
1024 2355 1168 2387 suum
1190 2350 1278 2402 est,
1300 2341 1400 2388 sive
1422 2355 1619 2405 poenam
1640 2339 1739 2386 sive
1757 2338 1960 2402 gloriam
1982 2354 2075 2404 pro
2094 2338 2275 2385 meritis
2295 2338 2431 2384 retri-

266 2414 485 2465 buendo.
526 2421 632 2466 Hoc
669 2429 831 2467 autem
864 2437 924 2468 ex
956 2420 1266 2485 benignitatis
1301 2421 1475 2469 affectu
1509 2418 1780 2478 descendit,
1809 2420 1922 2484 quia
1957 2419 2080 2466 sicut
2117 2419 2320 2484 impium
2363 2428 2431 2464 est

267 2512 367 2545 non
405 2497 622 2562 judicare
654 2501 804 2548 mala:
842 2500 910 2549 ita
942 2518 970 2549 e
1004 2496 1250 2551 contrario
1279 2503 1417 2568 pium
1455 2511 1527 2549 est
1565 2501 1719 2548 illatas
1749 2500 1915 2548 ulcisci
1952 2501 2167 2564 injurias.
2210 2498 2349 2545 Unde
2383 2508 2430 2545 et

265 2577 479 2641 vindicta
509 2578 794 2644 benignitati
831 2581 1152 2631 adscribenda
1193 2592 1282 2642 est,
1319 2599 1426 2647 quae
1463 2582 1643 2629 seilicet
1678 2580 1951 2644 benignitas
1987 2580 2188 2627 nomine
2226 2578 2428 2643 Spiritus

266 2656 563 2723 designatur,
590 2660 715 2708 sicut
735 2662 970 2727 scriptum
989 2665 1106 2724 est¹,
1138 2663 1356 2728 «Spiritu
1390 2663 1489 2709 oris
1512 2656 1585 2709 sui
1615 2661 1869 2708 interficiet
1894 2661 2116 2725 impium.
2143 2678 2167 2704 υ
2201 2657 2430 2730 Similiter

265 2747 423 2787 ceteia
437 2741 641 2788 nomina
660 2743 767 2803 Dei,
792 2760 900 2808 quae
917 2743 981 2792 ad
1000 2744 1348 2810 perfectionem
1379 2743 1506 2790 illius
1518 2743 1700 2794 summi
1721 2741 1843 2789 boni
1868 2739 2285 2788 determinandam
2308 2755 2425 2786 con·

265 2819 485 2878 veniunt,
513 2820 577 2867 ad
601 2821 706 2868 haec
728 2823 820 2870 tria
844 2833 1204 2888 retorquentur.

329 2898 425 2946 Sed
452 2899 571 2946 huic
594 2900 705 2948 loco
730 2904 887 2966 gravis
916 2903 1128 2950 fortassis
1150 2902 1363 2950 occurrit
1392 2901 1644 2991 objectio:
1672 2917 1784 2948 cum
1805 2899 2029 2947 videlicet
2052 2902 2193 2947 Pater
2213 2908 2278 2946 et
2272 2898 2426 2945 ²Filius

263 2993 322 3024 ex
353 2980 574 3044 potentia
599 2990 646 3027 et
669 2983 902 3047 sapientia
925 2984 1132 3030 maxime
1166 2982 1410 3048 dicantur,
1437 2982 1561 3029 sicut
1584 2981 1633 3028 in
1660 2982 1765 3046 ipso
1793 2981 1953 3046 operis
1978 2980 2178 3027 exordio
2199 2979 2425 3027 determi-

262 3059 400 3120 navi3
427 3061 678 3125 quomodo
702 3062 873 3110 melius
896 3080 984 3128 per
1006 3063 1294 3130 sapientiam
1318 3063 1407 3110 Dei
1431 3078 1531 3110 una
1553 3072 1623 3109 est
1645 3077 1853 3127 persona
1875 3060 2125 3122 distincta,
2157 3077 2302 3125 quam
2338 3076 2426 3125 per

260 3140 593 3203 aeternitatem,
629 3159 743 3190 cum
779 3144 1047 3192 secundum
1078 3144 1394 3193 aeternitatem
1430 3160 1628 3209 quoque
1663 3141 1884 3208 quaedam
1923 3142 1983 3188 sit
2018 3140 2319 3189 diffinitionis
2349 3140 2422 3187 di-

304 3324 313 3342 ·
327 3321 416 3365 lsai„
434 3333 507 3366 cap.
525 3334 572 3367 xi,
589 3335 619 3359 v.
638 3329 671 3362 4.
