<?xml version="1.0" encoding="UTF-8"?>
<!DOCTYPE html PUBLIC "-//W3C//DTD XHTML 1.0 Transitional//EN"
    "http://www.w3.org/TR/xhtml1/DTD/xhtml1-transitional.dtd">
<html xmlns="http://www.w3.org/1999/xhtml" xml:lang="en" lang="en">
 <head>
  <title>
</title>
<meta http-equiv="Content-Type" content="text/html;charset=utf-8" />
  <meta name='ocr-system' content='tesseract 3.04.00' />
  <meta name='ocr-capabilities' content='ocr_page ocr_carea ocr_par ocr_line ocrx_word'/>
</head>
<body>
  <div class='ocr_page' id='page_1' title='image "./operahactenusseo00abeluoft_0762.png"; bbox 0 0 2638 3866; ppageno 0'>
   <div class='ocr_carea' id='block_1_1' title="bbox 294 208 1634 258">
    <p class='ocr_par' dir='ltr' id='par_1_1' title="bbox 294 208 1634 258">
     <span class='ocr_line' id='line_1_1' title="bbox 294 208 1634 258; baseline 0 -2"><span class='ocrx_word' id='word_1_1' title='bbox 294 212 394 258; x_wconf 84' lang='lat'>752</span> <span class='ocrx_word' id='word_1_2' title='bbox 1103 208 1276 255; x_wconf 79' lang='lat' dir='ltr'>PETRl</span> <span class='ocrx_word' id='word_1_3' title='bbox 1312 209 1634 257; x_wconf 86' lang='lat' dir='ltr'>ABAELARDl</span> 
     </span>
    </p>
   </div>
   <div class='ocr_carea' id='block_1_2' title="bbox 286 308 2445 1016">
    <p class='ocr_par' dir='ltr' id='par_1_2' title="bbox 286 308 2445 1016">
     <span class='ocr_line' id='line_1_2' title="bbox 294 308 2443 375; baseline -0 -17"><span class='ocrx_word' id='word_1_4' title='bbox 294 311 571 375; x_wconf 74' lang='lat' dir='ltr'>categoricae</span> <span class='ocrx_word' id='word_1_5' title='bbox 593 309 813 357; x_wconf 87' lang='lat' dir='ltr'>habentis</span> <span class='ocrx_word' id='word_1_6' title='bbox 837 308 1132 372; x_wconf 89' lang='lat' dir='ltr'>disjunctum</span> <span class='ocrx_word' id='word_1_7' title='bbox 1165 308 1435 373; x_wconf 89' lang='lat' dir='ltr'>subjectum</span> <span class='ocrx_word' id='word_1_8' title='bbox 1472 327 1528 357; x_wconf 92' lang='lat' dir='ltr'>ac</span> <span class='ocrx_word' id='word_1_9' title='bbox 1552 310 1591 356; x_wconf 89' lang='lat' dir='ltr'>si</span> <span class='ocrx_word' id='word_1_10' title='bbox 1612 309 1799 358; x_wconf 87' lang='lat' dir='ltr'>dicatur</span> <span class='ocrx_word' id='word_1_11' title='bbox 1837 327 1847 357; x_wconf 70' lang='grc' dir='ltr'>ε</span> <span class='ocrx_word' id='word_1_12' title='bbox 1881 309 1996 357; x_wconf 85' lang='grc' dir='ltr'><strong>«11Ῑο</strong></span> <span class='ocrx_word' id='word_1_13' title='bbox 2017 310 2094 358; x_wconf 89' lang='lat' dir='ltr'>vel</span> <span class='ocrx_word' id='word_1_14' title='bbox 2119 310 2197 359; x_wconf 90' lang='lat' dir='ltr'>ille</span> <span class='ocrx_word' id='word_1_15' title='bbox 2220 313 2390 372; x_wconf 89' lang='lat' dir='ltr'>currit,</span> <span class='ocrx_word' id='word_1_16' title='bbox 2418 333 2443 357; x_wconf 74' lang='lat' dir='ltr'>n</span> 
     </span>
     <span class='ocr_line' id='line_1_3' title="bbox 292 389 2444 452; baseline 0.002 -16"><span class='ocrx_word' id='word_1_17' title='bbox 292 391 357 438; x_wconf 89' lang='lat' dir='ltr'>ita</span> <span class='ocrx_word' id='word_1_18' title='bbox 388 400 434 437; x_wconf 89' lang='lat' dir='ltr'>et</span> <span class='ocrx_word' id='word_1_19' title='bbox 469 407 578 436; x_wconf 90' lang='lat' dir='ltr'>cum</span> <span class='ocrx_word' id='word_1_20' title='bbox 611 389 788 436; x_wconf 89' lang='lat' dir='ltr'>dicitur</span> <span class='ocrx_word' id='word_1_21' title='bbox 825 407 833 435; x_wconf 92' lang='lat'>:</span> <span class='ocrx_word' id='word_1_22' title='bbox 873 389 1125 452; x_wconf 84' lang='lat' dir='ltr'>«intelligo</span> <span class='ocrx_word' id='word_1_23' title='bbox 1159 389 1363 436; x_wconf 87' lang='lat' dir='ltr'>alterum</span> <span class='ocrx_word' id='word_1_24' title='bbox 1396 390 1599 437; x_wconf 84' lang='lat' dir='ltr'>istorum</span> <span class='ocrx_word' id='word_1_25' title='bbox 1631 407 1841 452; x_wconf 88' lang='lat' dir='ltr'>currere,</span> <span class='ocrx_word' id='word_1_26' title='bbox 1864 409 1887 436; x_wconf 78' lang='lat'>))</span> <span class='ocrx_word' id='word_1_27' title='bbox 1916 390 1989 438; x_wconf 90' lang='lat' dir='ltr'>vel</span> <span class='ocrx_word' id='word_1_28' title='bbox 2017 410 2039 436; x_wconf 78' lang='grc' dir='ltr'>ι(</span> <span class='ocrx_word' id='word_1_29' title='bbox 2062 391 2172 439; x_wconf 92' lang='lat' dir='ltr'>dico</span> <span class='ocrx_word' id='word_1_30' title='bbox 2194 391 2444 440; x_wconf 89' lang='lat' dir='ltr'>hominem</span> 
     </span>
     <span class='ocr_line' id='line_1_4' title="bbox 291 468 2445 537; baseline 0.001 -21"><span class='ocrx_word' id='word_1_31' title='bbox 291 486 483 516; x_wconf 84' lang='lat' dir='ltr'>currere</span> <span class='ocrx_word' id='word_1_32' title='bbox 506 469 784 532; x_wconf 86' lang='lat' dir='ltr'><strong>quemdam,</strong></span> <span class='ocrx_word' id='word_1_33' title='bbox 811 490 834 513; x_wconf 69' lang='lat'>³&gt;</span> <span class='ocrx_word' id='word_1_34' title='bbox 862 468 961 516; x_wconf 90' lang='lat' dir='ltr'>duo</span> <span class='ocrx_word' id='word_1_35' title='bbox 985 479 1097 516; x_wconf 92' lang='lat' dir='ltr'>sunt</span> <span class='ocrx_word' id='word_1_36' title='bbox 1119 486 1282 516; x_wconf 89' lang='lat' dir='ltr'>sensus</span> <span class='ocrx_word' id='word_1_37' title='bbox 1305 470 1354 516; x_wconf 93' lang='lat' dir='ltr'>in</span> <span class='ocrx_word' id='word_1_38' title='bbox 1380 470 1578 533; x_wconf 88' lang='lat' dir='ltr'>singulis</span> <span class='ocrx_word' id='word_1_39' title='bbox 1607 487 1618 517; x_wconf 74' lang='grc' dir='ltr'><strong><em>ε</em></strong></span> <span class='ocrx_word' id='word_1_40' title='bbox 1653 487 1776 518; x_wconf 86' lang='lat' dir='ltr'>unus</span> <span class='ocrx_word' id='word_1_41' title='bbox 1809 471 2033 534; x_wconf 89' lang='lat' dir='ltr'>quidem,</span> <span class='ocrx_word' id='word_1_42' title='bbox 2069 470 2203 535; x_wconf 92' lang='lat' dir='ltr'>quod</span> <span class='ocrx_word' id='word_1_43' title='bbox 2233 472 2445 537; x_wconf 85' lang='lat' dir='ltr'><strong>intelligo</strong></span> 
     </span>
     <span class='ocr_line' id='line_1_5' title="bbox 290 549 2445 616; baseline 0.002 -20"><span class='ocrx_word' id='word_1_44' title='bbox 290 550 423 614; x_wconf 88' lang='lat' dir='ltr'>quod</span> <span class='ocrx_word' id='word_1_45' title='bbox 455 549 574 596; x_wconf 90' lang='lat' dir='ltr'>alter</span> <span class='ocrx_word' id='word_1_46' title='bbox 601 550 776 609; x_wconf 89' lang='lat' dir='ltr'>currit,</span> <span class='ocrx_word' id='word_1_47' title='bbox 812 550 887 597; x_wconf 91' lang='lat' dir='ltr'>vel</span> <span class='ocrx_word' id='word_1_48' title='bbox 921 550 1055 613; x_wconf 90' lang='lat' dir='ltr'>quod</span> <span class='ocrx_word' id='word_1_49' title='bbox 1090 549 1200 596; x_wconf 91' lang='lat' dir='ltr'>dico</span> <span class='ocrx_word' id='word_1_50' title='bbox 1236 549 1369 614; x_wconf 87' lang='lat' dir='ltr'>quod</span> <span class='ocrx_word' id='word_1_51' title='bbox 1402 550 1600 614; x_wconf 90' lang='lat' dir='ltr'>quidam</span> <span class='ocrx_word' id='word_1_52' title='bbox 1632 551 1809 612; x_wconf 84' lang='lat' dir='ltr'>currit,</span> <span class='ocrx_word' id='word_1_53' title='bbox 1837 551 1957 598; x_wconf 88' lang='lat' dir='ltr'>alius</span> <span class='ocrx_word' id='word_1_54' title='bbox 1992 551 2126 616; x_wconf 92' lang='lat' dir='ltr'>quod</span> <span class='ocrx_word' id='word_1_55' title='bbox 2149 551 2360 615; x_wconf 87' lang='lat' dir='ltr'>intelligo</span> <span class='ocrx_word' id='word_1_56' title='bbox 2384 553 2445 602; x_wconf 88' lang='lat' dir='ltr'>de</span> 
     </span>
     <span class='ocr_line' id='line_1_6' title="bbox 287 629 2441 694; baseline 0.002 -18"><span class='ocrx_word' id='word_1_57' title='bbox 287 629 438 676; x_wconf 89' lang='lat' dir='ltr'>altero</span> <span class='ocrx_word' id='word_1_58' title='bbox 460 629 594 693; x_wconf 89' lang='lat' dir='ltr'>quod</span> <span class='ocrx_word' id='word_1_59' title='bbox 621 630 784 689; x_wconf 80' lang='lat' dir='ltr'>currit3</span> <span class='ocrx_word' id='word_1_60' title='bbox 812 629 908 677; x_wconf 91' lang='lat' dir='ltr'>hoc</span> <span class='ocrx_word' id='word_1_61' title='bbox 928 640 996 677; x_wconf 91' lang='lat' dir='ltr'>est</span> <span class='ocrx_word' id='word_1_62' title='bbox 1018 630 1091 677; x_wconf 87' lang='lat' dir='ltr'>vel</span> <span class='ocrx_word' id='word_1_63' title='bbox 1115 629 1247 676; x_wconf 90' lang='lat' dir='ltr'>hunc</span> <span class='ocrx_word' id='word_1_64' title='bbox 1270 629 1484 693; x_wconf 86' lang='lat' dir='ltr'>intelligo</span> <span class='ocrx_word' id='word_1_65' title='bbox 1501 647 1712 690; x_wconf 87' lang='lat' dir='ltr'>currere,</span> <span class='ocrx_word' id='word_1_66' title='bbox 1738 631 1813 678; x_wconf 91' lang='lat' dir='ltr'>vel</span> <span class='ocrx_word' id='word_1_67' title='bbox 1835 631 1970 678; x_wconf 89' lang='lat' dir='ltr'>illum</span> <span class='ocrx_word' id='word_1_68' title='bbox 1990 631 2207 694; x_wconf 88' lang='lat' dir='ltr'>intelligo</span> <span class='ocrx_word' id='word_1_69' title='bbox 2231 649 2441 694; x_wconf 88' lang='lat' dir='ltr'>currere,</span> 
     </span>
     <span class='ocr_line' id='line_1_7' title="bbox 288 709 2442 775; baseline 0.002 -19"><span class='ocrx_word' id='word_1_70' title='bbox 288 710 363 759; x_wconf 85' lang='lat' dir='ltr'>vel</span> <span class='ocrx_word' id='word_1_71' title='bbox 388 710 498 757; x_wconf 93' lang='lat' dir='ltr'>dico</span> <span class='ocrx_word' id='word_1_72' title='bbox 522 710 740 757; x_wconf 88' lang='lat' dir='ltr'>similiter</span> <span class='ocrx_word' id='word_1_73' title='bbox 764 710 824 758; x_wconf 95' lang='lat' dir='ltr'>de</span> <span class='ocrx_word' id='word_1_74' title='bbox 848 710 1062 775; x_wconf 89' lang='lat' dir='ltr'>quodam</span> <span class='ocrx_word' id='word_1_75' title='bbox 1088 709 1222 774; x_wconf 93' lang='lat' dir='ltr'>quod</span> <span class='ocrx_word' id='word_1_76' title='bbox 1244 710 1410 757; x_wconf 85' lang='lat' dir='ltr'>currit.</span> <span class='ocrx_word' id='word_1_77' title='bbox 1438 713 1495 757; x_wconf 90' lang='lat' dir='ltr'>Et</span> <span class='ocrx_word' id='word_1_78' title='bbox 1526 709 1794 757; x_wconf 88' lang='lat' dir='ltr'>secundum</span> <span class='ocrx_word' id='word_1_79' title='bbox 1818 711 2030 775; x_wconf 85' lang='lat' dir='ltr'>priorem</span> <span class='ocrx_word' id='word_1_80' title='bbox 2052 728 2244 759; x_wconf 89' lang='lat' dir='ltr'>sensum</span> <span class='ocrx_word' id='word_1_81' title='bbox 2267 729 2442 760; x_wconf 90' lang='lat' dir='ltr'>conce-</span> 
     </span>
     <span class='ocr_line' id='line_1_8' title="bbox 287 789 2443 855; baseline 0.001 -18"><span class='ocrx_word' id='word_1_82' title='bbox 287 790 503 838; x_wconf 88' lang='lat' dir='ltr'>dendum</span> <span class='ocrx_word' id='word_1_83' title='bbox 528 800 598 838; x_wconf 89' lang='lat' dir='ltr'>est</span> <span class='ocrx_word' id='word_1_84' title='bbox 622 790 756 855; x_wconf 88' lang='lat' dir='ltr'>quod</span> <span class='ocrx_word' id='word_1_85' title='bbox 788 790 1107 855; x_wconf 73' lang='lat' dir='ltr'>quaerebatur,</span> <span class='ocrx_word' id='word_1_86' title='bbox 1145 799 1193 837; x_wconf 88' lang='lat' dir='ltr'>et</span> <span class='ocrx_word' id='word_1_87' title='bbox 1219 806 1318 836; x_wconf 90' lang='lat' dir='ltr'>non</span> <span class='ocrx_word' id='word_1_88' title='bbox 1356 789 1623 837; x_wconf 90' lang='lat' dir='ltr'>secundum</span> <span class='ocrx_word' id='word_1_89' title='bbox 1648 790 1868 838; x_wconf 86' lang='lat' dir='ltr'>alterum.</span> <span class='ocrx_word' id='word_1_90' title='bbox 1893 791 1988 838; x_wconf 91' lang='lat' dir='ltr'>Sed</span> <span class='ocrx_word' id='word_1_91' title='bbox 2011 801 2056 838; x_wconf 88' lang='lat' dir='ltr'>et</span> <span class='ocrx_word' id='word_1_92' title='bbox 2081 791 2280 839; x_wconf 87' lang='lat' dir='ltr'>fortasse</span> <span class='ocrx_word' id='word_1_93' title='bbox 2297 829 2308 851; x_wconf 92' lang='lat'>‚</span> <span class='ocrx_word' id='word_1_94' title='bbox 2332 809 2443 840; x_wconf 89' lang='lat' dir='ltr'>cum</span> 
     </span>
     <span class='ocr_line' id='line_1_9' title="bbox 287 869 2444 937; baseline 0.001 -19"><span class='ocrx_word' id='word_1_95' title='bbox 287 871 465 918; x_wconf 88' lang='lat' dir='ltr'>dicitur</span> <span class='ocrx_word' id='word_1_96' title='bbox 482 882 749 920; x_wconf 89' lang='lat' dir='ltr'>«neutrum</span> <span class='ocrx_word' id='word_1_97' title='bbox 770 871 982 936; x_wconf 76' lang='lat' dir='ltr'>intelligo</span> <span class='ocrx_word' id='word_1_98' title='bbox 1006 887 1237 918; x_wconf 88' lang='lat' dir='ltr'>currere»</span> <span class='ocrx_word' id='word_1_99' title='bbox 1265 870 1339 918; x_wconf 89' lang='lat' dir='ltr'>vel</span> <span class='ocrx_word' id='word_1_100' title='bbox 1368 870 1589 917; x_wconf 84' lang='lat' dir='ltr'>«nullum</span> <span class='ocrx_word' id='word_1_101' title='bbox 1613 869 1865 918; x_wconf 89' lang='lat' dir='ltr'>hominem</span> <span class='ocrx_word' id='word_1_102' title='bbox 1887 871 1998 918; x_wconf 93' lang='lat' dir='ltr'>dico</span> <span class='ocrx_word' id='word_1_103' title='bbox 2021 869 2228 931; x_wconf 81' lang='lat' dir='ltr'>currere,</span> <span class='ocrx_word' id='word_1_104' title='bbox 2246 872 2444 937; x_wconf 89' lang='lat' dir='ltr'>»plures</span> 
     </span>
     <span class='ocr_line' id='line_1_10' title="bbox 286 949 2442 1016; baseline 0.001 -18"><span class='ocrx_word' id='word_1_105' title='bbox 286 962 398 998; x_wconf 89' lang='lat' dir='ltr'>sunt</span> <span class='ocrx_word' id='word_1_106' title='bbox 421 969 587 1000; x_wconf 90' lang='lat' dir='ltr'>sensus</span> <span class='ocrx_word' id='word_1_107' title='bbox 610 953 658 998; x_wconf 91' lang='lat' dir='ltr'>in</span> <span class='ocrx_word' id='word_1_108' title='bbox 683 951 901 1015; x_wconf 90' lang='lat' dir='ltr'>singulis,</span> <span class='ocrx_word' id='word_1_109' title='bbox 928 968 1054 998; x_wconf 91' lang='lat' dir='ltr'>unus</span> <span class='ocrx_word' id='word_1_110' title='bbox 1083 950 1283 1015; x_wconf 89' lang='lat' dir='ltr'>quidem</span> <span class='ocrx_word' id='word_1_111' title='bbox 1306 949 1619 998; x_wconf 80' lang='lat' dir='ltr'>affirmativus</span> <span class='ocrx_word' id='word_1_112' title='bbox 1651 960 1700 998; x_wconf 88' lang='lat' dir='ltr'>et</span> <span class='ocrx_word' id='word_1_113' title='bbox 1731 950 1831 998; x_wconf 93' lang='lat' dir='ltr'>duo</span> <span class='ocrx_word' id='word_1_114' title='bbox 1865 952 2090 1016; x_wconf 84' lang='lat' dir='ltr'>negativi.</span> <span class='ocrx_word' id='word_1_115' title='bbox 2130 952 2179 999; x_wconf 91' lang='lat' dir='ltr'>Si</span> <span class='ocrx_word' id='word_1_116' title='bbox 2212 953 2342 999; x_wconf 91' lang='lat' dir='ltr'>enim</span> <span class='ocrx_word' id='word_1_117' title='bbox 2377 953 2442 1001; x_wconf 90' lang='lat' dir='ltr'>ita</span> 
     </span>
    </p>
   </div>
   <div class='ocr_carea' id='block_1_3' title="bbox 281 1035 2443 3357">
    <p class='ocr_par' dir='ltr' id='par_1_3' title="bbox 283 1035 2443 1505">
     <span class='ocr_line' id='line_1_11' title="bbox 285 1035 2443 1103; baseline 0.001 -19"><span class='ocrx_word' id='word_1_118' title='bbox 285 1038 547 1102; x_wconf 81' lang='lat' dir='ltr'>accipiatur</span> <span class='ocrx_word' id='word_1_119' title='bbox 575 1057 585 1085; x_wconf 73' lang='grc' dir='ltr'>ε</span> <span class='ocrx_word' id='word_1_120' title='bbox 614 1037 870 1101; x_wconf 91' lang='lat' dir='ltr'>«intelligo</span> <span class='ocrx_word' id='word_1_121' title='bbox 897 1037 1032 1103; x_wconf 94' lang='lat' dir='ltr'>quod</span> <span class='ocrx_word' id='word_1_122' title='bbox 1056 1047 1224 1086; x_wconf 88' lang='lat' dir='ltr'>neuter</span> <span class='ocrx_word' id='word_1_123' title='bbox 1243 1037 1431 1087; x_wconf 84' lang='lat' dir='ltr'>currit»</span> <span class='ocrx_word' id='word_1_124' title='bbox 1461 1035 1535 1083; x_wconf 91' lang='lat' dir='ltr'>vel</span> <span class='ocrx_word' id='word_1_125' title='bbox 1556 1035 1703 1083; x_wconf 87' lang='lat' dir='ltr'>«dico</span> <span class='ocrx_word' id='word_1_126' title='bbox 1728 1037 1862 1101; x_wconf 93' lang='lat' dir='ltr'>quod</span> <span class='ocrx_word' id='word_1_127' title='bbox 1885 1037 2048 1084; x_wconf 92' lang='lat' dir='ltr'>nullus</span> <span class='ocrx_word' id='word_1_128' title='bbox 2072 1038 2237 1098; x_wconf 87' lang='lat' dir='ltr'>currit,</span> <span class='ocrx_word' id='word_1_129' title='bbox 2262 1057 2283 1081; x_wconf 75' lang='grc' dir='ltr'><strong>υ</strong></span> <span class='ocrx_word' id='word_1_130' title='bbox 2310 1038 2443 1085; x_wconf 82' lang='lat' dir='ltr'>affir-</span> 
     </span>
     <span class='ocr_line' id='line_1_12' title="bbox 286 1117 2441 1184; baseline 0.001 -19"><span class='ocrx_word' id='word_1_131' title='bbox 286 1119 490 1166; x_wconf 87' lang='lat' dir='ltr'>mativus</span> <span class='ocrx_word' id='word_1_132' title='bbox 514 1129 583 1166; x_wconf 91' lang='lat' dir='ltr'>est</span> <span class='ocrx_word' id='word_1_133' title='bbox 606 1135 794 1167; x_wconf 88' lang='lat' dir='ltr'>sensus.</span> <span class='ocrx_word' id='word_1_134' title='bbox 822 1119 868 1165; x_wconf 92' lang='lat' dir='ltr'>Si</span> <span class='ocrx_word' id='word_1_135' title='bbox 890 1135 1004 1166; x_wconf 87' lang='lat' dir='ltr'>vero</span> <span class='ocrx_word' id='word_1_136' title='bbox 1024 1119 1088 1166; x_wconf 93' lang='lat' dir='ltr'>ita</span> <span class='ocrx_word' id='word_1_137' title='bbox 1112 1118 1248 1184; x_wconf 93' lang='lat' dir='ltr'>quod</span> <span class='ocrx_word' id='word_1_138' title='bbox 1265 1138 1287 1163; x_wconf 90' lang='lat'><strong><em>«</em></strong></span> <span class='ocrx_word' id='word_1_139' title='bbox 1307 1117 1759 1181; x_wconf 88' lang='lat' dir='ltr'>neutrumintelligo</span> <span class='ocrx_word' id='word_1_140' title='bbox 1782 1134 1993 1178; x_wconf 89' lang='lat' dir='ltr'>currere,</span> <span class='ocrx_word' id='word_1_141' title='bbox 2016 1118 2151 1165; x_wconf 85' lang='lat' dir='ltr'>»hoc</span> <span class='ocrx_word' id='word_1_142' title='bbox 2168 1127 2267 1166; x_wconf 89' lang='lat' dir='ltr'>est:</span> <span class='ocrx_word' id='word_1_143' title='bbox 2298 1138 2320 1162; x_wconf 76' lang='lat' dir='ltr'>c&lt;</span> <span class='ocrx_word' id='word_1_144' title='bbox 2341 1135 2441 1166; x_wconf 88' lang='lat' dir='ltr'>non</span> 
     </span>
     <span class='ocr_line' id='line_1_13' title="bbox 285 1197 2439 1264; baseline 0 -19"><span class='ocrx_word' id='word_1_145' title='bbox 285 1199 496 1262; x_wconf 86' lang='lat' dir='ltr'>intelligo</span> <span class='ocrx_word' id='word_1_146' title='bbox 520 1199 655 1264; x_wconf 92' lang='lat' dir='ltr'>quod</span> <span class='ocrx_word' id='word_1_147' title='bbox 675 1200 791 1247; x_wconf 90' lang='lat' dir='ltr'>alter</span> <span class='ocrx_word' id='word_1_148' title='bbox 814 1200 978 1261; x_wconf 88' lang='lat' dir='ltr'>currit,</span> <span class='ocrx_word' id='word_1_149' title='bbox 993 1219 1016 1244; x_wconf 74' lang='grc' dir='ltr'><em>η</em></span> <span class='ocrx_word' id='word_1_150' title='bbox 1034 1199 1111 1247; x_wconf 90' lang='lat' dir='ltr'>vel</span> <span class='ocrx_word' id='word_1_151' title='bbox 1133 1200 1227 1246; x_wconf 89' lang='lat' dir='ltr'>ita:</span> <span class='ocrx_word' id='word_1_152' title='bbox 1249 1215 1443 1263; x_wconf 87' lang='lat' dir='ltr'>«neque</span> <span class='ocrx_word' id='word_1_153' title='bbox 1466 1197 1681 1262; x_wconf 86' lang='lat' dir='ltr'>intelligo</span> <span class='ocrx_word' id='word_1_154' title='bbox 1693 1198 1826 1246; x_wconf 91' lang='lat' dir='ltr'>hunc</span> <span class='ocrx_word' id='word_1_155' title='bbox 1849 1215 2039 1246; x_wconf 87' lang='lat' dir='ltr'>currere</span> <span class='ocrx_word' id='word_1_156' title='bbox 2066 1215 2223 1263; x_wconf 91' lang='lat' dir='ltr'>neque</span> <span class='ocrx_word' id='word_1_157' title='bbox 2246 1198 2397 1260; x_wconf 88' lang='lat' dir='ltr'>illum,</span> <span class='ocrx_word' id='word_1_158' title='bbox 2414 1219 2439 1245; x_wconf 73' lang='grc' dir='ltr'><strong>υ</strong></span> 
     </span>
     <span class='ocr_line' id='line_1_14' title="bbox 284 1278 2442 1345; baseline 0 -18"><span class='ocrx_word' id='word_1_159' title='bbox 284 1279 384 1327; x_wconf 90' lang='lat' dir='ltr'>duo</span> <span class='ocrx_word' id='word_1_160' title='bbox 420 1290 531 1327; x_wconf 89' lang='lat' dir='ltr'>sunt</span> <span class='ocrx_word' id='word_1_161' title='bbox 563 1281 772 1343; x_wconf 86' lang='lat' dir='ltr'>negativi</span> <span class='ocrx_word' id='word_1_162' title='bbox 808 1297 996 1340; x_wconf 90' lang='lat' dir='ltr'>sensus;</span> <span class='ocrx_word' id='word_1_163' title='bbox 1039 1289 1086 1327; x_wconf 88' lang='lat' dir='ltr'>et</span> <span class='ocrx_word' id='word_1_164' title='bbox 1121 1280 1306 1345; x_wconf 91' lang='lat' dir='ltr'>primus</span> <span class='ocrx_word' id='word_1_165' title='bbox 1343 1278 1543 1344; x_wconf 89' lang='lat' dir='ltr'>quidem</span> <span class='ocrx_word' id='word_1_166' title='bbox 1576 1295 1743 1325; x_wconf 91' lang='lat' dir='ltr'>sensus</span> <span class='ocrx_word' id='word_1_167' title='bbox 1778 1289 1849 1326; x_wconf 89' lang='lat' dir='ltr'>est</span> <span class='ocrx_word' id='word_1_168' title='bbox 1885 1279 2151 1343; x_wconf 88' lang='lat' dir='ltr'>negationis</span> <span class='ocrx_word' id='word_1_169' title='bbox 2187 1279 2442 1327; x_wconf 90' lang='lat' dir='ltr'>dividentis</span> 
     </span>
     <span class='ocr_line' id='line_1_15' title="bbox 283 1358 2440 1426; baseline -0 -19"><span class='ocrx_word' id='word_1_170' title='bbox 283 1360 384 1423; x_wconf 88' lang='lat' dir='ltr'>ejus</span> <span class='ocrx_word' id='word_1_171' title='bbox 408 1360 739 1408; x_wconf 81' lang='lat' dir='ltr'>affirmationis</span> <span class='ocrx_word' id='word_1_172' title='bbox 770 1377 914 1425; x_wconf 90' lang='lat' dir='ltr'>quam</span> <span class='ocrx_word' id='word_1_173' title='bbox 948 1377 1094 1426; x_wconf 89' lang='lat' dir='ltr'>supra</span> <span class='ocrx_word' id='word_1_174' title='bbox 1126 1360 1466 1407; x_wconf 88' lang='lat' dir='ltr'>concessimus.</span> <span class='ocrx_word' id='word_1_175' title='bbox 1504 1358 1730 1406; x_wconf 87' lang='lat' dir='ltr'>Similiter</span> <span class='ocrx_word' id='word_1_176' title='bbox 1752 1359 2175 1407; x_wconf 88' lang='lat' dir='ltr'>determinandum</span> <span class='ocrx_word' id='word_1_177' title='bbox 2200 1369 2270 1406; x_wconf 91' lang='lat' dir='ltr'>est</span> <span class='ocrx_word' id='word_1_178' title='bbox 2291 1361 2351 1408; x_wconf 89' lang='lat' dir='ltr'>de</span> <span class='ocrx_word' id='word_1_179' title='bbox 2380 1375 2440 1407; x_wconf 90' lang='lat' dir='ltr'>eo</span> 
     </span>
     <span class='ocr_line' id='line_1_16' title="bbox 285 1440 1725 1505; baseline -0.002 -17"><span class='ocrx_word' id='word_1_180' title='bbox 285 1442 418 1505; x_wconf 90' lang='lat' dir='ltr'>quod</span> <span class='ocrx_word' id='word_1_181' title='bbox 447 1441 631 1488; x_wconf 90' lang='lat' dir='ltr'>dictum</span> <span class='ocrx_word' id='word_1_182' title='bbox 658 1451 729 1488; x_wconf 92' lang='lat' dir='ltr'>est</span> <span class='ocrx_word' id='word_1_183' title='bbox 757 1459 766 1487; x_wconf 93' lang='lat'>:</span> <span class='ocrx_word' id='word_1_184' title='bbox 800 1461 822 1484; x_wconf 90' lang='lat'>«</span> <span class='ocrx_word' id='word_1_185' title='bbox 840 1441 1029 1488; x_wconf 90' lang='lat' dir='ltr'>nullum</span> <span class='ocrx_word' id='word_1_186' title='bbox 1053 1440 1305 1488; x_wconf 87' lang='lat' dir='ltr'>hominem</span> <span class='ocrx_word' id='word_1_187' title='bbox 1331 1440 1442 1487; x_wconf 92' lang='lat' dir='ltr'>dico</span> <span class='ocrx_word' id='word_1_188' title='bbox 1467 1456 1676 1487; x_wconf 88' lang='lat' dir='ltr'>currere.</span> <span class='ocrx_word' id='word_1_189' title='bbox 1701 1458 1725 1484; x_wconf 89' lang='lat'>»</span> 
     </span>
    </p>

    <p class='ocr_par' dir='ltr' id='par_1_4' title="bbox 281 1519 2441 2052">
     <span class='ocr_line' id='line_1_17' title="bbox 351 1519 2440 1586; baseline -0 -17"><span class='ocrx_word' id='word_1_190' title='bbox 351 1522 496 1579; x_wconf 83' lang='lat' dir='ltr'>Quod</span> <span class='ocrx_word' id='word_1_191' title='bbox 521 1538 636 1569; x_wconf 89' lang='lat' dir='ltr'>vero</span> <span class='ocrx_word' id='word_1_192' title='bbox 671 1522 926 1586; x_wconf 84' lang='lat' dir='ltr'>quaesitum</span> <span class='ocrx_word' id='word_1_193' title='bbox 955 1531 1027 1568; x_wconf 88' lang='lat' dir='ltr'>est</span> <span class='ocrx_word' id='word_1_194' title='bbox 1049 1531 1209 1568; x_wconf 91' lang='lat' dir='ltr'>utrum</span> <span class='ocrx_word' id='word_1_195' title='bbox 1234 1537 1345 1568; x_wconf 87' lang='lat' dir='ltr'>cum</span> <span class='ocrx_word' id='word_1_196' title='bbox 1368 1520 1545 1568; x_wconf 90' lang='lat' dir='ltr'>dicitur</span> <span class='ocrx_word' id='word_1_197' title='bbox 1569 1519 1830 1567; x_wconf 87' lang='lat' dir='ltr'>«chimaera</span> <span class='ocrx_word' id='word_1_198' title='bbox 1853 1535 1958 1584; x_wconf 90' lang='lat' dir='ltr'>quae</span> <span class='ocrx_word' id='word_1_199' title='bbox 1982 1530 2054 1568; x_wconf 89' lang='lat' dir='ltr'>est</span> <span class='ocrx_word' id='word_1_200' title='bbox 2083 1520 2191 1568; x_wconf 88' lang='lat' dir='ltr'>alba</span> <span class='ocrx_word' id='word_1_201' title='bbox 2212 1541 2235 1564; x_wconf 77' lang='lat'>&gt;2</span> <span class='ocrx_word' id='word_1_202' title='bbox 2266 1521 2440 1569; x_wconf 91' lang='lat' dir='ltr'>intelli-</span> 
     </span>
     <span class='ocr_line' id='line_1_18' title="bbox 284 1599 2441 1667; baseline -0.001 -17"><span class='ocrx_word' id='word_1_203' title='bbox 284 1619 392 1666; x_wconf 87' lang='lat' dir='ltr'>gam</span> <span class='ocrx_word' id='word_1_204' title='bbox 424 1602 699 1650; x_wconf 80' lang='lat' dir='ltr'>cliimaeram</span> <span class='ocrx_word' id='word_1_205' title='bbox 724 1619 830 1667; x_wconf 89' lang='lat' dir='ltr'>quae</span> <span class='ocrx_word' id='word_1_206' title='bbox 856 1611 925 1649; x_wconf 91' lang='lat' dir='ltr'>est</span> <span class='ocrx_word' id='word_1_207' title='bbox 946 1601 1056 1649; x_wconf 89' lang='lat' dir='ltr'>alba</span> <span class='ocrx_word' id='word_1_208' title='bbox 1072 1639 1083 1661; x_wconf 91' lang='lat'>,</span> <span class='ocrx_word' id='word_1_209' title='bbox 1111 1602 1245 1648; x_wconf 88' lang='lat' dir='ltr'>nullo</span> <span class='ocrx_word' id='word_1_210' title='bbox 1274 1600 1425 1648; x_wconf 90' lang='lat' dir='ltr'>modo</span> <span class='ocrx_word' id='word_1_211' title='bbox 1461 1599 1833 1648; x_wconf 85' lang='lat' dir='ltr'>concedendum</span> <span class='ocrx_word' id='word_1_212' title='bbox 1868 1610 1962 1661; x_wconf 92' lang='lat' dir='ltr'>est,</span> <span class='ocrx_word' id='word_1_213' title='bbox 1989 1602 2100 1648; x_wconf 87' lang='lat' dir='ltr'>licet</span> <span class='ocrx_word' id='word_1_214' title='bbox 2122 1601 2172 1648; x_wconf 93' lang='lat' dir='ltr'>id</span> <span class='ocrx_word' id='word_1_215' title='bbox 2192 1618 2360 1649; x_wconf 89' lang='lat' dir='ltr'>verum</span> <span class='ocrx_word' id='word_1_216' title='bbox 2381 1602 2441 1648; x_wconf 88' lang='lat' dir='ltr'>sit</span> 
     </span>
     <span class='ocr_line' id='line_1_19' title="bbox 282 1680 2441 1747; baseline -0.001 -17"><span class='ocrx_word' id='word_1_217' title='bbox 282 1683 417 1747; x_wconf 89' lang='lat' dir='ltr'>quod</span> <span class='ocrx_word' id='word_1_218' title='bbox 453 1683 662 1730; x_wconf 88' lang='lat' dir='ltr'>habeam</span> <span class='ocrx_word' id='word_1_219' title='bbox 697 1683 965 1730; x_wconf 87' lang='lat' dir='ltr'>intellectus</span> <span class='ocrx_word' id='word_1_220' title='bbox 998 1682 1143 1746; x_wconf 88' lang='lat' dir='ltr'>hujus</span> <span class='ocrx_word' id='word_1_221' title='bbox 1180 1682 1412 1729; x_wconf 87' lang='lat' dir='ltr'>orationis</span> <span class='ocrx_word' id='word_1_222' title='bbox 1439 1701 1450 1728; x_wconf 91' lang='lat'>:</span> <span class='ocrx_word' id='word_1_223' title='bbox 1481 1681 1747 1728; x_wconf 87' lang='lat' dir='ltr'>«chimaera</span> <span class='ocrx_word' id='word_1_224' title='bbox 1783 1697 1889 1745; x_wconf 88' lang='lat' dir='ltr'>quae</span> <span class='ocrx_word' id='word_1_225' title='bbox 1920 1691 1991 1728; x_wconf 88' lang='lat' dir='ltr'>est</span> <span class='ocrx_word' id='word_1_226' title='bbox 2023 1681 2149 1730; x_wconf 88' lang='lat' dir='ltr'>alba.</span> <span class='ocrx_word' id='word_1_227' title='bbox 2179 1701 2201 1726; x_wconf 86' lang='lat'>»</span> <span class='ocrx_word' id='word_1_228' title='bbox 2227 1680 2337 1729; x_wconf 88' lang='lat' dir='ltr'>Tale</span> <span class='ocrx_word' id='word_1_229' title='bbox 2372 1691 2441 1729; x_wconf 89' lang='lat' dir='ltr'>est</span> 
     </span>
     <span class='ocr_line' id='line_1_20' title="bbox 281 1761 2438 1828; baseline -0.001 -17"><span class='ocrx_word' id='word_1_230' title='bbox 281 1764 412 1811; x_wconf 90' lang='lat' dir='ltr'>enim</span> <span class='ocrx_word' id='word_1_231' title='bbox 439 1782 449 1809; x_wconf 88' lang='grc'>;</span> <span class='ocrx_word' id='word_1_232' title='bbox 482 1763 729 1827; x_wconf 88' lang='lat' dir='ltr'>«intelligo</span> <span class='ocrx_word' id='word_1_233' title='bbox 751 1763 977 1810; x_wconf 80' lang='lat' dir='ltr'>chimaera</span> <span class='ocrx_word' id='word_1_234' title='bbox 996 1779 1101 1826; x_wconf 89' lang='lat' dir='ltr'>quae</span> <span class='ocrx_word' id='word_1_235' title='bbox 1124 1772 1195 1809; x_wconf 91' lang='lat' dir='ltr'>est</span> <span class='ocrx_word' id='word_1_236' title='bbox 1214 1762 1339 1823; x_wconf 88' lang='lat' dir='ltr'>alba,</span> <span class='ocrx_word' id='word_1_237' title='bbox 1356 1782 1378 1806; x_wconf 82' lang='lat'>)&gt;</span> <span class='ocrx_word' id='word_1_238' title='bbox 1404 1778 1459 1809; x_wconf 86' lang='lat' dir='ltr'>ac</span> <span class='ocrx_word' id='word_1_239' title='bbox 1483 1762 1520 1808; x_wconf 89' lang='lat' dir='ltr'>si</span> <span class='ocrx_word' id='word_1_240' title='bbox 1545 1761 1732 1808; x_wconf 88' lang='lat' dir='ltr'>dicatur</span> <span class='ocrx_word' id='word_1_241' title='bbox 1755 1779 1765 1806; x_wconf 95' lang='lat'><strong>:</strong></span> <span class='ocrx_word' id='word_1_242' title='bbox 1799 1780 1822 1805; x_wconf 90' lang='lat'>«</span> <span class='ocrx_word' id='word_1_243' title='bbox 1838 1761 1998 1809; x_wconf 90' lang='lat' dir='ltr'>habeo</span> <span class='ocrx_word' id='word_1_244' title='bbox 2023 1772 2317 1828; x_wconf 90' lang='lat' dir='ltr'>conceptum</span> <span class='ocrx_word' id='word_1_245' title='bbox 2339 1778 2438 1826; x_wconf 90' lang='lat' dir='ltr'>quo</span> 
     </span>
     <span class='ocr_line' id='line_1_21' title="bbox 283 1842 2438 1908; baseline -0.001 -17"><span class='ocrx_word' id='word_1_246' title='bbox 283 1844 502 1907; x_wconf 83' lang='lat' dir='ltr'>excogito</span> <span class='ocrx_word' id='word_1_247' title='bbox 538 1844 812 1891; x_wconf 85' lang='lat' dir='ltr'>chimaeram</span> <span class='ocrx_word' id='word_1_248' title='bbox 847 1854 894 1891; x_wconf 92' lang='lat' dir='ltr'>et</span> <span class='ocrx_word' id='word_1_249' title='bbox 924 1844 1027 1908; x_wconf 90' lang='lat' dir='ltr'>ipsa</span> <span class='ocrx_word' id='word_1_250' title='bbox 1061 1852 1132 1889; x_wconf 91' lang='lat' dir='ltr'>est</span> <span class='ocrx_word' id='word_1_251' title='bbox 1168 1842 1340 1889; x_wconf 87' lang='lat' dir='ltr'>alba.»</span> <span class='ocrx_word' id='word_1_252' title='bbox 1369 1842 1418 1887; x_wconf 93' lang='lat' dir='ltr'>Si</span> <span class='ocrx_word' id='word_1_253' title='bbox 1450 1850 1611 1888; x_wconf 88' lang='lat' dir='ltr'>autem</span> <span class='ocrx_word' id='word_1_254' title='bbox 1647 1842 1835 1888; x_wconf 88' lang='lat' dir='ltr'>dicatur</span> <span class='ocrx_word' id='word_1_255' title='bbox 1872 1842 2129 1906; x_wconf 82' lang='lat' dir='ltr'>«intelligo</span> <span class='ocrx_word' id='word_1_256' title='bbox 2164 1842 2438 1890; x_wconf 87' lang='lat' dir='ltr'>chimaeram</span> 
     </span>
     <span class='ocr_line' id='line_1_22' title="bbox 283 1921 2433 1989; baseline -0.001 -17"><span class='ocrx_word' id='word_1_257' title='bbox 283 1924 480 1972; x_wconf 88' lang='lat' dir='ltr'>albam»</span> <span class='ocrx_word' id='word_1_258' title='bbox 524 1940 688 1971; x_wconf 89' lang='lat' dir='ltr'>verum</span> <span class='ocrx_word' id='word_1_259' title='bbox 725 1941 824 1989; x_wconf 88' lang='lat' dir='ltr'>esse</span> <span class='ocrx_word' id='word_1_260' title='bbox 860 1932 1046 1989; x_wconf 91' lang='lat' dir='ltr'>potest,</span> <span class='ocrx_word' id='word_1_261' title='bbox 1083 1923 1122 1970; x_wconf 93' lang='lat' dir='ltr'>si</span> <span class='ocrx_word' id='word_1_262' title='bbox 1154 1921 1374 1970; x_wconf 88' lang='lat' dir='ltr'>videlicet</span> <span class='ocrx_word' id='word_1_263' title='bbox 1407 1921 1616 1968; x_wconf 88' lang='lat' dir='ltr'>habeam</span> <span class='ocrx_word' id='word_1_264' title='bbox 1653 1921 1950 1969; x_wconf 87' lang='lat' dir='ltr'>intellectum</span> <span class='ocrx_word' id='word_1_265' title='bbox 1984 1922 2127 1986; x_wconf 92' lang='lat' dir='ltr'>hujus</span> <span class='ocrx_word' id='word_1_266' title='bbox 2164 1922 2394 1969; x_wconf 89' lang='lat' dir='ltr'>orationis</span> <span class='ocrx_word' id='word_1_267' title='bbox 2423 1940 2433 1968; x_wconf 92' lang='lat'><strong>:</strong></span> 
     </span>
     <span class='ocr_line' id='line_1_23' title="bbox 286 2003 845 2052; baseline 0 -3"><span class='ocrx_word' id='word_1_268' title='bbox 286 2024 307 2049; x_wconf 87' lang='lat'>«</span> <span class='ocrx_word' id='word_1_269' title='bbox 333 2004 557 2052; x_wconf 88' lang='lat' dir='ltr'>chimaera</span> <span class='ocrx_word' id='word_1_270' title='bbox 581 2013 651 2051; x_wconf 90' lang='lat' dir='ltr'>est</span> <span class='ocrx_word' id='word_1_271' title='bbox 674 2003 800 2051; x_wconf 90' lang='lat' dir='ltr'>alba.</span> <span class='ocrx_word' id='word_1_272' title='bbox 823 2023 845 2049; x_wconf 87' lang='lat'>»</span> 
     </span>
    </p>

    <p class='ocr_par' dir='ltr' id='par_1_5' title="bbox 282 2083 2436 3115">
     <span class='ocr_line' id='line_1_24' title="bbox 349 2083 2434 2150; baseline -0.001 -17"><span class='ocrx_word' id='word_1_273' title='bbox 349 2086 471 2133; x_wconf 91' lang='lat' dir='ltr'>lllud</span> <span class='ocrx_word' id='word_1_274' title='bbox 495 2095 653 2133; x_wconf 85' lang='lat' dir='ltr'>autem</span> <span class='ocrx_word' id='word_1_275' title='bbox 683 2085 1055 2133; x_wconf 90' lang='lat' dir='ltr'>concedendum</span> <span class='ocrx_word' id='word_1_276' title='bbox 1087 2084 1423 2150; x_wconf 82' lang='lat' dir='ltr'>aliquomodo</span> <span class='ocrx_word' id='word_1_277' title='bbox 1447 2084 1633 2132; x_wconf 89' lang='lat' dir='ltr'>videtur</span> <span class='ocrx_word' id='word_1_278' title='bbox 1656 2083 1806 2148; x_wconf 89' lang='lat' dir='ltr'>quod,</span> <span class='ocrx_word' id='word_1_279' title='bbox 1833 2100 1944 2131; x_wconf 90' lang='lat' dir='ltr'>cum</span> <span class='ocrx_word' id='word_1_280' title='bbox 1970 2083 2115 2130; x_wconf 88' lang='lat' dir='ltr'>audio</span> <span class='ocrx_word' id='word_1_281' title='bbox 2137 2083 2234 2130; x_wconf 97' lang='grc'><strong>1100</strong></span> <span class='ocrx_word' id='word_1_282' title='bbox 2257 2099 2434 2131; x_wconf 89' lang='lat' dir='ltr'>nomen</span> 
     </span>
     <span class='ocr_line' id='line_1_25' title="bbox 287 2163 2436 2230; baseline -0.002 -16"><span class='ocrx_word' id='word_1_283' title='bbox 287 2187 308 2209; x_wconf 72' lang='grc' dir='ltr'>(ι</span> <span class='ocrx_word' id='word_1_284' title='bbox 329 2184 429 2214; x_wconf 83' lang='grc'><strong>11011</strong></span> <span class='ocrx_word' id='word_1_285' title='bbox 466 2166 807 2230; x_wconf 85' lang='lat' dir='ltr'>intelligibile»</span> <span class='ocrx_word' id='word_1_286' title='bbox 834 2165 1049 2230; x_wconf 87' lang='lat' dir='ltr'>intelligo</span> <span class='ocrx_word' id='word_1_287' title='bbox 1081 2182 1181 2212; x_wconf 91' lang='lat' dir='ltr'>non</span> <span class='ocrx_word' id='word_1_288' title='bbox 1206 2165 1502 2229; x_wconf 88' lang='lat' dir='ltr'>intelligibile</span> <span class='ocrx_word' id='word_1_289' title='bbox 1518 2203 1530 2227; x_wconf 91' lang='lat'>,</span> <span class='ocrx_word' id='word_1_290' title='bbox 1556 2164 1654 2212; x_wconf 92' lang='lat' dir='ltr'>hoc</span> <span class='ocrx_word' id='word_1_291' title='bbox 1678 2173 1747 2211; x_wconf 90' lang='lat' dir='ltr'>est</span> <span class='ocrx_word' id='word_1_292' title='bbox 1781 2163 1940 2212; x_wconf 90' lang='lat' dir='ltr'>habeo</span> <span class='ocrx_word' id='word_1_293' title='bbox 1974 2164 2119 2212; x_wconf 87' lang='lat' dir='ltr'>talem</span> <span class='ocrx_word' id='word_1_294' title='bbox 2147 2173 2436 2229; x_wconf 88' lang='lat' dir='ltr'>conceptum</span> 
     </span>
     <span class='ocr_line' id='line_1_26' title="bbox 282 2243 2435 2311; baseline -0.001 -17"><span class='ocrx_word' id='word_1_295' title='bbox 282 2247 331 2294; x_wconf 92' lang='lat' dir='ltr'>in</span> <span class='ocrx_word' id='word_1_296' title='bbox 355 2264 454 2310; x_wconf 89' lang='lat' dir='ltr'>quo</span> <span class='ocrx_word' id='word_1_297' title='bbox 479 2249 696 2311; x_wconf 84' lang='lat' dir='ltr'>excogito</span> <span class='ocrx_word' id='word_1_298' title='bbox 723 2247 903 2311; x_wconf 86' lang='lat' dir='ltr'>aliquid</span> <span class='ocrx_word' id='word_1_299' title='bbox 922 2257 1153 2311; x_wconf 90' lang='lat' dir='ltr'>tanquam</span> <span class='ocrx_word' id='word_1_300' title='bbox 1180 2262 1279 2293; x_wconf 91' lang='lat' dir='ltr'>non</span> <span class='ocrx_word' id='word_1_301' title='bbox 1300 2245 1615 2309; x_wconf 89' lang='lat' dir='ltr'>intelligibile.</span> <span class='ocrx_word' id='word_1_302' title='bbox 1642 2245 1692 2292; x_wconf 92' lang='lat' dir='ltr'>Si</span> <span class='ocrx_word' id='word_1_303' title='bbox 1710 2261 1830 2292; x_wconf 87' lang='lat' dir='ltr'>vero</span> <span class='ocrx_word' id='word_1_304' title='bbox 1853 2244 1918 2292; x_wconf 91' lang='lat' dir='ltr'>ita</span> <span class='ocrx_word' id='word_1_305' title='bbox 1937 2244 2143 2305; x_wconf 85' lang='lat' dir='ltr'>dicatur,</span> <span class='ocrx_word' id='word_1_306' title='bbox 2173 2264 2196 2287; x_wconf 73' lang='lat' dir='ltr'>t&lt;</span> <span class='ocrx_word' id='word_1_307' title='bbox 2222 2243 2435 2308; x_wconf 88' lang='lat' dir='ltr'>intelligo</span> 
     </span>
     <span class='ocr_line' id='line_1_27' title="bbox 283 2323 2434 2392; baseline -0.001 -18"><span class='ocrx_word' id='word_1_308' title='bbox 283 2344 383 2375; x_wconf 93' lang='lat' dir='ltr'>non</span> <span class='ocrx_word' id='word_1_309' title='bbox 407 2328 723 2392; x_wconf 79' lang='lat' dir='ltr'>intelligibile,</span> <span class='ocrx_word' id='word_1_310' title='bbox 745 2347 766 2372; x_wconf 90' lang='lat'>»</span> <span class='ocrx_word' id='word_1_311' title='bbox 784 2327 881 2375; x_wconf 91' lang='lat' dir='ltr'>hoc</span> <span class='ocrx_word' id='word_1_312' title='bbox 905 2337 976 2374; x_wconf 90' lang='lat' dir='ltr'>est</span> <span class='ocrx_word' id='word_1_313' title='bbox 996 2347 1018 2372; x_wconf 92' lang='lat'>«</span> <span class='ocrx_word' id='word_1_314' title='bbox 1035 2326 1193 2374; x_wconf 86' lang='lat' dir='ltr'>habeo</span> <span class='ocrx_word' id='word_1_315' title='bbox 1214 2326 1511 2375; x_wconf 88' lang='lat' dir='ltr'>intellectum</span> <span class='ocrx_word' id='word_1_316' title='bbox 1526 2325 1587 2373; x_wconf 91' lang='lat' dir='ltr'>de</span> <span class='ocrx_word' id='word_1_317' title='bbox 1601 2325 1764 2390; x_wconf 90' lang='lat' dir='ltr'>aliquo</span> <span class='ocrx_word' id='word_1_318' title='bbox 1787 2335 1834 2373; x_wconf 91' lang='lat' dir='ltr'>et</span> <span class='ocrx_word' id='word_1_319' title='bbox 1855 2341 1955 2372; x_wconf 91' lang='lat' dir='ltr'>non</span> <span class='ocrx_word' id='word_1_320' title='bbox 1976 2334 2133 2390; x_wconf 90' lang='lat' dir='ltr'>potest</span> <span class='ocrx_word' id='word_1_321' title='bbox 2155 2324 2274 2371; x_wconf 93' lang='lat' dir='ltr'>illud</span> <span class='ocrx_word' id='word_1_322' title='bbox 2296 2323 2434 2372; x_wconf 91' lang='lat' dir='ltr'>intel·</span> 
     </span>
     <span class='ocr_line' id='line_1_28' title="bbox 282 2405 2432 2473; baseline -0.001 -19"><span class='ocrx_word' id='word_1_323' title='bbox 282 2408 386 2473; x_wconf 91' lang='lat' dir='ltr'>ligi,</span> <span class='ocrx_word' id='word_1_324' title='bbox 412 2428 434 2453; x_wconf 87' lang='lat'>»</span> <span class='ocrx_word' id='word_1_325' title='bbox 462 2408 633 2456; x_wconf 87' lang='lat' dir='ltr'>falsum</span> <span class='ocrx_word' id='word_1_326' title='bbox 654 2419 725 2455; x_wconf 89' lang='lat' dir='ltr'>est</span> <span class='ocrx_word' id='word_1_327' title='bbox 754 2409 956 2455; x_wconf 89' lang='lat' dir='ltr'>omnino</span> <span class='ocrx_word' id='word_1_328' title='bbox 970 2444 983 2468; x_wconf 92' lang='lat'>,</span> <span class='ocrx_word' id='word_1_329' title='bbox 1016 2417 1063 2455; x_wconf 89' lang='lat' dir='ltr'>et</span> <span class='ocrx_word' id='word_1_330' title='bbox 1084 2407 1292 2455; x_wconf 88' lang='lat' dir='ltr'>fortassis</span> <span class='ocrx_word' id='word_1_331' title='bbox 1315 2406 1397 2453; x_wconf 92' lang='lat' dir='ltr'>hic</span> <span class='ocrx_word' id='word_1_332' title='bbox 1420 2416 1491 2453; x_wconf 91' lang='lat' dir='ltr'>est</span> <span class='ocrx_word' id='word_1_333' title='bbox 1512 2406 1662 2470; x_wconf 88' lang='lat' dir='ltr'>magis</span> <span class='ocrx_word' id='word_1_334' title='bbox 1683 2406 1907 2471; x_wconf 89' lang='lat' dir='ltr'>proprius</span> <span class='ocrx_word' id='word_1_335' title='bbox 1923 2422 2106 2453; x_wconf 87' lang='lat' dir='ltr'>sensus.</span> <span class='ocrx_word' id='word_1_336' title='bbox 2133 2405 2227 2452; x_wconf 91' lang='lat' dir='ltr'>Sed</span> <span class='ocrx_word' id='word_1_337' title='bbox 2250 2413 2296 2452; x_wconf 91' lang='lat' dir='ltr'>et</span> <span class='ocrx_word' id='word_1_338' title='bbox 2319 2421 2432 2451; x_wconf 91' lang='lat' dir='ltr'>cum</span> 
     </span>
     <span class='ocr_line' id='line_1_29' title="bbox 282 2484 2433 2550; baseline -0.003 -14"><span class='ocrx_word' id='word_1_339' title='bbox 282 2489 485 2537; x_wconf 91' lang='lat' dir='ltr'>dicimus</span> <span class='ocrx_word' id='word_1_340' title='bbox 514 2510 535 2534; x_wconf 88' lang='lat'>«</span> <span class='ocrx_word' id='word_1_341' title='bbox 557 2506 657 2537; x_wconf 93' lang='lat' dir='ltr'>non</span> <span class='ocrx_word' id='word_1_342' title='bbox 683 2489 919 2537; x_wconf 87' lang='lat' dir='ltr'>divisibile</span> <span class='ocrx_word' id='word_1_343' title='bbox 943 2487 1075 2536; x_wconf 89' lang='lat' dir='ltr'>aliud</span> <span class='ocrx_word' id='word_1_344' title='bbox 1104 2488 1218 2549; x_wconf 92' lang='lat' dir='ltr'>hoc,</span> <span class='ocrx_word' id='word_1_345' title='bbox 1243 2486 1374 2535; x_wconf 91' lang='lat' dir='ltr'>aliud</span> <span class='ocrx_word' id='word_1_346' title='bbox 1393 2486 1529 2546; x_wconf 92' lang='lat' dir='ltr'>illud,</span> <span class='ocrx_word' id='word_1_347' title='bbox 1553 2505 1576 2531; x_wconf 75' lang='lat' dir='ltr'><em>n</em></span> <span class='ocrx_word' id='word_1_348' title='bbox 1603 2487 1642 2533; x_wconf 86' lang='lat' dir='ltr'>si</span> <span class='ocrx_word' id='word_1_349' title='bbox 1666 2487 1773 2550; x_wconf 90' lang='lat' dir='ltr'>quis</span> <span class='ocrx_word' id='word_1_350' title='bbox 1804 2485 1869 2532; x_wconf 89' lang='lat' dir='ltr'>ob</span> <span class='ocrx_word' id='word_1_351' title='bbox 1893 2485 1990 2533; x_wconf 90' lang='lat' dir='ltr'>hoc</span> <span class='ocrx_word' id='word_1_352' title='bbox 2014 2486 2141 2533; x_wconf 88' lang='lat' dir='ltr'>dicat</span> <span class='ocrx_word' id='word_1_353' title='bbox 2166 2484 2300 2549; x_wconf 94' lang='lat' dir='ltr'>quod</span> <span class='ocrx_word' id='word_1_354' title='bbox 2334 2501 2433 2531; x_wconf 92' lang='lat' dir='ltr'>non</span> 
     </span>
     <span class='ocr_line' id='line_1_30' title="bbox 284 2564 2431 2631; baseline -0.003 -14"><span class='ocrx_word' id='word_1_355' title='bbox 284 2570 519 2617; x_wconf 87' lang='lat' dir='ltr'>divisibile</span> <span class='ocrx_word' id='word_1_356' title='bbox 544 2570 790 2631; x_wconf 89' lang='lat' dir='ltr'>dividitur,</span> <span class='ocrx_word' id='word_1_357' title='bbox 820 2587 920 2617; x_wconf 92' lang='lat' dir='ltr'>non</span> <span class='ocrx_word' id='word_1_358' title='bbox 942 2569 1130 2616; x_wconf 88' lang='lat' dir='ltr'>videtur</span> <span class='ocrx_word' id='word_1_359' title='bbox 1153 2567 1355 2614; x_wconf 86' lang='lat' dir='ltr'>omnino</span> <span class='ocrx_word' id='word_1_360' title='bbox 1378 2583 1521 2614; x_wconf 87' lang='lat' dir='ltr'>verus</span> <span class='ocrx_word' id='word_1_361' title='bbox 1544 2583 1645 2614; x_wconf 91' lang='lat' dir='ltr'>esse</span> <span class='ocrx_word' id='word_1_362' title='bbox 1665 2583 1848 2613; x_wconf 89' lang='lat' dir='ltr'>sensus.</span> <span class='ocrx_word' id='word_1_363' title='bbox 1878 2566 2102 2613; x_wconf 88' lang='lat' dir='ltr'>Similiter</span> <span class='ocrx_word' id='word_1_364' title='bbox 2123 2575 2171 2612; x_wconf 93' lang='lat' dir='ltr'>et</span> <span class='ocrx_word' id='word_1_365' title='bbox 2193 2565 2231 2611; x_wconf 90' lang='lat' dir='ltr'>si</span> <span class='ocrx_word' id='word_1_366' title='bbox 2255 2564 2431 2625; x_wconf 89' lang='lat' dir='ltr'>dicam,</span> 
     </span>
     <span class='ocr_line' id='line_1_31' title="bbox 287 2644 2436 2716; baseline -0.001 -22"><span class='ocrx_word' id='word_1_367' title='bbox 287 2672 309 2694; x_wconf 89' lang='lat'>«</span> <span class='ocrx_word' id='word_1_368' title='bbox 339 2653 558 2698; x_wconf 87' lang='lat' dir='ltr'>Socrates</span> <span class='ocrx_word' id='word_1_369' title='bbox 582 2661 652 2698; x_wconf 90' lang='lat' dir='ltr'>est</span> <span class='ocrx_word' id='word_1_370' title='bbox 676 2668 775 2698; x_wconf 88' lang='lat' dir='ltr'>non</span> <span class='ocrx_word' id='word_1_371' title='bbox 799 2649 1115 2716; x_wconf 84' lang='lat' dir='ltr'>praedicabilis</span> <span class='ocrx_word' id='word_1_372' title='bbox 1138 2648 1198 2695; x_wconf 90' lang='lat' dir='ltr'>de</span> <span class='ocrx_word' id='word_1_373' title='bbox 1222 2646 1470 2712; x_wconf 87' lang='lat' dir='ltr'>pluribus,</span> <span class='ocrx_word' id='word_1_374' title='bbox 1497 2667 1520 2691; x_wconf 75' lang='lat'>&gt;2</span> <span class='ocrx_word' id='word_1_375' title='bbox 1546 2646 1623 2694; x_wconf 89' lang='lat' dir='ltr'>vel</span> <span class='ocrx_word' id='word_1_376' title='bbox 1651 2667 1674 2690; x_wconf 75' lang='lat' dir='ltr'>c&lt;</span> <span class='ocrx_word' id='word_1_377' title='bbox 1701 2655 1771 2693; x_wconf 91' lang='lat' dir='ltr'>est</span> <span class='ocrx_word' id='word_1_378' title='bbox 1793 2646 1928 2710; x_wconf 93' lang='lat' dir='ltr'>quod</span> <span class='ocrx_word' id='word_1_379' title='bbox 1951 2663 2051 2694; x_wconf 92' lang='lat' dir='ltr'>non</span> <span class='ocrx_word' id='word_1_380' title='bbox 2073 2645 2355 2711; x_wconf 85' lang='lat' dir='ltr'>praedicatur</span> <span class='ocrx_word' id='word_1_381' title='bbox 2375 2644 2436 2692; x_wconf 90' lang='lat' dir='ltr'>de</span> 
     </span>
     <span class='ocr_line' id='line_1_32' title="bbox 283 2723 2436 2795; baseline -0.003 -18"><span class='ocrx_word' id='word_1_382' title='bbox 283 2731 519 2795; x_wconf 88' lang='lat' dir='ltr'>pluribus,</span> <span class='ocrx_word' id='word_1_383' title='bbox 544 2752 566 2775; x_wconf 85' lang='lat'>»</span> <span class='ocrx_word' id='word_1_384' title='bbox 595 2741 641 2778; x_wconf 90' lang='lat' dir='ltr'>et</span> <span class='ocrx_word' id='word_1_385' title='bbox 666 2731 881 2779; x_wconf 89' lang='lat' dir='ltr'>similiter</span> <span class='ocrx_word' id='word_1_386' title='bbox 907 2731 1059 2777; x_wconf 89' lang='lat' dir='ltr'>Plato.</span> <span class='ocrx_word' id='word_1_387' title='bbox 1085 2729 1134 2776; x_wconf 91' lang='lat' dir='ltr'>Si</span> <span class='ocrx_word' id='word_1_388' title='bbox 1156 2728 1267 2775; x_wconf 92' lang='lat' dir='ltr'>ideo</span> <span class='ocrx_word' id='word_1_389' title='bbox 1291 2727 1509 2774; x_wconf 90' lang='lat' dir='ltr'>dicamus</span> <span class='ocrx_word' id='word_1_390' title='bbox 1532 2743 1633 2774; x_wconf 90' lang='lat' dir='ltr'>non</span> <span class='ocrx_word' id='word_1_391' title='bbox 1660 2725 1978 2791; x_wconf 64' lang='lat' dir='ltr'>praedicabilis</span> <span class='ocrx_word' id='word_1_392' title='bbox 2005 2726 2065 2774; x_wconf 92' lang='lat' dir='ltr'>de</span> <span class='ocrx_word' id='word_1_393' title='bbox 2089 2725 2333 2792; x_wconf 88' lang='lat' dir='ltr'>pluribus,</span> <span class='ocrx_word' id='word_1_394' title='bbox 2359 2723 2436 2772; x_wconf 86' lang='lat' dir='ltr'>vel</span> 
     </span>
     <span class='ocr_line' id='line_1_33' title="bbox 284 2803 2435 2876; baseline -0.004 -18"><span class='ocrx_word' id='word_1_395' title='bbox 284 2811 416 2874; x_wconf 92' lang='lat' dir='ltr'>quod</span> <span class='ocrx_word' id='word_1_396' title='bbox 430 2828 530 2858; x_wconf 91' lang='lat' dir='ltr'>non</span> <span class='ocrx_word' id='word_1_397' title='bbox 545 2811 832 2876; x_wconf 88' lang='lat' dir='ltr'>praedicatur</span> <span class='ocrx_word' id='word_1_398' title='bbox 853 2811 913 2858; x_wconf 89' lang='lat' dir='ltr'>de</span> <span class='ocrx_word' id='word_1_399' title='bbox 936 2809 1154 2875; x_wconf 86' lang='lat' dir='ltr'>pluribus</span> <span class='ocrx_word' id='word_1_400' title='bbox 1177 2806 1425 2873; x_wconf 85' lang='lat' dir='ltr'>praedicari</span> <span class='ocrx_word' id='word_1_401' title='bbox 1444 2807 1505 2854; x_wconf 92' lang='lat' dir='ltr'>de</span> <span class='ocrx_word' id='word_1_402' title='bbox 1528 2806 1765 2872; x_wconf 90' lang='lat' dir='ltr'>pluribus,</span> <span class='ocrx_word' id='word_1_403' title='bbox 1789 2805 1925 2853; x_wconf 89' lang='lat' dir='ltr'>nullo</span> <span class='ocrx_word' id='word_1_404' title='bbox 1953 2805 2105 2853; x_wconf 90' lang='lat' dir='ltr'>modo</span> <span class='ocrx_word' id='word_1_405' title='bbox 2129 2822 2240 2854; x_wconf 90' lang='lat' dir='ltr'>vere</span> <span class='ocrx_word' id='word_1_406' title='bbox 2254 2803 2350 2851; x_wconf 93' lang='lat' dir='ltr'>dici</span> <span class='ocrx_word' id='word_1_407' title='bbox 2365 2804 2435 2850; x_wconf 89' lang='lat' dir='ltr'>vi·</span> 
     </span>
     <span class='ocr_line' id='line_1_34' title="bbox 283 2885 2435 2953; baseline -0.003 -15"><span class='ocrx_word' id='word_1_408' title='bbox 283 2891 445 2953; x_wconf 82' lang='lat' dir='ltr'>detur3</span> <span class='ocrx_word' id='word_1_409' title='bbox 473 2893 509 2939; x_wconf 91' lang='lat' dir='ltr'>si</span> <span class='ocrx_word' id='word_1_410' title='bbox 537 2909 649 2939; x_wconf 89' lang='lat' dir='ltr'>vero</span> <span class='ocrx_word' id='word_1_411' title='bbox 674 2892 928 2953; x_wconf 89' lang='lat' dir='ltr'>addamus,</span> <span class='ocrx_word' id='word_1_412' title='bbox 954 2891 1050 2941; x_wconf 90' lang='grc'><strong>1100</strong></span> <span class='ocrx_word' id='word_1_413' title='bbox 1074 2888 1343 2938; x_wconf 83' lang='lat' dir='ltr'>universale</span> <span class='ocrx_word' id='word_1_414' title='bbox 1366 2905 1468 2935; x_wconf 91' lang='lat' dir='ltr'>non</span> <span class='ocrx_word' id='word_1_415' title='bbox 1491 2886 1729 2935; x_wconf 89' lang='lat' dir='ltr'>divisibile</span> <span class='ocrx_word' id='word_1_416' title='bbox 1753 2886 2000 2949; x_wconf 85' lang='lat' dir='ltr'>dividitur,</span> <span class='ocrx_word' id='word_1_417' title='bbox 2026 2885 2102 2934; x_wconf 91' lang='lat' dir='ltr'>vel</span> <span class='ocrx_word' id='word_1_418' title='bbox 2122 2885 2220 2933; x_wconf 90' lang='lat' dir='ltr'>hoc</span> <span class='ocrx_word' id='word_1_419' title='bbox 2245 2886 2435 2932; x_wconf 88' lang='lat' dir='ltr'>univer—</span> 
     </span>
     <span class='ocr_line' id='line_1_35' title="bbox 284 2965 2434 3036; baseline -0.003 -19"><span class='ocrx_word' id='word_1_420' title='bbox 284 2971 380 3018; x_wconf 91' lang='lat' dir='ltr'>sale</span> <span class='ocrx_word' id='word_1_421' title='bbox 416 2988 516 3017; x_wconf 92' lang='lat' dir='ltr'>non</span> <span class='ocrx_word' id='word_1_422' title='bbox 548 2971 851 3036; x_wconf 82' lang='lat' dir='ltr'>praedicabile</span> <span class='ocrx_word' id='word_1_423' title='bbox 889 2971 949 3018; x_wconf 91' lang='lat' dir='ltr'>de</span> <span class='ocrx_word' id='word_1_424' title='bbox 981 2970 1201 3035; x_wconf 90' lang='lat' dir='ltr'>pluribus</span> <span class='ocrx_word' id='word_1_425' title='bbox 1236 2968 1522 3034; x_wconf 85' lang='lat' dir='ltr'>praedicatur</span> <span class='ocrx_word' id='word_1_426' title='bbox 1554 2968 1615 3015; x_wconf 90' lang='lat' dir='ltr'>de</span> <span class='ocrx_word' id='word_1_427' title='bbox 1649 2966 1891 3033; x_wconf 87' lang='lat' dir='ltr'>pluribus,</span> <span class='ocrx_word' id='word_1_428' title='bbox 1923 2966 2105 3014; x_wconf 87' lang='lat' dir='ltr'>additio</span> <span class='ocrx_word' id='word_1_429' title='bbox 2135 2965 2237 3013; x_wconf 88' lang='lat' dir='ltr'>haec</span> <span class='ocrx_word' id='word_1_430' title='bbox 2267 2980 2434 3011; x_wconf 87' lang='lat' dir='ltr'>verum</span> 
     </span>
     <span class='ocr_line' id='line_1_36' title="bbox 286 3051 1221 3115; baseline -0.003 -17"><span class='ocrx_word' id='word_1_431' title='bbox 286 3067 432 3115; x_wconf 90' lang='lat' dir='ltr'>quem</span> <span class='ocrx_word' id='word_1_432' title='bbox 457 3052 753 3098; x_wconf 89' lang='lat' dir='ltr'>intendimus</span> <span class='ocrx_word' id='word_1_433' title='bbox 778 3051 986 3099; x_wconf 88' lang='lat' dir='ltr'>ostendit</span> <span class='ocrx_word' id='word_1_434' title='bbox 1010 3066 1221 3097; x_wconf 87' lang='lat' dir='ltr'>sensum.</span> 
     </span>
    </p>

    <p class='ocr_par' dir='ltr' id='par_1_6' title="bbox 286 3123 2434 3357">
     <span class='ocr_line' id='line_1_37' title="bbox 353 3123 2434 3194; baseline -0.003 -18"><span class='ocrx_word' id='word_1_435' title='bbox 353 3131 532 3188; x_wconf 83' lang='lat' dir='ltr'>Quaerit</span> <span class='ocrx_word' id='word_1_436' title='bbox 568 3141 614 3177; x_wconf 90' lang='lat' dir='ltr'>et</span> <span class='ocrx_word' id='word_1_437' title='bbox 648 3131 768 3178; x_wconf 90' lang='lat' dir='ltr'>illud</span> <span class='ocrx_word' id='word_1_438' title='bbox 793 3131 1002 3177; x_wconf 86' lang='lat' dir='ltr'>fortassis</span> <span class='ocrx_word' id='word_1_439' title='bbox 1037 3130 1227 3194; x_wconf 78' lang='lat' dir='ltr'>aliquis,</span> <span class='ocrx_word' id='word_1_440' title='bbox 1262 3138 1425 3175; x_wconf 85' lang='lat' dir='ltr'>utrum</span> <span class='ocrx_word' id='word_1_441' title='bbox 1456 3128 1655 3192; x_wconf 90' lang='lat' dir='ltr'>quando</span> <span class='ocrx_word' id='word_1_442' title='bbox 1684 3127 1897 3191; x_wconf 88' lang='lat' dir='ltr'>intelligo</span> <span class='ocrx_word' id='word_1_443' title='bbox 1934 3127 2231 3184; x_wconf 81' lang='lat' dir='ltr'>chimaeram,</span> <span class='ocrx_word' id='word_1_444' title='bbox 2260 3134 2305 3172; x_wconf 92' lang='lat' dir='ltr'>et</span> <span class='ocrx_word' id='word_1_445' title='bbox 2328 3123 2434 3171; x_wconf 91' lang='lat' dir='ltr'>talis</span> 
     </span>
     <span class='ocr_line' id='line_1_38' title="bbox 286 3204 2432 3275; baseline -0.003 -17"><span class='ocrx_word' id='word_1_446' title='bbox 286 3221 356 3258; x_wconf 89' lang='lat' dir='ltr'>est</span> <span class='ocrx_word' id='word_1_447' title='bbox 380 3228 545 3258; x_wconf 88' lang='lat' dir='ltr'>sensus</span> <span class='ocrx_word' id='word_1_448' title='bbox 576 3211 710 3275; x_wconf 92' lang='lat' dir='ltr'>quod</span> <span class='ocrx_word' id='word_1_449' title='bbox 732 3211 888 3258; x_wconf 89' lang='lat' dir='ltr'>habeo</span> <span class='ocrx_word' id='word_1_450' title='bbox 921 3219 1209 3274; x_wconf 87' lang='lat' dir='ltr'>conceptum</span> <span class='ocrx_word' id='word_1_451' title='bbox 1232 3208 1530 3272; x_wconf 87' lang='lat' dir='ltr'>hujusmodi,</span> <span class='ocrx_word' id='word_1_452' title='bbox 1554 3209 1704 3273; x_wconf 90' lang='lat' dir='ltr'>possit</span> <span class='ocrx_word' id='word_1_453' title='bbox 1727 3208 1823 3255; x_wconf 93' lang='lat' dir='ltr'>dici</span> <span class='ocrx_word' id='word_1_454' title='bbox 1849 3207 1983 3273; x_wconf 86' lang='lat' dir='ltr'>quod</span> <span class='ocrx_word' id='word_1_455' title='bbox 2005 3204 2218 3271; x_wconf 88' lang='lat' dir='ltr'>intelligo</span> <span class='ocrx_word' id='word_1_456' title='bbox 2239 3204 2432 3252; x_wconf 88' lang='lat' dir='ltr'>chimae-</span> 
     </span>
     <span class='ocr_line' id='line_1_39' title="bbox 287 3285 2432 3357; baseline -0.003 -18"><span class='ocrx_word' id='word_1_457' title='bbox 287 3309 409 3353; x_wconf 85' lang='lat' dir='ltr'>ram,</span> <span class='ocrx_word' id='word_1_458' title='bbox 438 3293 522 3357; x_wconf 92' lang='lat' dir='ltr'>qui</span> <span class='ocrx_word' id='word_1_459' title='bbox 557 3301 624 3339; x_wconf 91' lang='lat' dir='ltr'>est</span> <span class='ocrx_word' id='word_1_460' title='bbox 659 3291 944 3339; x_wconf 91' lang='lat' dir='ltr'>intellectus.</span> <span class='ocrx_word' id='word_1_461' title='bbox 970 3293 1150 3339; x_wconf 84' lang='lat' dir='ltr'>Verum</span> <span class='ocrx_word' id='word_1_462' title='bbox 1173 3289 1353 3354; x_wconf 90' lang='lat' dir='ltr'>quippe</span> <span class='ocrx_word' id='word_1_463' title='bbox 1385 3298 1455 3337; x_wconf 90' lang='lat' dir='ltr'>est</span> <span class='ocrx_word' id='word_1_464' title='bbox 1486 3289 1620 3352; x_wconf 93' lang='lat' dir='ltr'>quod</span> <span class='ocrx_word' id='word_1_465' title='bbox 1649 3288 1808 3337; x_wconf 89' lang='lat' dir='ltr'>habeo</span> <span class='ocrx_word' id='word_1_466' title='bbox 1834 3297 2126 3353; x_wconf 88' lang='lat' dir='ltr'>conceptum</span> <span class='ocrx_word' id='word_1_467' title='bbox 2154 3285 2432 3351; x_wconf 89' lang='lat' dir='ltr'>hujusmodi</span> 
     </span>
    </p>
   </div>
  </div>
 </body>
</html>
