2638 3866
287 203 383 252 604
1094 200 1264 246 PETRI
1299 200 1612 247 ABAELARD!

288 319 452 362 nemo,
482 303 698 365 inquam,
725 301 761 346 si
787 300 847 347 de
872 310 982 348 actu
1003 299 1163 364 potius
1194 316 1338 364 quam
1365 299 1425 347 de
1447 316 1684 347 consensu
1706 301 1969 366 prohibitio
1993 301 2091 349 fiat.
2117 302 2237 347 Cum
2261 299 2420 362 itaque

287 382 482 438 accidit,
523 391 574 428 ut
607 381 714 444 quis
749 397 835 444 per
866 380 1183 443 ignorantiam
1213 379 1359 427 ducat
1391 396 1607 427 sororem
1642 398 1802 443 suam,
1845 381 2064 446 nunquid
2102 391 2420 443 transgressor

286 461 504 525 praecepti
525 469 610 520 est,
635 459 746 523 quia
763 458 872 506 facit
895 459 1028 523 quod
1050 460 1200 507 facere
1219 459 1295 507 lex
1314 459 1598 524 prohibuit?
1618 463 1722 508 Non
1743 472 1832 520 est,
1855 463 2060 526 inquies,
2082 471 2414 523 transgressor,

285 541 398 602 quia
430 539 791 601 transgressioni
813 556 912 586 non
945 540 1187 587 consensit
1211 540 1260 586 in
1283 556 1343 586 eo
1367 539 1502 603 quod
1534 541 1807 603 ignoranter
1829 542 1940 605 egit.
1975 542 2107 588 Sicut
2129 556 2243 602 ergo
2266 548 2418 585 trans-

284 635 469 682 gressor
499 635 598 665 non
629 629 698 665 est
729 619 964 666 dicendus
986 620 1070 682 qui
1093 620 1205 667 facit
1240 620 1373 684 quod
1399 620 1700 684 prohibetur,
1737 622 1821 670 sed
1851 623 1932 686 qui
1969 620 2208 669 consentit
2236 619 2286 665 in
2321 617 2416 664 hoc

282 699 415 762 quod
441 708 627 745 constat
645 715 746 746 esse
766 699 1092 764 prohibitum:
1121 700 1203 758 ita,
1230 717 1320 747 nec
1344 700 1606 764 prohibitio
1632 701 1693 749 de
1717 718 1886 767 opere,
1909 701 1994 749 sed
2015 701 2076 748 de
2089 714 2325 747 consensu
2348 708 2418 745 est

282 778 576 842 accipienda,
605 789 655 826 ut
678 779 900 827 videlicet
922 796 1032 826 cum
1048 780 1220 827 dicitur
1245 798 1255 826 :
1284 800 1307 823 <t
1321 783 1387 827 Ne
1399 781 1549 828 *facias
1568 781 1664 828 hoc
1687 781 1759 829 vel
1785 781 1921 841 illud,
1945 800 1968 826 »
1990 782 2080 828 tale
2102 781 2189 827 sit:
2210 781 2277 825 Ne
2290 794 2415 825 con-

280 859 454 906 sentias
478 859 525 904 in
550 859 644 905 hoc
657 858 729 906 vel
745 859 828 906 illo
840 860 1083 919 faciend03
1104 877 1160 908 ac
1182 862 1220 907 si
1240 861 1428 908 dicatur
1451 880 1461 908 :
1484 881 1509 905 «
1523 865 1590 909 Ne
1602 862 1806 909 scienter
1822 861 1917 909 hoc
1928 877 2203 926 praesumas.
2221 878 2246 904 n
2270 857 2416 916 Quod

280 948 326 984 et
362 942 526 985 Beatus
551 939 802 1002 diligenter
829 940 1140 988 considerans
1168 941 1474 1003 Augustinus,
1499 958 1644 988 omne
1664 947 1919 1007 *peccatum
1941 942 2014 989 vel
2038 939 2414 1006 prohibitionem

278 1018 339 1065 ad
364 1019 645 1065 charitatem
668 1035 750 1066 seu
775 1020 1086 1084 cupiditatem
1108 1022 1269 1086 potius
1289 1037 1434 1084 quam
1459 1021 1521 1068 ad
1539 1037 1687 1086 opera
1699 1022 1952 1082 reducens,
1971 1021 2039 1068 ait
2063 1038 2073 1065 :
2096 1040 2118 1062 «
2148 1017 2272 1066 Nihil
2294 1033 2415 1081 prae-

276 1098 391 1162 cipit
408 1098 501 1158 lex,
519 1099 608 1145 nisi
627 1098 924 1159 charitatem,
944 1111 990 1148 et
1007 1100 1126 1147 nihil
1139 1100 1381 1166 prohibet,
1401 1101 1492 1147 nisi
1505 1101 1831 1166 cupiditatem.
1850 1122 1874 1146 »
1890 1100 2028 1148 Unde
2039 1109 2086 1147 et
2100 1097 2354 1164 Apostolus
2365 1101 2377 1122 ¹
2398 1115 2408 1142 :

280 1197 305 1221 «
325 1179 496 1236 Omnis
517 1178 609 1237 lex,
650 1179 841 1243 inquit,
856 1180 906 1226 in
927 1197 1028 1227 uno
1047 1197 1269 1228 sermone
1293 1180 1564 1245 completur
1586 1199 1606 1227 :·
1625 1181 1801 1244 Diliges
1823 1181 2098 1247 proximum
2120 1188 2260 1226 tuum
2292 1178 2414 1224 sicut

277 1258 503 1321 teipsum.
535 1277 557 1302 »
586 1261 642 1305 Et
671 1276 863 1306 rursum
889 1278 900 1306 z
932 1281 955 1303 «
980 1261 1232 1308 Plenitudo
1251 1261 1366 1323 legis
1381 1270 1452 1308 est
1471 1261 1681 1308 dilectio.
1705 1280 1730 1307 »
1757 1261 1882 1308 Nihil
1903 1260 2082 1325 quippe
2106 1258 2164 1306 ad
2190 1257 2413 1304 meritum

273 1337 433 1396 refert,
466 1347 629 1385 utrum
665 1339 1023 1404 eleemosynam
1055 1340 1287 1404 indigenti
1320 1341 1526 1403 tribuas,
1565 1351 1614 1389 et
1646 1350 1691 1388 te
1724 1351 1946 1407 paratum
1977 1339 2186 1387 tribuere
2207 1337 2413 1385 charitas

204 1425 223 1455 A
271 1417 427 1476 faciat,
456 1429 502 1465 et
519 1429 692 1483 praesto
716 1420 777 1466 sit
798 1420 1023 1468 voluntas
1045 1438 1160 1468 cum
1183 1421 1306 1468 desit
1325 1421 1544 1482 facultas5
1572 1437 1661 1469 nec
1682 1421 1732 1468 in
1760 1430 1808 1469 te
1827 1430 2070 1469 remaneat
2092 1419 2247 1466 facere
2277 1417 2408 1481 quod

274 1507 436 1560 potes,
465 1514 772 1563 quocumque
799 1500 1103 1565 praepediaris
1135 1518 1266 1549 casu.
1291 1504 1492 1549 Constat
1526 1502 1707 1566 quippe
1732 1517 1881 1565 opera
1902 1517 2008 1565 quae
2037 1499 2140 1546 fieri
2165 1498 2408 1556 convenit,

273 1587 356 1623 aut
379 1578 593 1639 minime,
624 1595 757 1642 aeque
783 1596 813 1627 a⁴
833 1580 990 1638 bonis,
1019 1581 1140 1628 sicut
1159 1583 1347 1630 amalis
1372 1582 1653 1629 hominibus
1678 1582 1799 1645 geri,
1832 1598 1958 1646 quos
1982 1579 2183 1627 intentio
2207 1577 2309 1626 sola
2331 1593 2408 1624 se·-

270 1666 422 1721 parat.
463 1661 513 1704 In
549 1658 722 1705 eodem
753 1660 931 1724 quippe
963 1661 1106 1722 facto,
1146 1672 1198 1708 ut
1222 1663 1476 1727 praedictus
1510 1665 1692 1709 Doctor
1723 1662 1964 1719 meminit,
1990 1661 2040 1707 in
2069 1676 2168 1724 quo
2189 1657 2408 1706 videmus

271 1738 429 1783 Deum
462 1740 647 1784 Patrem
681 1748 728 1785 et
763 1740 1028 1787 Dominum
1064 1742 1513 1803 Jesum-Christum,
1548 1743 1767 1789 videmus
1795 1751 1843 1789 et
1876 1740 2049 1788 Judam
2086 1738 2402 1804 proditorem.

267 1818 407 1863 Facta
438 1817 617 1882 quippe
650 1827 721 1865 est
755 1835 783 1865 a
810 1822 913 1866 Deo
955 1823 1090 1868 Patre
1119 1821 1311 1868 traditio
1345 1822 1471 1880 Filii3
1504 1822 1625 1868 facta
1656 1831 1727 1868 est
1755 1830 1801 1868 et
1832 1837 1860 1867 a
1888 1820 2032 1878 Fili0;
2058 1819 2182 1866 facta
2206 1827 2282 1864 'est
2301 1829 2349 1864 et
2379 1834 2406 1864 a

269 1895 516 1959 proditore
543 1897 626 1944 illo
652 1916 663 1943 :
690 1915 802 1945 cum
826 1909 872 1946 et
897 1919 919 1944 «
947 1903 1090 1947 Pater
1105 1901 1276 1947 Filium
1298 1900 1495 1948 tradidit
1515 1910 1562 1947 et
1586 1900 1728 1948 Filius
1749 1900 1996 1964 sespsum',
2021 1918 2044 1943 »
2077 1908 2129 1945 ut
2151 1897 2406 1962 Apostolus

262 1977 511 2037 (meminit,
540 1987 588 2023 et
613 1978 759 2025 Judas
789 1980 1090 2043 magistrunn
1117 1984 1150 2026 F
1153 1981 1385 2043 eciterg'o
1413 1980 1633 2045 proditor
1660 1980 1795 2044 quod
1817 1987 1864 2028 et
1891 1982 2045 2037 Deus;
2074 1978 2160 2025 sed
2184 1976 2406 2040 nunquid

268 2054 346 2102 ille
374 2056 500 2103 bene
530 2056 671 2103 fecit?
702 2061 821 2105 Nam
856 2060 943 2106 etsi
967 2059 1176 2120 bonum,
1214 2078 1314 2108 non
1351 2061 1517 2124 utique
1547 2060 1698 2119 bene,
1731 2059 1807 2107 vel
1834 2058 1968 2124 quod
1995 2058 2040 2106 ei
2062 2056 2405 2122 prodesse-de-

268 2134 442 2183 buerit.
480 2140 588 2183 Non
621 2138 750 2184 enim
775 2155 884 2202 quae
907 2139 1049 2194 fiant,
1083 2141 1167 2189 sed
1190 2158 1291 2205 quo
1310 2141 1478 2187 animo
1509 2139 1650 2199 fiant„
1675 2150 1843 2205 pensat
1865 2142 2024 2197 Deus3
2056 2153 2147 2187 nec
2178 2137 2230 2184 in
2259 2152 2405 2200 opere

268 2216 351 2262 sed
382 2216 431 2262 in
468 2217 737 2265 intentione
770 2220 992 2266 meritum
1027 2221 1304 2286 operantis,¹
1322 2221 1397 2269 vel
1427 2220 1534 2268 laus·
1558 2220 1798 2268 consistit.
1835 2221 1968 2284 Saepe
2003 2217 2182 2282 quippe
2212 2215 2341 2262 idem
2376 2232 2404 2262 a

268 2295 465 2342 diversis
490 2298 645 2359 agitur
672 2315 683 2343 :
712 2315 796 2362 per
819 2299 1050 2362 justitiam
1074 2301 1216 2348 unius
1234 2311 1282 2348 et
1303 2318 1391 2366 per
1413 2301 1677 2365 nequitiam
1701 2300 1891 2348 alterius
1919 2317 1930 2345 ι
1963 2307 2013 2344 ut
2035 2297 2074 2344 si
2095 2312 2246 2346 unum
2266 2312 2404 2343 reum

268 2373 376 2421 duo,
396 2376 709 2440 suspendant,
734 2377 812 2424 ille
840 2379 1036 2441 quidem
1064 2380 1167 2427 zelo
1187 2381 1402 2445 justitiae,
1435 2380 1516 2428 hic
1539 2381 1745 2444 antiquae
1769 2378 1884 2426 odio
1907 2376 2180 2432 inimicitiae,
2215 2384 2263 2422 et
2292 2391 2403 2423 cum

266 2453 326 2499 sit
360 2456 688 2519 suspensionis
717 2457 885 2504 eadem
911 2459 1056 2518 actio,
1081 2469 1128 2506 et
1158 2461 1323 2524 utique
1352 2459 1487 2524 quod
1520 2459 1707 2507 bonum
1738 2469 1808 2506 est
1832 2457 1951 2518 fieri,
1987 2466 2035 2503 et
2067 2455 2200 2519 quod
2222 2455 2402 2518 justitia

266 2534 429 2597 exigit,
465 2545 634 2598 agant,
671 2552 757 2600 per
793 2537 1113 2586 diversitatem
1146 2549 1304 2586 tamen
1338 2539 1617 2586 intentionis
1650 2538 1780 2586 idem
1808 2553 1837 2584 a
1867 2537 2064 2584 diversis
2100 2533 2179 2591 fit,
2211 2533 2273 2580 ab
2300 2550 2400 2580 uno

267 2615 407 2675 male,
434 2615 496 2661 ab
520 2616 670 2663 altero
693 2616 833 2664 bene.
1290 2624 1293 2626 “
1468 2626 1471 2629 ’

331 2695 448 2751 Quis
473 2695 680 2760 denique
699 2698 857 2762 ipsum
881 2698 1129 2746 diabolum
1152 2699 1270 2746 nihil
1294 2699 1447 2747 facere
1466 2700 1674 2763 ignoret,
1695 2698 1787 2745 nisi
1805 2695 1938 2762 quod
1957 2711 1986 2742 a
2005 2697 2110 2742 Deo
2126 2693 2281 2740 facere
2297 2709 2400 2757 per-

265 2773 483 2834 mittitur,
509 2793 618 2822 cum
638 2777 712 2824 vel
736 2778 954 2842 iniquum
978 2781 1228 2845 punit‘pro
1258 2780 1464 2839 meritis;
1489 2779 1566 2826 vel
1592 2778 1653 2826 ad
1677 2777 2030 2843 purgationem,
2055 2774 2131 2821 vel
2156 2773 2217 2821 ad
2240 2789 2398 2823 exem-

267 2853 400 2915 plum
432 2856 670 2918 patientiae
697 2858 881 2921 justum
916 2859 1124 2924 aliquem
1158 2861 1447 2926 permittitur
1479 2858 1722 2922 affligere?
1748 2857 1840 2904 Sed
1874 2856 1986 2921 quia
2014 2854 2064 2912 id
2095 2853 2228 2918 quod
2260 2868 2398 2915 agere

268 2947 378 2977 eum
401 2936 528 2981 Deus
552 2937 797 2999 permittit,
824 2939 1037 3002 nequitia
1061 2957 1147 2988 sua
1174 2940 1448 2987 stimulante
1475 2940 1587 3003 agit,
1617 2939 1683 2986 sic
1704 2947 1914 3003 potestas
1945 2935 2045 2999 ejus
2065 2933 2198 2981 bona
2221 2931 2398 2978 dicitur

263 3011 337 3057 vel
373 3013 515 3059 etiam
534 3015 683 3076 justa,
719 3027 773 3063 ut
800 3018 1022 3066 voluntas
1051 3020 1152 3083 ejus
1175 3037 1364 3085 semper
1389 3021 1448 3067 sit
1480 3021 1673 3084 injusta.
1699 3021 1834 3065 Hanc
1861 3018 1990 3064 enim
2020 3031 2047 3062 a
2069 3017 2172 3061 Deo
2202 3010 2390 3075 accipit,

262 3088 393 3137 illam
415 3108 443 3138 a
465 3109 514 3139 se
537 3094 698 3142 habet.
721 3098 839 3153 Quis
859 3099 1006 3146 etiam
1027 3101 1291 3148 electorum
1307 3092 1361 3147 =in
1380 3100 1454 3147 his
1476 3117 1582 3164 quae
1601 3100 1663 3149 ad
1684 3114 1833 3164 opera
1851 3097 2108 3162 pertinent,
2129 3089 2393 3155 hypocritis

309 3276 441 3315 'Rom-s
457 3284 530 3315 ⁰³1)-
551 3285 624 3314 ΧΗΙ,
642 3287 671 3309 V·
693 3281 712 3312 8
725 3281 1006 3322 et10--2R0m.‚
1023 3292 1092 3324 cap.
1102 3292 1172 3324 rm,
1188 3293 1218 3315 v.
1238 3287 1298 3324 32³
1314 3283 1445 3326 Galat.,
1464 3294 1534 3325 cap.
1552 3293 1586 3323 ιι,
1599 3293 1630 3316 v.
1651 3284 1701 3315 20.
