2638 3866
202 249 296 302 522·
999 248 1171 296 PETRI
1205 243 1523 298 ABAELARDI

200 356 290 420 ipsi
322 370 517 418 quoque
545 346 648 399 Deo
673 350 932 398 convenire
954 350 1083 410 velit,
1118 366 1176 397 ex
1205 349 1495 414 quibusdam
1529 350 1693 398 formis
1715 350 1914 398 diversis
1941 349 2249 400 essentialiter
2273 349 2335 400 ab

202 436 308 499 ipso
335 437 455 492 Deo,
491 433 613 480 sicut
634 441 681 478 et
712 432 762 477 in
791 431 1041 491 creaturis,
1074 429 1222 477 veluti
1256 446 1369 477 cum
1401 430 1574 477 dicitur
1607 434 1736 478 Deus
1762 431 1917 495 justus
1955 433 2075 479 sicut
2109 442 2157 480 et
2185 433 2336 480 homo

197 515 368 578 justus,
396 514 456 559 ita
473 511 701 575 justitiam
722 510 784 557 ab
802 512 907 575 ipso
922 513 1024 558 Deo
1044 509 1357 557 essentialiter
1377 510 1620 558 diversam
1639 511 1873 576 intelligit,
1893 512 2014 559 sicut
2031 512 2094 560 ab
2116 512 2333 573 homine,

202 604 249 641 et
273 592 489 640 similiter
511 603 621 638 cum
646 590 820 638 dicitur
842 593 971 638 Deus
995 591 1200 656 sapienS,
1225 593 1353 638 Deus
1377 590 1530 638 fortis.
1566 594 1762 639 Necnon
1789 601 1836 639 et
1856 592 2054 658 propria
2083 593 2230 658 ipsius
2251 593 2338 640 Dei

201 674 399 720 nomina
421 672 522 719 vult
542 672 592 718 in
618 672 724 737 ipso
743 675 865 732 Deo,
890 672 955 718 ita
983 671 1231 736 qualitates
1260 681 1342 718 aut
1363 671 1541 719 formas
1563 688 1762 736 ponere,
1797 673 1918 720 sicut
1943 682 1989 719 et
2011 672 2061 719 in
2089 673 2334 731 creaturis,

200 764 251 801 ut
288 763 358 800 est
379 753 474 800 hoc
498 769 679 799 nomen
701 761 951 813 aeternum,
977 752 1076 798 sive
1097 752 1240 799 etiam
1270 754 1416 812 Deus,
1445 753 1520 800 vel
1545 763 1732 801 creator
1758 771 1768 799 ι
1796 753 1929 817 quod
1955 754 2160 800 maxime
2191 771 2246 801 ex
2277 770 2336 801 eo

200 835 445 881 adstruere
484 834 667 893 nititur,
709 832 842 896 quod
874 833 938 878 ait
976 832 1242 879 Priscianus
1274 833 1525 898 proprium
1562 850 1663 881 esse
1700 834 1909 881 nominis
1946 833 2262 881 substantiam
2291 845 2338 882 et

198 915 477 979 qualitatem
498 913 787 978 significare3
821 923 866 960 et
901 930 957 959 ex
985 913 1087 977 ipsa
1113 913 1323 960 nominis
1355 912 1662 975 diffinitione,
1702 930 1798 978 qua
1830 914 1994 961 asserit
2026 915 2337 979 unumquod-

198 1010 293 1058 que
325 1009 505 1040 nomen
533 991 758 1055 subjectis
789 989 1074 1055 corporibus
1101 989 1175 1036 vel
1202 990 1348 1038 rebus
1378 992 1598 1056 proprias
1629 990 1704 1038 vel
1737 1003 2022 1039 communes
2054 992 2338 1040 distribuere

198 1073 473 1139 qualitates;
508 1082 706 1137 propter
734 1070 867 1135 quod
898 1081 944 1118 et
969 1071 1247 1135 hujusmodi
1270 1071 1390 1118 illud
1409 1071 1645 1135 Gregorii,
1677 1072 1811 1135 quod
1836 1088 1982 1138 supra
2007 1073 2332 1133 meminimus,

198 1155 542 1202 convenienter
571 1152 665 1199 dici
690 1151 907 1198 arbitrari
930 1151 1064 1198 licet:
1099 1172 1121 1193 «
1138 1151 1394 1216 Indignum
1411 1151 1720 1199 vehementer
1738 1153 1973 1214 existimo,
2001 1162 2052 1199 ut
2071 1152 2220 1200 verba
2241 1169 2338 1201 coe-

196 1233 324 1279 lestis
342 1229 524 1278 oraculi
542 1229 824 1291 restringam
843 1228 933 1275 sub
957 1227 1132 1291 regulis
1154 1229 1384 1275 Donati.»
1403 1231 1484 1275 Est
1508 1239 1556 1276 et
1579 1229 1699 1276 alius
1717 1230 1766 1276 in
1784 1231 1999 1288 Francia,
2027 1230 2109 1294 qui
2130 1246 2179 1276 se
2202 1231 2338 1294 quasi

196 1312 480 1375 singularem
505 1310 677 1357 divinae
700 1309 880 1374 paginae
900 1308 1180 1372 magistrum
1203 1308 1429 1356 omnibus
1446 1309 1652 1374 praefert,
1676 1319 1720 1356 et
1744 1326 1856 1357 cum
1875 1310 1972 1357 hoc
1997 1310 2128 1375 quod
2153 1311 2337 1358 dictum

197 1404 267 1441 est
291 1394 339 1440 in
363 1391 532 1439 ceteris
554 1391 655 1456 ipse
678 1405 875 1454 quoque·
897 1388 1205 1436 vehementer
1229 1398 1411 1452 arguat,
1433 1389 1556 1436 nihil
1579 1389 1801 1437 videlicet
1822 1391 2015 1457 penitus
2039 1391 2192 1438 inesse
2211 1394 2333 1452 Deo,

197 1472 524 1531 concedimus,
556 1470 690 1535 quod
713 1486 814 1516 non
846 1469 906 1516 sit
930 1471 1077 1526 Deus,
1112 1485 1214 1515 non
1245 1470 1487 1517 minorem
1518 1479 1679 1517 tamen
1703 1469 1893 1517 videtur
1925 1471 2180 1518 incurrisse
2203 1487 2335 1519 erro-

196 1571 298 1601 rem
331 1570 389 1601 ex
419 1568 609 1600 summa
643 1550 720 1598 illa
758 1550 939 1597 unitate
972 1549 1232 1596 divinitatis
1266 1566 1413 1614 quam
1450 1560 1599 1609 tenet,
1638 1567 1749 1597 cum
1782 1550 1902 1597 nihil
1939 1551 1987 1597 in
2024 1554 2128 1598 Deo
2169 1555 2340 1616 praeter

197 1636 350 1699 ipsam
374 1632 690 1680 substantiam
715 1647 817 1678 esse
839 1629 1096 1677 nobiscum
1119 1629 1416 1694 profiteatur.
1445 1630 1563 1678 Inde
1589 1632 1719 1678 enim
1742 1631 1804 1678 ad
1826 1630 1922 1678 hoc
1947 1630 2224 1696 compulsus
2246 1641 2335 1691 est,

197 1716 317 1762 sicut
342 1724 390 1761 et
417 1714 618 1778 ipsemet
640 1728 729 1774 ego
762 1709 823 1757 ab
846 1711 952 1775 ipso
982 1709 1161 1768 audivi,
1197 1720 1251 1757 ut
1279 1709 1566 1757 confiteatur
1590 1714 1743 1758 Deum
1775 1728 1831 1758 ex
1861 1712 2017 1776 seipso
2055 1712 2199 1775 gigni,
2226 1713 2339 1777 quia

196 1795 342 1842 Filius
365 1809 394 1841 a
417 1796 555 1839 Patre
583 1801 653 1839 est
677 1791 879 1854 genitus.
917 1792 974 1836 Et
997 1790 1118 1836 sicut
1140 1790 1557 1853 arrogantissimus
1580 1792 1799 1838 omnium
1825 1807 1994 1838 omnes
2022 1791 2165 1856 plane
2189 1792 2338 1839 haere-

198 1877 317 1922 ticos
350 1882 491 1921 vocat
525 1873 818 1936 quicumque
842 1870 906 1916 ita
935 1885 1036 1916 non
1068 1879 1251 1931 tenent,
1288 1886 1432 1933 quem
1463 1870 1607 1917 etiam
1630 1870 1681 1916 hi
1710 1871 1792 1934 qui
1824 1870 1886 1917 ab
1915 1887 1975 1917 eo
2005 1871 2241 1934 legerunt,
2274 1873 2338 1920 ita

198 1957 247 2002 in
274 1953 369 2001 fide
391 1953 453 2000 ab
473 1951 683 1999 Ecclesia
697 1951 797 2014 jam
817 1950 1026 1997 divisum
1049 1966 1149 1996 esse
1175 1960 1410 2011 asserunt,
1437 1959 1490 1996 ut
1511 1950 1690 1997 multos
1713 1950 1797 2014 qui
1818 1960 1929 1997 ante
1954 1951 2336 1999 lncarnationem

197 2036 286 2083 Dei
319 2035 530 2092 suerunt,
557 2032 727 2079 salvari
764 2040 959 2088 asserat,
985 2040 1032 2076 et
1055 2047 1141 2094 per
1174 2031 1447 2095 passionem
1480 2030 1582 2094 ejus
1613 2030 1802 2092 redimi,
1841 2031 1925 2095 qui
1961 2048 2228 2096 numquam
2255 2043 2339 2080 aut

197 2116 581 2163 incarnationem
613 2121 696 2159 aut
725 2112 999 2177 passionem
1030 2111 1132 2174 ejus
1169 2110 1504 2170 crediderunt3
1547 2111 1632 2175 qui
1666 2111 1811 2158 etiam
1843 2111 1978 2174 quod
2010 2111 2227 2159 mirabile
2267 2123 2338 2160 est

197 2196 325 2263 apud
358 2210 527 2243 omnes
559 2192 839 2251 catholiCOS,
875 2192 997 2239 sicut
1021 2191 1084 2239 ad
1112 2207 1203 2238 nos
1231 2207 1389 2256 nuper
1412 2190 1648 2238 ablatum¹
1672 2201 1766 2249 est,
1794 2192 2050 2239 asseruisse
2078 2193 2222 2239 etiam
2244 2210 2338 2257 pu-

197 2277 321 2324 blice
361 2277 410 2322 in
446 2273 623 2321 scholis
657 2273 753 2319 suis
781 2289 883 2319 non
914 2282 984 2320 est
1016 2272 1224 2333 veritus,
1254 2272 1520 2318 Dominum
1555 2271 1857 2319 incarnatum
1894 2272 1959 2319 ita
1993 2282 2161 2337 aperto
2199 2282 2337 2320 utero

198 2356 401 2420 Virginis
421 2364 590 2402 natum
617 2353 739 2400 sicut
764 2363 811 2399 et
832 2362 1016 2399 ceteros
1037 2352 1276 2410 homines,
1307 2352 1397 2398 nisi
1419 2352 1554 2415 quod
1576 2352 1678 2416 ipse
1700 2353 1831 2399 solus
1858 2353 1960 2399 sine
1980 2353 2104 2399 virili
2125 2353 2254 2400 coitu
2278 2354 2338 2401 sit

198 2446 479 2503 conceptus.
522 2435 643 2482 Novi
678 2434 822 2480 etiam
859 2433 1120 2497 quemdam
1168 2450 1270 2479 non
1312 2433 1447 2497 parvi
1492 2434 1702 2480 nominis
1748 2434 1874 2480 inter
1925 2433 2066 2496 hujus
2108 2435 2338 2498 temporis

197 2519 448 2583 magistros
480 2515 542 2563 ad
575 2515 671 2562 hoc
692 2514 982 2580 perductum
1012 2530 1114 2560 esse
1143 2530 1199 2560 ex
1230 2512 1519 2576 quibusdam
1551 2523 1943 2576 argumentorum
1963 2529 2081 2577 quas
2104 2524 2234 2560 tenet
2258 2531 2336 2561 ra-
2395 2545 2400 2547 -

199 2599 427 2657 tionibus,
451 2606 506 2643 ut
533 2598 689 2642 Deum
712 2594 857 2641 etiam
879 2610 1022 2659 posse
1045 2593 1202 2658 decipi
1225 2592 1525 2657 profiteatur,
1551 2610 1641 2658 pro
1664 2610 1723 2640 eo
1748 2594 1925 2640 scilicet
1950 2593 2082 2657 quod
2106 2610 2180 2641 res
2202 2593 2337 2641 aliter

199 2680 388 2727 evenire
421 2677 608 2743 possint
628 2691 774 2739 quam
802 2675 902 2740 ipse
928 2673 1200 2739 praeviderit
1228 2690 1239 2720 ε
1266 2673 1401 2738 quod
1422 2690 1512 2721 nec
1538 2673 1685 2732 credo
1708 2674 1839 2739 apud
1866 2674 2061 2738 gentiles
2082 2674 2159 2720 vel
2180 2691 2337 2738 quan-—

200 2759 419 2807 tumlibet
450 2755 667 2804 infideles
703 2755 797 2801 dici
831 2770 1062 2817 umquam
1090 2754 1376 2819 permissum
1411 2763 1496 2800 est.
1536 2754 1765 2801 Novimus
1794 2764 1842 2801 et
1878 2754 2002 2801 duos
2033 2753 2216 2812 fratres,
2253 2755 2335 2818 qui

200 2856 249 2885 se
285 2839 408 2885 inter
438 2852 655 2884 summos
689 2844 1046 2882 connumerant
1083 2835 1360 2898 magistros,
1401 2851 1611 2898 quorum
1651 2834 1770 2881 alter
1807 2844 1988 2881 tantam
2032 2835 2127 2880 vim
2163 2835 2337 2881 divinis

199 2917 357 2964 verbis
382 2918 429 2963 in
457 2915 769 2963 conficiendis
795 2915 1102 2963 sacramentis
1124 2914 1309 2975 tribuit,
1345 2923 1394 2960 ut
1417 2930 1446 2961 a
1475 2914 1861 2979 quibuscumque
1886 2915 1990 2979 ipsa
2012 2915 2333 2979 proferantur,

201 3013 335 3061 aeque
370 3012 503 3043 suam
537 2995 749 3042 habeant
785 2995 1071 3054 efficaciam,
1099 3004 1152 3041 ut
1178 2995 1321 3041 etiarn
1350 2995 1521 3041 mulier
1552 3004 1601 3042 et
1622 2995 1863 3058 quislibet,
1902 2995 2248 3059 cujuscumque
2279 2995 2338 3040 sit

203 3076 386 3124 ordinis
406 3075 482 3121 vel
501 3075 809 3134 conditionis,
829 3092 916 3138 per
932 3075 1078 3121 verba
1100 3075 1343 3122 dominica
1365 3085 1718 3122 sacramentum
1736 3075 1895 3123 altaris
1911 3074 2150 3122 conficere
2173 3083 2332 3138 queat.

202 3158 328 3205 Alter
361 3173 476 3202 vero
505 3155 627 3202 adeo
650 3154 998 3218 philosophicis
1024 3155 1244 3202 innititur
1276 3156 1432 3217 sectis,
1458 3166 1510 3202 ut
1533 3156 1815 3220 profiteatur
1837 3159 1993 3202 Deum
2017 3156 2227 3219 priorem
2252 3169 2338 3218 per

242 3343 248 3361 ¹
269 3338 352 3379 Lege
371 3337 534 3371 Allatum«.
