2638 3866
248 222 308 268 60
1048 217 1218 264 PETRI
1251 213 1561 262 ABAELARDI

248 329 321 366 tus
356 333 549 383 quoque
585 319 902 380 Hieronymus
940 314 1080 362 nobis
1102 312 1374 380 proposuit,
1414 311 1475 358 de
1510 309 1686 374 quibus
1722 311 1847 357 inter
1882 320 2040 358 cetera
2074 312 2123 358 in
2153 313 2365 360 secundo

249 401 427 445 Contra
469 398 770 444 Jovimkmum
807 395 1026 443 meminit
1060 394 1246 441 dicens¹
1275 410 1284 438 :
1324 410 1347 434 ιι
1374 390 1681 449 Bardesanes,
1723 390 1795 436 vir
1833 389 2140 454 Babylonius,
2176 392 2226 438 in
2266 390 2365 439 duo

245 478 469 541 dogmata
501 475 630 541 apud
653 474 797 521 Indos
827 472 1242 539 gymnosophistas
1260 469 1447 529 dividit,
1474 485 1683 532 quorum
1706 485 1860 516 unum
1882 469 2089 535 appellat
2111 470 2366 518 Brachma-

245 573 346 616 nas,
374 556 571 604 alterum
595 556 875 616 Samoneos,
901 554 984 618 qui
1003 562 1141 600 tantae
1166 548 1468 597 continentiae
1491 548 1601 607 sint,
1628 557 1678 594 ut
1707 547 1778 595 vel
1796 550 1952 613 pomis
1971 549 2204 597 arborum
2231 550 2366 613 juxta

244 639 457 699 Gangem
480 635 695 695 fluvium,
724 634 795 680 vel
818 633 1011 698 publico
1037 632 1173 678 orizae
1199 640 1246 676 et
1273 627 1434 674 farinae
1455 628 1642 674 alantur
1677 625 1815 686 cibo;
1853 638 1899 675 et
1932 645 2044 676 cum
2078 645 2160 675 rex
2190 627 2252 676 ad
2283 644 2366 676 eos

245 715 440 774 venerit,
471 714 671 761 adorare
698 712 804 759 illos
826 712 993 759 solitus
1021 711 1096 771 sit,
1131 723 1396 773 pacemque
1426 707 1685 771 provinciae
1717 723 1812 754 suae
1844 707 1894 754 in
1925 708 2120 755 illorum
2144 707 2366 773 precibus

243 793 459 841 arbitrari
481 794 636 840 sitam.
658 811 680 839 n
704 791 775 840 Ad
794 808 918 856 quos
940 791 1082 837 etiam
1102 789 1263 835 divina
1283 787 1429 850 gratia
1460 786 1849 852 praedicationem
1871 787 2113 851 Evangelii
2135 786 2366 838 directam

241 890 357 934 esse,
384 875 485 939 ipsa
517 872 727 936 ejusdem
761 870 974 934 Epistola
995 868 1063 916 ad
1082 871 1307 932 Magnam
1330 868 1582 913 Oratorem
1596 866 1835 931 perhibet,
1855 866 1930 915 his
1949 867 2132 915 'verbis'
2154 883 2166 913 t
2190 886 2211 912 α
2236 870 2366 915 Pan-

243 963 412 1010 taenus,
439 953 606 999 Stoicae
629 961 764 998 sectae
786 948 1116 1015 philosophus,
1143 946 1208 993 ob
1229 945 1479 1010 praecipuae
1505 945 1789 993 eruditionis
1812 947 2013 1009 gloriam
2038 964 2066 994 a
2095 947 2363 1006 Demetrio,

242 1026 527 1081 Alexandriae
557 1032 801 1096 episcopo,
829 1030 998 1076 missus
1020 1035 1089 1074 est
1110 1025 1315 1085 Indiam,
1341 1033 1394 1071 ut
1416 1025 1658 1072 Christum
1681 1025 1811 1090 apud
1834 1026 2151 1075 Brachmanas
2173 1036 2219 1073 et
2240 1025 2365 1073 illius

239 1113 386 1176 gentis
408 1110 720 1177 philosophos
742 1107 1033 1174 praedicaret.
1062 1127 1084 1149 »

301 1194 479 1239 Seneca
501 1206 696 1255 quoque
718 1190 838 1236 inter
861 1187 1107 1234 universos
1140 1184 1456 1250 philosophos
1485 1194 1584 1232 tam
1606 1185 1800 1233 moralis
1832 1185 2061 1233 doctrinae
2083 1201 2231 1249 quam
2259 1185 2364 1234 vitae

239 1272 438 1335 gratiam
461 1270 686 1335 adeptuS,
712 1269 938 1333 Spiritum
968 1276 1185 1313 sanctum
1215 1265 1460 1313 bonorum
1494 1266 1716 1312 omnium
1757 1264 2116 1314 distributorem
2148 1274 2366 1330 patenter

241 1350 507 1414 profitetur,
527 1350 591 1396 ita
612 1347 673 1395 de
690 1348 793 1412 ipso
817 1347 878 1394 ad
898 1346 1093 1393 Paulum
1108 1345 1389 1409 Apostolum
1408 1345 1456 1391 in
1481 1354 1650 1407 quarta
1669 1343 1880 1392 scribens
1890 1346 2152 1410 Epistola³z
2180 1364 2203 1389 ι(
2217 1344 2364 1391 Profi-

236 1441 336 1477 teor
378 1446 454 1477 me
490 1428 614 1476 bene
637 1436 884 1492 acceptum
914 1426 1171 1473 lectionem
1198 1423 1445 1472 literarum
1483 1433 1672 1471 tuarum
1697 1440 1816 1488 quas
1843 1425 2020 1472 Galatis
2040 1461 2053 1486 ,
2085 1423 2358 1482 Corinthiis,

235 1508 411 1556 Achaeis
434 1508 613 1555 misisti.
635 1506 835 1572 Spiritus
854 1506 981 1553 enim
1006 1513 1198 1552 sanctus
1220 1504 1269 1550 in
1289 1513 1336 1552 te
1352 1519 1498 1568 supra
1519 1502 1729 1551 excelsos
1751 1502 2019 1566 sublimior,
2041 1504 2154 1551 satis
2168 1518 2363 1551 venera—

232 1588 351 1635 biles
383 1604 547 1635 sensus
575 1586 810 1651 exprimit.
832 1603 855 1629 υ
1655 1596 1658 1598 ’

299 1671 455 1715 Restat
478 1667 685 1731 denique
708 1666 769 1714 ad
794 1666 1055 1714 maximum
1084 1666 1219 1715 illum
1250 1666 1530 1715 Latinorum
1556 1665 1975 1732 philosophorum,
2002 1664 2256 1713 Boethium
2272 1666 2362 1712 sci-

234 1748 359 1807 licet,
386 1746 703 1795 descendere:
732 1747 815 1811 qui
848 1763 1016 1794 omnes
1042 1747 1137 1794 fere
1174 1746 1440 1795 liberalium
1472 1747 1644 1795 artium
1674 1746 1975 1812 disciplinas,
2011 1744 2363 1793 scribendovel

233 1826 580 1884 transferendo,
605 1844 687 1875 seu
712 1827 852 1873 etiam
874 1826 1159 1892 exponendo
1183 1827 1328 1875 latine
1348 1826 1560 1888 tradidit,
1590 1844 1647 1875 ac
1668 1827 1917 1891 diligenter
1938 1834 2110 1873 sanctae
2127 1824 2363 1871 Trinitatis

232 1906 376 1953 fidem
398 1907 683 1971 Symmacho
705 1923 871 1955 socero
893 1923 949 1954 ac
964 1907 1166 1955 Patricio
1186 1906 1442 1955 scribendo
1465 1906 1747 1966 edisserens,
1769 1906 1830 1954 de
1848 1907 2028 1953 unitate
2044 1920 2238 1969 quoque
2256 1920 2363 1969 per·-

232 2003 358 2034 sonae
391 1987 565 2039 Christi
596 2004 651 2035 ac
688 1988 958 2035 diversitate
991 1997 1270 2035 naturarum
1299 2004 1406 2052 quae
1434 1988 1483 2034 in
1519 1987 1707 2035 Christo
1740 1997 1880 2048 sunt,
1905 1985 2078 2033 divinae
2116 1983 2294 2031 scilicet
2318 1993 2364 2030 et

232 2065 467 2126 humanae,
494 2066 556 2114 ad
575 2070 808 2115 loannem
832 2068 1102 2115 Diaconum
1126 2069 1210 2132 qui
1234 2077 1403 2132 postea
1426 2070 1555 2132 Papa
1572 2067 1770 2114 effectus
1788 2075 1857 2114 est
1869 2102 1884 2126 ,
1910 2063 2167 2113 scribendo
2195 2074 2365 2111 contra

234 2145 490 2209 Eutychem
505 2156 552 2193 et
565 2147 850 2207 Nestorium,
862 2147 1042 2212 optime
1055 2146 1333 2212 disputavit,
1350 2146 1593 2211 fidemque
1607 2155 1821 2194 nostram
1833 2155 1881 2193 et
1896 2161 2049 2206 suam,
2063 2160 2126 2191 ne
2138 2144 2188 2190 in
2202 2143 2363 2207 aliquo

231 2225 484 2286 vacillaret,
512 2236 610 2272 tam
633 2226 692 2273 de
718 2226 961 2274 divinitate
978 2242 1126 2290 quam
1148 2226 1209 2274 de
1232 2226 1493 2274 divinitatis
1508 2227 1839 2274 incarnatione
1862 2223 2132 2282 tractand0‚
2163 2224 2363 2288 inexpu-

233 2304 478 2368 gnabiliter
496 2307 712 2353 astruxit.
751 2308 944 2353 Constat
964 2307 1206 2371 egregium
1229 2317 1500 2354 senatorem
1521 2309 1789 2354 Romanum
1814 2322 2008 2370 quoque
2039 2313 2086 2351 et
2118 2303 2363 2350 consulem

232 2394 371 2448 atque
390 2385 658 2450 patricium,
683 2395 897 2450 tempore
917 2386 1128 2451 praedicti
1152 2387 1349 2433 Joannis
1374 2389 1510 2451 Papae
1533 2386 1753 2433 floruisse
1775 2402 1803 2433 a
1823 2385 2062 2449 Sylvestro
2086 2386 2214 2446 Papa
2234 2382 2361 2428 vice-

234 2465 361 2522 simi,
388 2474 434 2510 et
456 2481 567 2511 eum
589 2466 638 2511 in
662 2465 741 2512 illa
761 2467 1092 2530 persecutione
1116 2466 1494 2513 Christianorum
1515 2481 1611 2530 qua
1635 2466 1686 2512 in
1710 2468 1945 2512 Joannem
1966 2466 2144 2527 Papam
2165 2471 2366 2509 ceteros-

234 2561 325 2606 que
343 2544 632 2592 Christianos
654 2545 971 2594 Theodericus
985 2547 1149 2607 saeviit,
1173 2562 1268 2594 una
1285 2563 1396 2593 cum
1419 2545 1650 2611 praedicto
1670 2544 1960 2609 Symmacho
1978 2542 2274 2617 occubuisse.
2294 2544 2363 2588 De

234 2640 330 2685 quo
353 2624 401 2669 in
424 2626 575 2672 Gestis
596 2625 895 2687 Pontificum,
920 2642 1110 2673 necnon
1135 2635 1182 2672 et
1202 2626 1250 2671 in
1270 2625 1395 2672 libro
1415 2625 1763 2672 Miracalorum
1786 2628 1838 2672 Β.
1867 2622 2110 2671 Benedicti
2133 2617 2363 2686 scripturn

235 2711 320 2763 est,
342 2702 539 2765 qualiter
554 2704 771 2752 videlicet
787 2704 956 2752 ambos
969 2704 1292 2751 Theodericus
1306 2721 1384 2752 rex
1402 2704 1676 2753 Gothorum
1691 2704 1996 2751 interfecerit.
2013 2705 2069 2748 In
2090 2703 2243 2749 Gestis
2262 2701 2364 2765 qui·

236 2781 344 2828 dem
366 2782 427 2828 ita
455 2784 680 2847 scriptum
697 2786 931 2848 reperies:
951 2806 972 2828 ει
994 2787 1089 2832 Rex
1108 2784 1356 2832 haereticus
1373 2784 1695 2832 Theodericus
1718 2783 1841 2831 duos
1865 2791 2108 2830 senatores
2126 2791 2179 2831 et*
2193 2797 2365 2831 consu-

236 2861 302 2907 les
312 2870 358 2906 et
374 2862 597 2924 patricios
611 2863 766 2924 gladio
781 2864 1031 2924 interfecit,
1047 2864 1299 2911 Boethium
1316 2873 1363 2911 et
1372 2864 1732 2929 Symmachum,
1749 2879 1959 2927 quorum
1975 2863 2119 2909 etiam
2132 2860 2362 2908 abscondi

237 2955 439 3003 corpora
459 2941 567 2986 fecit
590 2951 635 2986 et
657 2944 896 3006 praecepit.
916 2964 937 2985 »
958 2947 1010 2989 In
1027 2943 1153 2990 libro
1176 2952 1338 2991 autem
1353 2944 1701 2991 Ml‘raculorum
1721 2943 1933 3008 praedicti
1955 2941 2105 2989 sancti
2128 2941 2192 2987 ita
2213 2940 2364 2986 conti-

242 3028 404 3065 netur:
431 3039 452 3061 «
475 3019 795 3067 Theodericus
820 3032 925 3084 post
945 3023 1217 3069 Odoacrem
1232 3023 1505 3070 Gothorum
1527 3025 1850 3088 principatum
1873 3038 1983 3068 cum
2005 3021 2136 3083 regio
2164 3019 2362 3066 nomine

238 3098 511 3162 suscipiens,
538 3098 686 3145 homo
711 3100 933 3163 pestilens
962 3101 1140 3148 Arianae
1167 3112 1321 3164 sectae,
1343 3102 1551 3166 denique
1576 3103 1699 3149 inter
1723 3112 1880 3148 cetera
1899 3101 2110 3148 facinora
2127 3101 2365 3164 Joannem¹

288 3287 292 3302 ¹
324 3284 427 3326 opp-s
442 3289 465 3315 t.
483 3282 538 3323 IV,
554 3292 586 3324 Ρ·
603 3285 654 3317 11.
671 3309 677 3323 ,
696 3286 756 3317 col.
775 3287 847 3318 206.
867 3303 902 3308 v—-
919 3288 929 3305 ²
947 3285 1048 3326 Epist.
1068 3290 1119 3328 83,
1138 3288 1240 3330 Opp.,
1260 3295 1281 3322 t.
1298 3289 1351 3329 lV,
1370 3299 1403 3330 p.
1425 3291 1472 3326 11,
1491 3291 1553 3322 col.
1572 3291 1643 3333 656ΙΔ
1660 3307 1695 3312 —
1708 3291 1718 3309 ³
1737 3290 1815 3321 {stas
1829 3289 1981 3328 epistolas
1993 3291 2118 3319 constat
2135 3294 2204 3318 esse
2222 3286 2361 3325 spurias,
