2638 3866
225 210 318 257 390
1030 204 1203 251 PETRI
1237 204 1553 253 ABAELARD!

223 311 384 356 anima
423 308 592 356 mundi
619 308 760 354 etiam
794 315 904 371 post
936 314 1141 352 mortem
1171 314 1460 369 perseveret,
1496 321 1601 369 quae
1632 305 1681 352 in
1709 306 1936 354 omnibus
1966 317 2066 355 tota
2099 320 2170 369 est
2192 327 2364 376 corpo·

223 391 378 449 ribus,
415 391 558 436 etiam
589 389 636 434 in
674 387 748 434 his
782 387 832 433 in
869 385 1044 451 quibus
1073 395 1226 433 vacat.
1251 385 1382 442 Quid
1409 386 1554 434 etiam
1584 395 1653 434 est
1680 387 1812 451 quod
1835 388 2115 438 absentibus
2142 391 2365 440 humanis

220 471 489 526 animabus,
517 469 680 516 anima
711 467 880 527 mundi
916 483 1122 532 corpora
1156 475 1335 523 nostra,
1378 466 1486 513 licet
1519 467 1587 515 eis
1623 467 1749 526 insit,
1786 468 1998 516 animare
2034 487 2134 518 non
2171 472 2361 530 sufficit,

221 569 331 597 cum
378 552 506 615 ipsa,
552 558 671 596 teste
719 548 944 607 Platone,
987 547 1172 595 cunctis
1210 546 1528 595 invisibilibus
1565 548 1863 613 praestantior
1904 565 1932 597 a
1979 552 2364 615 praestantissimo

218 640 413 677 auctore
438 630 564 677 facta
588 629 681 676 sit?
713 628 960 693 Numquid
985 627 1184 674 minoris
1207 626 1428 674 efficaciae
1455 637 1524 675 est
1553 628 1602 675 in
1632 628 1772 676 nobis
1795 646 1940 694 quam
1967 640 2145 679 caeterae
2167 633 2360 691 animae,

217 721 296 758 aut
326 712 427 774 jam
458 726 665 775 corpora
690 719 852 757 nostra
885 709 1110 757 defuncta
1132 725 1232 755 non
1266 719 1380 755 sunt
1411 708 1589 756 idonea
1619 709 1678 757 ad
1708 710 2039 772 animandum,
2077 713 2200 759 sicut
2223 723 2364 760 antea

216 803 375 850 eraut,
422 791 738 856 praesentibus
777 791 1000 838 humanis
1055 789 1343 838 animabus?
1385 792 1543 837 Potest
1584 807 1638 837 ex
1695 808 1791 838 uno
1832 808 2035 857 corpore
2085 793 2364 841 innumeros

217 889 400 920 vermes
434 872 696 930 vivificare,
730 889 841 920 cum
860 877 961 937 Jam
986 872 1144 936 ipsum
1178 887 1356 935 corpus
1388 887 1486 918 non
1518 872 1644 919 valet
1673 872 1903 931 animare,
1936 889 2041 937 quae
2075 873 2210 921 deest
2240 861 2363 939 aptiss

216 954 333 1000 tudo
358 953 588 1001 defuncto
611 953 823 1018 corpori,
851 969 910 1000 ne
937 969 1068 999 nunc
1092 968 1289 1016 quoque
1311 952 1569 1013 animetur,
1597 952 1687 999 nisi
1707 962 1894 1000 tantum
1917 954 2170 1019 praesentia
2193 955 2363 1002 animae

214 1035 457 1093 humanae,
485 1051 591 1099 quae
620 1044 667 1081 et
694 1051 902 1100 praesens
931 1050 1109 1098 corpus
1130 1031 1356 1091 vivificat,
1383 1042 1429 1080 et
1453 1032 1682 1080 recedens
1706 1034 1864 1098 ipsum
1896 1033 2183 1082 mortificat?
2217 1035 2363 1092 Quod

213 1116 251 1161 si
286 1115 348 1163 ad
378 1115 687 1163 involucrum
711 1115 854 1163 etiam
892 1115 982 1161 ista
1011 1113 1340 1173 deflectamus,
1373 1130 1479 1177 quae
1515 1113 1575 1160 de
1607 1115 1767 1162 anima
1799 1114 1969 1161 mundi
1997 1131 2023 1162 a
2059 1114 2364 1179 philosophis

213 1196 341 1244 dicta
378 1206 517 1258 sunt,
566 1195 701 1244 facile
738 1205 809 1243 est
849 1194 1198 1243 rationabiliter
1235 1204 1408 1242 cuncta
1445 1194 1623 1259 accipi,
1662 1211 1751 1242 nec
1791 1211 1817 1242 a
1852 1212 1996 1242 sacrae
2041 1195 2153 1242 fidei
2198 1205 2364 1244 tenore

214 1276 498 1325 exorbitare.

279 1358 542 1406 Conferant
589 1358 814 1405 humanae
863 1358 1034 1405 auimae
1086 1356 1372 1422 corporibus
1402 1355 1579 1402 nostris
1624 1356 1881 1404 animalem
1933 1357 2111 1416 vitam3
2149 1358 2365 1406 conferat

216 1439 376 1486 anima
402 1439 573 1487 mundi
605 1455 770 1504 quam,
806 1439 856 1484 ni
878 1437 1034 1500 fallor,
1066 1438 1295 1502 Spiritum
1318 1446 1537 1484 sanctum
1568 1436 1903 1485 intellexerunt
1925 1437 2223 1503 philosophi,
2252 1439 2366 1503 ipsis

213 1520 469 1568 animabus
508 1521 682 1568 nostris
720 1520 866 1567 vitam
900 1519 1221 1585 spiritualem,
1261 1518 1601 1566 distributione
1639 1519 1819 1567 scilicet
1851 1536 2050 1567 suorum
2091 1519 2359 1580 donorum,

213 1611 265 1647 ut
299 1602 396 1648 sint
431 1601 629 1664 singulae
657 1602 828 1648 animae
851 1600 948 1646 vita
982 1615 1264 1664 corporum,
1300 1599 1504 1664 Spiritus
1535 1608 1698 1646 autem
1729 1608 1921 1648 sanctus
1944 1600 2041 1648 vita
2072 1600 2360 1658 animarum,

211 1698 330 1745 quas
361 1682 631 1745 vegetando
671 1681 732 1728 ad
767 1680 1039 1745 profectum
1076 1679 1321 1726 bonorum
1371 1696 1575 1744 operum
1614 1690 1898 1744 promovet,
1950 1680 2165 1745 quodam
2203 1681 2364 1745 itaque

214 1762 364 1810 modo
398 1763 567 1810 animae
596 1771 771 1809 nostrae
800 1777 1010 1826 corpora
1042 1761 1268 1825 quaedam
1298 1760 1501 1825 Spiritus
1532 1761 1684 1807 sancti
1713 1761 1930 1808 dicendae
1958 1771 2088 1821 sunt,
2123 1777 2242 1825 quas
2264 1763 2366 1827 ipse

211 1860 297 1908 per
328 1843 528 1908 aliquod
554 1843 716 1906 gratiae
737 1858 832 1890 suae
856 1841 1062 1902 donum,
1089 1841 1226 1906 quasi
1250 1841 1483 1906 templum
1506 1840 1758 1899 inhabitat,
1789 1851 1835 1887 et
1859 1841 2113 1888 virtutibus
2135 1841 2359 1890 vivificat.

211 1924 304 1971 Sed
340 1934 388 1972 et
424 1924 543 1972 illud
578 1923 714 1989 quod
748 1924 910 1984 aiunt,
953 1923 1164 1970 animam
1205 1932 1355 1970 totam
1400 1922 1598 1985 singulis
1635 1920 1923 1986 corporibus
1957 1921 2163 1968 infusam
2199 1924 2364 1969 omnia

209 2004 466 2064 vivificare,
500 2014 644 2069 atque
678 2004 918 2064 animare,
951 2020 1058 2068 quae
1091 2002 1151 2050 ad
1185 2002 1504 2050 animandum
1536 2001 1713 2049 idonea
1743 2002 1948 2067 reperit,
1983 2001 2115 2048 nulla
2147 2002 2364 2066 ipsorum

209 2086 388 2133 duritia
416 2086 491 2132 vel
514 2085 761 2133 densitatis
792 2093 965 2132 natura
986 2083 1297 2148 impediente,
1323 2082 1583 2148 pulchrum
1605 2092 1676 2129 est
1708 2082 2031 2139 involucrum,
2058 2083 2172 2145 quia
2195 2083 2364 2130 caritas

212 2167 317 2228 Dei,
342 2183 489 2231 quam
517 2166 745 2231 Spiritum
772 2175 992 2213 sanctum
1016 2164 1240 2226 dicimus,
1270 2164 1754 2214 cordibus-humanis
1788 2180 1873 2228 per
1900 2162 2013 2210 fidei
2046 2163 2146 2210 sive
2168 2164 2365 2211 rationis

211 2248 396 2294 donum
424 2248 646 2313 primitus
683 2246 858 2306 infusa,
907 2244 1131 2311 quaedam
1178 2244 1403 2303 vivificat,
1433 2244 1495 2291 ad
1529 2244 1771 2292 bonorum
1806 2261 2012 2310 operum
2040 2243 2247 2290 fructum
2275 2261 2365 2291 nos

212 2328 564 2393 promovendo,
604 2337 657 2375 ut
692 2328 838 2374 vitam
877 2342 1193 2390 assequamur
1228 2334 1481 2385 aeternam,
1524 2335 1571 2372 et
1612 2327 1659 2372 in
1696 2324 1985 2390 quibusdam
2022 2325 2124 2389 ipse
2161 2324 2365 2389 Spiritus

210 2427 379 2458 vacare
407 2411 599 2471 dicitur,
634 2411 881 2476 pravitatis
916 2425 1086 2456 eorum
1120 2409 1295 2455 duritia
1328 2418 1645 2474 repugnante.
1673 2411 1808 2455 Hanc
1836 2419 1998 2455 autem
2029 2408 2199 2455 animae
2230 2407 2364 2454 vide—

210 2492 319 2539 licet
363 2493 621 2540 mundanae
655 2491 928 2539 doctrinam
968 2490 1212 2555 praecipue
1246 2489 1636 2553 diligentissimus
1672 2487 2079 2552 philosophorum
2125 2488 2174 2532 in
2216 2504 2363 2551 expo-

215 2573 389 2620 sitione
414 2573 687 2621 Macrobius
701 2572 907 2638 posteris
931 2570 1140 2634 reliquit.
1165 2570 1309 2633 Cujus
1331 2568 1529 2633 quidem
1548 2567 1694 2615 verba
1717 2568 1755 2614 si
1776 2567 2012 2614 subtiliter
2034 2567 2359 2631 inspiciamus,

219 2664 366 2701 totam
402 2670 512 2701 vere
545 2653 694 2701 fidem
728 2662 944 2700 nostram
975 2650 1035 2697 ‹le
1070 2650 1247 2715 Spiritu
1286 2660 1454 2698 sancto
1491 2650 1539 2696 in
1573 2649 1688 2713 ipsis
1721 2664 1993 2712 expressam
2032 2647 2359 2707 inveniemus,

215 2750 325 2780 cum
358 2735 486 2782 hanc
518 2735 671 2800 ipsam
705 2734 916 2781 animam
945 2742 991 2779 et
1027 2740 1291 2778 creatorem
1318 2730 1557 2788 nominet,
1595 2738 1739 2792 atque
1770 2744 1827 2775 ex
1852 2731 1956 2774 Deo
1992 2731 2127 2775 Patre
2159 2738 2206 2774 et
2238 2730 2359 2791 Noy,

218 2813 311 2859 hoc
349 2824 418 2860 est
456 2818 559 2861 Deo
596 2814 713 2861 Filio
754 2830 861 2860 eam
901 2827 1004 2859 esse
1045 2821 1249 2871 astruat,
1289 2827 1495 2874 eamque
1535 2809 1679 2856 etiam
1717 2808 1777 2855 ad
1815 2808 2049 2856 unitatem
2089 2807 2364 2855 substantiae

221 2893 584 2956 adsignandam,
611 2911 755 2958 quam
779 2894 927 2941 habet
947 2908 1059 2940 cum
1083 2891 1221 2952 Filio,
1247 2908 1274 2939 a
1298 2908 1396 2955 quo
1422 2891 1525 2956 ipsa
1549 2901 1635 2950 est,
1661 2905 2032 2954 nonnumquam
2056 2891 2194 2952 Noyn
2220 2904 2363 2935 ausus

220 2974 279 3020 sit
302 2974 557 3038 appellare.
585 2974 723 3022 Unde
745 2985 791 3021 et
817 2973 961 3021 verba
977 2971 1161 3036 Virgilii
1179 2988 1427 3037 exponens
1445 2971 1563 3019 dicit
1581 2971 1641 3018 de
1659 2969 1906 3017 mundana
1927 2969 2130 3032 loquens
2152 2969 2328 3015 anima¹
2346 2985 2356 3012 ε

224 3056 389 3100 «Nam
419 3063 466 3099 et
497 3054 681 3100 mundo
717 3055 927 3102 animam
958 3053 1108 3109 dedit,
1136 3063 1182 3099 et
1216 3062 1267 3099 ut
1289 3053 1485 3117 puritati
1514 3052 1616 3115 ejus
1639 3060 1957 3109 attestaretur,
1985 3059 2196 3096 mentem
2220 3063 2362 3094 voca-

218 3135 302 3181 vit.
328 3152 350 3177 »
387 3137 506 3180 Item
536 3151 545 3178 :
580 3152 603 3178 «
624 3137 680 3179 Et
708 3145 761 3181 ut
787 3134 911 3180 illius
943 3133 1201 3180 mundanae
1226 3133 1397 3181 animae
1419 3141 1649 3180 assereret
1672 3130 1954 3195 dignitatem
1973 3167 1985 3189 ,
2026 3138 2236 3176 mentem
2261 3144 2362 3175 esse

261 3321 461 3354 'Commenn
486 3320 524 3351 in
545 3327 649 3351 somn.
669 3318 858 3358 Scipionis,
882 3317 907 3356 Ι,
924 3327 995 3356 cap.
1009 3326 1074 3349 xiv.
