2638 3866
278 175 374 222 816

274 277 515 313 Ezzcrmmm
533 270 760 311 Abaelardus
779 268 887 323 legit,
907 271 942 319 I,
963 272 985 308 8
1006 277 1044 307 et
1057 271 1097 310 9.

275 373 457 410 Fmsrrns
473 369 626 419 (Hug.),
654 365 900 417 coapostolus
924 365 1122 420 Norberti,
1144 367 1188 415 1,
1217 366 1316 414 5903

331 433 527 474 invectiva
549 431 744 471 Ahaelardi
763 431 805 470 in
825 445 908 480 eos,
927 431 1023 471 ibid.

277 536 445 575 mem
470 544 586 571 sexus
616 530 751 570 laudes
791 529 1054 582 amplissimae,
1093 533 1132 579 Ι,
1170 531 1247 569 139
1285 537 1325 567 et

331 611 441 649 sqq.;
478 597 554 635 326
588 603 626 633 et
661 608 746 647 sqq.
764 610 775 644 3
807 594 959 633 feminae
998 593 1135 632 litteris
1168 592 1322 632 studere

329 662 488 710 debent,
509 664 544 712 1,
567 662 646 699 225
663 670 701 699 et
720 674 805 713 sqq.
821 676 831 709 ;
849 668 1069 699 sanctarum
1090 659 1323 698 feminarum

329 729 488 768 devotio
508 741 602 780 erga
618 727 813 767 Christum
834 735 872 766 et
890 727 1120 776 constantia,
1135 729 1169 773 Ι,
1188 727 1266 764 124
1286 733 1324 764 et

328 807 415 845 sqq.

273 892 389 930 ans
409 888 642 927 existimatio
656 901 788 926 rerum
808 901 888 926 non
908 888 1194 940 apparentium,
1208 889 1262 935 ΙΙ,
1281 889 1321 935 5,

328 957 445 995 etiam
459 956 508 994 de
528 955 740 994 manifestis
761 954 917 1004 dicitur,
939 958 992 1004 ΙΙ,
1014 960 1060 1002 9;
1083 954 1178 993 fides
1195 953 1324 992 cordis

329 1022 457 1074 potius
475 1034 593 1073 quam
615 1020 709 1069 oris,
729 1023 764 1067 l,
791 1022 885 1067 6043
910 1022 1008 1068 606;
1032 1034 1110 1072 quo
1130 1020 1323 1058 difficilio-

325 1087 432 1126 ribus
450 1086 636 1139 implicita
658 1085 936 1137 quaestionibus
955 1086 1125 1135 videtur,
1156 1086 1324 1125 validio-

327 1153 435 1191 ribus
455 1153 589 1204 utique
608 1151 820 1191 munienda
833 1160 890 1190 est
904 1152 1097 1191 rationum
1118 1151 1322 1205 praesidiis,

327 1222 387 1267 11,
420 1222 467 1268 33
505 1218 599 1257 fides
630 1217 846 1257 rationibus
872 1218 1082 1256 astruenda
1113 1226 1153 1256 et
1181 1217 1323 1256 defen-

329 1285 473 1333 denda,
497 1286 545 1322 77
560 1299 571 1333 ;
586 1284 681 1323 fides
695 1283 780 1323 cath
786 1283 885 1322 olica
898 1282 1079 1322 omnibus
1089 1283 1320 1331 necessaria,

328 1355 382 1399 11,
401 1352 441 1389 9.

276 1455 409 1492 qus
437 1464 509 1503 per
533 1449 817 1502 plenitudinem
842 1448 1064 1488 Divinitatis
1096 1449 1199 1488 Patri
1225 1463 1324 1488 coae-

331 1516 473 1569 qualis,
493 1519 528 1566 1,
552 1518 653 1565 5063
673 1515 761 1553 Filii
771 1514 975 1568 proprium
990 1528 1013 1554 a
1024 1518 1137 1554 Patre
1152 1515 1324 1568 genitum

328 1596 428 1632 esse,
447 1584 501 1631 II,
523 1583 574 1620 10
585 1597 597 1630 3
618 1580 706 1619 Filii
719 1581 919 1633 generatio
934 1589 1092 1631 aeterna,
1108 1584 1160 1629 ΙΙ,
1178 1584 1252 1630 25,
1273 1583 1324 1620 97

328 1656 366 1687 et
393 1660 477 1699 sqq.
494 1662 505 1696 ;
535 1648 612 1685 369
651 1654 689 1684 et
726 1659 837 1698 sqq.;
862 1651 995 1691 mrum
1022 1647 1141 1686 Filius
1172 1660 1326 1699 semper

328 1713 510 1766 gignatur
527 1725 577 1750 an
591 1725 745 1763 semper
758 1711 910 1763 genitus
922 1712 985 1761 sit,
998 1714 1050 1761 11,
1067 1715 1143 1752 533
1160 1721 1198 1750 et
1212 1726 1296 1765 sqq.
1311 1727 1323 1761 3

328 1778 417 1817 Filii
435 1777 593 1816 nomine
612 1776 799 1828 sapientia
816 1777 890 1814 Dei
909 1777 1160 1829 significatur,
1179 1781 1233 1826 II,
1256 1781 1304 1816 13
1311 1793 1322 1826 ;

331 1845 408 1882 365
427 1851 466 1882 et
482 1855 593 1895 sqq.;
615 1841 813 1893 quomodo
837 1841 956 1880 Filius
980 1842 1084 1880 solus
1103 1843 1326 1881 incarnatus

331 1907 506 1958 dicatur,
524 1911 584 1957 ΙΙ,
614 1909 692 1945 515
712 1914 751 1944 et
775 1919 861 1958 sqq.
874 1922 886 1956 ;
906 1907 1027 1946 Filius
1056 1907 1160 1946 venit
1186 1916 1229 1946 ut
1251 1908 1324 1946 ho-

327 1974 474 2013 minem
490 1987 570 2012 non
587 1986 610 2011 a
629 1972 815 2011 servitute
832 1971 993 2021 diaboli,
1019 1973 1087 2012 sed
1104 1986 1126 2011 a
1141 1973 1326 2012 servitute

330 2026 478 2095 peccati
490 2039 714 2089 redimeret,
736 2039 790 2089 11,
812 2040 892 2077 204
912 2047 950 2077 et
969 2051 1080 2090 sqq.;
1104 2041 1197 2078 570.

274 2143 562 2183 meamuwruu
590 2153 750 2179 aereum
779 2139 894 2178 simul
923 2148 961 2178 et
994 2139 1205 2178 aethereum
1241 2154 1326 2178 coe-

329 2208 427 2254 lum,
450 2208 481 2257 1,
507 2207 601 2244 638.

275 2305 501 2343 Fomnuno
527 2309 585 2339 est
610 2298 851 2338 rationabilis
876 2299 1056 2339 laborum
1076 2302 1275 2353 perpessio
1290 2311 1329 2341 et

330 2367 595 2420 periculorum
616 2366 823 2418 susceptio,
851 2369 904 2414 ΙΙ,
933 2369 1037 2416 687;
1060 2376 1187 2419 partes
1213 2368 1326 2407 forti-

331 2432 490 2481 tudinis,
512 2433 590 2470 690
611 2440 649 2470 et
666 2444 752 2483 sqq.

276 2531 434 2567 Fauna-0
453 2527 589 2576 abbas,
609 2530 645 2577 Ι,
665 2528 758 2566 163.

276 2626 514 2672 Fumea-rus,
530 2623 737 2662 canonicus
748 2621 990 2672 Parisiensis,
1007 2622 1192 2662 Heloissae
1205 2635 1330 2661 avun-

332 2689 459 2737 culus,
482 2692 516 2738 1,
538 2691 587 2738 93
615 2691 681 2728 45.

278 2788 436 2826 Forum
463 2787 726 2840 contingentia
761 2801 1010 2840 nequaquam
1041 2802 1112 2841 per
1143 2798 1329 2829 astrono-

331 2851 449 2890 miam
469 2853 651 2905 cognosci
670 2862 833 2906 queunt,
853 2857 888 2904 I,
909 2855 1003 2897 650.

281 2947 503 2987 Gummi
523 2950 687 2989 ecclesia
709 2951 1030 2991 consuetudinem
1053 2954 1177 3006 magis
1210 2966 1330 3005 quam

335 3013 601 3053 auctoritatem
618 3015 661 3054 in
676 3015 831 3067 hymnis
845 3025 884 3055 et
903 3017 943 3056 in
959 3017 1118 3070 psalmis
1138 3019 1328 3071 sequitur,

336 3079 372 3127 1,
394 3078 488 3116 296.

249 3183 253 3186 ’
283 3171 513 3211 Gmrunus
530 3203 541 3223 ‚
575 3177 788 3216 monachus
822 3179 1084 3221 Cisterciensis
1098 3212 1108 3230 ‚
1141 3182 1329 3223 adversus

335 3237 582 3279 Abaelardum
602 3241 750 3292 scribit,
767 3247 803 3293 Ι,
827 3248 894 3285 71,

933 169 1112 216 INDEX
1147 166 1347 217 RERUM
1382 166 1454 214 ET
1490 169 1780 218 NOMINUM.
1811 166 1813 168 ’

1364 311 1368 314 ,
1399 267 1644 319 Gmrumns,
1666 267 1913 308 Carnotensis
1931 268 2150 322 episcopus,
2170 272 2205 320 Ι,
2225 271 2277 310 20
2291 286 2302 320 ;
2317 269 2443 309 oratio

1451 334 1535 383 ejus
1553 335 1595 373 in
1614 335 1778 374 concilio
1789 335 2072 384 Suessionensi,
2093 335 2208 384 ibid„
2231 339 2296 375 56.

1399 423 1621 473 (ἶτΔυηωόε
1651 438 1796 476 Collum
1826 441 1938 486 cervi,
1975 439 2016 476 S.
2038 436 2216 476 Medardi
2238 435 2373 484 abbas,
2403 439 2436 487 1,

1454 503 1526 549 583
1555 501 1818 555 episcopatum
1849 502 2168 543 Catalaunensem
2197 500 2439 556 adipiscitur,

1454 565 1549 606 ibid.

1397 662 1619 702 Gmnmo
1634 663 1753 703 Verbi
1771 673 1929 714 aeterna,
1941 650 1995 712 11‘,
2015 666 2067 703 25
2081 680 2092 714 ;
2107 666 2158 703 97
2173 672 2211 703 et
2226 677 2310 717 sqq.
2327 681 2338 714 ;
2360 666 2438 704 369

1451 737 1488 767 et
1506 742 1594 781 sqq.

1396 826 1604 864 Gmovnm
1622 829 1694 876 (S.)
1713 826 1889 876 ecclesia,
1909 835 2018 866 extra
2032 826 2169 865 urbem
2188 826 2377 876 Parisius,
2398 828 2439 878 1,

1453 895 1476 930 6
1491 922 1502 940 ,
1541 894 1590 931 42
1612 908 1623 941 ;
1659 892 1753 931 olim
1791 892 2012 931 scholarum
2047 900 2087 931 et
2115 892 2332 931 litterarum
2378 904 2443 930 se-

1453 957 1542 1003 des,
1575 957 1669 999 ibid.
1694 974 1706 1007 ;
1737 957 1776 996 in
1805 957 2011 997 canonicos
2037 957 2237 1011 regulares
2265 964 2413 996 mutata
2429 987 2440 1006 ‚

1456 1022 1554 1062 ibid.

1397 1121 1622 1159 Gmmuuu
1638 1120 1869 1160 feminarum
1887 1120 2054 1169 castitas,
2074 1123 2109 1169 1,
2130 1123 2223 1160 147.

1399 1216 1582 1254 Gmrrmu
1600 1216 1752 1267 electio,
1773 1220 1828 1266 II,
1851 1219 1928 1256 302
1948 1225 1987 1256 et
2004 1231 2087 1269 sqq.

1397 1310 1575 1347 Gumsn
1603 1310 1775 1359 (Sancti)
1805 1309 1981 1359 abbatia,
2007 1309 2050 1348 in
2073 1309 2297 1361 episcopatu
2313 1310 2443 1347 Vene-

1453 1375 1568 1424 tensi,
1584 1377 1618 1426 1,
1633 1378 1707 1425 293
1727 1375 1776 1414 ad
1792 1388 1878 1414 eam
1893 1374 2121 1415 Abaelardus
2130 1382 2309 1422 vocatur,
2321 1373 2440 1423 ibid.;

1452 1453 1475 1478 a
1495 1453 1574 1491 quo
1597 1440 1770 1493 primum
1791 1439 1966 1490 fundata,
1987 1442 2061 1488 643
2082 1439 2164 1488 ejus
2187 1439 2441 1489 restauratio,

1455 1505 1548 1547 ibid.

1400 1598 1595 1638 Gosvmus
1628 1597 1878 1638 Abaelardum
1910 1598 1951 1637 in
1975 1606 2109 1637 monte
2143 1606 2283 1637 sanctae
2309 1597 2443 1635 Geno-

1454 1665 1551 1703 vefae
1580 1665 1783 1704 docentem
1803 1666 1969 1715 lacessit,
1990 1667 2030 1713 1,
2053 1667 2102 1704 43
2119 1680 2129 1713 ;
2149 1664 2258 1717 prior
2282 1661 2446 1702 abbatiae

1456 1733 1494 1770 S.
1519 1730 1708 1779 Medardi,
1724 1733 1797 1780 58;
1813 1731 2012 1782 quomodo
2023 1730 2078 1769 ibi
2094 1734 2251 1770 Petrum
2269 1728 2446 1768 Abaelar-

1454 1796 1547 1834 dum
1568 1798 1792 1849 susceperit,
1807 1798 1929 1847 jbidq.

1402 1892 1618 1940 Gozumns,
1637 1891 1756 1930 abbas
1777 1893 2047 1941 Floriaccnsis,
2077 1891 2220 1930 deinde
2246 1888 2446 1942 archiepi-

1455 1970 1595 2009 scopus
1614 1957 1880 2022 Bituricensis,
1901 1960 1935 2006 Ι,
1958 1959 2023 1998 64.

1399 2060 1634 2098 ὓιιΑΕοΔιωι
1652 2058 1870 2098 litterarum
1886 2057 2047 2107 utilitas,
2067 2060 2101 2105 1,
2122 2058 2213 2098 228.

1402 2155 1548 2194 ὓιιΑῑοι
1563 2154 1751 2207 Spiritum
1770 2155 1954 2194 Sanctum
1972 2167 1995 2192 a
2012 2156 2125 2192 Patre
2138 2153 2237 2200 solo,
2250 2164 2331 2190 non
2343 2164 2367 2190 a
2377 2149 2447 2190 Fi-

1454 2222 1508 2259 lio
1528 2221 1743 2273 procedere
1762 2220 2016 2267 contendunt,
2036 2222 2091 2268 II,
2114 2220 2217 2267 105;
2240 2220 2333 2265 537.

1403 2330 1553 2368 Gum
1579 2337 1636 2367 est
1669 2327 1816 2367 donum
1845 2328 2081 2382 gratuitum,
2115 2339 2197 2365 non
2224 2339 2274 2366 ex
2302 2324 2448 2366 meritis

1456 2392 1763 2446 praecedentibus
1788 2393 1988 2442 collatum,
2008 2396 2061 2439 ΙΙ,
2084 2394 2183 2441 166,
2204 2391 2255 2431 ad
2283 2392 2447 2431 salutem

1458 2459 1691 2505 necessaria,
1712 2461 1751 2506 Ι,
1775 2460 1848 2498 681
1867 2475 1879 2508 ;
1909 2461 1947 2498 II
1960 2488 1971 2507 ,
1999 2460 2099 2506 2923
2118 2458 2243 2510 gratia
2266 2456 2448 2496 omnibus

1457 2518 1656 2570 aequaliter
1673 2517 1820 2568 oblata,
1843 2517 1962 2567 ibid.;
1982 2530 2126 2556 novam
2147 2517 2260 2555 nobis
2283 2516 2446 2569 gratiam

1459 2584 1502 2622 in
1540 2583 1701 2636 singulis
1731 2582 1844 2622 bonis
1876 2582 2062 2636 operibus
2099 2597 2122 2622 a
2153 2586 2239 2622 Deo
2270 2595 2350 2621 non
2371 2582 2447 2621 im·-

1461 2650 1614 2702 peruri,
1643 2662 1716 2689 nec
1736 2649 1994 2688 necessariam
2017 2662 2102 2689 esse
2128 2648 2356 2688 Abaelardus
2377 2647 2449 2688 do-

1464 2724 1541 2764 cet,
1559 2716 1654 2757 ibid.

1402 2817 1596 2855 Gmmm
1610 2818 1682 2866 (S.)
1699 2814 1957 2855 Corboliensis
1976 2814 2167 2865 fundatio,
2190 2817 2225 2864 1,
2242 2816 2309 2854 41.

1389 2920 1578 2960 fluxam.
1592 2921 1679 2957 Non
1696 2926 1753 2957 est
1775 2931 1917 2970 guerra
1931 2917 2154 2969 metuenda,
2166 2920 2199 2967 Ι,
2216 2918 2308 2957 542.

1408 3022 1674 3071 Gummnnus,
1695 3020 1804 3073 prior
1822 3019 1945 3059 sancti
1959 3019 2119 3073 Aygulfl
2133 3019 2184 3058 de
2200 3018 2388 3070 Pruvino,
2410 3020 2446 3069 Ι,

1459 3094 1525 3131 60.

1409 3183 1542 3222 anno
1557 3181 1719 3232 rubeus,
1740 3181 1924 3221 fundator
1935 3183 1982 3224 B.
1997 3180 2130 3220 Mariae
2142 3179 2193 3220 de
2204 3178 2391 3229 Gomaio,
2408 3181 2446 3229 Ι,

1461 3251 1507 3288 61
1519 3279 1529 3289 .
