2638 3866
284 284 380 334 372
1085 280 1258 328 PETRI
1292 281 1606 330 ABAELARDI

284 384 380 432 boc
411 384 591 431 dictum·
617 384 702 444 sit,
738 381 872 447 quod
904 381 1125 429 videlicet
1158 397 1372 445 egressus
1401 382 1503 446 ejus
1522 382 1582 430 ab
1611 382 1747 430 initio
1779 383 1839 430 sit
1865 399 1894 431 a
1921 383 2093 431 diebus
2123 381 2409 429 aeternitatis.

283 467 531 512 AEternum
551 464 731 529 quippe
753 473 824 510 est
847 462 982 527 quod
1004 463 1187 527 origine
1210 473 1356 510 caret.
1375 463 1520 521 Quod
1539 464 1578 510 si
1600 462 1695 510 hoc
1717 463 1921 511 referant
1943 464 2003 511 ad
2027 462 2262 521 Messiam,
2279 460 2413 508 illum

283 545 457 592 scilicet
494 545 755 591 maximum
777 543 1081 609 prophetam,
1109 553 1162 590 ut
1185 543 1345 605 aiunt,
1373 559 1519 608 quem
1543 553 1821 609 expectant,
1849 545 1932 608 qui
1957 538 2116 591 tamen
2146 539 2414 590 secundum

282 640 364 671 eos
385 624 536 671 homo
559 641 708 689 purus
731 633 849 684 erat,
875 640 974 671 non
995 624 1135 671 etiam
1160 626 1319 682 Deus3
1347 624 1601 672 ostendant
1622 626 1728 688 quis
1751 641 1964 690 egressus
1982 625 2083 688 ejus
2108 632 2312 670 aeternus
2333 620 2408 682 sit,

281 703 356 751 vel
393 704 522 751 unde
560 704 841 751 aeternaliter
877 703 1164 767 egrediatur.
1207 704 1255 750 Si
1293 713 1452 751 autem
1490 704 1653 752 dicant
1689 721 1800 752 eum
1837 705 2121 752 aeternaliter
2158 700 2319 766 egredi
2355 717 2410 750 ex

281 784 542 847 Bethleem,
575 801 634 833 eo
657 784 789 849 quod
815 784 916 848 ejus
937 783 1156 831 nativitas
1186 783 1232 830 in
1259 801 1317 831 eo
1348 784 1457 832 loco
1490 785 1646 832 futura
1667 784 1728 832 ab
1750 795 1926 832 aeterno
1958 784 2150 850 provisa
2179 783 2237 830 sit
2260 797 2287 829 a
2308 784 2412 829 Deo

280 873 327 911 et
341 864 673 929 praedestinata
698 883 708 911 ε
736 864 833 911 hoc
862 865 1028 928 utique
1059 863 1210 910 modo
1245 863 1498 927 cujuslibet
1524 864 1753 924 hominis,
1785 864 1862 911 vel
1899 863 2150 928 cujuslibet
2184 862 2252 910 rei
2283 862 2414 909 nati-

280 945 399 992 vitas
434 955 609 993 aeterna
658 956 756 1007 est,
799 946 916 1009 quia
949 944 1169 992 videlicet
1210 944 1272 992 ab
1304 954 1483 991 aeterno
1517 945 1723 1010 provisa.
1760 945 1955 993 Discant
1990 946 2150 1008 itaque
2187 953 2412 991 aeternam

279 1028 637 1088 generationem
671 1043 787 1088 esse,
820 1043 965 1090 quam
1001 1035 1048 1073 et
1079 1026 1304 1091 scriptam
1329 1025 1510 1089 legunt,
1546 1035 1594 1073 et
1615 1027 1820 1089 legendo
1843 1025 2149 1091 profitentur,
2182 1034 2228 1072 et
2264 1022 2412 1089 profi-

278 1115 429 1153 tentes
461 1123 560 1154 non
593 1106 813 1153 credunt.
847 1105 1185 1171 Respondeant
1216 1106 1358 1152 etiam
1394 1105 1537 1164 mihi,
1574 1121 1686 1153 cum
1708 1106 1908 1153 audiunt
1931 1105 2219 1171 prophetam
2247 1103 2411 1151 dicen-

278 1190 395 1233 tem¹
414 1204 423 1232 :
446 1186 635 1234 «Verbo
657 1187 854 1234 Domini
873 1186 979 1234 coeli
1003 1185 1179 1233 firmati
1201 1195 1329 1244 sunt,
1352 1195 1399 1232 et
1422 1185 1586 1250 spiritu
1606 1186 1701 1233 oris
1719 1187 1819 1250 ejus
1838 1187 1995 1233 omnis
2018 1187 2165 1233 virtus
2186 1199 2407 1244 eorum,»

275 1266 391 1330 quid
424 1282 510 1331 per
548 1266 759 1313 Verbum
787 1266 1003 1326 Domini,
1031 1266 1147 1330 quid
1180 1283 1266 1330 per
1297 1283 1350 1312 os
1374 1265 1491 1328 ejus,
1519 1266 1594 1312 vel
1626 1283 1712 1331 per
1743 1267 1970 1331 Spiritum
1995 1266 2095 1329 ejus
2125 1264 2406 1328 intelligant.

274 1348 434 1392 Unum
469 1346 648 1411 quippe
672 1346 891 1393 omnium
922 1346 1122 1393 aliarum
1152 1361 1312 1392 rerum
1335 1345 1624 1410 principium
1648 1349 1803 1394 Deum
1826 1363 1929 1394 esse
1951 1355 2158 1404 constat3
2189 1355 2235 1392 et
2266 1361 2412 1391 omne

275 1426 405 1489 quod
433 1436 519 1488 est,
558 1436 641 1474 aut
668 1430 797 1473 Deus
825 1436 913 1486 est,
941 1435 987 1473 et
1009 1425 1120 1473 ideo
1153 1435 1402 1482 aeternum,
1441 1435 1522 1472 aut
1558 1425 1619 1473 ab
1650 1436 1829 1474 aeterno
1864 1426 1947 1474 illo
1982 1426 2219 1492 principio
2251 1434 2413 1472 manet

274 1516 501 1555 creatum.
530 1507 770 1572 Scriptum
788 1516 1015 1571 praeterea
1037 1509 1156 1553 est':
1189 1509 1280 1552 «In
1300 1506 1539 1571 principio
1562 1507 1739 1554 creavit
1758 1510 1887 1554 Deus
1905 1508 2080 1554 coelum
2101 1514 2148 1553 et
2170 1515 2345 1553 terram
2363 1523 2407 1551 z»

276 1586 404 1634 unde
427 1596 536 1634 ante
559 1587 660 1633 haec
686 1586 807 1633 nihil
827 1597 1040 1633 creatum
1061 1603 1163 1633 esse
1189 1586 1375 1634 volunt.
1407 1587 1616 1634 Verbum
1640 1588 1801 1651 itaque
1826 1587 1945 1634 illud
1970 1604 2067 1651 quo
2102 1586 2207 1633 coeli
2238 1584 2412 1635 firmati

276 1675 401 1726 sunt,
441 1677 487 1713 et
509 1667 619 1713 ideo
645 1667 776 1730 prius
800 1676 870 1712 est
899 1666 974 1712 his
999 1683 1121 1729 quos
1146 1667 1408 1728 constituit,
1433 1676 1646 1714 creatum
1667 1684 1767 1714 non
1793 1677 1879 1728 est,
1906 1668 2056 1714 immo
2081 1676 2283 1723 creator,
2310 1666 2413 1731 ipse

274 1746 358 1810 qui
379 1749 507 1793 Deus
538 1756 632 1805 est,
659 1762 757 1808 quo
780 1745 887 1792 coeli
913 1745 1087 1793 firmati
1110 1756 1237 1792 sunt.
1265 1747 1313 1792 Si
1339 1756 1498 1793 autem
1523 1747 1618 1793 hoc
1642 1747 1846 1794 verbum
1877 1747 2175 1795 locutionem
2203 1746 2410 1814 aliquam

274 1826 363 1873 Dei
387 1826 707 1873 transitoriam
731 1825 987 1891 appellent,
1012 1825 1133 1871 sicut
1156 1834 1202 1871 et
1221 1824 1424 1872 verbum
1443 1826 1671 1887 hominiS,
1697 1843 1756 1873 eo
1779 1827 2005 1874 videlicet
2026 1827 2159 1891 quod
2183 1826 2410 1890 scriptum

275 1907 396 1952 est³z
438 1925 463 1950 «
485 1906 776 1952 Dixit¹Deus
810 1915 858 1952 et
880 1905 1003 1952 facta
1043 1914 1180 1964 sunt;
1206 1924 1229 1948 »
1270 1915 1413 1969 atque
1445 1906 1510 1952 ita
1541 1908 1669 1952 Deus
1700 1923 1896 1970 quoque
1925 1908 2045 1952 sicut.
2075 1906 2226 1952 homo
2262 1903 2411 1952 modo

274 1981 503 2046 loquitur,
529 1999 640 2029 cum
665 1983 730 2029 ait
754 2000 763 2028 :
795 2001 819 2026 «
840 1982 940 2029 Fiat
973 1981 1069 2041 lux,
1095 2002 1118 2024 »
1155 1981 1303 2028 modo
1327 1983 1561 2040 conticet,
1593 1983 1808 2048 profecto
1834 1982 2160 2050 permutabilis
2191 1991 2262 2028 est
2284 1980 2412 2028 divi-

273 2062 433 2110 nitatis
464 2063 714 2124 aeternitas,
743 2079 855 2109 cum
880 2079 981 2109 non
1010 2079 1200 2127 semper
1229 2062 1375 2110 dicat⁸
1402 2083 1423 2107 «
1442 2062 1526 2110 fiat
1548 2063 1646 2126 lux,
1662 2082 1685 2108 >2
1716 2073 1762 2111 et
1792 2074 1946 2111 cetera
1967 2063 2188 2127 quaejam
2218 2061 2412 2109 condita

272 2156 397 2194 sunt.
437 2147 567 2204 Quid
613 2147 756 2194 etiam
792 2163 912 2211 opus
941 2145 1103 2193 Verbo
1139 2145 1340 2193 audibili
1375 2146 1463 2193 fuit
1495 2157 1606 2195 ante
1643 2147 1812 2194 mundi
1846 2147 2266 2204 constitutionem,
2302 2161 2412 2193 cum

271 2226 490 2273 nondum
529 2236 650 2273 esset
687 2227 765 2273 cui
802 2226 1097 2290 loqueretur,
1138 2225 1214 2273 vel
1249 2226 1333 2290 qui
1368 2226 1593 2273 audiret?
1630 2227 1875 2291 Numquid
1910 2243 2052 2274 mane
2072 2225 2285 2274 Verbum
2311 2241 2411 2272 non

271 2306 489 2370 protulit,
528 2307 564 2352 si
590 2323 713 2370 opus
734 2306 885 2353 verbo
909 2323 1007 2353 non
1042 2306 1211 2353 fuerit?
1238 2307 1500 2370 praesertim
1522 2324 1633 2354 cum
1666 2307 1768 2354 sola
1791 2307 2011 2354 voluntas
2038 2305 2292 2367 sufficeret,
2322 2321 2412 2353 nec

277 2385 436 2432 adhuc
474 2386 645 2449 aliquis
684 2397 804 2434 esset
839 2387 922 2449 qui
957 2386 1120 2433 audito
1159 2387 1495 2435 instrueretur.
1537 2390 1647 2445 Quo
1689 2389 1831 2435 etiam
1873 2387 2165 2453 proferendo
2210 2385 2410 2433 verbum

275 2467 526 2525 emitteret,
551 2482 663 2513 cum
688 2465 847 2512 nullus
872 2465 1031 2512 adhuc
1056 2466 1194 2512 locus
1216 2476 1404 2512 creatus
1427 2477 1565 2527 esset,
1591 2485 1680 2514 nec
1706 2485 1787 2515 aer
1808 2468 1967 2515 adhuc
1991 2467 2215 2514 conditus
2236 2482 2292 2511 ex
2312 2481 2410 2529 quo

272 2545 418 2593 verba
450 2546 754 2593 formantur?
778 2545 963 2603 Quibus
987 2546 1131 2592 etiam
1155 2546 1485 2592 instrumentis
1509 2547 1653 2593 verba
1677 2547 1921 2606 formaret,
1960 2563 2070 2593 cum
2097 2562 2185 2592 nec
2216 2561 2289 2604 os,
2321 2559 2411 2591 nec

271 2643 380 2690 pars
404 2626 563 2691 aliqua
584 2628 738 2674 inesse
760 2627 910 2692 possit
925 2627 969 2673 ei
991 2627 1075 2690 qui
1094 2627 1295 2672 omnino
1320 2626 1521 2690 simplex
1541 2638 1611 2674 est
1634 2637 1681 2674 et
1706 2627 2037 2675 indivisibilis?
2065 2642 2210 2673 omne
2229 2626 2409 2690 quippe

273 2706 405 2770 quod
429 2707 643 2771 partibus
664 2717 866 2767 constat,
891 2706 1127 2771 posterius
1150 2715 1220 2752 est
1242 2706 1519 2753 naturaliter
1537 2707 1612 2753 his
1633 2724 1688 2754 ex
1712 2707 1886 2771 quibus
1906 2715 2109 2767 constat,
2136 2715 2182 2753 et
2201 2720 2409 2768 quorum

275 2796 512 2832 conventu
536 2785 805 2851 proficitur,
840 2803 951 2832 cum
984 2803 1040 2832 ex
1073 2786 1187 2850 ipsis
1209 2802 1311 2833 esse
1343 2802 1485 2832 suum
1510 2786 1764 2834 contrabat
1789 2804 1845 2834 ex
1878 2786 2053 2851 quibus
2075 2795 2145 2833 est
2174 2785 2411 2832 constitu-

276 2873 392 2911 tum.
422 2868 579 2912 Omne
602 2867 764 2926 etiam,
793 2866 947 2930 inquit
966 2866 1117 2927 Plato,
1146 2866 1279 2930 quod
1297 2866 1522 2929 junctum
1545 2876 1633 2924 est,
1659 2877 1830 2914 natura
1850 2866 2127 2914 dissolubile
2152 2875 2236 2912 est.
2264 2864 2408 2922 Quod

276 2943 313 3009 si
348 2944 572 3006 Spiritum
607 2945 803 2992 Domini
824 2955 1024 2992 ventum
1060 2946 1341 3008 intelligant,
1378 2946 1516 2992 sicuti
1553 2946 1619 2993 ibi
1651 2947 1868 3012 accipere
1896 2947 2125 2994 volunt⁴2
2164 2966 2186 2989 «
2208 2943 2410 3010 Spiritus

276 3020 469 3066 Domini
498 3021 736 3069 serebatur
765 3039 908 3086 super
942 3038 1107 3086 aquas,
1124 3043 1146 3066 »
1177 3039 1254 3082 eo,
1283 3031 1334 3069 ut
1357 3024 1509 3082 aiunt,
1535 3024 1668 3087 quod
1690 3034 1861 3071 ventus
1883 3025 1932 3071 in
1959 3025 2095 3088 aquis
2127 3039 2244 3086 quas
2279 3036 2409 3067 com-

276 3112 436 3149 movet
459 3104 664 3150 maxime
689 3114 933 3168 appareat,
956 3104 1207 3168 quomodo
1231 3105 1449 3169 Spiritus,
1477 3105 1526 3152 id
1558 3116 1628 3153 est
1656 3107 1798 3154 flatus
1822 3107 1918 3154 oris
1941 3106 2137 3154 Domini
2161 3121 2261 3151 esse
2284 3103 2409 3151 dica-

317 3308 469 3341 ¹Psalm.
488 3317 600 3352 xxxn,
624 3318 657 3343 v.
673 3311 705 3342 6.
727 3327 765 3333 -
789 3310 944 3352 ²Gene8.‚
971 3320 1044 3352 cap.
1063 3320 1085 3352 t,
1112 3320 1141 3344 v.
1172 3315 1203 3349 t.
1227 3329 1267 3337 -
1292 3314 1303 3335 ³
1318 3314 1448 3348 Psalm.
1471 3323 1571 3355 xxxii,
1592 3324 1622 3348 v.
1649 3316 1679 3348 9.
1711 3333 1748 3339 —
1778 3316 1788 3334 ⁴
1805 3316 1931 3355 cenes..
1959 3324 2034 3356 cap.
2054 3324 2084 3356 ι,
2110 3324 2140 3347 v.
2159 3317 2191 3350 3.
2208 3333 2248 3341 -
2264 3316 2274 3336 ⁴
2291 3314 2402 3356 thid„

273 3371 301 3395 v.
322 3365 352 3396 2.
