2638 3866
286 221 380 268 526
1094 221 1266 269 PETRI
1302 222 1619 271 ABAELARDI

283 324 332 370 id
369 324 501 388 quod
535 339 636 370 non
671 323 729 369 sit
760 338 898 369 cerea
927 323 1115 385 imag03
1144 332 1191 370 et
1220 324 1398 371 animal
1427 334 1525 372 tam
1553 324 1616 373 ad
1646 324 1895 372 hominem
1925 340 2072 389 quam
2105 323 2168 371 ad
2197 340 2296 370 non
2321 323 2421 371 ho—

283 404 478 451 minem.
501 406 581 450 Est
597 403 755 467 itaque
778 402 948 449 Filium
965 403 1092 466 gigni
1110 418 1136 450 a
1160 405 1296 451 Patre
1316 404 1530 452 divinam
1553 393 1844 471 Sapientiam
1863 406 1942 466 ita,
1970 414 2022 451 ut
2044 403 2421 452 determinatum

281 494 378 542 est,
408 500 463 530 ex
499 483 659 529 divina
692 483 908 530 Potentia
944 499 1062 541 esse,
1101 499 1213 530 cum
1247 484 1364 549 ipsa,
1401 494 1454 532 ut
1489 485 1672 533 dictum
1708 495 1800 546 est,
1840 485 2080 550 Sapientia
2114 483 2333 548 quaedam
2364 485 2423 530 sit

287 563 518 626 potentia,
544 571 690 627 atque
711 563 858 628 ipsius
882 564 1111 610 Potentiae
1135 564 1223 610 Dei
1245 581 1350 628 quae
1375 575 1447 612 est
1469 566 1839 631 omnipotentia,
1865 565 2000 630 quasi
2023 564 2183 630 portio
2202 563 2423 628 quaedam

286 643 387 705 ipsa
421 643 480 689 sit
511 643 768 708 Sapientia,
806 643 1056 708 quomodo
1087 653 1133 691 et
1156 644 1380 708 quislibet
1408 645 1532 694 filius
1561 647 1722 712 portio
1750 645 1970 711 quaedam
2005 654 2260 711 parentum
2294 659 2423 708 quo-

286 721 550 769 dammodo
589 722 779 770 dicitur.
826 723 941 771 ldeo
986 735 1146 772 autem
1187 726 1325 789 quasi
1362 729 1570 792 partem¹
1611 726 1972 791 omnipotentiae
2007 734 2055 772 et
2088 741 2190 771 non
2233 724 2424 789 proprie

285 813 470 867 partem
507 803 711 850 dicimus
747 805 1066 870 Sapientiam,
1107 806 1236 870 quod
1274 807 1404 855 nulla
1439 808 1499 855 sit
1532 824 1692 854 rerum
1727 805 1990 854 multitudo
2023 806 2072 852 in
2107 804 2187 852 illa
2222 803 2423 869 simplici

286 883 477 946 penitus
510 883 769 931 divinitatis
805 894 993 943 natura,
1030 901 1234 949 quarum
1267 898 1508 934 conventu
1534 887 1774 950 quantitas
1809 885 2007 949 alicujus
2041 884 2188 932 totius
2223 899 2424 948 compo—

285 973 444 1024 natur,
478 973 530 1010 ut
557 981 700 1028 supra
726 964 829 1028 jam
860 966 1029 1031 saepius
1063 966 1386 1014 meminimus.
1421 970 1473 1014 In
1505 983 1564 1014 eo
1596 976 1755 1014 tamen
1783 966 1918 1031 quasi
1950 975 2142 1030 partem·
2163 963 2424 1028 quamdam

285 1044 660 1109 Omnipotentiae
693 1045 897 1092 dicimus
923 1047 1235 1111 Sapientiam,
1268 1048 1402 1112 quod
1440 1065 1551 1104 cum
1583 1048 1684 1113 ipse
1716 1051 1847 1095 Deus
1869 1064 1924 1094 ex
1955 1044 2305 1110 omnipotentia
2341 1059 2426 1091 sua

283 1123 343 1172 ad
369 1124 555 1171 infinita
577 1125 764 1189 agenda
791 1143 841 1173 se
865 1126 1054 1188 habeat,
1082 1144 1139 1174 ex
1162 1128 1401 1193 Sapientia
1424 1128 1487 1175 ad
1509 1128 1881 1176 discernendum
1909 1134 2097 1174 tantum
2124 1140 2225 1172 sese
2247 1123 2421 1183 habet;

285 1214 332 1251 et
365 1221 476 1252 cum
501 1205 718 1252 dicamus
743 1207 1147 1271 omnipotentiam
1178 1208 1267 1255 Dei
1289 1208 1425 1272 quasi
1454 1224 1653 1255 omnem
1682 1209 1950 1274 potentiam
1982 1207 2100 1270 ejuS,
2133 1204 2296 1271 plures
2326 1204 2427 1268 ejus

285 1285 522 1350 potentias
543 1284 910 1349 quodammodo
937 1287 1159 1345 dicimus,
1186 1297 1422 1352 quantum
1446 1288 1509 1334 ad
1531 1288 1701 1336 effecta
1736 1289 1930 1345 scilicet,
1967 1287 2064 1334 hoc
2087 1295 2158 1333 est
2182 1284 2244 1333 ad
2270 1284 2427 1332 diver-

282 1366 467 1412 sitatem
495 1382 665 1412 eorum
693 1383 800 1430 quae
823 1382 963 1430 agere
994 1377 1170 1432 potest,
1203 1367 1472 1415 secundum
1505 1368 1640 1433 quod
1669 1368 1874 1416 dicimus
1908 1384 2020 1415 eum
2050 1366 2241 1413 diversa
2267 1381 2424 1429 agere,

282 1462 394 1492 cum
429 1462 555 1493 unus
589 1456 733 1510 atque
759 1445 891 1494 idem
915 1449 1118 1494 omnino
1147 1458 1435 1513 perseveret.
1464 1449 1605 1496 Unde
1629 1458 1676 1495 et
1702 1465 1854 1495 unum
1881 1458 1929 1496 et
1953 1446 2179 1495 eumdem
2199 1445 2428 1510 Spiritum

283 1536 501 1574 sanctum
526 1526 841 1592 multiplicem
864 1527 1086 1587 dicimus,
1113 1545 1197 1575 seu
1223 1529 1369 1576 etiam
1393 1539 1577 1595 septem
1602 1529 1823 1594 Spiritus,
1852 1526 2119 1575 secundum
2143 1524 2430 1591 septiformis

283 1608 441 1671 gratiae
478 1607 838 1672 operationem,
880 1625 980 1655 non
1018 1608 1287 1656 secundum
1324 1609 1658 1657 substantiam.
1702 1612 1760 1657 Et
1790 1608 1982 1656 attende
2021 1606 2155 1672 quod
2191 1605 2430 1671 quemad-

286 1687 488 1734 modum
514 1688 564 1734 in
588 1688 901 1753 suprapositis
925 1688 1332 1751 generationibus,
1361 1689 1422 1737 de
1445 1691 1654 1754 imagine
1676 1689 1854 1737 scilicet
1874 1698 1921 1735 et
1943 1687 2119 1753 specie,
2144 1685 2318 1734 licebat
2339 1685 2430 1733 sibi

283 1785 371 1833 per
406 1767 795 1832 praedicationem
830 1768 1002 1815 sociari
1028 1769 1230 1816 nomina
1260 1769 1339 1816 illa
1373 1771 1644 1834 generantis
1678 1770 1748 1817 rei
1776 1779 1823 1817 et
1848 1770 2034 1832 genitae,
2074 1784 2179 1831 quae
2210 1766 2430 1814 absolute

283 1848 598 1910 dicebantur;
627 1847 714 1895 sed
739 1865 840 1895 non
868 1848 948 1896 illa
975 1849 1177 1897 nomina
1209 1866 1314 1914 quae
1345 1850 1539 1897 relative
1565 1850 1624 1898 ad
1653 1850 1860 1897 invicem
1886 1848 2130 1907 dicuntur,
2162 1846 2430 1894 secundum

285 1929 561 1993 hujusmodi
584 1930 943 1992 generationem
968 1947 978 1975 :
1005 1929 1071 1977 ita
1099 1930 1244 1977 etiam
1265 1930 1311 1976 in
1337 1930 1429 1978 hac
1452 1931 1555 1996 ipsa
1578 1931 1885 1994 generatione
1911 1928 2091 1975 divina.
2123 1930 2231 1992 Ipsa
2252 1927 2431 1991 quippe

282 2011 443 2073 imago
467 2026 604 2057 cerea
626 2018 698 2056 est
731 2026 869 2069 cera,
908 2019 956 2056 et
990 2009 1092 2074 ipse
1117 2010 1269 2057 homo
1302 2021 1374 2058 est
1407 2010 1603 2073 animal,
1639 2021 1687 2058 et
1721 2027 1748 2057 e
1777 2011 2068 2068 converso'3
2106 2007 2189 2054 sed
2225 2023 2325 2054 non
2365 2006 2431 2053 ibi

283 2091 442 2155 ipsum
464 2090 769 2137 materiatum
803 2099 875 2137 est
898 2090 1115 2151 materia,
1140 2090 1214 2137 vel
1246 2091 1348 2156 ipsa
1372 2092 1571 2139 materia
1594 2100 1664 2138 est
1687 2090 1935 2138 materiata
1956 2106 1985 2136 a
2007 2105 2074 2136 se.
2113 2090 2223 2134 Haec
2252 2087 2432 2152 quippe

284 2171 485 2219 nomina
522 2172 723 2219 materia
760 2181 808 2218 et
846 2172 1151 2219 materiatum
1189 2172 1386 2219 relative
1422 2172 1485 2219 ad
1522 2172 1729 2219 invicem
1766 2171 2011 2230 dicuntur,
2054 2169 2177 2216 sicut
2211 2171 2350 2215 Pater
2386 2178 2433 2215 et

287 2252 447 2300 Filius.
493 2252 578 2300 llla
612 2268 730 2299 vero
768 2252 1072 2318 supraposita
1116 2252 1385 2299 secundum
1422 2252 1739 2300 substantiam
1776 2252 1938 2317 potius
1975 2266 2122 2315 quam
2166 2248 2433 2296 secundum

286 2332 569 2379 relationem
590 2332 929 2397 praedicantur.
963 2333 1209 2381 Materiam
1236 2333 1436 2396 quidem
1461 2333 1666 2380 dicimus
1689 2332 1957 2380 secundum
1976 2331 2071 2378 hoc
2095 2329 2229 2395 quod
2251 2329 2434 2393 aliquid

287 2428 343 2458 ex
377 2412 479 2476 ipsa
510 2422 581 2459 est
610 2429 620 2458 :
655 2413 956 2459 materiatum
989 2429 1104 2459 vero
1133 2413 1399 2460 secundum
1433 2413 1483 2460 id
1515 2413 1650 2478 quod
1683 2430 1740 2460 ex
1767 2413 1931 2476 aliquo
1963 2412 2124 2476 ipsum
2151 2419 2238 2457 est.
2275 2410 2352 2456 Sic
2387 2420 2431 2456 et

289 2494 428 2539 Pater
459 2501 506 2539 et
539 2491 684 2539 Filius
708 2493 904 2539 relative
928 2492 1136 2539 invicem
1160 2493 1405 2555 dicuntur,
1432 2493 1698 2541 secundum
1734 2493 1783 2540 id
1814 2492 1991 2539 scilicet
2021 2489 2157 2554 quod
2187 2489 2267 2536 hic
2298 2489 2431 2535 illum

286 2582 510 2636 generat,
550 2582 693 2637 atque
738 2589 795 2619 ex
832 2572 930 2618 hoc
966 2572 1044 2619 ille
1076 2589 1163 2637 per
1203 2574 1561 2636 generationem
1601 2573 1783 2634 existit,
1828 2573 1948 2620 sicut
1981 2570 2100 2618 illud
2134 2587 2188 2617 ex
2230 2569 2311 2616 illa
2348 2585 2434 2634 per

288 2653 682 2700 constitutionem
727 2653 1050 2712 materialem3
1099 2653 1270 2700 eadem
1304 2654 1467 2718 itaque
1504 2655 1690 2701 ratione
1735 2670 1830 2718 qua
1864 2670 1963 2699 nou
2013 2651 2121 2698 licet
2161 2650 2256 2697 dici
2300 2650 2433 2714 quod.

288 2734 487 2780 materia
522 2751 580 2781 ex
615 2734 768 2798 seipsa
791 2733 851 2780 sit
883 2735 1155 2795 materiata,
1185 2734 1261 2780 vel
1286 2735 1591 2782 materiatum
1619 2736 1690 2781 sui
1714 2735 1862 2800 ipsius
1886 2736 1945 2780 sit
1969 2732 2182 2792 materia,
2207 2730 2286 2778 vel
2316 2747 2434 2777 con-

289 2814 489 2862 stituens
520 2815 579 2861 sit
610 2815 925 2861 constitutum
956 2830 1015 2861 ex
1050 2831 1125 2872 se,
1164 2814 1239 2862 vel
1274 2815 1512 2879 posterius
1545 2832 1619 2874 se,
1655 2815 1730 2862 vel
1759 2829 1994 2879 generans
2017 2829 2067 2859 se
2102 2830 2112 2858 ε
2140 2810 2358 2875 quamvis
2382 2811 2430 2856 in

292 2893 461 2940 talibus
484 2894 613 2941 idem
638 2895 697 2940 sit
725 2894 1006 2958 generaliter
1037 2896 1238 2944 materia
1269 2895 1403 2960 quod
1437 2896 1759 2956 materiatum,
1788 2894 1920 2942 velut
1942 2893 2038 2939 hoc
2064 2908 2126 2939 aes
2148 2891 2278 2938 idem
2300 2889 2432 2954 quod

294 2971 390 3018 haec
423 2983 595 3033 statua,
631 2984 677 3020 et
707 2974 838 3021 idem
873 2976 1170 3038 constituens
1197 2975 1332 3039 quod
1361 2977 1694 3037 constitutum,
1726 2986 1774 3023 et
1801 2975 1929 3022 idem
1955 2973 2087 3038 prius
2119 2970 2251 3036 quod
2273 2978 2433 3035 poste-

292 3051 405 3111 rius,
433 3062 481 3099 et
509 3069 738 3115 generans
761 3054 894 3117 quod
922 3065 1228 3117 generatum3
1253 3056 1440 3116 eadem,
1469 3057 1692 3121 inquam,
1719 3054 2050 3121 proportionis
2078 3052 2280 3110 ratione,
2310 3058 2357 3095 et
2382 3049 2431 3094 in

291 3131 463 3178 divinis
492 3133 709 3196 personis
741 3150 899 3197 neque
932 3137 1071 3181 Pater
1106 3144 1176 3181 est
1206 3136 1373 3195 Filius,
1408 3137 1505 3184 hoc
1537 3147 1607 3184 est
1637 3140 1767 3184 Deus
1803 3139 1940 3181 Pater
1966 3133 2151 3198 genitus
2183 3147 2211 3177 a
2239 3130 2428 3194 seipso:

333 3319 338 3337 ¹
355 3315 392 3348 {n
408 3316 521 3349 codice
538 3317 688 3350 Patrem.
708 3333 747 3341 —
760 3318 772 3336 ²
787 3316 880 3350 Edm.
899 3316 1042 3349 Mai-tene
1056 3317 1230 3357 legendum
1247 3324 1340 3359 putat
1356 3329 1423 3353 non
1438 3329 1454 3353 e
1470 3328 1635 3353 converso.
