2638 3866
1177 234 1489 285 DlALOGUS.
2315 234 2410 285 665

256 331 392 396 quod
427 347 527 379 non
563 341 634 380 est
670 343 991 399 praeceptum,
1030 334 1114 384 sed
1147 335 1303 385 facere
1336 346 1508 385 contra
1541 346 1852 403 praeceptum.
1896 334 2118 402 Alioquin
2155 351 2244 384 nec
2281 334 2410 383 diem

258 427 405 460 unam
439 413 685 478 praesentis
718 414 824 461 vitae
854 416 1056 480 possetis
1086 418 1346 483 transigere
1375 434 1466 466 nec
1502 417 1817 466 domesticam
1854 432 2019 465 curam
2053 433 2153 464 uno
2188 415 2267 464 die
2303 433 2412 482 per-

257 509 415 557 agere,
447 508 558 542 cum
594 493 745 543 multa
778 510 869 542 nos
901 511 1041 560 agere
1075 514 1201 563 opus
1234 498 1311 555 sit,
1338 498 1413 547 vel
1437 498 1647 547 emendo
1672 498 1748 546 vel
1782 497 2076 562 negotiando
2112 497 2188 545 vel
2221 497 2283 544 de
2314 495 2410 545 hoc

257 572 368 622 loco
403 573 465 622 ad
494 574 627 622 illum
658 576 972 636 transeundO,
1005 577 1080 624 vel
1116 577 1327 643 denique
1356 577 1663 627 comedendo
1694 578 1794 625 sive
1823 578 2132 639 dormiendo,
2171 594 2277 642 quae
2307 593 2407 624 non

256 653 500 702 habentur
528 655 576 703 in
599 667 855 722 praeceptO.
886 659 1115 706 Praeterea
1133 659 1241 722 quis
1257 675 1358 707 non
1381 659 1560 719 videat,
1586 660 1625 706 si
1651 658 1759 724 plus
1780 659 1857 706 vel
1876 659 2035 706 minus
2054 674 2199 723 quam
2219 659 2410 722 Moyses

258 736 508 802 praecepit,
535 753 635 784 non
664 737 723 784 sit
751 736 1051 798 faciendum,
1081 754 1251 787 ornnes
1276 740 1359 804 qui
1385 740 1538 804 legem
1562 739 1860 800 custodiunt,
1888 739 2083 804 aequalis
2106 755 2208 787 esse
2231 739 2405 798 meriti,

259 831 350 863 nec
385 816 511 864 inter
543 834 627 865 eos
660 817 865 866 alterum
896 818 1047 867 altero
1079 818 1329 867 meliorem
1361 821 1601 881 exsistere,
1639 836 1850 884 quorum
1879 820 2050 868 merita
2079 837 2180 867 non
2206 828 2410 885 possunt

258 897 510 963 inaequalia
535 898 670 947 esse?
695 902 829 948 Patet
858 900 1004 964 igitur
1036 917 1092 948 ex
1118 901 1390 967 praemissis,
1416 901 1551 966 quod
1578 900 1713 949 nullo
1743 900 1895 948 modo
1921 900 2265 966 perfectionem
2296 900 2410 964 legis

259 993 346 1042 per
377 977 474 1027 hoc
502 990 640 1045 potes
670 982 1032 1042 commendare,
1066 982 1202 1048 quod
1224 982 1449 1047 intelligis
1473 993 1644 1030 contra
1668 982 1821 1047 legem
1854 982 1956 1046 agi,
1990 983 2027 1029 si
2058 981 2174 1047 quid
2204 980 2338 1046 quod
2360 981 2408 1028 in

258 1074 313 1106 ea
336 1070 630 1126 praeceptum
653 1079 753 1110 non
777 1063 853 1124 sit,
881 1062 1251 1129 superaddatur.
1274 1066 1372 1111 Nec
1393 1073 1439 1111 te
1461 1063 1572 1111 satis
1600 1063 1869 1110 Dominum
1902 1078 2128 1110 excusare
2161 1078 2406 1127 agnoscas,

258 1140 393 1204 quod
418 1157 531 1189 cum
556 1142 672 1207 legis
696 1143 1024 1192 obedientiam
1047 1144 1286 1207 suaderet,
1321 1144 1391 1204 id,
1421 1153 1472 1191 ut
1494 1143 1618 1205 dixi,
1648 1145 1910 1192 maximum
1931 1144 1979 1190 in
2003 1142 2105 1207 ejus
2135 1158 2410 1191 remunera-

258 1221 393 1270 tione
431 1225 753 1289 praetermisit,
801 1227 839 1274 si
868 1226 930 1274 ad
965 1226 1087 1274 illud
1120 1227 1264 1274 etiam
1298 1226 1678 1291 promerendum
1713 1242 1820 1274 eam
1840 1224 2072 1287 ,sufficere
2102 1224 2406 1288 judicaverit.

257 1302 404 1360 Quod
430 1320 547 1352 vero
568 1298 781 1371 >spiritale
803 1306 988 1355 bonum
1011 1316 1325 1372 peccatorum
1347 1306 1686 1373 purificatione
1717 1323 1803 1373 per
1835 1305 2064 1354 sacrificia
2088 1304 2164 1352 vel
2187 1303 2411 1369 quaelibet

257 1382 372 1447 legis
395 1400 546 1450 opera
577 1388 814 1435 exteriora
835 1388 1068 1453 consequi
1091 1387 1352 1449 confiditis,
1377 1389 1530 1436 miror
1551 1389 1608 1448 si,
1640 1397 1691 1435 ut
1714 1389 1817 1454 ipse
1839 1388 2082 1453 professus
2108 1403 2158 1434 es
2182 1396 2229 1433 et
2253 1387 2411 1433 mani-

258 1462 373 1512 festa
398 1466 569 1515 veritas
595 1467 766 1526 habet,
802 1479 959 1517 vestra
988 1469 1078 1516 Dei
1104 1478 1151 1517 et
1178 1469 1387 1535 proximi
1422 1469 1615 1518 dilectio
1641 1468 1703 1516 ad
1727 1467 2121 1534 justificationem
2147 1466 2411 1515 sanctitatis

256 1545 476 1594 sufficiat.
527 1551 691 1614 Neque
726 1550 855 1597 enim
894 1550 999 1598 sine
1034 1550 1134 1598 istis
1170 1551 1431 1615 quicquam
1473 1550 1553 1598 illa
1588 1549 1835 1615 proderit,
1874 1558 2111 1615 quantum
2146 1547 2209 1595 ad
2241 1548 2412 1595 animae

257 1626 460 1675 salutem
482 1630 744 1694 pertineat,
775 1647 867 1678 nec
889 1630 1095 1678 dubium
1129 1639 1218 1692 est,
1252 1648 1366 1678 cum
1401 1631 1491 1678 ista
1524 1630 1787 1694 quemlibet
1812 1631 1995 1694 justum
2024 1628 2287 1686 effecerint,
2309 1627 2411 1691 jam

260 1723 359 1754 non
390 1709 439 1756 in
467 1726 526 1757 eo
554 1721 688 1759 reatu
721 1712 906 1777 peccati
935 1729 1036 1760 esse
1063 1722 1118 1759 ut
1146 1712 1348 1778 spiritali
1370 1721 1506 1776 egeat
1529 1710 1881 1777 purificatione.
1913 1709 2053 1756 Unde
2085 1719 2132 1757 et
2153 1708 2214 1756 de
2240 1724 2413 1773 pecca-

257 1797 362 1836 tore
378 1791 642 1855 poenitente
660 1793 895 1858 scriptum
910 1792 1118 1840 habetis¹
1141 1810 1152 1839 z
1175 1813 1198 1837 ι(
1216 1792 1516 1840 Sacrificium
1534 1794 1639 1839 Deo
1656 1791 1849 1857 spiritus
1865 1790 2232 1851 contribulatus,
2255 1799 2345 1836 etc.
2358 1825 2370 1848 ,
2387 1809 2409 1833 n

258 1879 305 1917 et
339 1875 556 1919 rursum’
586 1890 597 1919 ε
633 1873 784 1920 «Dixi
813 1872 1088 1921 confitebor
1116 1873 1374 1921 adversum
1407 1890 1486 1921 me
1509 1873 1791 1937 injustitiam
1817 1889 1976 1919 meam
2005 1871 2217 1919 Domino
2243 1888 2253 1916 :
2281 1880 2328 1917 et
2360 1880 2409 1917 tu

256 1955 478 2003 remisisti
498 1955 795 2022 impietatem
811 1958 997 2023 peccati
1016 1957 1129 2005 mei.
1153 1977 1176 2002 »
1197 1959 1319 2005 Ecce
1341 1956 1595 2022 quomodo
1615 1955 1903 2004 sacrificium
1917 1955 2014 2003 hoc
2036 1954 2229 2003 contriti
2252 1953 2411 2001 cordis

256 2034 335 2082 ille
358 2036 690 2096 commendat,
719 2038 803 2102 qui
839 2037 960 2085 illud
995 2038 1205 2086 exterius
1241 2039 1444 2085 omnino
1480 2036 1595 2084 alibi
1627 2036 1856 2101 reprobat
1890 2053 1946 2083 ex
1982 2052 2188 2101 persona
2214 2035 2412 2081 Domini

257 2114 422 2163 dicens
441 2118 455 2141 ³
484 2134 495 2163 :
528 2137 550 2161 «
574 2120 681 2164 Non
713 2118 948 2184 accipiam
983 2118 1044 2165 de
1073 2118 1223 2165 domo
1250 2128 1333 2165 tua
1357 2118 1558 2178 vitulos,
1584 2133 1743 2181 neque
1775 2115 1836 2163 de
1862 2115 2084 2179 gregibus
2107 2116 2200 2162 tuis
2228 2114 2408 2162 hircos.

257 2196 307 2242 Si
329 2197 561 2256 esuriero,
587 2214 690 2244 non
714 2198 872 2245 dicam
904 2197 1008 2256 tibi,
1033 2215 1171 2245 meus
1195 2207 1266 2245 est
1290 2197 1421 2245 enim
1454 2196 1586 2244 orbis
1611 2206 1748 2243 terrae
1770 2205 1816 2243 et
1838 2194 2090 2261 plenitudo
2118 2195 2238 2259 ejus.
2267 2197 2413 2241 Num-

257 2277 376 2342 quid
398 2277 706 2326 manducabo
737 2295 904 2326 carnes
935 2288 1212 2340 taurorum,
1249 2288 1332 2326 aut
1362 2278 1644 2342 sanguinem
1679 2278 1927 2324 hircorum
1960 2275 2178 2343 potabo?
2211 2275 2412 2322 Immola

258 2360 362 2405 Deo
398 2358 685 2406 sacrificium
726 2359 882 2408 laudis
919 2359 1150 2407 etxredde
1185 2359 1423 2407 Altissimo
1453 2368 1566 2406 vota
1610 2374 1693 2405 sua
1728 2368 1776 2405 et
1810 2358 1985 2406 invoca
2022 2353 2100 2405 ine
2137 2357 2184 2403 in
2221 2355 2300 2404 die
2335 2356 2413 2403 tri-

258 2437 520 2487 bulationis
554 2458 564 2486 ε
597 2456 764 2487 eruam
799 2450 846 2488 te
879 2450 926 2488 et
955 2439 1304 2489 honorificabis
1335 2456 1432 2487 me.
1465 2460 1488 2483 ›>
1527 2438 1698 2487 Cordis
1733 2437 2049 2499 sacrificium,
2088 2453 2189 2485 non
2228 2437 2411 2484 anima-

257 2519 378 2567 lium
411 2521 559 2568 esurit
583 2522 848 2583 Dominus,
880 2532 927 2569 et
963 2521 1045 2570 illo
1070 2521 1300 2583 reficitur,
1332 2530 1380 2568 et
1406 2537 1518 2568 cum
1546 2520 1673 2568 istud
1708 2520 1911 2578 invenit,
1940 2518 2059 2566 illud
2085 2535 2184 2565 non
2209 2516 2406 2581 quaerit,

259 2612 308 2649 et
351 2619 463 2649 cum
515 2602 644 2650 istud
684 2619 785 2650 non
829 2603 1039 2664 invenit,
1086 2602 1204 2651 illud
1251 2602 1455 2650 omnino
1499 2601 1784 2667 superfluit,
1832 2609 2066 2664 quantum
2110 2600 2307 2662 inquam
2350 2596 2413 2645 ad

260 2683 431 2730 animae
452 2682 842 2746 justificationem
860 2720 873 2744 ,
913 2701 1013 2732 non
1046 2684 1108 2731 ad
1133 2682 1357 2747 legalium
1389 2698 1644 2748 poenarum
1683 2681 2115 2742 circumcisionem,
2143 2677 2413 2727 secundum

260 2779 379 2827 quas
409 2772 571 2811 tamen
600 2773 797 2829 peccata
818 2764 956 2811 vobis
980 2763 1249 2811 condonari
1276 2762 1523 2810 dicuntur.
1549 2765 1642 2809 Lex
1670 2762 1850 2827 quippe
1875 2771 2056 2819 vestra,
2091 2777 2197 2825 quae
2225 2769 2415 2807 tantum

262 2843 311 2889 in
336 2842 428 2891 hac
453 2845 548 2891 vita
569 2844 643 2891 vel
665 2844 962 2910 impletionis
985 2844 1062 2891 vel
1085 2843 1473 2906 transgressionis
1498 2859 1594 2889 suae
1619 2841 1849 2907 persolvit
1871 2841 2037 2888 merita
2060 2850 2108 2888 et
2128 2840 2210 2888 hic
2233 2839 2414 2887 solum-

262 2922 412 2969 modo
437 2922 487 2969 in
513 2932 721 2987 utroque
743 2924 1184 2971 remunerationem
1206 2923 1373 2984 habet,
1402 2924 1469 2971 sic
1497 2922 1568 2970 ad*
1581 2921 1708 2970 hanc
1729 2922 1876 2970 vitam
1901 2921 2204 2986 corporalem
2227 2935 2412 2967 accom-

263 3003 430 3051 modat
462 3012 654 3063 cuncta,
690 3013 742 3050 ut
772 3003 890 3050 nihil
918 3003 1187 3051 secundum
1219 3004 1459 3063 animam,
1494 3002 1735 3051 mundum
1757 3002 1833 3049 vel
1864 3000 2171 3049 immundum
2203 3010 2412 3058 censeat,

264 3101 353 3132 nec
389 3083 747 3150 purificationes
779 3084 962 3149 aliquas
1006 3084 1068 3148 ad
1111 3083 1441 3133 immunditias
1483 3086 1782 3143 animarum,
1821 3098 1941 3147 quas
1980 3083 2177 3148 proprie
2216 3091 2411 3148 peccata

309 3298 316 3316 ¹
341 3296 473 3330 Psalm.
505 3305 540 3339 L,
571 3306 604 3329 v.
643 3298 695 3330 19.
722 3314 763 3321 —
791 3298 802 3316 ²
828 3297 960 3330 Psazm.
993 3306 1102 3338 xxxn,
1135 3307 1165 3330 v.
1201 3299 1232 3330 5.
1267 3314 1305 3320 —
1379 3296 1521 3335 mimus,
1542 3303 1684 3336 quorum
1713 3296 1853 3329 maxima
1880 3303 1955 3337 pars
1978 3296 2083 3336 prima
2110 3299 2235 3327 tantum
2262 3295 2418 3334 quusque

266 3348 397 3382 Psalm.
419 3358 512 3393 xmx,
528 3359 559 3384 v.
575 3353 612 3393 9,
634 3352 685 3385 12.
707 3351 810 3385 Locos
826 3361 844 3384 e
861 3353 1028 3393 Scriptura
1050 3353 1197 3393 integros
1213 3352 1308 3384 resti·
1379 3352 1468 3384 vocis
1483 3351 1636 3384 litteram
1652 3350 1766 3383 codice
1782 3355 1813 3383 et
1833 3350 1919 3391 apud
1933 3347 2122 3382 Rheinwald
2140 3349 2313 3382 indicatur.

427 3424 458 3449 11
2208 3411 2259 3448 84
