2638 3866
260 155 356 203 302
1062 148 1234 195 PETRI
1270 148 1583 197 ABAELARDI

258 254 384 300 hanc
416 267 584 298 eorum
618 249 846 296 malitiam
879 248 1055 313 scripto
1082 248 1225 295 etiam
1253 247 1572 313 prophetavit.
1604 252 1767 313 «Ego,
1790 269 1812 293 »
1841 248 1989 298 verba
2013 259 2124 297 sunt
2150 248 2256 312 Dei,
2285 270 2308 293 α
2330 250 2390 298 ad

261 332 631 389 aemulationem,
655 349 678 373 »
707 328 757 375 id
780 338 850 375 est
882 345 968 394 per
1002 344 1079 374 me
1114 328 1270 393 ipsum
1295 328 1601 392 praedicando
1625 329 1739 377 dicit
1771 330 1916 377 Filius
1948 330 2068 377 Dei:
2099 350 2122 374 α
2142 329 2390 378 Adducam

259 431 385 461 vos»
425 413 473 459 in
506 410 736 458 invidiam
758 419 805 456 et
832 408 998 456 odium
1025 419 1122 455 tam
1157 408 1382 473 meipsius
1413 425 1558 473 quam
1594 427 1830 458 meorum.
1871 413 1994 458 Cum
2028 420 2187 458 autem
2212 411 2391 459 invidia

260 495 315 541 sit
351 492 515 540 odium
539 490 681 538 alieni
707 489 845 551 boni,
874 498 1167 536 monstratur
1188 488 1406 553 profecto
1436 506 1518 536 eos
1548 491 1749 539 scienter
1771 492 1820 539 in
1845 490 2088 538 Christum
2117 490 2386 555 deliquisse.

262 594 285 616 «
312 576 365 619 In
388 589 486 618 non
511 580 701 634 gentem
726 570 910 617 mittam
933 586 1018 617 vos
1039 585 1126 633 per
1146 569 1449 634 insipientem
1473 580 1685 635 gentem,
1717 592 1740 617 n
1766 571 1817 620 id
1838 581 1908 620 est
1930 588 2016 637 per
2042 571 2387 640 dispersionem

256 662 464 700 vestram
487 650 755 699 faciendam
791 650 850 698 ab
879 649 1149 697 infidelibus
1176 650 1419 711 Romanis,
1446 650 1616 700 faciam
1639 669 1725 700 vos
1749 670 1849 700 non
1878 669 1978 700 esse
2001 651 2253 718 populum.
2282 653 2388 699 Non

258 733 385 780 enim
422 741 550 779 recte
584 732 792 797 populus
824 730 896 778 vel
921 747 1035 794 gens
1061 729 1252 791 dicitur,
1278 730 1367 778 nisi
1391 731 1647 780 hominum
1678 734 2000 798 congregatio.
2033 753 2056 777 ι(
2078 735 2130 779 In
2156 732 2279 779 iram
2305 748 2391 778 vos

259 813 486 860 mittam»
514 813 717 860 aliorum
750 811 1006 858 hominum
1029 811 1172 858 etiam
1200 809 1464 876 dispersos,
1490 821 1543 859 ut
1569 812 1701 860 duris
1732 812 2058 861 exactionibus
2086 829 2174 860 vos
2204 828 2391 877 semper

258 894 533 959 opprimant
556 903 698 957 atque
721 891 949 956 affligant.
982 912 1003 936 ε(
1023 892 1163 939 Isaias
1190 901 1366 939 autem.
1391 912 1413 935 >³
1440 895 1546 940 Non
1571 892 1728 941 solum
1750 896 1952 957 Moyses,
1978 892 2062 940 sed
2085 893 2229 940 etlam
2251 892 2391 939 Isaias

255 984 472 1039 patenter
495 974 555 1021 de
582 972 920 1039 reprobatione
951 989 1122 1020 eorum
1151 982 1198 1020 et
1230 971 1460 1020 electione
1486 975 1714 1021 Gentium
1745 974 1812 1022 sic
1845 973 1992 1022 audet
2020 973 2196 1035 dicere,
2225 973 2313 1020 etsi
2343 990 2391 1020 se

256 1054 318 1103 ab
355 1056 422 1102 eis
454 1053 773 1103 occidendum
810 1052 1107 1119 praevideret.
1150 1055 1227 1100 «A
1262 1070 1361 1101 non
1397 1054 1721 1118 quaerentibus
1753 1071 1870 1102 me»
1909 1054 2025 1102 dicit
2058 1054 2311 1112 Dominus,
2342 1053 2391 1100 id

256 1149 326 1187 est
348 1156 377 1188 a
399 1139 684 1187 Gentilibus.
714 1159 736 1182 α
751 1139 949 1185 Palam»
975 1138 1088 1203 quia
1116 1137 1268 1184 multo
1301 1138 1506 1203 amplius
1529 1138 1739 1186 Ecclesia
1761 1138 1821 1186 de
1848 1142 1953 1186 Deo
1978 1154 2125 1203 quam
2144 1140 2392 1202 Synagoga

255 1220 441 1268 erudita
470 1230 556 1267 est.
589 1239 611 1264 «
643 1222 749 1266 Non
773 1217 1147 1282 interrogabant,
1169 1237 1193 1263 n
1219 1217 1269 1264 id
1291 1228 1362 1265 est
1392 1217 1512 1265 nihil
1537 1218 1680 1266 etiam
1708 1235 1735 1266 a
1767 1236 1843 1267 me
1865 1218 2107 1283 requirere
2135 1226 2388 1276 noverant,

254 1317 400 1364 quem
429 1301 616 1366 penitus
645 1298 948 1364 ignorabant.
977 1298 1093 1346 «Ad
1127 1298 1269 1346 lsrael
1299 1309 1478 1360 autem,
1501 1319 1525 1343 »
1549 1298 1600 1346 id
1631 1309 1702 1347 est
1726 1299 1931 1359 Judaeos,
1966 1308 2069 1346 tota
2103 1297 2199 1357 die,
2234 1297 2286 1345 id
2322 1307 2392 1345 est

254 1390 357 1428 toto
397 1390 615 1445 tempore
652 1379 1004 1445 praedicationis
1036 1396 1171 1440 meae,
1212 1396 1317 1444 quae
1353 1396 1463 1427 vere
1498 1379 1599 1427 dies
1626 1389 1673 1426 et
1707 1379 1991 1427 illuminatio
2024 1377 2193 1426 mundi
2227 1387 2297 1425 est
2320 1376 2391 1425 di-

254 1461 423 1521 cenda,
457 1481 478 1506 «
503 1461 710 1526 expandi
730 1477 899 1509 manus
923 1477 1071 1520 meas,
1095 1481 1118 1505 »
1144 1460 1195 1508 id
1221 1471 1290 1508 est
1309 1460 1371 1509 ad
1396 1478 1479 1508 eos
1499 1460 1797 1524 colligendos
1816 1460 2090 1508 ultroneum
2115 1476 2192 1507 me
2216 1457 2388 1518 obtuli,

253 1559 340 1606 per
373 1558 560 1601 manus,
597 1542 646 1588 id
681 1551 749 1588 est
782 1558 928 1607 opera
961 1542 1027 1588 eis
1059 1540 1275 1605 quotidie
1309 1540 1542 1602 exhibita,
1570 1558 1598 1588 a
1627 1541 1704 1588 via
1735 1541 1912 1589 scilicet
1945 1541 2174 1588 Gentium
2202 1539 2392 1605 penitus

255 1621 518 1682 declinans,
541 1630 594 1667 ut
617 1622 682 1668 eis
707 1622 908 1668 omnino
926 1638 1162 1669 vacarem.
1184 1641 1207 1667 «
1224 1621 1317 1669 Sed
1340 1621 1771 1683 contradicentem,
1786 1640 1809 1667 »
1828 1622 1962 1686 quod
1984 1621 2119 1687 pejus
2141 1629 2210 1668 est
2235 1618 2391 1667 modis

256 1702 509 1761 omnibus,
538 1717 614 1748 me
637 1701 1026 1749 calumniantem.

323 1781 489 1828 «Dico
537 1798 718 1845 ergo.»
758 1782 882 1838 Quia
928 1791 1000 1829 tot
1047 1781 1408 1829 auctoritatibus
1446 1782 1778 1830 confutaverat
1826 1781 2014 1828 Judaeos
2053 1790 2100 1828 et
2136 1780 2392 1828 novissime

255 1862 483 1909 Gentium
509 1861 793 1909 electionem
817 1871 864 1909 et
892 1878 1061 1910 eorum
1091 1861 1485 1927 reprobationem
1508 1862 1755 1910 manifeste
1778 1862 2117 1927 prophetatam
2140 1860 2387 1919 docuerat,

255 1959 316 1990 ne
341 1943 455 1990 hinc
490 1943 694 1990 maxime
729 1943 1033 1991 occasionem
1070 1942 1306 2006 gloriandi
1335 1942 1564 1991 adversus
1596 1943 1788 1990 Judaeos
1819 1941 2030 1989 Gentiles
2061 1942 2110 1988 in
2142 1957 2228 1988 sua
2259 1940 2394 1989 alter-

256 2023 444 2071 catione
481 2033 847 2087 praesumerent,
885 2023 1023 2086 quasi
1062 2022 1378 2088 intelligentes
1416 2023 1652 2089 populum
1689 2023 1825 2070 illum
1858 2022 2052 2088 penitus
2090 2037 2191 2068 esse
2226 2037 2390 2086 repro-

254 2102 458 2150 batum:
493 2103 661 2168 incipit
698 2103 843 2150 etiam
877 2103 1143 2151 Gentilibus
1177 2103 1304 2152 hanc
1342 2104 1676 2168 gloriationem
1714 2113 1761 2151 et
1797 2103 1971 2150 Judaeis
2007 2102 2391 2167 desperationem

253 2184 465 2241 auferre,
503 2193 549 2231 et
574 2183 675 2246 jam
697 2182 759 2230 ad
787 2183 1108 2231 invectionem
1141 2184 1403 2233 Gentilium
1430 2184 1570 2244 redit,
1609 2194 1663 2231 ut
1692 2200 1861 2231 eorum
1891 2198 2085 2247 quoque
2116 2180 2391 2247 superbiam

252 2275 484 2312 conterat.
537 2265 865 2313 Continuatio.
906 2266 1314 2331 Quandoquidem
1351 2276 1448 2314 tam
1487 2266 1749 2313 manifestis
1793 2264 2077 2314 testimoniis
2115 2263 2391 2329 reprobatio

252 2348 275 2392 J
281 2345 527 2392 udaeorum
549 2345 832 2393 confirmata
852 2355 939 2406 est,
957 2346 1085 2405 dico,
1106 2346 1157 2394 id
1178 2356 1249 2394 est
1267 2347 1491 2408 arbitror,
1514 2346 1827 2411 quaerendum
1850 2345 1984 2410 quod
2005 2345 2219 2408 sequitur
2236 2353 2282 2391 et
2302 2343 2392 2391 sol-

254 2425 483 2474 vendum.
505 2445 529 2471 t(
555 2425 790 2491 Populum
814 2442 973 2487 suum,
994 2445 1017 2471 »
1044 2426 1094 2474 id
1114 2435 1183 2474 est
1205 2426 1394 2474 Judaeos
1419 2444 1476 2474 ex
1501 2436 1603 2473 toto
1635 2425 1828 2490 repulit,
1855 2434 1909 2472 ut
1930 2424 2116 2471 nullum
2139 2423 2254 2470 inde
2278 2423 2392 2471 ulte-

253 2507 350 2554 rius
371 2516 595 2554 assumat.
618 2527 640 2550 α
666 2506 889 2566 Israelita,
905 2528 928 2550 >2
957 2506 1005 2554 id
1031 2516 1102 2555 est
1128 2506 1316 2569 videns,
1343 2523 1444 2554 non
1469 2505 1754 2572 proselytus,
1781 2515 1828 2552 et
1850 2505 1910 2552 de
1934 2520 2106 2567 genere
2129 2503 2387 2563 Abraham,

251 2603 350 2633 non
368 2587 537 2635 Ismael
551 2586 627 2634 vel
642 2589 781 2644 Esau,
800 2586 1126 2648 descendens;
1144 2586 1228 2634 sed
1246 2603 1333 2652 per
1351 2587 1617 2651 Benjamin,
1634 2602 1724 2633 nec
1741 2585 1801 2633 de
1821 2585 2131 2648 generatione
2148 2583 2390 2632 maledicti

252 2667 380 2727 Saul,
415 2667 550 2731 cujus
580 2666 834 2732 reprobata
859 2677 930 2715 est
960 2684 988 2715 a
1014 2684 1163 2731 regno
1186 2667 1455 2732 posteritas.
1482 2686 1505 2712 «
1522 2665 1716 2714 Plebem
1746 2681 1884 2713 suam
1915 2681 2062 2729 quam
2083 2663 2336 2730 praescivit,
2362 2683 2384 2709 ι»

254 2745 303 2792 id
326 2757 395 2793 est
428 2747 534 2795 illos
560 2764 683 2812 quos
715 2747 775 2795 de
800 2747 987 2813 populo
1020 2747 1104 2795 illo
1130 2747 1406 2812 quondam,
1432 2746 1611 2795 scilicet
1642 2746 1872 2813 peculiari
1895 2762 1983 2793 suo
2018 2743 2384 2811 praedestinavit.

262 2845 284 2868 υ
309 2827 359 2871 ln
379 2827 529 2886 Helia,
545 2846 567 2871 »
587 2828 637 2875 id
661 2839 730 2876 est
752 2828 836 2875 ubi
859 2828 918 2876 de
944 2829 1078 2877 Helia
1094 2828 1308 2894 loquitur
1328 2830 1379 2876 in
1402 2827 1527 2875 libro
1540 2830 1758 2893 Regium.
1781 2846 1804 2872 «
1825 2824 2286 2885 Quemadmodum»
2301 2824 2392 2871 sci-

258 2903 368 2951 licet
390 2906 489 2969 ipse
508 2908 682 2970 Helias,
701 2929 724 2953 c<
744 2909 1015 2974 interpellat
1034 2913 1189 2957 Deum
1212 2908 1468 2956 adversum
1487 2907 1647 2968 lsrael,
1663 2927 1687 2952 >³
1702 2907 1754 2954 id
1776 2917 1846 2955 est
1869 2905 2056 2954 orando
2078 2904 2153 2953 vel
2175 2920 2389 2969 conque-

258 2984 411 3031 rendo
444 2998 674 3049 provocat
706 2992 863 3036 Deum
895 2989 957 3036 ad
987 2989 1247 3037 vindictam
1273 2989 1324 3035 in
1348 2989 1560 3052 nequitia
1595 2987 1985 3053 persequentium
2014 3002 2063 3034 se
2091 2984 2380 3033 Judaeorum.

262 3083 285 3108 «
307 3064 599 3113 Occiderunt
618 3086 641 3111 »
677 3068 881 3117 subaudi
915 3068 1126 3130 Jesabel,
1168 3089 1190 3112 «
1211 3068 1527 3132 suffoderunt,
1547 3089 1570 3113 J>
1599 3069 1649 3116 id
1684 3078 1755 3116 est
1785 3084 1814 3117 a
1849 3066 2164 3115 fundamento
2196 3064 2386 3130 penitus

303 3253 310 3271 ¹
329 3252 407 3294 Rea.
425 3251 482 3294 111,
496 3261 568 3294 cap.
587 3261 654 3294 xix,
670 3262 700 3286 v.
716 3253 766 3286 11.
