2638 3866
826 229 1222 278 lNTRODUCTlO
1258 232 1338 279 AD
1371 232 1670 281 THEOLOGI
1680 235 1777 282 AM.
2308 239 2369 286 [23

235 330 516 379 humilitatis
548 329 988 378 remunerationem
1023 341 1329 396 acceperunt,
1370 342 1422 379 ut
1450 333 1518 380 sic
1549 333 1596 380 in
1630 335 2036 401 contemplatione
2069 335 2242 384 divinae
2271 354 2370 386 ma-

230 411 410 474 jestatis
432 409 755 469 firmarentur,
781 402 834 456 u't
856 409 1055 458 ulterius
1077 412 1278 459 omnino
1296 411 1392 459 labi
1415 428 1514 459 non
1537 424 1733 477 queant.
1758 415 1898 463 Unde
1919 417 2178 481 Gregorius
2199 422 2249 464 in
2265 418 2369 478 Iob,

233 488 316 537 lib.-
344 491 517 538 ΧΧἯι
539 508 550 537 2
582 510 605 534 α
633 490 786 552 Prius,
816 508 840 534 »
863 489 1034 554 inquit,
1058 509 1080 536 «
1107 490 1282 538 coelum
1308 491 1485 539 sactum
1504 492 1693 553 dicitur,
1720 505 1768 542 et
1791 494 1883 543 hoc
1909 496 2038 544 idem
2061 498 2371 562 postmodum

235 569 595 618 firmamentum
617 578 831 630 vocatur,
855 570 968 634 quia
999 579 1170 619 natura
1193 571 1420 636 angelica,
1451 582 1500 620 et
1523 573 1654 638 prius
1677 574 1862 622 subtilis
1886 586 1956 623 est
1978 578 2027 624 in
2047 578 2373 642 superioribus

235 649 448 712 condita,
469 661 516 698 et
532 654 660 716 post,
677 665 739 697 ne
755 665 968 714 unquam
982 650 1153 699 cadere
1167 653 1416 717 potuisset,
1435 652 1701 701 mirabilius
1713 654 2014 703 confirmata.
2034 678 2056 701 »
2078 658 2209 705 Idem
2229 675 2372 723 saper

215 730 526 782 *Ezechielem
559 728 773 779 Homilia
795 747 809 776 .-
836 748 860 774 «
879 731 1066 778 Creavit
1097 733 1224 778 Deus
1255 732 1449 793 coelum,
1489 733 1624 799 quod
1646 734 1959 798 postmodum
1991 737 2183 784 vocavit
2213 737 2373 786 firma·

235 818 471 857 mentum.
500 830 522 853 >ι
555 810 739 857 Coelum
768 825 883 873 ergo
911 809 1105 858 fuerunt
1131 810 1199 871 hi,
1241 813 1324 876 qui
1351 813 1509 878 primo
1541 813 1664 861 bene
1689 824 1800 861 sunt
1823 814 2025 873 conditi,
2052 815 2133 863 sed
2157 826 2372 881 postmo-

235 890 353 938 dum
377 887 732 940 firmamentum
755 888 978 955 appellati
1001 900 1129 950 sunt,
1158 891 1271 956 quia
1293 909 1354 940 ne
1377 894 1580 941 omnino
1593 894 1690 957 jam
1709 894 1935 941 caderent
1954 895 2173 942 virtutem
2198 897 2372 944 immu-

237 969 478 1017 tabilitatis
501 979 806 1035 acceperunt.
841 968 965 1018 Illud
985 987 1180 1036 quoque
1201 972 1335 1036 quod
1357 973 1423 1020 ait
1446 973 1579 1021 Plato
1591 976 1621 1036 ’,
1648 975 1856 1021 animam
1875 974 2079 1023 locatam
2102 991 2203 1023 esse
2225 992 2253 1023 a
2272 979 2373 1024 Deo

236 1051 283 1097 in
310 1050 565 1098 medietate
587 1048 776 1111 mundi,
812 1065 1015 1115 eamque
1033 1067 1120 1116 per
1141 1067 1336 1099 omnem
1362 1053 1560 1117 globum
1581 1054 1740 1101 teretis
1763 1053 1893 1102 orbis
1915 1055 2157 1119 aequaliter
2176 1057 2370 1120 porrigi,

240 1128 435 1194 pulchre
466 1129 684 1194 designat
713 1130 912 1193 gratiam
953 1131 1042 1178 Dei
1074 1131 1301 1180 omnibus
1330 1134 1651 1181 communiter
1680 1134 1908 1196 oblatam,
1935 1145 2108 1182 cuncta
2127 1145 2271 1201 prout
2293 1152 2375 1184 sa—

237 1209 374 1258 lubre
395 1210 467 1257 vel
491 1227 681 1275 aequum
705 1218 792 1272 est,
812 1209 1019 1276 benigne
1042 1212 1091 1259 in
1115 1212 1206 1260 hac
1225 1230 1397 1277 magna
1419 1213 1568 1262 domo
1585 1231 1671 1263 sua
1693 1232 1774 1262 seu
1801 1215 1982 1280 templo
2001 1215 2271 1280 disponere.
2294 1217 2376 1263 His

237 1298 395 1337 autem
428 1289 545 1336 illud
581 1289 690 1336 libri
721 1292 980 1355 Sapientiae
1009 1301 1172 1357 aperte
1207 1293 1472 1340 concinit³z
1503 1314 1526 1338 «
1544 1295 1746 1359 Spiritus
1767 1295 1962 1341 Domini
1985 1295 2182 1359 replevit
2206 1294 2373 1343 orbem

239 1378 489 1428 terrarum,
522 1379 613 1417 etc.
637 1390 659 1412 υ
701 1372 854 1434 Atque
881 1370 1002 1418 illud
1036 1372 1351 1419 Psalmistae⁸z
1390 1374 1607 1438 «Spiritu
1640 1375 1737 1420 oris
1770 1374 1928 1421 omnis
1962 1376 2111 1421 virtus
2136 1391 2322 1422 eorum.
2351 1395 2372 1418 υ

237 1449 382 1506 Quod
415 1466 528 1498 vero
557 1459 711 1497 totum
748 1450 988 1499 mundum
1021 1469 1172 1499 unum
1209 1452 1386 1500 animal
1423 1452 1559 1500 Plato
1586 1453 1743 1514 dicit⁸‚
1777 1454 2035 1500 maximam
2065 1455 2374 1502 concordiam

238 1529 575 1578 universorum
615 1546 817 1594 operum
849 1531 937 1577 Dei
974 1531 1294 1593 demonstrat,
1329 1532 1466 1595 quasi
1495 1532 1795 1580 diversorum
1827 1532 2157 1593 membrorum
2194 1534 2243 1580 in
2276 1551 2374 1582 uno

237 1623 442 1673 corpore
470 1608 706 1670 animalis,
732 1608 909 1674 quibus
928 1610 1157 1658 omnibus
1180 1627 1276 1658 uua
1298 1621 1467 1676 praeest
1486 1612 1648 1660 anima
1671 1612 1866 1676 singulis
1887 1621 1987 1659 tota
2009 1629 2231 1677 praesens,
2257 1623 2305 1660 et
2327 1614 2375 1660 in

238 1686 437 1735 diversis
460 1704 573 1747 una,
599 1697 648 1734 et
672 1688 841 1735 eadem
864 1704 1069 1754 operans
1086 1689 1290 1737 diversa.
1324 1691 1401 1738 Sic
1426 1700 1473 1738 et
1486 1691 1740 1756 Apostolus
1767 1692 1913 1739 totius
1938 1692 2156 1756 Ecclesiae
2175 1708 2377 1740 concor-

238 1766 368 1814 diam
394 1768 723 1832 unitatemque
752 1767 1106 1829 demonstrans,
1136 1786 1241 1816 eam
1271 1787 1423 1818 unum
1448 1787 1624 1835 corpus
1649 1772 1821 1818 Christi
1838 1759 2045 1837 appellat
2059 1773 2089 1830 ⁶,
2127 1787 2213 1836 per
2236 1789 2377 1836 quos-

238 1845 352 1893 dam
379 1863 547 1906 nexttS,
580 1856 943 1913 etkcompagem
977 1847 1107 1907 fidei,
1147 1859 1195 1897 et
1215 1849 1476 1910 charitatis,
1507 1868 1562 1897 ex
1586 1850 1783 1899 diversis
1806 1850 2025 1899 fidelibus
2045 1852 2374 1915 conjunctum,

238 1925 329 1973 sibi
362 1927 426 1974 ita
448 1927 655 1974 invicem
678 1928 996 1977 servientibus
1027 1939 1075 1977 et
1104 1929 1567 1995 administrantibus,
1596 1931 1731 1995 quasi
1756 1931 1942 1978 diversa
1969 1931 2185 1979 membra
2210 1933 2257 1979 in
2282 1950 2379 1980 uno

236 2021 460 2071 corpore,
496 2023 551 2054 ex
582 2007 760 2072 quibus
779 2007 984 2067 alterum
1006 2009 1199 2057 alterius
1220 2020 1326 2074 eget
1349 2010 1605 2075 obsequio,
1642 2028 1739 2058 uuo
1768 2011 1996 2059 omnibus
2030 2012 2196 2076 spiritu
2216 2013 2381 2076 praesi-

238 2085 398 2144 dente,
435 2096 484 2134 et
515 2087 703 2135 diversa
725 2088 775 2134 in
806 2087 1282 2155 diversisoperante,
1324 2091 1445 2137 sicut
1484 2092 1644 2153 anima
1677 2092 1726 2138 in
1756 2091 1956 2158 diversis
1988 2092 2134 2139 totius
2168 2093 2381 2155 corporis

240 2164 484 2213 membris.
523 2186 548 2211 «
569 2169 679 2214 Haeo
710 2167 868 2225 enim,
890 2186 914 2213 υ
952 2169 1108 2234 inquit
1130 2172 1167 2227 ⁷,
1215 2190 1237 2213 «
1262 2171 1427 2218 omnia
1461 2181 1688 2236 operatur
1727 2187 1854 2218 unus
1891 2180 2034 2234 atque
2071 2170 2200 2218 idem
2238 2172 2378 2235 Spiri-

239 2254 333 2302 tus,
370 2245 591 2293 dividens
625 2247 822 2310 singulis
852 2258 998 2313 prout
1027 2249 1195 2296 vult.»
1240 2253 1398 2308 Quam
1435 2250 1796 2298 similitudinem
1823 2254 1992 2299 Beatus
2028 2250 2301 2298 Ambrosius
2332 2252 2379 2297 in

239 2323 396 2388 prima
434 2325 564 2372 Pauli
598 2326 815 2390 Epistola
845 2326 913 2374 ad
936 2329 1203 2375 Corinthios
1230 2329 1291 2375 ad
1317 2330 1551 2377 mundani
1579 2347 1773 2395 quoque
1795 2332 2012 2396 corporis
2035 2330 2381 2397 institutionem

243 2412 458 2468 patenter
479 2404 733 2469 explicavit
758 2406 922 2462 dicens
937 2409 951 2433 ⁸
974 2426 984 2454 :
1024 2429 1045 2451 α
1066 2409 1215 2456 Multa
1239 2409 1457 2469 membra
1485 2427 1596 2458 cum
1620 2411 1827 2458 invicem
1853 2411 1925 2458 sui
1949 2420 2135 2476 egeant,
2162 2426 2259 2456 non
2284 2409 2381 2457 dis·

239 2494 442 2548 crepant
475 2485 524 2531 in
558 2485 740 2533 unitate
775 2496 973 2548 naturae,
1013 2489 1234 2552 quamvis
1269 2490 1453 2536 diversa
1477 2490 1597 2549 sint;
1636 2490 1748 2554 quia
1772 2490 2018 2550 diversitas
2040 2487 2140 2536 haec
2162 2490 2210 2536 in
2234 2505 2381 2535 unum

239 2564 502 2622 concurrit,
531 2573 584 2611 ut
609 2566 826 2630 corporis
846 2567 1006 2625 *unitas
1029 2567 1302 2633 expleatur:
1330 2570 1451 2617 sicut
1470 2580 1519 2617 et
1540 2586 1597 2617 ea
1617 2570 1792 2634 quibus
1819 2569 2029 2617 mundus
2050 2578 2252 2627 constat,
2272 2584 2380 2621 cum

242 2643 338 2690 sint
361 2634 672 2699 diversarnon
697 2646 855 2693 solum
886 2645 1072 2706 officiis,
1099 2647 1183 2696 sed
1203 2657 1250 2696 et
1273 2650 1475 2707 naturis,
1508 2649 1571 2697 ad
1597 2650 1739 2696 unius
1756 2659 1914 2696 tamen
1939 2648 2106 2695 mundi
2126 2647 2381 2718 proficiunt

243 2720 604 2785 perfectionem,
625 2733 672 2771 et
694 2740 750 2771 ex
774 2725 1000 2773 omnibus
1021 2726 1095 2774 his
1117 2728 1328 2774 nascitur
1350 2729 1600 2793 temperies
1623 2728 1855 2792 quaedam.
1880 2747 1903 2771 ›>
1932 2726 2053 2773 Huic
2082 2726 2224 2775 etiam
2252 2727 2385 2774 invo-

244 2798 407 2862 lucro,
438 2801 499 2848 de
527 2803 766 2866 positione
796 2805 974 2853 scilicet
1005 2807 1176 2853 animae
1202 2807 1250 2852 in
1281 2807 1440 2854 medio
1477 2807 1647 2854 mundi
1673 2807 1860 2867 locatae,
1898 2806 1994 2853 hoc
2029 2816 2099 2854 est
2129 2806 2189 2854 de
2223 2806 2384 2854 divina

242 2879 394 2941 gratia
421 2881 648 2929 omnibus
679 2885 1001 2932 communiter
1032 2884 1215 2946 oblata,
1242 2886 1345 2951 ipsa
1363 2887 1506 2932 etiam
1532 2885 1694 2934 divina
1720 2886 1840 2949 sacta
1865 2886 2130 2934 secuudum
2155 2887 2385 2951 allegoriae

235 2958 580 3018 ministerium,
607 2962 854 3010 manifeste
874 2964 1176 3011 concordant
1195 2982 1207 3012 ε
1230 2981 1344 3012 cum
1366 2965 1588 3013 videlicet
1610 2965 1878 3013 doctrinam
1898 2982 2052 3027 suam,
2078 2975 2125 3013 et
2142 2982 2265 3014 verae
2283 2966 2386 3013 reli-

247 3038 402 3099 gionis
436 3041 620 3087 cultum
642 3051 993 3107 propagaturus
1015 3045 1252 3092 Dominus
1275 3045 1323 3092 in
1350 3045 1554 3107 mundo,
1592 3045 1904 3106 Hierusalem,
1938 3062 2042 3110 quae
2064 3046 2113 3094 in
2136 3046 2295 3094 medio
2317 3056 2386 3093 est

286 3245 294 3261 ¹
313 3241 526 3283 Le9.lsoral.
540 3243 796 3284 Lib.xxv11‚tn
813 3255 885 3288 cap.
897 3255 1022 3281 xxxvm
1040 3247 1076 3281 B.
1093 3248 1168 3290 Iob,
1186 3259 1214 3282 v.
1230 3252 1279 3284 18.
1354 3260 1384 3282 ν.
1397 3251 1476 3284 6.-
1491 3252 1503 3271 ⁶
1519 3251 1561 3283 In
1575 3251 1707 3284 Timo.
1721 3268 1758 3274 -—
1775 3251 1787 3270 ⁶
1802 3249 1939 3291 Ephes„
1955 3257 2028 3292 cap.
2041 3257 2086 3282 tv.
2101 3248 2194 3288 -—⁷l‚
2214 3248 2382 3282 corinth..

251 3312 289 3317 *-
304 3295 315 3313 ²
329 3295 371 3327 In
398 3296 574 3328 Timaeo.—
593 3299 603 3318 ³
621 3300 716 3339 Sap.,
734 3309 805 3341 cap.
824 3310 845 3340 ι,
865 3310 894 3333 ν.
918 3305 948 3335 ’,1.
967 3319 1007 3326 —-
1023 3302 1160 3335 ⁴Psalm.
1178 3312 1280 3342 xxxii,
1354 3314 1425 3346 cap.
1451 3314 1510 3343 xn,
1530 3315 1560 3337 v.
1581 3306 1629 3338 11.
1651 3322 1688 3329 -
1714 3304 1838 3344 Ὀρμ,
1858 3308 1879 3334 t·
1900 3302 1940 3341 ΙΙ.
1965 3303 1996 3334 ln
2019 3310 2109 3342 alm-⁹
2129 3303 2190 3334 c0¹·
2211 3304 2280 3335 ¹55-
