2638 3866
838 190 1237 240 lNTRODUCTlO
1273 193 1354 241 AD
1386 192 1798 242 THEOLOGIAM.
2328 202 2389 246 95

238 294 309 346 est
350 296 452 345 aliae
491 304 603 343 sunt
633 292 844 341 divisivae
878 308 1136 358 generum,
1173 291 1276 341 aliae
1310 293 1631 342 constitutivae
1669 294 1969 359 specierum,
2013 295 2267 360 quomodo
2307 298 2392 347 has

238 377 300 427 ab
337 376 429 426 illis
460 375 575 425 alias
605 375 750 436 dixit,
793 390 906 422 cum
943 373 1103 421 omnis
1138 373 1341 423 divisiva
1386 374 1449 422 sit
1491 374 1825 437 constitutiva,
1869 385 1916 424 et
1946 392 1973 423 e
2001 378 2267 438 contrario,
2303 380 2391 426 nisi

238 457 505 508 secundum
542 455 889 522 proprietatem
932 453 1180 502 dividendi
1228 465 1276 503 et
1319 454 1647 504 constituendi
1688 471 1794 519 quae
1837 455 2037 504 diversae
2074 467 2201 506 sunt.
2250 458 2390 506 Aliud

238 540 420 606 quippe
448 537 592 602 exigit
631 552 687 585 ex
721 552 781 584 eo
817 535 950 602 quod
983 545 1052 584 est
1089 534 1314 599 divisiva,
1345 546 1393 585 et
1429 535 1564 585 aliud
1599 552 1655 584 ex
1696 552 1755 583 eo
1786 536 1922 601 quod
1956 547 2028 586 est
2062 539 2388 600 constitutiva,

236 621 348 669 licet
380 618 538 667 modis
560 617 790 666 omnibus
813 617 984 666 eadem
1016 617 1076 665 sit
1098 633 1302 666 numero
1334 616 1539 666 divisiva
1563 627 1610 666 et
1631 617 1942 667 constitutiva
1967 618 2252 668 differentia.
2283 621 2392 669 Tale

238 701 382 766 igitur
404 708 476 748 est
500 698 660 747 dicere
691 698 834 747 aliam
858 713 960 747 esse
995 697 1316 746 differentiam
1342 697 1614 759 divisivam,
1642 707 1690 746 et
1713 697 1855 746 aliam
1877 699 2256 758 constitutivam,
2281 718 2338 750 ac
2354 705 2390 749 si

236 781 456 830 dicamus
490 782 684 829 alterius
726 779 1034 847 proprietatis
1067 795 1168 828 esse
1202 779 1475 840 divisivam,
1511 779 1706 828 alterius
1736 781 2125 843 constitutivam,
2159 782 2270 830 licet
2301 800 2392 847 pe-

237 863 366 911 nitus
392 878 451 911 ea
483 862 544 910 sit
573 861 774 910 divisiva
799 853 906 928 quae
931 861 1262 922 constitutiva,
1301 871 1348 909 et
1387 878 1415 909 e
1447 877 1703 909 converso.
1747 863 1850 909 Hoc
1888 871 2051 910 autem
2076 861 2226 909 modo
2257 862 2391 911 facile

236 945 286 992 in
308 942 507 1010 singulis
530 943 676 992 rebus
698 944 929 1009 assignari
953 953 1128 1010 potest,
1155 952 1204 991 et
1229 959 1378 991 unam
1414 959 1621 991 numero
1644 953 1790 1008 atque
1814 943 2130 991 essentialiter
2153 960 2255 991 rem
2276 960 2391 1010 per-

236 1041 450 1086 manere,
481 1034 530 1074 et
557 1025 648 1092 ipsi
675 1025 837 1092 plures
868 1025 1023 1073 inesse
1052 1024 1392 1091 proprietates,
1430 1023 1700 1072 secundum
1741 1039 1862 1089 quas
1887 1023 2049 1089 aliqua
2072 1025 2261 1073 diversa
2283 1035 2393 1073 sunt

234 1105 542 1168 definitione,
570 1122 671 1154 non
703 1123 929 1167 numero,
958 1116 1005 1155 et
1027 1105 1208 1155 eaedem
1246 1121 1323 1154 res
1347 1105 1535 1154 diversa
1567 1106 1616 1153 in
1651 1121 1796 1153 sensu
1830 1104 2069 1154 vocabula
2104 1106 2389 1154 sortiuntur.

235 1184 550 1253 Verbi‘gratia
573 1207 584 1235 ε
611 1187 691 1235 hic
713 1187 866 1235 homo
891 1197 941 1236 et
962 1187 1229 1236 substantia
1265 1197 1336 1236 est
1367 1197 1416 1235 et
1443 1203 1639 1253 corpus,
1679 1195 1726 1234 et
1762 1187 2030 1235 animatum
2069 1196 2115 1235 et
2144 1186 2388 1246 sensibile,

234 1268 370 1332 quod
391 1278 463 1317 est
484 1268 600 1316 alias
625 1268 876 1329 rationale,
905 1279 952 1317 et
975 1268 1178 1317 mortale
1201 1268 1336 1334 quod
1362 1278 1434 1316 est
1454 1267 1625 1316 homo.
1658 1271 1715 1315 Et
1739 1267 1949 1316 fortassis
1973 1267 2111 1315 albus
2141 1278 2187 1316 et
2208 1268 2392 1334 crispus

234 1358 281 1397 et
305 1348 410 1397 aliis
445 1349 775 1398 accidentibus
809 1350 1053 1416 subjectus
1088 1367 1194 1416 quae
1216 1350 1403 1416 recipit,
1434 1358 1482 1397 et
1517 1365 1631 1396 cum
1656 1350 1761 1415 ipso
1799 1349 1928 1396 idem
1964 1349 2023 1396 sit
2061 1340 2287 1408 numero,
2318 1350 2389 1396 vel

233 1431 547 1480 essentialiter
563 1432 847 1494 substantia,
875 1432 1010 1497 quod
1026 1448 1205 1498 corpus
1227 1433 1302 1479 vel
1326 1432 1614 1490 animatum,
1638 1440 1728 1477 ete.
1758 1429 2081 1478 Nihilominus
2104 1440 2264 1480 tamen
2291 1430 2391 1479 haec

234 1511 508 1560 abinvicem
530 1513 910 1579 proprietatibus
928 1513 1026 1561 suis
1056 1513 1246 1561 diversa
1267 1522 1398 1574 sunt,
1422 1511 1690 1560 secundum
1712 1527 1833 1576 quas
1855 1511 2035 1559 scilicet
2067 1512 2171 1577 ipsa
2193 1511 2392 1559 diversis

234 1593 538 1641 terminanda
561 1595 621 1641 sit
643 1594 1041 1656 definitionibus3
1077 1593 1208 1642 aliud
1241 1594 1422 1660 quippe
1451 1592 1729 1640 substantiae
1761 1601 1831 1639 est
1865 1592 2138 1658 proprium,
2179 1602 2227 1639 et
2262 1591 2391 1639 aliud

233 1674 476 1739 corporis;
504 1675 625 1722 alius
646 1685 931 1723 caeterorum
954 1684 1003 1723 et
1026 1674 1148 1723 alius
1169 1673 1446 1722 substantiae
1475 1682 1624 1720 status
1648 1671 1842 1732 dicitur,
1870 1671 1990 1720 alius
2011 1674 2248 1738 corporis,
2274 1672 2394 1721 alius

232 1763 535 1802 caeterorum.
558 1755 627 1803 Ad
649 1756 782 1804 hunc
804 1757 949 1820 igitur
968 1755 1174 1804 modum
1197 1772 1310 1803 cum
1333 1755 1383 1802 in
1404 1753 1604 1819 singulis
1631 1753 1796 1813 rebus,
1821 1771 1919 1802 una
1941 1762 2257 1821 permanente
2276 1752 2393 1801 sub-

232 1835 423 1895 stantia,
450 1827 637 1901 possint
662 1837 1036 1886 innumerabilia
1059 1837 1308 1903 assignari,
1337 1835 1607 1884 secundum
1630 1837 1947 1903 proprietates
1969 1852 2076 1884 suas
2099 1835 2160 1883 ab
2182 1835 2389 1883 invicem

232 1914 438 1977 diversa,
465 1918 584 1982 quid
608 1918 785 1966 mirum
809 1919 848 1967 si
871 1936 970 1967 una
991 1928 1306 1985 permanente
1329 1918 1494 1966 divina
1518 1918 1741 1978 essentia,
1765 1917 1964 1965 diversae
1986 1934 2093 1982 quae
2119 1917 2168 1964 in
2192 1915 2274 1963 illo
2298 1917 2389 1963 sint

231 1998 549 2063 proprietates
573 2036 585 2059 ,
623 1999 892 2048 secundum
917 2017 1037 2066 quas
1061 2000 1291 2065 distingui
1314 2009 1410 2047 tres
1428 2015 1647 2065 personae
1667 1999 1876 2063 queant?
1904 1998 2038 2046 Sicut
2063 1999 2193 2045 enim
2218 1998 2268 2044 in
2294 2014 2390 2043 uno

230 2076 432 2127 homine
454 2079 538 2145 qui
558 2080 700 2128 simul
722 2081 989 2131 substantia
1003 2091 1075 2130 est
1091 2091 1139 2130 et
1161 2097 1356 2147 corpus,
1383 2081 1459 2128 vel
1483 2090 1653 2128 caetera
1672 2080 1860 2146 singula
1882 2097 1990 2146 quae
2011 2078 2237 2146 praedicta
2259 2088 2387 2137 sunt,

230 2168 278 2206 et
300 2158 512 2210 fortassis
535 2172 775 2227 quantum
805 2162 868 2211 ad
901 2162 1116 2212 diversos
1151 2173 1288 2229 pater
1322 2173 1371 2211 et
1409 2161 1551 2223 filius,
1579 2163 1669 2210 alia
1695 2172 1765 2211 est
1803 2162 2072 2228 proprietas
2095 2159 2386 2216 substantiae,

231 2238 320 2287 alia
342 2243 580 2307 corporis,
609 2253 656 2291 et
677 2254 981 2307 caeterorum,
1009 2254 1056 2292 et
1075 2244 1167 2292 alia
1194 2253 1267 2292 est
1288 2244 1439 2310 patris
1466 2253 1513 2292 et
1546 2243 1630 2291 filli
1659 2261 1669 2290 :
1697 2243 1762 2292 ita
1781 2252 1828 2292 et
1850 2243 1901 2291 in
1932 2245 2055 2305 Deo,
2081 2241 2193 2290 licet
2220 2239 2389 2289 eadem

231 2321 435 2369 essentia
457 2323 518 2370 sit
545 2327 682 2372 Pater
705 2335 752 2373 et
776 2325 923 2373 Filius
945 2334 991 2373 et
1012 2325 1216 2392 Spiritus
1234 2335 1445 2388 sanctus,
1471 2325 1564 2374 alia
1585 2335 1747 2373 tamen
1773 2333 1847 2372 est
1858 2323 2127 2390 proprietas
2152 2322 2301 2369 Patris
2320 2339 2390 2368 se·

230 2400 450 2450 cundum
473 2403 609 2469 quod
630 2406 811 2454 scilicet
835 2416 1048 2471 generat,
1074 2405 1168 2455 alia
1191 2406 1296 2454 Filii
1316 2405 1586 2455 secundum
1615 2405 1751 2472 quod
1771 2414 2045 2471 generatur,
2077 2403 2171 2451 alia
2189 2402 2390 2467 Spiritus

231 2483 382 2531 sancti
403 2484 674 2534 secundum
707 2487 842 2552 quod
874 2487 1112 2554 procedit.
1136 2490 1269 2547 Quas
1288 2487 1488 2554 quidem
1511 2487 1831 2554 proprietates
1853 2486 2043 2552 plenius
2070 2498 2384 2549 exponemus.

230 2563 278 2610 Si
301 2565 407 2629 quis
432 2565 555 2614 forte
578 2566 628 2614 id
651 2567 788 2634 quod
813 2567 875 2618 de
899 2585 1062 2618 rerum
1086 2569 1336 2618 identitate
1357 2568 1435 2617 vel
1460 2569 1816 2635 proprietatum
1848 2566 2122 2614 diversitate
2149 2571 2386 2611 monstra·

232 2661 356 2707 mus,
379 2662 481 2694 non
498 2648 611 2695 satis
634 2648 695 2697 ad
720 2665 825 2697 rem
847 2666 995 2715 quam
1018 2651 1365 2717 proposuimus
1377 2649 1620 2716 pertinere
1643 2648 1789 2709 dicat,
1813 2647 1905 2695 nisi
1928 2646 2071 2694 etiam
2084 2645 2134 2691 in
2149 2641 2389 2708 aliquibus

231 2723 378 2773 rebus
409 2744 505 2775 una
536 2739 854 2794 permanente
883 2731 1090 2779 essentia
1116 2769 1129 2793 ,
1155 2731 1318 2797 plures
1341 2747 1544 2795 quoquo
1565 2729 1717 2777 modo
1745 2743 1976 2795 personas
2000 2725 2153 2774 inesse
2182 2724 2389 2773 demon-

230 2815 453 2865 stremus,
489 2819 717 2873 agnoscat
740 2810 927 2859 nullam
961 2829 1016 2859 ex
1050 2821 1155 2859 toto
1179 2811 1562 2870 similitudinem,
1590 2809 1676 2858 sed
1698 2825 1755 2857 ex
1782 2817 1918 2874 parte
1946 2806 2159 2872 aliquam
2192 2804 2383 2864 induci3

232 2888 448 2953 alioquin
475 2888 701 2937 identitas
726 2892 889 2956 potius
912 2908 1059 2958 quam
1082 2890 1349 2939 similitudo
1372 2891 1628 2939 diceretur.
1660 2894 1724 2938 Ut
1748 2899 1909 2939 tamen
1936 2898 1983 2938 et
2012 2889 2063 2936 in
2085 2887 2183 2936 hoc
2208 2885 2387 2935 satisfa-

231 2984 340 3016 cere
379 2969 639 3033 valeamus,
664 2970 832 3020 divina
853 2972 997 3020 nobis
1027 2989 1084 3020 ex
1108 2973 1325 3038 ipsorum
1350 2970 1534 3020 artibus
1559 2972 1710 3037 gratia
1732 2970 1962 3037 providit.
1992 2973 2112 3018 Nam
2143 2978 2191 3017 et
2214 2970 2388 3017 Gram-

229 3050 394 3098 matici
416 3067 530 3099 cum
552 3061 649 3100 tres
672 3051 971 3118 distinguunt
997 3069 1248 3120 personas,
1264 3053 1474 3119 primam
1487 3053 1710 3102 videlicet
1733 3069 1840 3118 quae
1861 3051 2095 3118 loquitur,
2120 3047 2385 3099 secundam

230 3128 292 3177 ad
311 3146 459 3195 quam
481 3132 714 3197 loquitur,
742 3135 931 3183 tertiam
956 3134 1019 3184 de
1040 3151 1138 3202 qua
1161 3134 1478 3200 tanquam'ab
1506 3135 1722 3200 utrisque
1748 3133 1937 3182 diversa
1961 3131 2247 3197 loquuntur,
2278 3144 2384 3193 per-

231 3226 480 3272 sonarum,
502 3213 639 3277 juxta
661 3230 828 3264 earum
851 3217 1198 3282 proprietates,
1238 3215 1562 3264 diversitatem
1598 3215 1890 3279 intelligunt,
1930 3222 1983 3260 ut
2020 3212 2177 3260 eidem
2211 3209 2278 3257 rei
2318 3208 2383 3255 sic

232 3299 327 3339 tres
349 3292 461 3340 istas
493 3311 725 3358 personas
758 3297 911 3345 inesse
935 3297 1189 3360 fateantur,
1217 3307 1270 3345 ut
1295 3296 1424 3344 idem
1465 3297 1617 3346 homo
1644 3307 1690 3345 et
1716 3297 1873 3362 prima
1898 3295 1957 3343 sit
1981 3308 2189 3360 persona
2211 3306 2379 3339 secuu-
