2638 3866
946 222 1247 270 THEOLOG!
1256 224 1289 272 A
1334 222 1703 272 CHRISTIANA.
2297 227 2383 275 431

251 339 304 378 ut
320 325 560 377 custodiat
585 334 631 372 te
655 339 683 371 a
706 321 907 371 muliere
929 332 1172 386 extranea,
1198 341 1304 389 quae
1327 324 1475 373 verba
1498 331 1584 373 sua
1607 324 1768 373 dulcia
1792 324 1916 372 facit.
1946 327 2017 374 De
2041 325 2247 376 fenestra
2270 330 2398 377 enim

252 410 429 459 domus
459 421 578 455 meae
608 405 835 471 prospexi
859 403 1110 468 juvenem,
1149 415 1198 452 et
1233 421 1345 453 ecce
1386 404 1558 454 mulier
1591 405 1803 453 occurrit
1835 405 1879 452 ei
1913 417 2087 455 ornatu
2129 410 2400 457 meretricio

255 498 519 557 praeparata
552 486 614 535 ad
652 485 912 552 capiendas
947 486 1150 534 animas.
1184 487 1353 534 Statim
1386 503 1492 534 eam
1530 486 1786 550 sequitui-¹,
1824 487 1962 550 quasi
1999 487 2090 536 lios
2130 488 2304 537 ductus
2342 491 2402 538 ad

253 572 516 630 victimam,
554 569 781 633 ignorans
812 565 948 632 quod
982 566 1043 614 ad
1074 567 1266 615 vincula
1298 566 1470 615 stultus
1497 566 1732 626 trabatur,
1766 566 1924 615 donec
1957 569 2201 635 transfigat
2235 571 2402 636 sagitta

254 669 342 702 cor
376 653 496 718 ejus,
532 650 665 698 velut
695 648 735 696 si
766 648 866 696 avis
899 648 1089 697 festinet
1114 648 1175 696 ad
1206 648 1459 713 laqueum3
1497 656 1544 697 et
1574 648 1729 696 nescit
1762 649 1873 713 quia
1906 649 1967 697 de
1993 651 2207 716 periculo
2235 653 2405 701 animae

254 734 379 783 illius
402 734 575 798 agitur.
606 734 744 781 Nunc
766 747 900 795 ergo,
929 730 995 778 fili
1017 730 1100 787 mi,
1129 729 1243 777 audi
1268 746 1364 791 me,
1387 746 1448 778 ne
1471 729 1777 777 abstrahatur
1800 730 1849 776 in
1872 730 1958 777 viis
1982 731 2106 779 illius
2126 749 2263 780 mens
2291 744 2371 782 tua
2390 773 2401 794 ,

254 830 414 880 neque
451 812 707 879 decipiaris
743 811 926 859 semitis
966 812 1096 877 ejus;
1139 810 1318 859 multos
1367 811 1498 858 enim
1528 811 1806 858 vulneratos
1839 810 2042 875 dejecit,
2083 822 2130 859 et
2167 812 2405 862 fortissimi

254 895 436 960 quique
467 892 704 942 interfecti
735 901 849 940 sunt
880 892 943 940 ab
976 909 1046 940 ea.
1076 892 1174 939 Viae
1198 891 1335 939 inferi
1360 890 1536 939 domus
1568 891 1670 956 ejus
1690 901 1998 956 penetrantes
2021 892 2084 940 ad
2109 893 2354 942 inferiora.
2382 917 2402 939 ‚2

259 975 390 1023 Idem
424 976 474 1023 in
500 973 808 1023 Ecclesiaste¹
835 991 845 1020 :
875 973 1128 1021 «Lustravi
1158 973 1380 1021 universa
1406 973 1570 1020 animo
1591 989 1720 1033 meo,
1753 981 1807 1020 ut
1830 989 2093 1038 quaererem
2116 975 2407 1040 Sapientiam

259 1068 306 1105 et
343 1057 600 1116 rationem,
633 1066 681 1103 et
705 1055 868 1104 inveni
901 1056 1188 1103 amariorem
1217 1065 1375 1102 morte
1421 1054 1699 1113 mulierem,
1743 1072 1849 1119 quae
1886 1055 2086 1120 laqueus
2125 1066 2410 1105 venatorum

261 1147 348 1201 est,
373 1148 422 1186 et
444 1153 620 1202 sagena
642 1154 729 1185 cor
752 1141 872 1202 ejus.
898 1137 1104 1185 Vincula
1133 1137 1263 1184 enim
1288 1142 1401 1184 sunt
1426 1152 1596 1184 manus
1625 1135 1768 1183 illius.
1796 1136 1891 1194 Qui
1918 1136 2072 1201 placet
2096 1140 2198 1185 Deo
2222 1138 2413 1203 effugiet

261 1236 395 1282 eam3
425 1220 509 1285 qui
533 1229 694 1268 autem
718 1228 946 1284 peccator
969 1228 1056 1280 est,
1092 1219 1307 1285 capietur
1339 1217 1401 1266 ab
1431 1234 1503 1266 ea.
1530 1238 1552 1261 ›>
1580 1218 1725 1265 ltem⁸
1748 1235 1757 1263 ε
1792 1219 1991 1265 «Virum
2017 1218 2078 1266 de
2104 1219 2234 1267 mille
2264 1237 2413 1268 unum

262 1301 437 1367 reperi,
465 1300 717 1348 mulierem
741 1317 802 1348 ex
831 1300 1058 1348 omnibus
1077 1317 1178 1348 non
1202 1300 1417 1348 inveni.»
1440 1299 1524 1346 His
1545 1308 1592 1346 et
1615 1298 1694 1346 illa
1710 1309 1982 1347 consonant
2003 1299 2065 1347 de
2087 1300 2416 1349 Ecclesiastico

262 1381 325 1430 de
355 1382 583 1430 molestiis
610 1391 659 1429 et
689 1381 963 1448 periculoso
1001 1381 1289 1429 feminarum
1324 1379 1570 1428 consortio
1597 1389 1695 1427 tam
1730 1381 2039 1445 propriarum
2078 1398 2224 1446 quam
2259 1393 2413 1430 extra-

263 1466 531 1511 nearum‘:
575 1466 729 1511 «Non
778 1464 901 1511 zeles
939 1462 1191 1511 mulierem
1230 1463 1365 1510 sinus
1406 1462 1501 1520 tui,
1546 1478 1608 1508 ne
1651 1460 1875 1509 ostendat
1921 1462 2151 1510 malitiam
2189 1463 2417 1511 doctrina·

265 1561 494 1610 nequam.
515 1549 583 1593 Ne
607 1545 693 1592 des
716 1544 906 1593 mulieri
927 1554 1213 1610 potestatem
1236 1544 1407 1591 animae
1432 1553 1542 1605 tuae,
1568 1559 1631 1590 ne
1653 1541 1950 1606 ingrediatur
1973 1544 2021 1590 in
2045 1545 2271 1592 virtutem
2285 1555 2418 1592 tuam

266 1637 314 1674 et
334 1627 667 1675 confundaris.
690 1629 797 1674 Non
822 1627 1047 1692 respicies
1064 1626 1316 1674 mulierem
1339 1625 1658 1686 multivolam,
1693 1641 1754 1671 ne
1785 1623 1906 1672 forte
1937 1626 2118 1674 incidas
2153 1627 2203 1673 in
2226 1626 2422 1691 laqueos

268 1707 407 1755 illius.
435 1730 458 1753 >2
494 1712 639 1757 Item³
666 1727 676 1756 :
707 1730 729 1753 «
746 1710 1006 1774 Operarius
1028 1707 1247 1756 ebriosus
1273 1722 1374 1754 non
1401 1704 1775 1772 locupletabitur
1791 1743 1802 1765 ,
1830 1707 1983 1771 etqui
2006 1708 2187 1773 spernit
2209 1708 2419 1769 modica,

268 1789 499 1854 paulatim
535 1789 742 1837 decidet.
778 1791 959 1837 Vinum
991 1799 1039 1837 et
1075 1789 1300 1837 mulieres
1336 1798 1606 1856 apostatare
1640 1787 1823 1835 faciunt
1861 1789 2099 1853 sapientes
2134 1799 2181 1836 et
2217 1800 2424 1854 arguunt

269 1880 500 1918 sensatos.
528 1891 551 1914 »
590 1871 734 1919 Item⁶
761 1887 772 1917 ε
800 1871 1008 1918 «Omnis
1033 1870 1173 1936 plaga
1201 1871 1389 1919 tristitia
1422 1867 1583 1917 cordis
1615 1877 1702 1927 est,
1739 1877 1786 1916 et
1809 1869 1967 1916 omnis
2000 1870 2182 1918 malitia
2212 1871 2423 1936 nequitia

272 1952 499 2000 mulieris.
534 1955 642 1999 Non
674 1961 746 1999 est
775 1961 922 2018 caput
957 1950 1164 2017 nequius
1202 1968 1348 2018 super
1374 1951 1531 2016 capite
1564 1948 1771 2004 colubri,
1806 1960 1852 1997 et
1884 1967 1983 1998 non
2019 1951 2090 1999 ira
2125 1968 2269 2017 super
2303 1952 2421 2000 iram

272 2032 500 2080 mulieris.
528 2032 833 2081 Commorari
856 2032 986 2080 leoni
1009 2032 1280 2081 et‘draconi
1306 2031 1532 2099 placebit,
1558 2047 1705 2095 quam
1729 2030 1948 2079 habitare
1981 2048 2093 2078 cum
2125 2033 2324 2080 muliere
2347 2050 2426 2080 ne-

271 2130 436 2179 quam.
483 2115 642 2161 Brevis
677 2114 836 2161 omnis
868 2114 1050 2161 malitia
1087 2130 1234 2178 super
1263 2113 1496 2160 malitiam
1536 2111 1776 2172 mulieris,
1821 2127 1925 2158 sors
1952 2122 2265 2176 peccatorum
2300 2113 2428 2160 cadit

273 2211 418 2260 super
449 2210 574 2242 earn.
604 2193 774 2242 Mulier
800 2195 838 2241 si
864 2195 1125 2260 primatum
1154 2193 1357 2254 babeat,
1385 2192 1627 2241 contraria
1652 2201 1722 2238 est
1753 2191 1857 2238 viro
1877 2209 1984 2251 suo,
2017 2202 2064 2239 et
2087 2192 2225 2258 plaga
2261 2194 2430 2241 mortis

276 2274 450 2322 mulier
484 2291 713 2339 nequam.
743 2278 779 2322 A
802 2273 1003 2322 muliere
1026 2274 1218 2321 initium
1241 2273 1419 2321 sactum
1453 2283 1524 2321 est
1555 2272 1759 2339 peccati,
1786 2281 1833 2319 et
1861 2289 1948 2338 per
1971 2272 2102 2321 illam
2125 2290 2296 2321 omnes
2320 2291 2430 2322 mo-

276 2355 445 2403 rimur.
476 2359 584 2403 Non
617 2355 702 2403 des
734 2371 869 2420 aquae
901 2363 994 2401 tuae
1026 2354 1225 2416 exitum,
1254 2370 1346 2402 nec
1382 2353 1574 2401 mulieri
1607 2369 1818 2418 nequam
1849 2354 2042 2402 veniam
2075 2354 2367 2420 prodeundi.
2398 2359 2431 2402 A

276 2436 549 2484 carnalibus
582 2436 676 2483 tuis
710 2435 905 2484 abscide
937 2435 1087 2494 illam,
1123 2451 1186 2482 ne
1215 2451 1407 2500 semper
1428 2434 1674 2482 abutatur.
1701 2454 1724 2477 2»
1761 2437 1820 2481 Et
1852 2437 2072 2483 rursum⁷
2100 2454 2109 2483 ε
2140 2456 2163 2482 «
2183 2440 2236 2484 ln
2271 2436 2432 2485 medio

276 2517 533 2566 mulierum
551 2517 667 2565 nolo
688 2517 1002 2577 commorari,
1030 2516 1091 2563 de
1114 2516 1416 2564 vestimentis
1439 2515 1571 2563 enim
1594 2515 1815 2581 procedit
1838 2516 1986 2576 tinea,
2007 2526 2053 2564 et
2075 2534 2103 2565 a
2127 2517 2326 2565 muliere
2340 2518 2428 2564 ini-

277 2599 436 2664 quitas
459 2598 565 2646 viri.
603 2598 774 2646 Melior
805 2608 875 2646 est
895 2598 1122 2663 iniquitas
1144 2597 1255 2656 viri,
1276 2613 1425 2662 quam
1448 2595 1754 2644 benefaciens
1778 2597 1950 2644 mulier
1975 2606 2022 2644 et
2043 2598 2217 2646 mulier
2234 2599 2436 2645 confun-

280 2680 401 2727 dens
431 2679 481 2726 in
512 2680 899 2745 opprobrium.»
932 2679 1057 2725 Hinc
1088 2688 1136 2726 et
1166 2678 1268 2743 ipsa
1303 2677 1549 2742 Sapientia
1577 2677 1627 2723 in
1658 2676 1853 2724 laudem
1887 2678 2127 2742 virginum
2157 2696 2239 2726 seu
2274 2678 2433 2725 conti-

283 2760 501 2807 nentium
535 2760 846 2825 proprumpit
881 2759 1073 2807 dicens⁸
1109 2777 1119 2804 :
1160 2758 1333 2805 «Felix
1379 2757 1550 2804 sterilis
1586 2765 1633 2803 et
1667 2757 2057 2820 incoinquinata,
2100 2776 2206 2823 quae
2237 2759 2435 2806 nescivit

284 2840 482 2888 thorum
522 2840 571 2886 in
610 2839 806 2899 delicto,
849 2838 1051 2887 habebit
1086 2838 1295 2885 fructum
1334 2837 1382 2884 in
1424 2837 1724 2902 respectione
1759 2837 2030 2885 animarum
2058 2849 2351 2901 sanctarum,
2391 2850 2437 2887 et

283 2920 437 2987 spado
457 2920 540 2985 qui
563 2936 663 2967 non
689 2930 917 2985 operatus
939 2928 1010 2966 est
1031 2935 1118 2983 per
1145 2933 1315 2964 manus
1334 2933 1444 2964 suas
1468 2916 1785 2980 iniquitatem,
1828 2934 1928 2965 non
1964 2920 2189 2984 cogitavit
2211 2919 2441 2968 adversus

285 3004 443 3050 Deum
480 3000 802 3066 nequissima3
843 2998 1039 3048 dabitur
1077 2999 1206 3047 enim
1244 2998 1289 3046 ei
1323 2996 1436 3045 fidei
1472 2996 1659 3045 donum
1692 2999 1918 3061 electum,
1957 3010 2004 3048 et
2039 3018 2143 3049 sors
2174 3002 2222 3050 in
2257 3002 2437 3068 templo

288 3083 376 3131 Dei
413 3082 760 3148 acceptissima.
790 3099 811 3125 υ
854 3082 911 3128 Et
949 3080 1123 3128 iterum
1162 3078 1280 3127 illud
1320 3078 1456 3144 quod
1486 3079 1587 3144 jam
1629 3096 1774 3145 supra
1812 3082 2126 3146 posuimus⁹z
2173 3086 2257 3132 «O
2293 3101 2438 3149 quam

334 3292 342 3310 ¹
360 3290 479 3329 Prov.,
495 3300 567 3331 cap.
587 3298 644 3328 vu,
662 3299 692 3321 v.
710 3291 763 3322 22.
780 3307 817 3312 —-
834 3289 844 3308 ²
859 3287 998 3327 Ecdes„
1011 3298 1083 3329 cap.
1103 3296 1160 3326 vu,
1177 3296 1209 3320 v.
1227 3289 1278 3321 26.
1295 3305 1332 3311 —
1410 3296 1439 3320 v.
1462 3287 1861 3330 1.—⁸Eccli.‚cap.xxv,
1882 3299 1912 3323 v.
1928 3293 1963 3325 17
1973 3296 2059 3334 etsq.
2075 3293 2254 3331 -7Eccl12,
2273 3305 2344 3336 cap.
2364 3306 2443 3337 un,

289 3343 302 3362 ⁸
320 3342 421 3383 wid..
438 3353 467 3376 v.
487 3345 582 3377 29.—
595 3345 604 3364 ⁴
618 3342 820 3384 Eccli.,cap.
841 3351 922 3383 ix,v.
939 3344 1041 3376 1.-⁵
1057 3342 1332 3388 Eccli.,cap.x1x‚
1408 3350 1437 3374 v.
1456 3342 1506 3375 13.
1522 3360 1562 3366 -—
1577 3343 1590 3362 ⁸
1606 3342 1705 3384 Sap„
1722 3353 1795 3385 cap.
1817 3353 1871 3386 iu,
1895 3354 1924 3377 v.
1948 3347 1998 3380 13.
2017 3364 2055 3371 —
2073 3350 2085 3369 ⁹
2099 3350 2196 3391 Sap..
2214 3359 2285 3391 cap.
2307 3361 2349 3393 iv,
2367 3363 2395 3384 v.
2417 3357 2441 3385 1.
