2638 3866
229 231 327 279 476
1041 228 1212 275 PETRI
1246 228 1558 275 ABAELARDI

231 333 374 381 Filius
402 343 487 392 est,
516 348 661 396 quam
683 331 732 377 in
759 331 1004 391 creaturiS,
1040 331 1089 377 in
1123 331 1299 395 quibus
1331 340 1401 378 est
1431 330 1600 378 saltem
1632 330 1894 378 formarum
1926 331 2199 395 diversitas,
2227 334 2368 398 atoue

233 415 379 478 ipsius
403 411 674 460 substantiae
698 409 977 459 instabilitas
999 410 1285 475 assiduaque
1309 411 1526 458 variatio.

299 492 561 551 Quomodo
593 508 734 555 ergo,
769 491 807 537 si
842 490 1166 538 concedamus
1201 492 1250 539 in
1290 493 1518 539 creaturis
1552 501 1750 558 propter
1786 492 2087 540 identitatem
2120 495 2362 551 essentiae,

234 573 364 636 quod
397 572 476 619 hic
508 571 680 619 sedens
702 581 775 618 est
798 571 878 619 hic
899 571 1062 631 albus,
1089 572 1165 620 vel
1197 572 1278 619 hic
1303 574 1386 636 qui
1415 576 1552 621 Pater
1582 582 1651 620 est
1672 572 1815 620 Filius
1850 583 1938 634 est,
1964 590 2065 621 non
2094 572 2191 621 hoc
2215 575 2370 639 magis

233 654 280 699 in
311 656 414 700 Deo
444 653 756 718 recipiamus,
792 662 846 699 ut
874 653 912 699 is
943 652 1166 700 videlicet
1195 654 1277 717 qui
1310 655 1449 700 Pater
1482 662 1552 701 est
1588 653 1730 700 Filius
1764 653 1849 712 sit,
1882 670 1992 700 cum
2029 654 2087 700 sit
2124 655 2372 719 utriusque

234 734 375 780 unica
415 743 463 780 et
508 732 759 787 individua
796 749 991 797 prorsus
1032 749 1089 780 ac
1130 750 1260 781 mera
1303 733 1622 798 substantia?
1655 737 1745 780 Aut
1784 733 1862 780 bic
1901 735 1982 797 qui
2023 737 2160 782 Pater
2201 745 2273 782 est
2315 736 2374 782 sit

234 816 512 862 Incarnatus
561 814 681 860 sicut
727 822 774 859 et
819 813 962 860 Filius
980 849 993 869 ,
1054 830 1165 860 cum
1210 813 1379 860 eadem
1428 813 1692 861 substantia
1733 830 1837 878 quae
1886 817 2023 861 Pater
2071 824 2139 862 est
2179 831 2370 862 carnem

234 896 511 959 susceperit,
539 895 668 941 sicut
690 910 745 941 ea
767 910 873 958 quae
897 893 1039 940 Filius
1065 903 1152 954 est,
1178 910 1290 941 cum
1319 893 1486 941 eadem
1520 894 1710 959 penitus
1742 893 2004 942 substantia
2034 895 2095 942 sit
2126 896 2371 960 utriusque

233 992 448 1023 uersonae
468 975 486 1022 Ρ

299 1057 519 1120 Denique
541 1074 651 1104 cum
675 1057 795 1104 nihil
818 1057 865 1103 in
894 1059 998 1103 Deo
1022 1056 1080 1103 sit
1102 1065 1271 1121 praeter
1294 1056 1488 1103 unicam
1512 1056 1766 1104 essentiam
1795 1055 2023 1121 simplicis
2046 1065 2094 1103 et
2115 1055 2372 1104 individuae

235 1137 436 1184 omnino
471 1137 763 1198 substantiae,
805 1147 852 1184 et
888 1139 1017 1183 Deus
1055 1140 1210 1184 Deum
1249 1147 1459 1200 generet,
1495 1136 1591 1184 hoc
1627 1147 1698 1184 est
1734 1141 1870 1184 Pater
1907 1137 2096 1198 Filium,
2137 1137 2374 1201 numquid

234 1217 500 1266 substantia
519 1218 834 1265 substantiam
857 1217 1088 1282 generat?
1121 1220 1177 1264 Et
1199 1234 1312 1264 cum
1335 1217 1504 1265 eadem
1526 1218 1585 1265 sit
1604 1218 1795 1283 penitus
1817 1217 2084 1265 substantia
2106 1234 2211 1282 quae
2234 1215 2375 1282 gene-

234 1307 365 1345 ratur
385 1316 495 1345 cum
519 1315 575 1347 ea
591 1316 696 1363 quae
711 1307 934 1363 generat,
965 1298 1204 1363 numquid
1228 1298 1356 1345 idem
1381 1299 1589 1364 seipsum
1610 1299 1838 1362 generat?
1862 1298 2006 1357 Quod
2025 1309 2185 1346 autem
2205 1297 2373 1345 eadem

234 1395 308 1425 res
333 1380 538 1444 seipsam
563 1381 741 1443 gignat,
767 1396 865 1426 non
892 1378 1048 1425 solum
1068 1379 1288 1426 omnium
1317 1379 1457 1439 ratio,
1492 1396 1656 1426 verum
1682 1388 1957 1426 sanctorum
1982 1382 2176 1426 Patrum
2201 1379 2375 1444 scripta

236 1458 548 1518 detestantur,
574 1460 780 1508 maxime
803 1461 851 1507 in
876 1459 968 1508 hac
993 1460 1095 1524 ipsa
1117 1459 1425 1524 generatione
1443 1459 1623 1520 divina,
1647 1459 1709 1506 de
1727 1476 1820 1524 qua
1843 1460 2128 1528 Augustinus
2146 1459 2195 1505 in
2215 1459 2375 1523 primo

234 1538 290 1585 cle
325 1542 558 1587 Trinitate
589 1542 682 1588 ait¹
707 1559 717 1587 ε
749 1541 882 1599 «Qui
910 1550 1046 1606 putat
1076 1540 1177 1604 ejus
1212 1541 1437 1605 potentiae
1462 1543 1645 1601 Deum,
1679 1550 1732 1587 ut
1759 1542 1967 1605 seipsum
1996 1539 2098 1604 ipse
2128 1539 2371 1602 genuerit,

235 1636 292 1666 eo
330 1620 437 1685 plus
471 1631 596 1669 errat
629 1622 763 1685 quod
801 1638 900 1668 non
927 1621 1082 1668 solum
1118 1624 1246 1668 Deus
1281 1622 1345 1668 ita
1374 1638 1474 1667 non
1511 1630 1599 1680 est,
1635 1620 1720 1668 sed
1756 1636 1847 1667 nec
1877 1618 2133 1685 spiritualis
2162 1628 2376 1666 creatura

235 1717 324 1747 nec
349 1701 625 1765 corporalis.
647 1720 671 1745 »
700 1701 835 1748 Nulla
853 1701 982 1748 enim
1007 1702 1207 1747 omnino
1235 1718 1311 1748 res
1331 1711 1402 1748 est
1424 1718 1529 1764 quae
1549 1701 1754 1766 seipsam
1773 1701 1949 1765 gignat.
1978 1701 2176 1746 Constat
2199 1699 2378 1764 quippe
2402 1698 2403 1701 ’
2435 1744 2437 1746 .

236 1798 382 1829 omne
405 1781 539 1846 quod
562 1782 623 1830 de
647 1785 751 1829 Deo
779 1781 970 1842 dicitur,
1003 1781 1064 1828 de
1098 1783 1316 1846 personis
1346 1782 1460 1846 ipsis
1491 1791 1574 1828 aut
1603 1781 1839 1844 sigillatim
1870 1790 1951 1828 aut
1984 1780 2283 1844 conjunctim
2309 1779 2380 1826 di-

236 1863 443 1910 cendum
471 1880 590 1921 esse,
621 1862 716 1910 hoc
747 1872 831 1910 est'
849 1862 909 1909 de
943 1878 1042 1909 una
1070 1877 1236 1908 earum
1268 1872 1351 1909 aut
1382 1861 1442 1908 de
1478 1860 1698 1926 pluribus
1723 1860 1884 1908 simul.
1911 1861 1958 1906 Si
1996 1877 2110 1923 ergo
2145 1862 2276 1906 Deus
2300 1876 2380 1905 se-

236 1945 396 2009 ipsum
424 1945 658 2007 genuerit,
687 1943 852 2007 utique
878 1952 960 1990 aut
979 1942 1136 2006 aliqua
1160 1942 1305 1988 trium
1330 1958 1646 2007 personarum
1670 1941 1895 2006 seipsam,
1923 1951 2006 1987 aut
2028 1940 2190 2004 plures
2213 1955 2378 1987 earum

236 2025 412 2089 seipsas
433 2023 871 2088 genuerunt.Quod
896 2023 935 2069 si
957 2022 1116 2087 aliqua
1139 2022 1286 2069 trium
1310 2039 1626 2087 personarum
1649 2023 1852 2087 seipsam
1880 2020 2113 2084 genuerit,
2139 2019 2215 2066 vel
2242 2022 2380 2067 Pater

235 2106 336 2170 ipse
360 2106 509 2169 gignit
531 2122 598 2165 se,
621 2104 697 2152 vel
718 2104 861 2151 Filius
880 2104 999 2168 ipse,
1023 2102 1097 2150 vel
1117 2103 1323 2167 Spiritus
1342 2113 1552 2151 sanctus.
1577 2103 1722 2161 Quod
1745 2103 1784 2150 si
1812 2106 1948 2149 Pater
1969 2100 2179 2165 seipsum
2199 2099 2375 2164 gignat,

236 2186 452 2250 profecto
475 2187 576 2251 ipse
608 2185 681 2232 sui
704 2194 774 2232 est
796 2185 940 2231 Filius
961 2202 972 2243 ;
999 2193 1045 2230 et
1073 2184 1139 2230 ita
1169 2183 1379 2230 confusae
1403 2193 1513 2231 sunt
1543 2200 1778 2249 personae,
1803 2198 1915 2230 cum
1939 2179 2018 2228 ille
2043 2181 2126 2245 qui
2150 2183 2287 2227 Pater
2311 2190 2382 2228 est

237 2267 295 2312 sit
313 2266 472 2314 Filius.
503 2266 681 2313 Eadem
706 2281 901 2329 quoque
926 2264 1147 2311 confusio
1179 2274 1280 2325 est,
1297 2264 1392 2311 hoc
1423 2274 1492 2311 est
1515 2264 1771 2329 permixtio
1799 2277 2135 2328 personarum,
2162 2261 2198 2307 si
2223 2260 2382 2325 aliqua

237 2344 438 2393 aliarum
462 2347 666 2411 seipsam
691 2346 868 2408 gignat,
897 2344 993 2391 hoc
1015 2354 1086 2391 est
1110 2344 1168 2391 sit
1190 2355 1325 2409 pater
1347 2345 1435 2391 sui.

303 2428 531 2473 Praeterea
567 2426 605 2471 si
638 2428 766 2471 Deus
800 2427 955 2470 Deum
991 2434 1202 2487 generat,
1244 2424 1408 2487 utique
1433 2425 1505 2471 vel
1535 2425 1743 2490 seipsum
1768 2424 1842 2470 vel
1873 2422 2226 2470 alium‘Deum.
2259 2419 2384 2467 Alius

242 2524 353 2553 vero
389 2507 518 2554 Deus
541 2506 602 2553 ab
636 2506 730 2552 alio
752 2522 854 2552 non
877 2515 1033 2569 potest
1056 2521 1175 2562 esse,
1206 2503 1291 2551 sed
1327 2521 1452 2551 unus
1476 2514 1662 2551 tantum
1689 2508 1848 2561 Deus3
1875 2519 1966 2549 nec
1993 2502 2126 2565 juxta
2158 2500 2384 2563 Augusti-

239 2605 359 2635 num
382 2598 428 2634 et
445 2586 798 2652 suprapositam
824 2585 1077 2641 rationem,
1095 2587 1224 2631 Deus
1246 2584 1456 2649 seipsum
1474 2601 1700 2649 generare
1719 2594 1892 2650 potest.
1910 2583 2101 2646 Quippe
2119 2581 2156 2627 si
2173 2580 2384 2644 seipsum

240 2672 367 2716 Deus
404 2667 622 2732 genuerit
639 2704 652 2728 ,
678 2666 844 2729 utique
867 2666 967 2730 ipse
996 2668 1125 2712 Deus
1148 2666 1221 2712 sui
1243 2674 1379 2730 pater
1401 2674 1488 2712 est.
1517 2665 1662 2722 Quod
1686 2666 1725 2712 si
1748 2666 1849 2730 ipse
1876 2666 2006 2710 Deus
2028 2670 2164 2726 pater
2196 2669 2266 2707 est
2288 2660 2385 2718 sui,-

243 2750 455 2813 profecto
486 2748 563 2795 vel
587 2751 716 2794 Deus
736 2749 877 2794 Pater
905 2756 973 2793 est
998 2756 1132 2810 pater
1150 2746 1240 2807 sui,
1275 2745 1351 2793 vel
1379 2762 1479 2794 non
1505 2748 1634 2792 Deus
1656 2749 1792 2793 Pater
1811 2754 1881 2792 est
1914 2751 2048 2808 pater
2072 2741 2161 2787 sui.
2191 2742 2245 2786 At
2265 2745 2380 2786 vero

242 2831 368 2876 Deus
404 2833 543 2876 Pater
577 2828 724 2874 solius
754 2827 874 2886 Filii,
910 2835 956 2874 et
980 2843 1080 2873 non
1103 2826 1177 2873 sui
1198 2827 1345 2891 ipsius
1368 2836 1505 2891 pater
1532 2836 1620 2873 est.
1663 2829 1767 2873 Non
1804 2825 1945 2888 igitur
1974 2824 2103 2870 Deus
2137 2823 2276 2867 Pater
2313 2829 2382 2866 est

245 2917 377 2972 pater
406 2910 495 2955 sui.
533 2912 591 2955 At
624 2924 787 2955 rursus
812 2908 850 2954 si
875 2906 1047 2954 falsum
1070 2907 1129 2954 sit
1153 2910 1309 2954 Deum
1344 2910 1529 2954 Patrem
1556 2922 1656 2954 esse
1681 2915 1866 2971 patrem
1896 2901 2186 2964 sui;.utique
2213 2899 2382 2948 falsum

246 2997 332 3047 est,
364 2991 518 3034 Deum
547 2992 735 3035 Patrem
764 2988 834 3034 sui
865 3003 964 3035 esse
994 2997 1181 3052 patrem
1205 2987 1294 3033 sui.
1321 2989 1373 3032 At
1393 3003 1509 3033 vero
1535 2987 1641 3051 quis
1675 2995 1826 3051 ponat
1857 2980 2038 3047 aliquid
2072 2997 2174 3027 esse
2198 2989 2383 3044 patrem

247 3068 335 3124 sui,
364 3077 411 3114 et
436 3068 762 3115 contradicere
784 3067 958 3114 audeat
984 3068 1144 3132 ipsum
1167 3076 1350 3131 patrem
1371 3067 1442 3113 sui
1467 3083 1568 3113 esse
1591 3075 1776 3131 patrem
1799 3063 1907 3112 sui?

315 3150 420 3204 Qua
443 3147 586 3193 etiam
621 3147 824 3203 ratione,
860 3164 971 3194 cum
991 3164 1087 3195 una
1112 3157 1297 3195 tantum
1323 3146 1587 3194 substantia
1616 3146 1675 3193 sit
1712 3145 1855 3192 trium
1885 3147 2299 3207 personarum‚ut
2323 3138 2382 3184 sit

292 3337 299 3354 ¹
319 3336 456 3372 August.
475 3332 513 3364 de
531 3330 670 3371 Trinit.‚
692 3331 752 3362 lib.
769 3330 795 3371 1,
813 3339 884 3371 cap.
903 3330 927 3361 1.
