2638 3866
800 155 860 205 ΙΝ
892 155 1225 205 EPISTOLAM
1259 158 1346 207 AD
1374 156 1679 207 ROMANOS.
2215 159 2301 206 231

164 260 266 325 ipse
288 273 414 306 unus
435 266 553 306 erat.
583 277 606 302 α
622 257 718 316 Qui
741 266 962 306 mortuus
995 267 1082 306 est.
1104 277 1127 304 »
1154 261 1310 308 Causa
1337 247 1508 309 mortis
1528 258 1736 321 Christi3
1762 275 1909 325 quam
1947 258 2313 308 resurrectionis

163 353 360 388 causam
382 337 446 387 ad
473 355 565 387 nos
585 337 792 387 reducit.
824 337 1030 387 Duobus
1057 339 1216 389 modis
1240 350 1442 408 propter
1464 339 1639 390 delicta
1672 350 1839 389 nostra
1865 349 2088 388 mortuus
2117 338 2308 400 dicitur,

162 430 267 469 tum
285 420 401 486 quia
423 436 513 468 nos
531 419 823 485 deliquimus
846 430 1045 487 propter
1065 422 1200 488 quod
1223 422 1302 471 ille
1319 431 1607 485 moreretur,
1633 431 1682 471 et
1702 431 1958 488 peccatum
1983 421 2314 470 commisimus

161 501 301 566 cujus
316 500 396 550 ille
413 517 610 568 poenam
630 501 874 563 sustinuit,
894 510 998 550 tum
1015 503 1161 552 etiam
1179 513 1234 552 ut
1249 515 1448 571 peccata
1465 512 1630 553 nostra
1649 502 1907 551 moriendo
1927 502 2133 564 tolleret,
2152 501 2203 550 id
2223 513 2310 563 est,

161 598 356 647 poenam
379 591 718 648 peccatorum,
743 581 1059 631 introducens
1087 600 1179 633 nos
1202 584 1252 632 in
1280 584 1563 634 Paradisum
1585 584 1741 651 pretio
1765 600 1865 631 suae
1892 583 2060 631 mortis
2081 582 2311 641 auferret,

161 672 208 710 et
224 678 312 728 per
327 662 678 712 exhibitionem
700 671 842 711 tantae
860 663 1035 727 gratiae,
1053 663 1186 730 quia,
1203 673 1258 712 ut
1279 666 1382 732 ipse
1401 667 1467 714 ait
1477 669 1507 729 ¹,
1527 686 1551 712 «
1575 665 1811 730 majorem
1834 663 2144 712 dilectionem
2167 680 2314 712 nemo

160 742 326 804 habet,
347 763 371 789 »
397 744 586 792 animos
607 752 800 793 nostros
826 760 856 793 a
883 745 1132 794 voluntate
1164 746 1401 812 peccandi
1430 746 1712 807 retraheret,
1745 755 1793 794 et
1822 746 1873 793 in
1906 761 2147 794 summam
2178 761 2314 792 suam

160 822 471 873 dilectionem
486 823 774 874 intenderet.
796 845 820 870 «
838 828 897 874 Et
910 826 1166 874 resurrexit
1182 837 1380 893 propter
1390 828 1783 892 justificationem
1798 836 2067 875 nostram.»
2084 828 2108 872 J
2114 824 2318 872 ustifica-

159 903 344 953 tionem
362 905 479 954 dicit
496 907 901 972 perseverantiam
917 907 1110 972 justitiae
1124 924 1230 973 quae
1247 912 1432 974 justum
1448 909 1577 957 facit.
1598 911 1707 956 Non
1722 908 1853 956 enim
1871 907 2028 972 justus
2043 906 2218 954 dicitur
2234 908 2317 970 qui

158 984 423 1050 aliquando
440 986 568 1051 juste
589 988 703 1051 agit,
729 987 813 1037 sed
835 988 920 1053 qui
942 987 1040 1036 hoc
1062 988 1114 1036 in
1138 989 1543 1037 consuetudinem
1564 988 1730 1038 habet.
1754 986 1902 1047 Quod
1928 987 2089 1051 itaque
2109 986 2282 1034 dicitur
2303 1007 2311 1031 ε

161 1084 186 1110 «
202 1066 473 1115 Resurrexit
487 1077 686 1134 propter
693 1068 1089 1134 justificationem
1101 1078 1337 1132 nostram,
1354 1091 1375 1115 ›>
1392 1070 1487 1119 tale
1501 1080 1572 1119 est
1586 1080 1642 1118 ut
1657 1086 1742 1136 spe
1758 1069 1921 1135 gloriae
1933 1067 2313 1127 resurrectionis,

158 1162 306 1210 quam
328 1148 378 1196 in
401 1149 558 1215 seipso
581 1149 724 1198 nobis
749 1149 989 1210 exhibuit,
1010 1167 1102 1198 nos
1121 1150 1173 1198 in
1197 1151 1427 1217 operibus
1444 1150 1581 1216 justis
1601 1159 1961 1217 perseverantes
1980 1148 2136 1197 faciat.

227 1247 252 1271 «
276 1229 526 1279 Justificati
549 1247 665 1296 ergo
684 1247 713 1280 a
737 1230 851 1279 fide.
867 1252 891 1276 >2
914 1231 1329 1298 Quandoquidem
1347 1240 1395 1280 et
1412 1242 1613 1298 propter
1630 1248 1723 1279 nos
1746 1231 1978 1297 scriptum
2001 1239 2073 1277 est
2092 1228 2153 1277 de
2172 1230 2315 1294 justi-

157 1306 382 1358 ficatione
400 1310 600 1361 Abrahae
619 1329 707 1378 per
723 1311 889 1373 fidem,
915 1322 969 1360 ut
991 1313 1214 1362 videlicet
1237 1314 1461 1379 exemplo
1480 1313 1583 1377 ejus
1601 1312 1817 1360 similiter
1832 1310 2168 1376 justificemur.
2190 1313 2315 1374 Ergo

155 1406 213 1437 ex
240 1389 337 1439 fide
354 1394 520 1458 potius
537 1410 686 1459 quam
706 1410 766 1442 ex
787 1393 1019 1461 operibus
1046 1395 1162 1460 legis
1197 1411 1288 1443 nos
1312 1394 1585 1460 justificati,
1624 1413 1647 1439 «
1677 1410 1848 1460 pacem
1884 1391 2152 1440 habeamus
2186 1392 2315 1457 apud

154 1473 329 1534 Deum,
349 1473 438 1522 »id
453 1483 540 1533 est,
561 1475 630 1523 sic
647 1475 1017 1523 reconciliemur
1033 1476 1094 1538 ei,
1111 1485 1159 1523 et
1180 1485 1629 1541 quantumcumque
1646 1475 1763 1540 justi
1780 1473 2031 1534 fuerimus,
2048 1471 2316 1520 mediatore

154 1550 345 1601 Christo
368 1554 513 1602 nobis
532 1572 656 1621 opus
676 1565 762 1603 est.
787 1555 960 1604 Addit:
979 1577 1003 1601 ε(
1020 1559 1110 1604 Per
1129 1557 1396 1604 Dominum
1420 1566 1645 1605 nostrum
1666 1559 1831 1603 Jesum
1850 1553 2146 1615 Christum,»
2163 1568 2193 1600 a
2215 1568 2315 1617 quo

152 1631 216 1680 ad
233 1649 325 1682 nos
341 1644 573 1699 tanquam
589 1652 617 1683 a
636 1637 792 1702 capite
812 1636 875 1685 ad
892 1637 1112 1686 membra
1134 1654 1281 1686 omne
1297 1637 1488 1685 bonum
1508 1645 1702 1684 emanat
1721 1645 1827 1682 tum
1846 1634 2068 1700 exemplo
2082 1633 2190 1681 vitae
2212 1642 2315 1680 tum

153 1713 494 1776 praedicatione
507 1715 757 1765 doctrinae.
775 1720 833 1765 Et
846 1716 942 1765 hoc
959 1728 1045 1780 est,
1064 1738 1087 1763 α
1104 1734 1192 1784 per
1204 1735 1354 1783 quem
1366 1717 1606 1766 habemus
1622 1732 1871 1765 accessum
1887 1715 1937 1762 in
1961 1715 2164 1780 gratiam
2176 1714 2314 1761 istam

152 1794 201 1840 in
225 1810 323 1859 qua
346 1804 530 1845 stamus
554 1807 603 1845 et
635 1796 917 1860 gloriamur,
951 1816 975 1843 »
1004 1809 1052 1847 et
1083 1815 1189 1865 quae
1218 1800 1279 1847 sit
1316 1799 1397 1848 illa
1424 1798 1575 1864 gloria
1608 1797 1842 1864 supponit
1875 1796 2061 1857 dicens,
2103 1814 2128 1841 «
2158 1796 2208 1843 in
2233 1812 2316 1860 spe

152 1873 316 1937 gloriae
337 1875 551 1925 filiorum
574 1878 681 1936 Dei,
700 1896 724 1924 υ
751 1878 804 1926 id
823 1889 912 1942 est,
939 1896 997 1927 ex
1020 1896 1105 1945 spe
1122 1880 1201 1928 illa
1220 1896 1371 1945 quam
1394 1879 1632 1928 habemus
1646 1878 1947 1945 adipiscendi
1968 1877 2101 1925 illam
2118 1893 2316 1924 summae

152 1950 484 2015 beatitudinis,
508 1971 615 2021 quae
631 1954 741 2003 filiis
761 1973 865 2004 non
888 1957 1036 2005 servis
1053 1967 1124 2005 est
1139 1956 1321 2006 debita.
1342 1961 1402 2005 Et
1423 1958 1517 2006 hoc
1533 1967 1604 2005 est
1621 1974 1708 2024 per
1743 1956 1892 2004 fidem
1913 1963 2227 2022 praeeuntem.
2248 1957 2316 2001 Ex

153 2031 249 2081 fide
272 2035 404 2082 enim
425 2052 533 2101 spes
555 2037 784 2098 nascitur,
813 2054 928 2085 cum
962 2038 1102 2086 electi
1131 2055 1189 2087 ex
1212 2038 1308 2087 fide
1333 2056 1483 2105 quam
1514 2038 1700 2087 habent
1729 2038 1791 2086 ad
1823 2053 1960 2102 spem
1990 2035 2315 2102 supradictam

151 2126 425 2181 assurgunt,
451 2133 509 2166 ac
534 2134 681 2166 nemo
704 2134 896 2185 sperare
919 2118 1104 2184 aliquid
1135 2129 1319 2186 potest,
1352 2120 1445 2167 nisi
1473 2119 1610 2185 quod
1634 2118 1857 2185 primitus
1889 2117 2060 2165 credit.
2101 2117 2315 2165 Gratiam

152 2194 268 2243 dicit
290 2198 434 2260 gratis
457 2197 639 2261 datam,
672 2215 775 2247 non
803 2216 895 2265 pro
932 2200 1116 2248 meritis
1139 2201 1322 2248 scilicet
1355 2199 1601 2262 collatam,
1634 2199 1750 2264 quia
1783 2215 1886 2246 non
1919 2206 2033 2245 sunt
2063 2197 2315 2262 condignae

152 2277 399 2340 passiones
427 2278 575 2343 hujus
606 2280 839 2346 temporis
870 2279 934 2328 ad
969 2280 1182 2330 suturam
1205 2282 1426 2346 gloriam.
1474 2301 1496 2325 «
1526 2283 1634 2329 Non
1667 2279 1828 2328 solum
1858 2288 2039 2341 autem,
2074 2298 2094 2323 >2
2137 2277 2317 2325 scilicet

151 2355 416 2419 gloriamur
436 2359 486 2406 in
511 2359 594 2424 spe
622 2360 784 2424 gloriae
808 2359 1022 2408 filiorum
1049 2362 1157 2422 Dei,
1185 2380 1209 2407 «
1238 2361 1324 2410 sed
1348 2371 1397 2410 et
1418 2361 1685 2427 gloriamur
1703 2361 1753 2407 in
1776 2357 2189 2420 tribulationibus,
2215 2379 2238 2403 »
2266 2358 2315 2405 id

150 2447 238 2497 est,
265 2454 442 2502 magno
465 2439 610 2488 nobis
628 2440 808 2489 honori
828 2442 1126 2507 imputamus
1147 2442 1296 2507 affligi
1319 2458 1409 2510 pro
1433 2446 1558 2505 Deo,
1586 2440 1858 2490 secundum
1881 2439 2016 2505 quod
2042 2440 2093 2487 in
2118 2438 2316 2486 Actibus

149 2519 490 2582 Apostolorum
504 2522 740 2587 scriptum
754 2525 870 2570 est2:
888 2541 911 2568 «
930 2522 1073 2570 Ibant
1087 2523 1351 2587 gaudentes
1365 2541 1394 2573 a
1406 2533 1670 2589 conspectu
1683 2521 1896 2584 concilii,
1911 2531 2003 2569 etc.
2015 2539 2038 2565 »
2063 2539 2086 2565 «
2103 2520 2315 2567 Scientes

149 2599 313 2662 etiam,
332 2618 355 2645 υ
377 2600 473 2649 hoc
495 2612 567 2650 est
590 2603 893 2652 attendentes
927 2604 1195 2653 maximum
1221 2605 1452 2668 fructum,
1484 2605 1535 2652 in
1557 2604 1632 2652 his
1654 2613 1847 2652 tantum
1881 2602 2146 2667 gloriamur
2180 2600 2313 2663 quod

150 2679 374 2728 videlicet
405 2682 653 2731 tribulatio
694 2704 717 2731 ι(
741 2685 1028 2750 patientiam
1061 2695 1308 2752 operatur,
1344 2706 1368 2732 »
1406 2685 1458 2734 id
1493 2695 1565 2734 est
1601 2686 1651 2732 in
1688 2700 1836 2750 opere
1865 2684 2093 2730 virtutem
2121 2679 2313 2728 exhibet

152 2760 408 2824 patientiae,
441 2772 587 2827 atque
608 2764 769 2829 ipsum
797 2764 1123 2814 tribulationis
1148 2767 1432 2814 exercitium
1462 2765 1688 2813 fortiores
1721 2764 1783 2812 ad
1811 2779 1892 2811 eas
1923 2760 2199 2809 tolerandas
2224 2776 2314 2808 nos

150 2840 326 2889 reddit.
351 2862 374 2886 «
397 2843 631 2891 Patientia
654 2854 834 2907 autem,
854 2866 876 2889 »
903 2846 1175 2895 secundum
1196 2846 1330 2910 quod
1352 2846 1584 2911 scriptum
1607 2846 1727 2893 est³:
1751 2863 1773 2889 α
1793 2847 2044 2908 Tanquam
2064 2858 2240 2890 aurum
2262 2843 2313 2888 in

153 2920 346 2970 fornace
372 2912 598 2988 probavit
621 2924 799 2973 electos
819 2927 1078 2989 Dominus,
1100 2946 1124 2972 »
1159 2926 1210 2974 id
1228 2937 1316 2988 est,
1346 2936 1447 2975 tam
1471 2925 1558 2974 tibi
1581 2942 1727 2991 quam
1754 2925 1861 2973 aliis
1893 2941 2067 2972 eorum
2089 2932 2314 2971 constan-

152 3001 286 3061 tiam,
302 3002 355 3050 id
377 3013 447 3051 est
464 3003 759 3069 probitatem
777 3006 1012 3054 exhibuit.
1046 3025 1070 3053 «
1095 3006 1325 3056 Probatio
1357 3023 1474 3056 vero
1509 3023 1664 3073 spem,
1693 3027 1715 3051 n
1748 3016 1803 3054 ut
1836 3006 1937 3069 jam
1962 3004 2189 3053 videlicet
2214 3013 2312 3051 tam

151 3097 240 3128 nos
262 3082 354 3147 ipsi
377 3101 524 3149 quam
547 3086 626 3134 alii
650 3085 711 3133 de
734 3087 911 3135 nostris
930 3103 1017 3153 per
1040 3088 1241 3152 gratiam
1260 3088 1348 3136 Dei
1366 3088 1548 3136 meritis
1571 3087 1892 3136 confidamus.
1925 3089 1984 3133 Et
2005 3102 2067 3133 ne
2090 3101 2199 3151 spes
2225 3084 2313 3131 ista

193 3263 323 3305 ‘loan.,
339 3274 410 3307 cap.
431 3276 492 3309 xv,
512 3278 543 3300 v.
563 3271 612 3302 13.
627 3271 688 3294 -2
703 3271 774 3304 Act.
794 3271 923 3314 Apost„
944 3282 1015 3314 cap.
1039 3283 1074 3313 v,
1100 3282 1130 3305 v.
1151 3275 1201 3307 41.
1225 3292 1261 3299 ω-
1280 3275 1291 3295 ³
1306 3274 1399 3315 Sap„
1417 3282 1490 3315 cap.
1505 3282 1559 3316 111,
1575 3284 1606 3306 v.
1625 3274 1655 3307 6.
