2638 3866
799 247 858 297 IN
892 244 1224 295 EPlSTOLAM
1259 246 1344 296 AD
1377 244 1683 295 ROMANOS.
2221 246 2314 294 ⁴75

156 362 254 401 tam
286 371 311 398 «
327 350 583 400 volucrum
603 367 626 395 n
652 347 830 398 scilicet
855 365 1011 414 quam·
1029 367 1052 392 α
1067 346 1440 414 quadrupedum
1461 357 1510 395 et
1531 347 1845 414 serpentium.
1865 366 1889 393 »
1917 350 2132 396 Fortasse
2156 357 2317 396 autem

154 431 416 482 credebant
437 430 678 498 quosdam
697 429 907 496 spiritus,
935 445 1059 494 quos
1084 428 1204 477 deos
1228 429 1488 489 vocabant,
1517 445 1718 494 praeesse
1746 428 2053 491 hominibus3
2078 429 2315 494 quosdam

153 514 333 563 caeteris
365 511 707 562 animantibus.
737 514 795 558 Et
819 510 930 558 ideo
952 527 1037 558 eos
1058 509 1283 558 colebant
1316 510 1365 559 in
1391 510 1559 562 formis
1583 526 1772 571 eorum,
1807 509 1985 575 quibus
2010 527 2212 576 praeesse
2245 511 2314 559 vi-

144 593 412 661 debantur.
452 597 639 659 Haymo
670 609 681 639 ε
717 613 741 637 ct
759 591 930 656 Assyrii
955 590 1268 639 simulacrum
1293 591 1391 639 Beli
1409 628 1421 652 ,
1447 591 1596 657 patris
1619 591 1729 639 Nini
1755 591 1918 656 Regis,
1946 609 2035 657 pro
2066 592 2159 640 deo
2191 591 2315 640 cole-

150 674 295 735 bant,
331 685 381 723 et
413 674 662 740 Babylonii
691 673 850 739 ipsum
878 689 1025 738 quem
1060 682 1237 721 vocant
1270 673 1377 735 Bel,
1415 672 1602 720 Sidonii
1637 672 1773 734 Baal,
1810 671 1916 720 Indi
1954 672 2233 735 Belzebuth,
2268 684 2316 722 et

152 755 546 804 PhilistaeiZebet.
563 754 767 803 Romani
779 753 1004 802 colebant
1018 770 1255 815 anserem,
1272 763 1320 802 et
1335 753 1545 819 AEgyptii
1558 753 1854 819 accipitrem.
1870 773 1891 797 >³
1907 757 2026 801 ltem
2045 773 2055 801 ε
2078 774 2102 800 «
2122 755 2313 820 AEgypti

151 835 377 885 colebant
413 837 576 903 Apim,
617 835 714 884 hoc
741 844 814 883 est
842 851 1041 884 vaccam
1074 834 1258 897 albam,
1286 834 1537 900 Babylonii
1560 834 1849 897 draconem,
1877 845 1924 883 et
1954 836 2162 901 AEgyptii
2198 852 2312 883 cro-

150 917 390 981 codilum,
421 918 504 983 qui
538 927 610 967 est
642 932 839 984 serpens
872 916 1121 982 aquaticus
1154 926 1325 964 natans
1348 916 1396 964 in
1434 931 1560 980 aqua
1585 924 1639 963 ut
1666 915 1834 981 piscis,
1864 933 2064 982 pascens
2103 917 2153 964 in
2188 925 2313 965 terra

150 1007 204 1045 ut
235 997 389 1047 bos.»
418 1002 662 1065 «Propter
690 996 842 1063 quod,
864 1016 888 1042 »
912 996 1138 1045 videlicet
1170 997 1282 1062 quia
1321 1013 1350 1045 a
1385 996 1599 1043 Domino
1629 995 1960 1062 desipuerunt,
1990 1006 2045 1044 ut
2074 996 2190 1046 falsa
2211 999 2312 1046 ani-

148 1077 309 1137 malia,
338 1070 397 1128 'id
432 1089 503 1128 est
534 1080 816 1128 animalium
851 1079 1108 1127 simulacra
1137 1096 1228 1145 pro
1265 1081 1370 1127 Deo
1418 1077 1654 1139 ederent;
1694 1078 1930 1126 «tradidit
1968 1078 2075 1127 illos
2108 1082 2254 1140 Deus,
2285 1101 2305 1123 »

147 1159 200 1207 id
222 1169 294 1208 est
314 1161 532 1227 permisit
554 1160 687 1209 abire
715 1169 823 1226 post
844 1159 1099 1208 immunda
1115 1159 1352 1208 desideria
1374 1175 1478 1222 sua,
1498 1168 1553 1206 ut
1574 1158 1709 1223 quod
1732 1160 1935 1225 turpiter
1957 1170 2118 1208 mente
2141 1177 2311 1209 conce-

146 1251 334 1307 perant,
360 1242 547 1308 turpius
581 1242 726 1290 etiam
764 1258 913 1308 opere
939 1240 1258 1307 complerent.
1302 1261 1325 1286 c<
1351 1244 1413 1287 Ut
1450 1239 1676 1301 afficiant,
1705 1261 1727 1284 n
1750 1240 1801 1288 id
1830 1251 1899 1289 est
1922 1241 2150 1306 affligant,
2180 1252 2228 1290 et
2259 1243 2307 1290 in

147 1322 408 1387 quamdam
433 1323 728 1372 contrariam
749 1332 972 1371 naturam
999 1332 1193 1387 cogant,
1222 1332 1270 1370 et
1294 1321 1587 1370 dedecorent
1611 1339 1818 1387 corpora
1842 1340 1926 1370 sua
1949 1323 2310 1372 contumeliosis

145 1403 463 1452 immunditiis
506 1404 806 1452 sodomiticis
850 1404 1036 1470 peccati
1082 1404 1133 1451 in
1178 1403 1445 1469 semetipsis
1487 1403 1759 1466 commissi,
1809 1414 1863 1452 ut
1908 1404 2089 1470 seipsos
2135 1414 2305 1452 mutuo

144 1484 380 1549 polluant.

214 1585 237 1609 «
254 1566 350 1625 Qui
370 1575 811 1628 commutaverunt,
837 1584 859 1611 n
882 1564 1138 1614 submissio
1155 1566 1255 1613 sive
1280 1565 1502 1631 repetitio
1518 1582 1689 1627 causae,
1706 1581 1856 1629 quare
1872 1565 1924 1613 id
1944 1566 2167 1614 videlicet
2190 1585 2306 1633 per—

143 1646 324 1694 miserit
344 1646 406 1695 de
424 1647 516 1710 illis
538 1649 689 1708 Deus,
718 1647 831 1711 quia
855 1647 906 1694 in
929 1663 1067 1707 eum,
1090 1646 1270 1711 inquit,
1300 1647 1508 1694 maxime
1536 1646 1861 1710 deliquerunt.
1896 1666 1919 1692 «
1940 1649 2306 1696 Commutantes

142 1727 390 1776 veritatem
402 1728 491 1775 Dei
505 1728 554 1775 in
568 1726 896 1784 mendacium,
919 1746 942 1770 »
958 1725 1011 1774 id
1026 1736 1115 1788 est,
1131 1726 1222 1774 sub
1237 1727 1438 1774 nomine
1450 1736 1497 1774 et
1512 1726 1701 1774 honore
1717 1727 1817 1775 veri
1829 1727 1918 1787 Dei
1935 1728 2149 1777 colentes
2164 1729 2304 1777 falsos

142 1807 262 1856 deos
287 1826 298 1856 t
326 1828 350 1854 «
370 1818 418 1856 et
442 1808 712 1856 servierunt
734 1817 989 1870 creaturae,
1008 1826 1031 1852 υ
1057 1806 1108 1854 id
1125 1817 1213 1869 est,
1235 1806 1547 1855 daemoniacis
1572 1808 1844 1874 spiritibus,
1875 1826 1999 1874 quos
2029 1809 2304 1859 inhabitare

141 1888 397 1937 simulacra
419 1888 702 1937 credebant..
724 1907 748 1934 «
765 1888 862 1946 Qui
878 1898 950 1936 est
966 1887 1270 1951 benedictus,
1289 1908 1311 1932 »
1336 1887 1386 1935 id
1406 1898 1478 1936 est
1499 1889 1584 1953 qui
1607 1888 1918 1954 glorificatur,
1935 1890 2032 1938 hoc
2055 1901 2124 1939 est
2141 1891 2301 1940 lauda-

139 1967 249 2017 bilis
272 1980 471 2037 apparet
493 1988 552 2019 ex
576 1969 813 2018 universis
836 1969 933 2017 suis
953 1969 1184 2017 creaturis
1209 1986 1297 2035 per
1317 1986 1487 2017 omnes
1508 1979 1784 2036 temporum
1803 1973 2147 2021 successiones.
2181 1994 2202 2017 α
2218 1975 2299 2022 Se-

139 2051 265 2112 cula,
285 2070 309 2097 »
337 2052 474 2117 quasi
506 2068 533 2099 a
565 2049 816 2116 sequendo
840 2049 981 2098 dictae
1003 2060 1116 2098 sunt
1141 2050 1255 2116 ipsae
1285 2059 1564 2116 temporum
1589 2052 1929 2100 successiones.
1958 2056 2173 2115 «Amen,
2197 2074 2219 2099 υ
2250 2056 2295 2102 id

139 2142 209 2180 est
222 2149 392 2181 verum
417 2141 504 2180 est.
527 2132 676 2180 Modo
697 2131 829 2180 enim
845 2130 1191 2192 confirmandi,
1213 2131 1364 2179 modo
1383 2132 1586 2197 optandi
1605 2131 1890 2180 adverbium
1907 2144 1978 2181 est
1993 2134 2106 2182 hoc.
2134 2156 2155 2178 α
2179 2139 2295 2182 Pro-

139 2223 303 2277 pterea
338 2213 552 2261 tradidit.
572 2234 596 2258 »
625 2213 752 2272 Quia
775 2212 998 2261 videlicet
1031 2212 1227 2260 interim
1257 2212 1548 2260 excellentiae
1577 2212 1751 2261 divinae
1782 2213 2160 2279 derogaverunt3
2197 2233 2297 2264 non

138 2293 313 2343 sufficit
332 2295 480 2342 semel
498 2295 596 2342 hoc
616 2294 795 2356 dicere,
820 2304 873 2342 ut
892 2294 1045 2358 magis
1068 2293 1308 2342 deterreat
1332 2293 1606 2342 auditorem
1627 2310 1657 2342 a
1677 2294 1870 2343 talibus.
1891 2297 2141 2345 Passiones
2163 2298 2300 2362 igno-

138 2374 366 2422 miniosas
404 2374 521 2423 dicit
551 2374 847 2440 pollutiones
881 2391 983 2422 non
1012 2374 1244 2422 naturalis
1272 2373 1506 2422 libidinis.
1542 2375 1644 2423 Pati
1667 2377 1841 2424 merito
1874 2376 2051 2425 dicitur
2075 2377 2298 2444 quaelibet

137 2454 421 2518 substantia,
461 2467 510 2504 et
541 2457 678 2522 quasi
717 2455 982 2522 quamdam
1021 2456 1259 2503 sustinere
1292 2455 1592 2515 violentiam,
1638 2458 1829 2522 quoties
1866 2468 2037 2506 contra
2076 2470 2297 2508 naturam

136 2535 318 2601 aliquid
342 2538 392 2584 in
415 2555 470 2586 ea
495 2539 667 2602 agitur.
694 2540 813 2596 Quae
836 2554 954 2585 vero
978 2537 1073 2585 sint
1094 2536 1380 2602 hujusmodi
1404 2538 1730 2603 turpitudines
1762 2538 1920 2586 statim
1941 2541 2171 2602 annectit,
2201 2551 2297 2589 tam

136 2617 325 2666 feminis
345 2636 492 2684 quam
517 2619 633 2667 viris
656 2635 735 2667 eas
761 2617 1069 2683 assignando,
1099 2618 1163 2666 ad
1187 2619 1423 2682 majorem
1450 2619 1715 2667 vindictam
1745 2620 1835 2667 Dei
1859 2620 2182 2686 probandam.
2211 2626 2297 2670 Fe-

136 2699 277 2746 minae
296 2716 467 2747 eorum
490 2699 738 2759 dicuntur,
757 2715 878 2764 quas
901 2698 993 2764 ipsi
1010 2699 1207 2764 pessimi
1230 2699 1438 2764 exempli
1454 2699 1675 2748 doctrina
1694 2701 1829 2764 quasi
1851 2718 1960 2748 suas
1984 2702 2034 2748 in
2055 2701 2151 2750 hoc
2173 2702 2299 2751 fece-

134 2786 259 2824 rant.
310 2798 333 2821 «
361 2779 458 2836 Qui
491 2787 563 2825 est
598 2787 772 2825 contra
806 2786 1049 2838 naturam,
1091 2797 1114 2819 »
1165 2786 1212 2824 et
1242 2776 1354 2823 ideo
1386 2777 1538 2840 magis
1573 2777 1745 2824 abusio
1781 2777 2017 2827 dicendus
2052 2790 2123 2828 est
2150 2798 2299 2846 quam

137 2873 267 2905 usus.
305 2859 486 2905 Contra
503 2867 745 2917 naturam,
765 2856 863 2904 hoc
887 2866 960 2904 est
974 2866 1143 2904 contra
1165 2866 1346 2904 naturae
1368 2857 1739 2916 institutionem,
1770 2875 1878 2923 quae
1912 2861 2137 2924 genitalia
2160 2861 2298 2909 femi-

136 2954 308 2986 narum
328 2938 438 2986 usui
463 2938 684 2986 virorum
707 2937 1008 3003 praeparavit,
1031 2947 1079 2985 et
1098 2954 1124 2985 e
1147 2953 1387 2985 converso
1409 2955 1421 2998 ;
1454 2955 1556 2985 non
1579 2949 1634 2986 ut
1656 2938 1844 2988 seminae
1874 2940 2065 2990 feminis
2097 2942 2295 2990 cohabi-

134 3027 308 3067 tarent.
339 3040 362 3063 ε(
385 3021 694 3078 Exarserunt,
716 3036 739 3063 n
761 3016 810 3064 id
832 3025 904 3064 est
921 3027 1092 3065 contra
1112 3018 1270 3082 legem
1288 3027 1470 3066 naturae
1492 3020 1681 3067 accensi
1699 3031 1809 3068 sunt
1831 3021 1880 3068 in
1905 3022 2003 3070 suis
2027 3022 2294 3084 desideriis,

135 3099 209 3147 vel
227 3109 407 3149 naturae
421 3098 767 3165 voluptatibus.
791 3100 885 3144 «Et
899 3098 1193 3160 mercedem,
1203 3118 1225 3142 n
1243 3098 1293 3146 id
1308 3108 1379 3146 est
1391 3099 1763 3149 retributionem
1780 3101 1993 3151 debitam
2008 3105 2081 3151 sui
2098 3105 2291 3164 erroris,

135 3179 231 3227 hoc
255 3190 326 3228 est
351 3180 684 3229 excaecationis
718 3188 864 3244 atque
899 3179 1197 3227 idololatriae.
1240 3198 1263 3225 «
1296 3180 1594 3246 Recipientes
1638 3182 1687 3230 in
1735 3184 2018 3250 semetipsis,
2055 3204 2078 3230 »
2124 3195 2295 3232 mutuo

136 3261 312 3309 scilicet
343 3278 394 3309 se
430 3261 636 3309 invicem
667 3260 940 3327 polluentes
974 3261 1025 3308 in
1062 3277 1286 3327 corpore,
1323 3261 1445 3308 sicut
1485 3262 1650 3310 animo
1684 3266 1902 3331 corrupti
1937 3276 2072 3314 erant
2096 3265 2297 3313 infideli-

138 3350 247 3390 tate.
279 3363 301 3387 α
320 3345 378 3390 Et
400 3343 523 3391 sicut
549 3359 649 3391 non
670 3342 1005 3408 probaverunt
1023 3363 1046 3388 »
1074 3342 1171 3391 hoc
1194 3352 1265 3390 est
1285 3342 1607 3392 laudaverunt
1628 3355 1773 3410 atque
1797 3346 2062 3410 elegerunt,
2091 3367 2113 3390 «
2131 3346 2294 3393 Domi-
