2638 3866
273 187 291 232 4
309 184 371 232 38
1091 171 1262 220 PETRI
1298 170 1612 220 ABAELARDI

275 295 451 345 remus,
470 281 519 329 id
539 289 609 327 est
630 278 843 325 invicem
864 275 1298 341 permisceremus¹‚
1314 274 1353 321 si
1370 273 1497 321 hanc
1507 290 1618 321 ‘esse
1639 273 1769 321 illam
1788 290 2097 339 poneremus,
2115 275 2237 323 sicut
2259 293 2285 323 e
2306 293 2419 323 con-

275 364 420 411 trario
441 356 760 410 substantiam
778 356 866 404 Dei
891 371 1234 422 separaremus,
1251 354 1291 402 si
1314 355 1362 402 in
1381 371 1441 402 eo
1462 354 1674 403 diversas
1694 370 1797 402 esse
1820 353 2107 403 substantias
2126 365 2414 404 teneremus.

275 443 419 501 Quod
448 442 607 500 statim
642 438 896 503 diligenter
926 421 1170 502 eirponens
1205 434 1402 482 subdit:
1436 456 1459 479 «
1496 435 1596 484 Alia
1628 445 1698 482 est
1731 435 1861 482 enim
1886 452 2094 502 persona
2126 438 2302 499 Patris,
2331 438 2421 485 alia

275 523 400 585 Filii,
430 522 522 570 alia
553 520 758 586 Spiritus
795 519 961 566 sancti.
995 538 1018 562 ³2
1052 517 1184 564 Sicut
1210 533 1324 580 ergo
1355 515 1405 563 in
1437 518 1541 564 Deo
1573 532 1672 563 una
1695 524 1766 563 est
1796 514 2088 580 substantia,
2116 516 2200 565 sed
2224 517 2419 565 diversae

273 619 516 668 personae:
538 601 602 648 ita
626 616 651 647 e
692 599 935 647 contrario
968 599 1017 645 in
1043 596 1231 644 Christo
1268 613 1365 644 una
1402 605 1472 644 est
1502 612 1739 662 persona,
1772 596 1856 644 sed
1893 595 2089 646 diversae
2113 598 2416 658 substantiae,

273 684 459 745 divina,
487 692 539 730 ut
568 682 756 730 dictum
783 690 872 741 est,
901 690 1043 745 atque
1065 678 1306 739 humana,
1335 694 1542 744 quarum
1572 693 1877 743 nequaquam
1907 695 2005 726 una
2041 680 2090 727 in
2129 678 2325 727 alteram
2353 689 2422 727 est

273 774 480 826 mutata,
527 763 611 811 sed
659 772 861 827 utraque
896 760 1140 828 propriam
1184 769 1406 808 naturam
1443 759 1617 807 retinet
1659 760 1709 806 in
1744 758 1823 807 illa
1869 760 2050 808 unione
2087 754 2334 827 personae,
2376 771 2423 808 et

273 844 423 891 ambae
454 845 503 891 in
533 843 723 891 naturis
747 842 842 889 suis
870 849 1152 907 permanent
1178 840 1508 906 impermixtae.
1543 843 1665 888 Nam
1698 850 1745 887 et
1777 841 1824 888 in
1857 840 2075 906 singulis*
2107 842 2219 889 totis
2249 841 2317 888 sic
2348 841 2423 888 di-

275 942 417 974 versae
436 935 594 991 partes
622 923 686 972 ad
720 923 1123 989 compositionem
1154 923 1369 987 ipsorum
1397 923 1720 981 conveniunt,
1758 931 1810 969 ut
1839 931 2001 970 tamen
2032 922 2082 970 in
2115 923 2211 970 suis
2240 923 2423 970 naturis

271 1007 366 1053 sint
394 1005 643 1070 disjunctae
662 1042 673 1064 ‚
709 1021 815 1069 quae
845 1003 1055 1069 quadam
1087 1003 1422 1068 aggregatione
1453 1012 1566 1050 sunt
1582 1003 1889 1067 conjunctae,
1925 1002 2056 1050 velut
2094 1018 2202 1050 ossa
2233 1012 2280 1050 et
2307 1019 2421 1051 caro

272 1091 318 1135 in
355 1089 571 1137 humano
615 1105 841 1154 corpore,
877 1088 954 1136 vel
987 1087 1115 1151 ligna
1142 1096 1190 1135 et
1222 1086 1406 1152 lapides
1434 1087 1482 1134 in
1518 1088 1660 1135 unius
1691 1086 1866 1135 domus
1897 1086 2264 1153 compositione.
2292 1087 2423 1135 Sicut

272 1186 384 1234 ergo
408 1186 513 1217 ossa
536 1170 585 1216 in
614 1186 715 1216 uno
743 1169 943 1216 homine
968 1168 1101 1216 carni
1135 1167 1427 1216 adhaerentia
1444 1205 1456 1229 ,
1493 1169 1542 1215 in
1576 1177 1801 1215 naturam¹
1832 1168 1988 1216 carnis
2015 1183 2117 1215 non
2147 1177 2418 1238 transeunt,

271 1266 360 1296 nec
397 1251 446 1296 in
482 1265 579 1297 una
622 1249 771 1296 domo
808 1249 992 1314 lapides
1027 1248 1166 1313 lignis
1205 1249 1441 1314 aggregati
1474 1249 1723 1315 propriam
1762 1248 2077 1297 substantiam
2116 1257 2330 1310 mutant,
2371 1258 2423 1295 ut

270 1329 399 1377 aliud
429 1329 546 1378 fiant
577 1345 726 1394 quam
756 1329 890 1395 prius
920 1339 1082 1391 erant,
1118 1339 1199 1378 aut
1231 1345 1344 1380 caro
1368 1330 1537 1377 animae
1559 1330 1740 1378 sociata
1766 1329 1900 1378 aliud
1922 1346 2068 1396 quam
2087 1346 2201 1378 caro
2227 1328 2306 1391 fit,
2334 1345 2424 1376 nec

270 1411 440 1474 prioris
475 1410 754 1458 substantiae
782 1420 1003 1458 naturam
1040 1411 1244 1470 mutat⁸3
1285 1411 1350 1458 ita
1380 1427 1471 1458 nec
1493 1410 1716 1458 divinitas
1745 1410 2033 1459 humanitati
2060 1411 2110 1458 in
2142 1426 2291 1458 unam
2315 1426 2423 1475 per-

269 1507 437 1538 sonam
468 1491 733 1555 conjuncta
757 1491 888 1539 aliud
910 1491 989 1539 fit‘
1013 1508 1157 1556 quam
1181 1493 1313 1557 prius
1338 1502 1463 1552 erat,
1489 1492 1712 1557 quamvis
1735 1491 1868 1539 aliud
1901 1491 1992 1539 sibi
2023 1492 2073 1539 in
2099 1491 2280 1539 unitate
2313 1507 2422 1556 per-

269 1587 397 1618 sonae
433 1573 713 1636 conjungat.
750 1572 1026 1620 Secundum
1049 1590 1195 1638 quam
1219 1573 1419 1638 quidem
1453 1574 1685 1620 unionem
1715 1589 1958 1638 personae,
1985 1589 2098 1620 cum
2124 1574 2254 1619 Deus
2271 1571 2422 1618 homo

272 1652 419 1699 factus
447 1651 646 1714 dicitur,
676 1662 759 1700 aut
793 1653 924 1700 aliud
947 1669 1094 1718 quam
1115 1654 1335 1718 primitus
1364 1654 1504 1701 fuerit
1521 1670 1623 1702 esse
1649 1652 1932 1700 conceditur
1949 1691 1961 1714 ‚
1992 1669 2092 1700 non
2119 1652 2214 1700 1100
2237 1669 2294 1699 ex
2317 1669 2425 1699 mu-

269 1733 451 1780 tatione
474 1732 777 1795 substantiae‚
807 1733 891 1781 sed
924 1734 1105 1781 unitate
1135 1750 1352 1799 personae
1374 1733 1739 1798 intelligendum
1773 1743 1843 1781 est
1874 1752 1885 1780 z
1911 1734 2023 1798 quia
2049 1733 2272 1781 videlicet
2294 1736 2422 1780 Deus

273 1812 519 1860 hominem
547 1812 638 1860 sibi
665 1815 711 1860 in
744 1830 893 1862 unam
919 1830 1175 1880 personam
1205 1815 1523 1879 conjunxerit,
1560 1824 1608 1862 et
1640 1830 1742 1861 rem
1775 1813 1966 1861 alterius
1997 1822 2179 1861 naturae
2212 1814 2262 1860 in
2297 1812 2423 1861 hanc

271 1893 500 1941 unionem
526 1893 617 1941 sibi
643 1894 914 1942 sociaverit.
944 1899 1050 1942 Non
1080 1905 1151 1942 est
1177 1896 1320 1960 igitur
1340 1899 1470 1943 Deus
1492 1896 1541 1942 in
1569 1895 1699 1943 aliud
1727 1887 1936 1942 mutatus
1956 1910 2102 1960 quam
2124 1893 2287 1954 fuerit,
2314 1892 2423 1942 licet

269 1973 398 2020 aliud
419 1974 538 2036 sibi,
562 1984 615 2021 ut
637 1973 818 2021 dictum
847 1985 916 2022 est
931 2013 943 2036 ,
969 1976 1018 2022 in
1037 1976 1164 2023 hanc
1185 1977 1418 2024 unionem
1437 1976 1756 2041 conjunxerit.
1781 1977 1900 2022 Nam
1924 1991 2015 2022 nec
2033 1975 2204 2022 animae
2229 1983 2418 2036 nostrae,

270 2070 399 2114 cum,
420 2055 676 2120 resumptis
701 2055 1005 2122 corporibus,
1025 2056 1091 2103 eis
1111 2056 1159 2104 in
1182 2073 1330 2104 unam
1354 2072 1612 2122 personam
1629 2055 1960 2116 sociabuntur,
1988 2055 2099 2104 ideo
2123 2054 2253 2103 aliud
2276 2071 2422 2119 quam

269 2144 405 2181 erant
439 2133 724 2195 efficientur,
763 2137 981 2200 quamvis
1016 2136 1176 2202 ipsum
1214 2153 1390 2203 corpus
1423 2153 1614 2184 rursum
1655 2135 1919 2184 animando
1955 2135 2244 2196 vivificetur,
2280 2145 2329 2183 et
2362 2136 2422 2182 de

270 2214 533 2262 inanimato
569 2215 630 2262 ad
666 2216 1012 2264 animationem
1039 2227 1384 2283 promoveatur
1413 2237 1423 2265 :
1455 2227 1507 2264 ut
1541 2234 1596 2264 ex
1625 2217 1720 2264 hoc
1751 2233 1928 2283 corpus
1957 2218 2116 2283 ipsum
2147 2218 2308 2283 potius
2337 2234 2422 2283 per

268 2295 480 2342 animam
504 2310 647 2358 quarn
672 2295 775 2360 ipsa
801 2307 1000 2362 propter
1021 2313 1200 2363 corpus
1219 2298 1395 2346 mutari
1415 2297 1678 2345 dicendum
1703 2299 1779 2347 sit.
1807 2301 1994 2364 Corpus
2018 2298 2197 2364 quippe
2222 2315 2277 2345 ex
2296 2298 2417 2363 ipsa,

269 2390 367 2419 non
392 2374 496 2439 ipsa
515 2391 572 2421 ex
593 2391 800 2440 corpore
835 2377 884 2423 in
915 2378 1175 2442 quemdam
1199 2378 1390 2444 proficit
1427 2388 1602 2425 statum
1620 2418 1632 2436 ‚
1671 2379 1733 2426 ab
1773 2379 1879 2444 ipso
1911 2378 2123 2426 calorem
2149 2387 2197 2425 et
2232 2388 2421 2425 motum

270 2454 559 2520 suscipiens,
587 2471 700 2502 cum
725 2456 826 2521 ipsa
853 2458 901 2503 in
928 2474 978 2505 se
1011 2459 1170 2524 ipsum
1199 2459 1420 2525 persistat
1443 2457 1719 2506 immobilis.
1748 2458 1901 2506 Multo
1924 2460 2082 2508 minus
2105 2469 2267 2506 autem
2291 2461 2420 2506 Deus
2443 2487 2446 2489 -

268 2534 454 2581 homini
485 2535 675 2596 unitus,
702 2536 832 2584 aliud
856 2537 921 2585 ob
942 2538 1038 2585 hoc
1061 2538 1163 2586 fieri
1187 2539 1422 2587 dicendus
1445 2548 1515 2586 est
1533 2576 1544 2598 ‚
1579 2539 1657 2586 cui
1692 2538 1812 2586 nihil
1838 2538 2056 2587 conferre
2079 2548 2298 2586 creatura
2328 2554 2419 2604 po-

270 2624 373 2661 test.
402 2615 542 2663 Unde
564 2616 627 2664 ab
649 2618 783 2664 omni
807 2617 1124 2667 mutabilitate
1154 2622 1310 2667 Deum
1343 2620 1536 2686 penitus
1559 2620 1828 2668 immunem
1854 2620 2138 2686 profitemur
2163 2636 2281 2667 esse.
2310 2621 2419 2666 Haec

270 2695 678 2759 inpraesentiarum
702 2697 762 2745 de
788 2698 950 2747 divina
980 2701 1196 2766 potentia
1214 2735 1226 2757 ,
1253 2701 1330 2747 vel
1355 2717 1461 2766 quae
1492 2700 1553 2749 ad
1589 2716 1696 2748 eam
1732 2701 1998 2766 pertinent,
2037 2700 2164 2748 dicta
2200 2698 2418 2747 sufficere

270 2775 490 2823 arbitror.

335 2857 471 2903 Nunc
500 2857 560 2904 de
591 2859 821 2923 sapientia
846 2861 994 2926 ipsius
1016 2877 1386 2928 prosequamur.
1405 2865 1541 2910 Hanc
1563 2862 1642 2910 alii
1658 2862 1902 2923 Verbum,
1929 2849 2009 2910 alii
2033 2863 2307 2923 Rationem,
2334 2877 2416 2907 seu

270 2937 476 2983 Mentem
512 2937 765 3002 dixerunt,
793 2942 929 3004 quasi
957 2942 1178 2990 videlicet
1207 2943 1306 2989 vim
1339 2943 1602 3007 quamdam
1637 2943 1940 2992 discretionis
1963 2943 2024 2992 ad
2049 2943 2213 2998 omnia
2236 2942 2417 3005 integre

273 3017 606 3078 cognoscenda
621 3054 633 3077 ‚
654 3029 705 3065 ut
727 3020 776 3066 in
801 3020 934 3068 nullo
958 3021 1059 3085 ejus
1083 3022 1331 3087 dispositio
1354 3024 1504 3088 possit
1528 3040 1686 3072 errare
1708 3062 1719 3084 ,
1745 3023 1866 3071 nihil
1901 3040 2008 3071 eam
2043 3023 2234 3088 penitus
2264 3021 2417 3087 possit

315 3229 320 3243 ¹
339 3222 392 3256 Sic
408 3223 489 3258 Cod.
507 3224 614 3265 Vict.;
630 3227 893 3259 Permiserimus
909 3228 1003 3260 Amb.
1020 3228 1139 3261 -²Sic
1156 3229 1237 3262 Cod.
1258 3229 1341 3263 Vict.
1360 3231 1397 3262 In
1415 3231 1505 3263 deest
1526 3231 1670 3264 Amb.—
1685 3230 1696 3250 ³
1715 3231 1766 3263 Sic
1783 3230 1865 3263 Cod.
1891 3229 1972 3263 Vict.
1996 3230 2104 3262 Mutat
2120 3230 2210 3261 deest
2227 3233 2259 3261 et
2274 3230 2413 3270 spanum

270 3286 402 3309 vacuum
421 3278 569 3311 relictum
582 3284 631 3311 est
653 3281 684 3311 in
704 3281 781 3312 edit.
802 3280 898 3313 Amb.
911 3299 952 3305 —
971 3283 978 3301 ⁴
996 3282 1047 3314 Sit
1072 3291 1131 3322 pro
1146 3283 1184 3322 fit
1201 3284 1293 3316 Amb.
