2638 3866
830 191 891 240 ΙΝ
924 190 1259 240 EPISTOLAM
1293 190 1375 239 AD
1408 190 1712 240 ROMANOS.
2239 192 2335 241 243

188 296 325 346 novit
343 293 427 360 qui
449 291 569 340 nihil
595 308 697 340 non
721 291 903 358 optime
923 290 1154 357 disponit.
1188 295 1246 338 Et
1272 308 1364 339 nos
1386 290 1586 358 quidem
1609 291 1793 357 aliquas
1815 290 2154 356 hujuscemodi
2178 309 2235 340 ex
2261 292 2337 341 his

189 393 295 443 quae
330 375 605 440 frequenter
635 371 852 420 accidere
888 371 1134 434 videmuS,
1170 373 1408 436 conjicere
1445 388 1719 438 possumus,
1762 373 1893 438 Soepe
1918 373 2097 440 quippe
2135 373 2335 433 accidit,

190 466 244 506 ut
270 455 437 505 talium
470 452 786 521 parvulorum
810 461 1018 501 mortem
1048 452 1097 500 in
1129 453 1279 501 vitam
1309 470 1509 501 suorum
1544 463 1802 520 parentum
1834 453 1998 502 divIna
2031 454 2180 519 gratia
2207 470 2340 502 com-

190 546 366 598 mutet,
403 552 516 583 cum
548 535 639 601 ipsi
673 533 896 582 videlicet
922 535 1127 582 maxime
1161 533 1223 583 de
1257 541 1427 582 eorum
1467 534 1780 582 damnatione
1807 545 2072 599 quaerentes
2102 552 2249 600 quam
2273 536 2340 584 eis

190 635 278 684 per
311 615 753 682 concupiscentiam
787 615 1035 681 propriam
1075 616 1310 680 generatis
1351 616 1618 676 intulerint,
1662 615 1869 681 propriae
1908 615 1958 663 id
1996 617 2147 681 culpae
2184 625 2341 664 totum

190 697 406 747 tribuant
439 706 487 745 et
515 695 606 744 sibi
637 694 893 758 ascribant,
923 706 970 744 et
1000 706 1099 743 tam
1128 696 1218 762 ipsi
1250 712 1397 761 quam
1426 697 1582 745 caeteri
1607 695 1703 744 hoc
1730 695 1965 756 videntes,
1994 696 2260 744 timidiores
2291 697 2340 744 in

192 781 366 840 Deum,
391 787 439 825 et
453 776 514 825 de
532 776 742 843 propriis
759 777 966 842 peccatis
989 776 1139 840 magis
1158 778 1438 842 compuncti
1459 777 1536 826 vel
1557 777 1888 842 resipiscentes
1919 775 2202 837 efficiantur,
2231 793 2343 824 curn

117 899 122 906 .
192 868 291 907 tam
324 873 540 906 severam
561 857 610 904 in
638 855 865 923 parvulos
895 874 952 904 ex
982 857 1395 923 concupiscentia,
1426 858 1476 905 in
1505 873 1601 922 qua
1622 873 1792 905 omnes
1824 866 2110 921 genuerunt,
2135 855 2344 904 viderint

191 938 496 988 sententiam.
537 940 606 984 Ex
637 953 737 1002 quo
770 937 914 985 etiam
945 937 1006 985 ad
1032 938 1340 986 continentiae
1374 937 1564 986 bonum
1595 938 1755 1004 potius
1777 938 2055 998 invitamur,
2085 936 2220 1002 quod
2247 946 2345 984 tam

193 1019 472 1086 periculosae
496 1016 803 1081 indulgemus
834 1018 1253 1084 concupiscentiae,
1280 1035 1367 1084 per
1391 1035 1537 1084 quam
1560 1028 1635 1066 tot
1662 1019 1833 1067 animae
1859 1019 2152 1066 incessanter
2184 1017 2347 1065 inseris

193 1099 599 1148 transmittuntur.
626 1097 710 1145 His
734 1097 811 1146 vel
841 1098 1172 1147 consimilibus
1193 1099 1462 1147 rationibus
1486 1116 1719 1166 apparere
1742 1099 1968 1161 arbitror,
1995 1098 2263 1146 Dominum
2286 1097 2346 1145 de

193 1180 441 1229 mitissima
465 1178 546 1227 illa
566 1178 878 1227 damnatione
913 1181 1230 1246 parvulorum
1252 1196 1353 1228 non
1378 1180 1535 1228 solum
1559 1181 1742 1245 injuriae
1766 1196 1867 1227 non
1892 1196 1993 1227 esse
2017 1178 2316 1244 arguendum
2333 1216 2344 1238 ,

193 1277 362 1310 verum
396 1260 541 1308 etiam
573 1277 631 1307 ex
653 1259 891 1308 nonnulla
917 1260 1078 1325 gratiae
1111 1277 1206 1309 suae
1232 1261 1402 1308 tamin
1436 1261 1683 1327 parvulos,
1716 1270 1770 1307 ut
1795 1260 1978 1308 dictum
2009 1269 2097 1322 est,
2126 1275 2274 1324 quam
2298 1259 2346 1306 in

193 1350 389 1389 caeteros
412 1340 670 1388 collatione
693 1341 1083 1405 glorificandum.

259 1425 343 1470 Est
366 1438 481 1487 ergo
505 1421 736 1486 originale
758 1432 1030 1488 peccatum,
1059 1439 1171 1470 cum
1196 1440 1294 1488 quo
1319 1424 1578 1484 nascimur,
1606 1424 1763 1489 ipsum
1785 1422 2108 1470 damnationis
2132 1420 2349 1469 debitum

194 1518 294 1567 quo
331 1501 621 1568 obligamur,
664 1520 776 1551 cum
801 1503 1002 1551 obnoxii.
1033 1513 1219 1552 aeternae
1253 1521 1407 1564 poenae
1439 1504 1675 1552 efficimur
1712 1513 1912 1570 propter
1947 1502 2139 1568 culpam
2176 1512 2351 1549 nostrae

195 1583 410 1648 originis,
435 1583 487 1630 id
509 1593 582 1630 est
605 1583 877 1648 primorum
898 1593 1174 1649 parentum,
1200 1602 1230 1633 a
1252 1585 1430 1650 quibus
1446 1595 1614 1632 nostra
1636 1584 1816 1649 incepit
1840 1583 1992 1647 origo.
2021 1585 2075 1628 In
2095 1581 2179 1628 illo
2200 1583 2348 1641 enim,

195 1673 249 1711 ut
271 1680 418 1729 supra
435 1663 656 1711 meminit
676 1665 950 1729 Apostolus,
971 1661 1298 1730 peccavimus,
1324 1666 1375 1713 id
1392 1675 1479 1728 est,
1504 1665 1691 1732 peccati
1716 1665 1819 1730 ejus
1842 1679 1987 1712 causa
2007 1671 2193 1710 aeternae
2217 1661 2353 1709 dam-

195 1743 382 1791 nationi
403 1743 470 1791 ita
490 1743 799 1809 deputamur,
827 1753 898 1804 ut,
928 1745 1020 1791 nisi
1039 1744 1320 1794 divinorum
1343 1743 1924 1809 sacramentorumnobis
1946 1743 2161 1791 remedia
2184 1742 2354 1790 subve-

196 1822 351 1886 niant,
373 1823 661 1872 aeternaliter
683 1824 990 1873 damnemur.
1009 1827 1068 1872 Et
1085 1826 1360 1875 notandum
1375 1827 1510 1892 quod
1531 1827 1643 1876 licet
1664 1826 1882 1874 dicamus
1895 1840 2118 1891 peccasse
2131 1823 2356 1889 parvulos

195 1903 247 1951 in
266 1902 434 1967 Adam,
467 1914 521 1952 ut
550 1905 824 1970 expositum
847 1914 935 1968 est,
962 1922 1065 1953 non
1100 1906 1213 1955 ideo
1239 1908 1519 1975 simpliciter
1545 1908 1806 1956 annuimus
1838 1923 1922 1955 eos
1951 1921 2193 1971 peccasse,
2236 1905 2358 1952 sicut

197 2000 288 2033 nec
304 2002 415 2033 cum
431 1985 646 2034 dicimus
669 1985 879 2051 aliquem
904 1996 1165 2052 tyrannum
1192 1988 1353 2036 adhuc
1372 1990 1533 2037 vivere
1558 1989 1610 2037 in
1636 1989 1744 2036 filiis
1767 1988 1882 2047 suiS,
1911 1986 2023 2034 ideo
2043 2002 2156 2034 eum
2179 1983 2358 2050 simpli·

198 2066 316 2113 citer
336 2066 499 2114 vivere
522 2066 855 2114 concedimus.
886 2071 1194 2117 Damnantur
1220 2071 1399 2135 itaque,
1426 2071 1634 2136 inquies,
1670 2070 1753 2135 qui
1776 2086 1879 2117 non
1908 2076 2188 2133 peccarunt,
2223 2065 2357 2130 quod

198 2153 270 2192 est
287 2145 645 2210 iniquissimum
674 2165 685 2195 ε
720 2148 994 2213 puniuntur
1017 2149 1103 2214 qui
1126 2166 1228 2197 non
1262 2155 1562 2212 meruerunt,
1604 2150 1740 2216 quod
1763 2159 1834 2198 est
1861 2147 2231 2197 atrocissimum.
2263 2144 2358 2193 Sed

197 2223 294 2273 hoc
311 2225 512 2275 sortasse
536 2236 774 2292 quantum
806 2229 868 2276 ad
898 2229 1139 2293 homines,
1177 2247 1280 2278 non
1314 2242 1556 2297 quantum
1578 2231 1640 2279 ad
1659 2235 1837 2292 Deum,
1868 2238 1939 2277 est
1968 2226 2353 2275 concedendum.

201 2304 424 2371 Alioquin
464 2309 715 2371 quomodo
759 2311 988 2375 parvulos
1023 2327 1221 2376 quoque
1259 2329 1407 2378 poena
1435 2313 1605 2361 diluvii
1639 2311 1716 2361 vel
1748 2309 1959 2358 incendii
1998 2308 2359 2356 Sodomitarum

200 2388 332 2434 Deus
354 2386 569 2452 affligens
596 2406 697 2437 non
722 2391 969 2454 arguitur?
987 2391 1085 2439 Aut
1107 2393 1359 2456 quomodo
1381 2397 1433 2441 B.
1462 2393 1554 2442 Job
1573 2404 1619 2442 et
1640 2402 1872 2457 martyres
1898 2399 2090 2438 sanctos
2118 2388 2264 2452 affligi
2285 2387 2362 2434 vel

202 2466 358 2515 occidi
380 2469 626 2533 permisit?
652 2469 865 2536 denique
887 2481 934 2519 et
951 2473 1152 2520 unicum
1169 2490 1312 2522 suum
1329 2475 1472 2523 morti
1493 2474 1723 2523 tradidit?
1748 2470 2136 2538 Dispensatione,
2152 2468 2358 2533 inquies,

201 2548 599 2597 commodissima
622 2552 782 2615 gratiae
806 2569 902 2600 suae
924 2553 975 2600 id
998 2553 1125 2601 fecit.
1165 2558 1293 2603 Bene
1318 2565 1367 2603 et
1383 2565 1547 2619 argute
1574 2573 1584 2601 :
1612 2555 1680 2602 sic
1706 2555 1870 2614 etiam,
1902 2553 2120 2615 inquam,
2141 2548 2363 2596 homines

203 2626 364 2692 aliqua
381 2629 684 2678 saluberrimi
709 2633 898 2680 consilii
920 2633 1281 2700 dispensatione
1313 2646 1359 2683 et
1387 2637 1670 2684 innocentes
1704 2634 1883 2700 pariter
1907 2641 1959 2678 ut
1982 2638 2210 2677 nocentes
2243 2627 2364 2675 affli-

205 2723 315 2771 gere
336 2720 558 2773 possunt,
584 2727 676 2758 nec
695 2711 745 2759 in
768 2711 862 2761 hoc
885 2731 1087 2779 peccare
1110 2733 1121 2761 :
1146 2716 1297 2763 veluti
1313 2733 1426 2763 cum
1451 2726 1652 2781 propter
1677 2713 1877 2777 alicujus
1895 2710 2089 2775 tyranni
2112 2708 2360 2769 malitiam,

203 2786 326 2835 boni
359 2789 602 2855 principes
636 2800 788 2840 terras
822 2793 926 2857 ejus
956 2794 1310 2860 depopulantes
1334 2805 1478 2860 atque
1514 2794 1864 2861 depraedanteS,
1898 2800 1945 2839 et
1972 2790 2115 2838 bonis
2142 2787 2366 2836 fidelibus

205 2867 292 2933 qui
314 2867 358 2916 ei
382 2867 585 2933 subjecti
602 2879 734 2932 sunt,
763 2881 811 2919 et
837 2874 1140 2937 possessione
1174 2891 1276 2921 non
1300 2885 1464 2923 mente
1488 2874 1753 2940 conjuncti,
1786 2887 1964 2920 nocere
1986 2870 2363 2936 compelluntur,

206 2956 261 2995 ut
289 2964 560 3014 paucorum
597 2949 860 3000 electorum
885 2952 1066 3006 damno
1088 2955 1410 3019 plurimorum
1434 2956 1625 3004 utilitati
1647 2954 1977 3022 provideatur.
2019 2954 2181 2998 Potest
2224 2950 2368 2998 etiam

209 3029 506 3093 contingere,
536 3039 591 3078 ut
622 3030 772 3096 aliqui
796 3032 899 3080 falsi
928 3043 1069 3082 testes
1095 3051 1218 3099 quos
1247 3045 1409 3084 tamen
1447 3036 1663 3087 refellere
1692 3052 1795 3083 non
1824 3033 2089 3094 valeamus,
2117 3031 2281 3096 aliqua
2308 3030 2368 3077 de

209 3108 373 3174 aliquo
391 3110 635 3175 imputent
657 3129 804 3177 quem
821 3114 1131 3163 innocentem
1155 3116 1347 3164 scimus.
1371 3120 1595 3175 Quorum
1619 3116 1815 3182 quidem
1826 3113 2099 3162 testimonia
2112 3122 2367 3178 postquam

212 3188 263 3236 id
282 3190 467 3253 egerint
489 3191 625 3256 quod
645 3193 712 3240 eis
732 3193 1065 3258 adjudicatum
1090 3195 1248 3257 fuerit,
1287 3198 1508 3262 cogimur
1530 3199 1675 3245 etiam
1700 3205 1870 3245 contra
1897 3192 2243 3242 conscientiam
2277 3205 2370 3236 no·—

216 3278 363 3317 stram
386 3287 585 3335 gravare
608 3272 941 3339 innocentem,
970 3285 1040 3340 ut,
1068 3276 1204 3342 quod
1235 3278 1452 3327 mirabile
1474 3279 1607 3327 dictu
1631 3280 1730 3344 est,†
1755 3277 1873 3325 dum
1902 3274 2087 3341 legibus
2119 3272 2367 3334 obtempe—
