2638 3866
969 211 1271 259 THEOLOG!
1279 213 1314 260 Α
1359 212 1710 262 CHRISTIANA
1720 248 1730 259 .
2325 216 2422 262 493

269 323 342 362 est
363 314 483 379 ipsa.
505 310 675 370 Quod¹
693 309 958 359 similitudo
979 311 1055 358 vel
1078 312 1322 377 oppositio
1346 312 1408 360 31)
1433 329 1491 361 ea
1515 329 1568 361 re
1591 313 1729 378 cujus
1747 312 1918 360 relatio
1941 311 2117 361 dicitur
2141 313 2331 362 diversa
2348 332 2426 363 es-

269 392 531 441 sentialiter
551 391 627 453 sit,
654 408 767 439 cum
790 391 893 456 ipsa
917 407 1083 439 rursus
1105 391 1370 441 similitudo
1392 392 1559 441 similis
1581 394 1658 454 sit,
1686 402 1734 440 et
1764 392 1869 458 ipsa
1899 394 2143 459 oppositio
2178 395 2422 460 opposita,

270 473 378 538 quis
392 489 646 522 ,summum
668 470 917 519 infinitatis
939 471 1286 520 inconveniens
1308 473 1459 522 vitare
1471 473 1819 522 rationabiliter
1836 474 2029 538 poterit,
2055 491 2168 522 cum
2193 475 2353 523 nullus
2374 477 2424 524 111

270 562 443 602 natura
462 570 626 602 rerum
651 552 886 600 terminus
908 560 1131 599 occurrat
1154 569 1165 598 z
1192 552 1258 600 ita
1280 562 1334 599 ut
1359 569 1449 601 nec
1472 557 1577 601 Deo
1603 570 1834 601 numerus
1858 554 1960 618 ipse
1995 570 2159 602 rerum
2196 555 2425 604 definitus

270 633 346 694 sit,
373 634 459 698 qui
490 634 540 682 in
576 650 738 681 rerum
775 641 947 680 natura
976 630 1204 679 definitus
1236 649 1338 680 non
1372 633 1602 692 subsistit,
1642 633 1730 681 ubi
1759 633 1957 698 quidem
1991 634 2152 683 nullus
2192 636 2426 685 terminus

271 715 514 762 occurrit?
538 713 668 772 Quid
692 713 822 761 enim
846 711 1168 772 ridiculosiuS,
1194 722 1246 759 ut
1269 729 1383 760 cum
1404 713 1577 778 aliquis
1596 713 1747 761 modo
1766 714 2001 775 nascitur,
2029 716 2107 762 cui
2130 715 2296 763 similis
2321 716 2425 765 effi-

272 794 394 856 cior,
420 803 622 860 propter
654 793 792 842 illum
825 792 1047 858 quaedam
1070 809 1147 840 res
1177 809 1308 841 nova
1335 793 1456 841 mihi
1488 794 1783 855 innascatur,
1810 810 1959 860 quam
1990 811 2102 842 cum
2125 796 2204 844 ille
2232 798 2426 862 perierit

268 891 462 923 necesse
478 875 539 923 sit
564 874 818 941 deperi-re?

338 958 601 1004 Personam
623 956 786 1021 itaque
806 955 1035 1003 hocloco
1059 953 1298 1003 diversam
1333 954 1396 1003 ab
1428 954 1578 1003 altera
1609 955 1833 1016 dicimus,
1871 972 1930 1004 eo
1968 955 2103 1021 quod
2138 956 2426 1008 diffinitione

268 1034 332 1083 ab
360 1052 418 1084 ea
446 1035 764 1101 disjungatur,
796 1036 895 1083 hoc
930 1045 1001 1083 est
1034 1035 1343 1101 proprietatis
1374 1052 1470 1083 suae
1506 1036 1851 1101 singularitate,
1894 1047 1949 1085 ut
1986 1036 2209 1086 videlicet
2239 1039 2334 1087 hoc
2368 1041 2428 1088 sit

269 1115 413 1181 hujus
430 1118 686 1183 proprium
708 1115 846 1182 quod
867 1132 970 1164 non
988 1117 1046 1164 sit
1061 1115 1187 1163 illius
1205 1116 1479 1182 proprium.
1501 1119 1618 1175 Quae
1633 1117 1832 1182 quidem
1849 1118 2049 1184 propria
2075 1119 2293 1184 superius
2314 1131 2426 1168 sunt

268 1195 507 1247 distincta.
535 1201 596 1246 Et
616 1198 682 1247 ita
717 1200 857 1246 Pater
879 1215 907 1246 a
931 1196 1051 1245 Filio
1077 1197 1370 1263 proprietate
1401 1197 1499 1245 sive
1534 1197 1825 1246 diffinitione
1856 1198 2075 1246 diversus
2109 1209 2197 1259 est,
2240 1200 2335 1248 hoc
2358 1210 2429 1250 est

268 1276 419 1338 alius;
446 1289 494 1326 et
515 1279 732 1328 similiter
754 1288 956 1344 uterque
979 1294 1008 1326 a
1030 1278 1208 1343 Spiritu
1227 1282 1414 1326 sancto.
1438 1279 1701 1337 Quomodo
1727 1289 1889 1327 autem
1911 1278 2082 1327 beatus
2113 1282 2422 1343 Augustinus,

268 1358 361 1406 nisi
384 1358 512 1407 hanc
535 1360 860 1408 diversitatem
887 1360 1196 1425 propriorum
1222 1360 1320 1407 sive
1344 1359 1690 1407 diffinitionum
1717 1360 2003 1419 attenderet,
2042 1362 2316 1425 quomodo,
2354 1364 2427 1410 in-

268 1455 440 1503 quam,
474 1439 670 1489 dixisset
692 1442 741 1488 in
762 1444 848 1489 VII
871 1440 929 1487 de
954 1441 1216 1499 Trinitate,
1244 1449 1297 1487 ut
1320 1457 1464 1506 supra
1491 1457 1689 1505 quoque
1715 1441 2024 1488 meminimus
2052 1458 2063 1488 ε
2097 1462 2119 1485 «
2141 1443 2272 1500 Quid
2294 1442 2424 1490 aliud

267 1529 339 1567 est
357 1522 463 1568 Deo
487 1537 607 1580 esse,
635 1521 766 1569 aliud
791 1525 982 1569 Patrem
1013 1537 1116 1568 esse
1135 1519 1154 1567 ?
1177 1539 1209 1565 »-
1227 1537 1338 1568 cum
1362 1520 1586 1569 videlicet
1608 1521 1739 1569 idem
1759 1539 1966 1569 numero
1989 1523 2050 1569 sit
2072 1523 2120 1569 in
2139 1525 2243 1570 Deo
2267 1524 2426 1588 ipsum

268 1615 354 1646 ens
382 1610 430 1647 et
455 1601 623 1648 Pater?
654 1602 803 1660 Quod
826 1602 866 1649 si
890 1601 1159 1667 expressius
1186 1601 1416 1667 prosequi
1442 1601 1642 1649 velimus
1676 1601 1801 1666 quid.
1826 1611 1966 1649 sonet
1997 1618 2208 1667 persona
2227 1603 2278 1650 in
2299 1606 2423 1665 Deo,

269 1681 574 1729 tantumdem
596 1682 738 1743 valet,
765 1692 1003 1747 quantum
1026 1682 1066 1730 si
1087 1682 1324 1741 dicamuS‚
1358 1699 1472 1730 eum
1494 1699 1597 1730 esse
1625 1682 1698 1730 vel
1734 1686 1950 1743 Patrem,
1987 1681 2085 1730 hoc
2117 1692 2189 1730 est
2212 1683 2426 1732 divinam

267 1762 539 1826 potentiam
561 1773 900 1827 generantem3
927 1762 1003 1811 vel
1027 1763 1218 1826 Filium,
1246 1762 1344 1810 hoc
1376 1773 1448 1810 est
1477 1762 1694 1811 divinam
1728 1763 2023 1827 Sapientiam
2052 1766 2317 1826 sumtam’;
2351 1765 2427 1813 vel

268 1841 499 1905 Spiritum
523 1853 765 1904 sanctum,
791 1843 887 1890 hoc
918 1851 991 1890 est
1020 1843 1194 1890 divinae
1222 1842 1535 1907 benignitatis
1558 1859 1860 1908 processum.
1899 1845 1958 1890 Et
1991 1845 2152 1890 Deum
2190 1861 2294 1892 esse
2331 1855 2429 1893 tres

266 1936 498 1986 personas
524 1922 828 1971 tantumdem
850 1922 992 1983 valet,
1033 1939 1089 1971 ac
1111 1923 1152 1970 si
1175 1922 1393 1971 dicamus
1425 1940 1539 1970 eum
1576 1939 1679 1971 esse
1703 1926 1894 1971 Patrem
1929 1923 2071 1971 simul
2103 1934 2151 1972 et
2180 1925 2352 1973 Filium
2381 1936 2428 1974 et

267 2001 500 2066 Spiritum
533 2003 890 2052 sanctum.Tale
923 2013 996 2051 est
1029 2003 1175 2052 etiam
1209 2006 1400 2051 Patrem
1435 2014 1482 2051 et
1520 2004 1691 2051 Filium
1714 2013 1769 2050 set
1801 2003 2035 2069 Spiritum
2069 2014 2290 2052 sanctum
2327 2023 2429 2054 esse

265 2090 361 2130 tres
379 2099 609 2148 personas
633 2084 694 2132 ab
720 2084 930 2132 invicem
954 2083 1200 2146 discretaS,
1227 2093 1479 2149 tamquam
1504 2085 1544 2131 si
1572 2083 1792 2132 dicamus
1811 2094 1907 2131 tres
1929 2100 2162 2149 personas
2184 2101 2241 2132 ex
2266 2086 2427 2134 diver-

265 2163 400 2211 sitate
426 2165 782 2230 proprietatum
813 2181 1010 2213 suarum
1047 2166 1112 2212 ita
1146 2164 1208 2212 ab
1241 2165 1452 2212 invicem
1486 2182 1573 2230 per
1607 2164 2002 2229 praedicationem
2041 2164 2333 2229 disjunctas,
2374 2177 2427 2214 ut

265 2243 398 2291 nulla
420 2261 588 2292 earum
620 2245 680 2292 sit
698 2245 862 2305 altera,
890 2261 1050 2309 neque
1073 2245 1253 2292 scilicet
1279 2247 1416 2292 Pater
1437 2245 1497 2292 sit
1518 2244 1662 2292 Filius
1685 2254 1770 2292 aut
1794 2244 1999 2309 Spiritus
2021 2256 2240 2305 sanctus,
2268 2263 2428 2311 neque

265 2323 410 2371 Filius
445 2325 506 2372 sit
535 2326 739 2391 Spiritus
771 2335 981 2373 sanctus.
1008 2328 1081 2373 De
1115 2341 1211 2390 qua
1247 2325 1447 2390 quidem
1480 2325 1836 2391 praedicationis
1867 2326 2088 2373 oratione
2111 2326 2254 2391 plene
2287 2326 2429 2375 nobis

263 2402 600 2453 disserendum
623 2406 672 2452 in
696 2405 1012 2469 sequentibus
1033 2406 1141 2454 erit.
1169 2408 1227 2453 Et
1256 2406 1458 2454 fortasse
1490 2422 1602 2453 cum
1639 2404 1845 2452 dicimus
1874 2405 1923 2452 in
1951 2408 2057 2453 Deo
2081 2423 2313 2472 personas
2343 2407 2427 2454 di—

264 2500 444 2547 versas,
471 2485 742 2535 itascilicet
767 2496 821 2534 111
845 2504 945 2534 11011
970 2486 1131 2535 50111111
1154 2487 1249 2535 51111
1273 2485 1566 2534 diffinitione
1591 2485 1809 2546 diversae,
1836 2502 2006 2533 verum
2029 2487 2175 2534 etiam
2198 2487 2427 2552 praedica-

265 2565 396 2613 tione
415 2565 478 2613 ab
501 2566 711 2615 invicem
734 2567 1001 2632 disjunctae,
1028 2585 1143 2615 cum
1165 2567 1268 2630 hpec
1289 2583 1391 2614 non
1416 2567 1475 2614 sit
1498 2566 1596 2628 illa,
1620 2583 1722 2614 non
1745 2575 1816 2614 est
1836 2583 2027 2615 necesse
2052 2577 2106 2614 ut
2125 2567 2221 2615 hoc
2244 2584 2424 2615 nomen

268 2662 290 2689 «
326 2645 571 2695 diversum
599 2667 622 2692 »
669 2665 755 2713 per
799 2665 849 2695 se
887 2648 1017 2696 hanc
1057 2647 1458 2712 significationem
1495 2657 1659 2710 gerat,
1700 2646 1786 2694 sed
1820 2663 1878 2694 ex
1916 2647 2146 2710 adjuncto
2191 2647 2324 2711 quod
2356 2657 2427 2695 est

266 2741 475 2788 persona
507 2727 559 2774 id
574 2727 854 2779 contrahat.
891 2731 1102 2776 Persona
1131 2729 1293 2790 itaque
1324 2726 1421 2774 hoc
1458 2743 1638 2774 nomen
1665 2743 1778 2773 cum
1811 2727 1861 2773 in
1886 2726 2136 2775 divinitate
2161 2727 2423 2793 profertur,

265 2813 314 2851 et
343 2806 649 2854 tantumdem
677 2817 835 2867 sonat,
872 2816 1112 2872 quantum
1139 2807 1178 2853 si
1207 2805 1297 2854 sub
1322 2805 1649 2868 disjunctione
1673 2806 1934 2867 diceretur,
1963 2826 1985 2852 «
2011 2809 2142 2854 Deus
2166 2810 2321 2867 Pater,
2350 2808 2427 2855 vel

266 2886 397 2932 Deus
439 2886 612 2946 Filius,
654 2886 729 2934 vel
775 2889 906 2934 Deus
947 2887 1150 2952 Spiritus
1192 2895 1411 2945 sanctus3
1449 2905 1471 2929 »
1510 2884 1880 2949 quodammodo
1914 2902 2016 2934 11011
2050 2886 2427 2936 substantialiter

266 2965 352 3013 sed
385 2966 581 3014 relative
616 2966 813 3026 dicitur,
851 2984 961 3014 cum
993 2983 1049 3014 ea
1082 2966 1303 3014 videlicet
1333 2982 1439 3031 quae
1462 2966 1671 3015 relative
1704 2965 1944 3027 dicantur,
1978 2966 2068 3015 sub
2104 2968 2426 3033 disjunctione

267 3043 482 3108 denotet,
509 3049 698 3094 Patrem
721 3046 918 3108 scilicet,
951 3047 1123 3094 Filium
1147 3055 1195 3094 et
1220 3046 1451 3112 Spiritum
1474 3056 1713 3106 sanctum,
1745 3047 1964 3110 quamvis
1992 3048 2040 3095 in
2065 3050 2427 3097 constructione

267 3142 371 3174 non
393 3126 570 3175 habeat
590 3127 652 3176 ad
678 3126 813 3193 quod
831 3127 1026 3176 relative
1046 3127 1250 3175 dicatur.
1277 3126 1502 3192 Alioquin
1529 3144 1641 3175 cum
1669 3144 1900 3192 personas
1917 3128 2165 3194 pluraliter
2186 3129 2421 3189 dicamus,

315 3312 321 3330 ¹
338 3309 394 3344 Vel
411 3313 523 3352 potius
543 3312 640 3345 Cum.
652 3330 690 3335 ——
703 3312 778 3346 ²Sic
795 3313 828 3345 in
845 3313 941 3345 editis
958 3318 992 3345 et
1008 3313 1040 3344 in
1057 3313 1184 3344 codice.
1204 3311 1390 3350 Legendum
1409 3311 1537 3343 videtur
1554 3311 1717 3352 genitam.
