2638 3866
256 243 350 295 602
1061 249 1231 295 PETRI
1267 249 1584 296 ABAELARDI

255 350 429 413 ipsum,
450 358 561 407 etc.‚
589 367 611 391 »
636 347 829 394 tandem
857 347 1085 410 adjungat
1110 365 1166 410 :J
1185 350 1287 395 Hoc
1301 359 1462 395 autem
1474 348 1741 398 secundum
1760 348 2106 413 indulgen-tiam
2129 347 2259 408 dico,
2282 365 2380 395 non

255 428 520 475 secundum
535 428 600 473 im
609 427 811 490 perium,
827 448 849 469 ι»
867 428 1016 491 magis
1035 444 1126 474 nos
1147 428 1427 476 auctoritate
1440 445 1585 493 quam
1604 429 1790 476 ratione
1804 428 2024 476 videntur
2040 428 2382 491 constringere,

257 518 306 553 ut
340 508 491 571 ipsam
520 507 698 553 scilicet
729 508 887 554 carnis
914 507 1279 555 delectationem
1303 519 1555 572 peccatum
1585 509 1815 556 fateamur
1840 526 1853 565 7;
1882 524 1981 554 non
2016 507 2215 554 enimin
2238 507 2386 554 forni-

254 587 456 644 catione,
493 586 578 633 sed
609 587 657 632 in
699 588 1009 634 matrimonio
1034 587 1187 634 David
1215 598 1505 653 conceptum
1538 588 1679 635 fuisse
1704 597 1919 644 constat;
1946 603 2034 633 nec
2062 586 2383 650 indulgentia,

254 666 346 711 hoc
384 675 471 725 est,
511 666 668 726 venia,
716 675 769 713 ut
799 676 1030 723 asserunt,
1076 667 1346 728 intercedit,
1382 667 1465 714 ubi
1496 667 1636 732 culpa
1680 668 1871 732 penitus
1906 666 2107 713 absistit.
2139 669 2385 723 Quantum

252 761 366 799 vero
381 745 499 791 mihi
522 745 711 792 videtu-r
733 746 868 809 quod
892 747 957 793 ait
985 746 1155 806 David,
1182 747 1231 792 in
1257 747 1586 811 iniquitatibus
1610 746 1687 794 vel
1712 747 1919 812 peccatis
1944 746 2083 792 fuisse
2106 762 2156 792 se
2179 761 2386 810 concep-

255 834 375 884 tum,
412 842 502 871 nec
537 819 670 872 addit
701 843 938 890 quorum,
968 827 1235 889 generalem
1263 827 1504 890 originalis
1533 827 1713 892 peccati
1748 826 2136 873 maledictionem
2172 825 2386 882 induxit,

254 919 349 967 qua
382 903 599 952 videlicet
629 906 959 969 unusquisque
990 922 1047 952 ex
1080 906 1228 970 culpa.
1251 907 1467 971 priorum
1503 917 1754 971 parentum
1791 905 2088 952 damnationi
2122 904 2399 968 subjicitur„

250 983 384 1045 juxta
414 983 534 1030 illud
557 985 689 1047 quod
714 984 826 1032 alibi
856 985 1089 1049 scriptum
1111 995 1182 1032 est
1209 1005 1218 1031 ε
1252 1005 1275 1030 α
1302 990 1452 1034 Nemo
1478 986 1688 1033 mundus
1713 1002 1740 1032 a
1764 985 1925 1043 sorde,
1955 1001 2044 1032 nec
2067 984 2222 1032 infans
2248 985 2390 1032 unius

255 1062 353 1109 diei‘
382 1064 421 1109 si
450 1064 509 1110 sit
538 1065 632 1111 vita
657 1065 757 1128 ejus
780 1082 924 1130 super
956 1075 1149 1112 terram.
1182 1087 1203 1108 υ
1238 1069 1300 1112 Ut
1334 1067 1463 1113 enim
1497 1066 1667 1114 beatus
1704 1065 1920 1113 meminit
1958 1065 2305 1127 Hieronymus,
2344 1074 2392 1110 et
2436 1111 2438 1113 .

257 1143 501 1191 manifesta
535 1145 656 1191 ratio
690 1144 860 1206 habet,
889 1145 1120 1210 quamdiu
1155 1146 1316 1192 anima
1365 1143 1568 1192 infantili
1605 1155 1739 1192 aetate
1770 1145 2031 1192 constituta
2064 1154 2160 1203 est,
2194 1153 2391 1208 peccato

256 1232 399 1270 caret.
431 1224 478 1269 Si
503 1239 617 1286 ergo
642 1240 670 1271 a
693 1235 891 1289 peccato
917 1225 1100 1273 munda
1125 1235 1222 1284 est,
1258 1225 1510 1290 quomodo
1545 1224 1769 1272 sordibus
1796 1225 1979 1289 peccati
2011 1223 2263 1271 immunda
2289 1233 2358 1270 est
2375 1260 2388 1283 ,

256 1304 344 1350 nisi
375 1304 485 1368 quia
516 1304 613 1351 hoc
642 1305 702 1351 de
736 1306 895 1370 culpa,
924 1306 1043 1354 illud
1077 1305 1441 1369 intelligendum
1473 1315 1543 1353 est
1567 1305 1628 1352 de
1659 1302 1838 1370 poena?
1865 1304 2067 1369 Culpam
2091 1304 2269 1369 quippe
2291 1319 2391 1351 non

256 1383 404 1430 habet
431 1401 488 1431 ex
510 1395 793 1450 contemptu
819 1387 924 1447 Dei,
953 1387 1036 1450 qui
1059 1386 1256 1450 quidem
1283 1385 1401 1450 quid
1428 1401 1567 1450 agere
1590 1385 1786 1444 debeat,
1824 1384 2046 1432 nondum
2071 1385 2254 1431 ratione
2282 1399 2393 1447 per-

257 1464 397 1528 cipit3
437 1481 466 1511 a
497 1465 638 1511 sorde
671 1474 830 1513 tamen
868 1467 1048 1531 peccati
1082 1467 1299 1531 priorum
1320 1474 1578 1531 parentum
1614 1465 1842 1512 immunis
1869 1480 1970 1512 non
2005 1474 2092 1524 est,
2121 1480 2150 1510 a
2171 1479 2267 1526 qua
2291 1463 2392 1526 Jam

256 1560 448 1607 poenam
479 1545 720 1592 contrahit
737 1582 748 1604 ,
776 1547 862 1592 etsi
887 1563 985 1593 non
1017 1546 1233 1611 culpam,
1261 1555 1308 1592 et
1330 1546 1530 1593 sustinet
1553 1545 1604 1591 in
1628 1560 1772 1609 poena
1795 1544 1929 1607 quod
1951 1543 2019 1591 illi
2050 1545 2394 1590 commiserunt

260 1624 306 1669 in
341 1624 498 1688 culpa.
533 1625 609 1671 Sic
637 1642 749 1671 cum
777 1626 841 1671 ait
866 1626 1047 1683 David,
1084 1626 1132 1671 in
1164 1625 1496 1689 iniquitaitbus
1525 1624 1600 1671 vel
1624 1624 1831 1689 peccatis
1865 1640 1914 1670 se
1946 1639 2047 1671 esse
2082 1632 2390 1688 conceptum,

261 1704 468 1765 generali
511 1706 755 1751 sententiae
792 1706 1114 1752 damnationis
1145 1722 1203 1752 ex
1234 1697 1616 1770 culpa-*priorum
1658 1713 1915 1769 parentum
1938 1719 1987 1750 se
2011 1703 2260 1767 conspexit
2291 1719 2393 1749 esse

260 1782 552 1846 subjectum3
580 1801 670 1831 uec
691 1794 786 1831 tam
812 1785 873 1832 ad
891 1786 1137 1848 proximos
1159 1794 1396 1849 parentes,
1423 1800 1569 1848 quam
1589 1784 1651 1831 ad
1671 1784 1854 1849 priores
1876 1783 1976 1829 haec
1993 1782 2163 1830 delicta
2185 1783 2391 1830 retorsit.

326 1864 470 1920 Quod
491 1881 603 1910 vero
627 1865 882 1928 Apostolus
906 1865 1251 1928 indulgentiam
1272 1864 1406 1920 dixit,
1435 1880 1535 1910 non
1559 1865 1641 1923 ita,
1670 1873 1721 1909 ut
1744 1863 1930 1921 volunt,
1952 1872 2022 1909 est
2040 1862 2392 1926 accipiendum,

265 1953 315 1988 ut
343 1943 688 2007 indulgentiam
715 1945 1040 2009 permissionis
1063 1946 1249 1991 veniam
1275 1943 1448 1991 dixerit
1479 1944 1677 2009 peccati.
1705 1944 1814 1990 Tale
1837 1943 2015 2008 quippe
2041 1952 2112 1990 est
2133 1942 2266 2006 quod
2289 1943 2355 1989 ait
2381 1961 2391 1988 :

265 2043 286 2064 «
307 2024 571 2082 secundum
599 2024 962 2087 indulgentiam,
993 2041 1089 2071 non
1117 2024 1381 2071 secundum
1402 2025 1683 2088 imperium;
1705 2043 1728 2067 >2
1747 2040 1802 2070 ac
1823 2023 1863 2069 si
1885 2022 2066 2070 diceret
2092 2040 2102 2068 :
2130 2022 2396 2069 secundum

260 2103 644 2166 permissionem,
685 2121 785 2150 non
818 2105 1085 2151 secundum
1120 2105 1438 2151 coactionem.
1475 2105 1523 2150 Si
1560 2104 1688 2150 enim
1723 2103 1891 2150 volunt
1924 2103 2178 2166 conjuges,
2215 2112 2262 2148 et
2294 2102 2397 2166 pari

261 2199 500 2230 consensu
535 2184 850 2241 decreverint,
886 2185 1124 2233 abstinere
1145 2195 1346 2250 possunt
1372 2186 1562 2249 penitus
1592 2183 1654 2231 ab
1677 2200 1767 2230 usu
1789 2183 1973 2243 carnis,
2000 2198 2090 2230 nec
2120 2199 2206 2247 per
2237 2183 2397 2246 impe-

262 2263 386 2310 rium
423 2263 481 2310 ad
525 2280 636 2310 eum
675 2274 787 2311 sunt
823 2266 1044 2329 cogendi.
1086 2265 1227 2323 Quod
1260 2266 1300 2313 si
1327 2282 1427 2312 non
1458 2264 1777 2321 decreverint,
1812 2262 2156 2326 indulgentiam
2183 2252 2392 2318 habent,

263 2343 356 2390 hoc
397 2353 492 2401 est,
536 2345 899 2408 permissionem
934 2355 982 2391 ut
1015 2362 1042 2392 a
1074 2347 1168 2393 vita
1200 2346 1484 2410 perfectiore
1518 2345 1566 2390 in
1598 2360 1740 2390 usum
1773 2342 2015 2389 declinent
2047 2342 2238 2388 laxioris
2271 2342 2394 2388 vitae.

264 2426 371 2470 Non
392 2440 505 2485 ergo
529 2424 785 2488 Apostolus
806 2424 901 2471 hoc
922 2425 1029 2471 loco
1050 2425 1397 2488 indulgentiam
1420 2423 1650 2470 intellexit
1666 2422 1856 2470 veniam
1876 2422 2076 2487 peccati,
2099 2421 2184 2468 sed
2205 2422 2400 2485 permis-

264 2503 449 2550 sionem
475 2504 665 2550 laxioris
704 2506 808 2552 vitae
832 2522 921 2568 pro
945 2505 1201 2552 evitatione
1223 2503 1571 2562 fornicationis,
1596 2512 1649 2549 ut
1675 2502 1871 2549 inferior
1893 2503 1987 2548 vita
2010 2502 2193 2566 peccati
2219 2502 2399 2564 magni-

267 2583 480 2630 tudinem
506 2584 801 2648 praeveniret‚
837 2594 883 2631 et
908 2585 1067 2631 minor
1089 2593 1210 2631 esset
1242 2584 1291 2629 in
1316 2583 1520 2642 meritis,
1552 2598 1613 2628 ne
1635 2582 1790 2645 major
1813 2581 1944 2628 fieret
1966 2582 2015 2627 in
2040 2581 2261 2645 peccatis.
2290 2583 2398 2626 Haec

266 2674 422 2710 autem
450 2664 512 2711 ad
533 2665 629 2711 hoc
652 2665 928 2711 induximus
951 2681 1012 2711 ne
1034 2665 1140 2727 quis
1161 2664 1328 2710 volens
1352 2662 1473 2709 forte
1502 2678 1698 2709 omnem
1728 2662 1883 2708 carnis
1906 2661 2270 2708 delectationem
2298 2675 2399 2706 esse

267 2753 514 2806 peccatum
533 2780 545 2800 ,
575 2744 756 2791 diceret
778 2761 835 2791 ex
871 2746 1060 2792 actione
1093 2745 1248 2808 ipsum
1275 2752 1527 2807 peccatum
1556 2742 1743 2805 augeri,
1772 2758 1885 2788 cum
1912 2742 2019 2804 quis
2036 2740 2257 2789 videlicet
2276 2756 2400 2786 con-

268 2839 457 2869 sensum
496 2824 653 2887 ipsum
687 2825 836 2871 animi
873 2826 922 2870 in
955 2824 1229 2871 exercitium
1265 2822 1462 2868 duceret
1499 2821 1821 2886 operationis,
1860 2831 1912 2867 ut
1947 2837 2046 2868 non
2091 2818 2398 2866 solummodo

270 2918 503 2949 consensu
538 2904 863 2967 turpitudinis,
891 2921 1056 2951 verum
1093 2904 1236 2950 etiam
1262 2901 1460 2949 maculis
1490 2902 1899 2948 contaminaretur
1920 2900 2149 2958 actionis,
2172 2909 2398 2963 tanquam

271 2982 310 3027 si
341 2982 549 3027 animam
585 2984 914 3031 contaminare
947 2993 1132 3047 posset,
1161 2982 1294 3046 quod
1317 2982 1523 3030 exterius
1557 2982 1606 3027 in
1635 2997 1840 3046 corpore
1863 2979 2012 3027 fleret.
2039 2979 2166 3026 Nihil
2195 2994 2308 3041 ergo
2338 2977 2399 3023 ad

272 3070 577 3123 augmentum
612 3063 793 3125 peccati
827 3059 1043 3127 pertinet
1065 3063 1426 3126 qualiscumque
1449 3077 1653 3126 operum
1687 3060 1923 3117 executio,
1961 3069 2008 3107 et
2038 3059 2155 3106 nihil
2190 3058 2399 3104 animam

272 3140 362 3186 nisi
393 3139 524 3202 quod
562 3140 708 3203 ipsius
738 3151 833 3201 est,
867 3142 1170 3205 coinquinat,
1206 3141 1301 3187 hoc
1338 3151 1436 3200 est,
1475 3157 1737 3188 consensus
1769 3156 1914 3203 quem
1947 3137 2252 3185 solummodo
2287 3151 2403 3199 pec—

273 3228 436 3265 catum
457 3235 558 3264 esse
582 3219 788 3265 diximus
819 3221 867 3265 in
891 3221 1152 3280 voluntate,
1180 3235 1287 3266 eam
1309 3220 1677 3283 praecedentem,
1704 3219 1777 3265 vel
1797 3219 2035 3265 actionem
2056 3216 2215 3281 operis
2237 3214 2400 3262 subse-

274 3307 518 3361 quentem.
547 3299 643 3344 Etsi
677 3299 804 3345 enim
831 3300 1031 3345 velimus
1063 3299 1137 3345 vel
1160 3299 1387 3346 faciamus
1418 3299 1550 3361 quod
1577 3315 1675 3345 non
1697 3297 1941 3357 convenit,
1977 3313 2074 3343 non
2109 3295 2219 3342 ideo
2243 3305 2399 3341 tamen
