<?xml version="1.0" encoding="UTF-8"?>
<!DOCTYPE html PUBLIC "-//W3C//DTD XHTML 1.0 Transitional//EN"
    "http://www.w3.org/TR/xhtml1/DTD/xhtml1-transitional.dtd">
<html xmlns="http://www.w3.org/1999/xhtml" xml:lang="en" lang="en">
 <head>
  <title>
</title>
<meta http-equiv="Content-Type" content="text/html;charset=utf-8" />
  <meta name='ocr-system' content='tesseract 3.04.00' />
  <meta name='ocr-capabilities' content='ocr_page ocr_carea ocr_par ocr_line ocrx_word'/>
</head>
<body>
  <div class='ocr_page' id='page_1' title='image "./operahactenusseo00abeluoft_0591.png"; bbox 0 0 2638 3866; ppageno 0'>
   <div class='ocr_carea' id='block_1_1' title="bbox 800 233 2403 286">
    <p class='ocr_par' dir='ltr' id='par_1_1' title="bbox 800 233 2403 286">
     <span class='ocr_line' id='line_1_1' title="bbox 800 233 2403 286; baseline -0.003 -2"><span class='ocrx_word' id='word_1_1' title='bbox 800 237 1058 286; x_wconf 87' lang='lat' dir='ltr'><strong>EPITOME</strong></span> <span class='ocrx_word' id='word_1_2' title='bbox 1092 236 1455 286; x_wconf 87' lang='lat' dir='ltr'><strong>THEOLOGIAE</strong></span> <span class='ocrx_word' id='word_1_3' title='bbox 1487 236 1878 286; x_wconf 83' lang='lat' dir='ltr'>CHRISTIANAE.</span> <span class='ocrx_word' id='word_1_4' title='bbox 2319 233 2403 280; x_wconf 72' lang='lat'>581</span> 
     </span>
    </p>
   </div>
   <div class='ocr_carea' id='block_1_2' title="bbox 265 335 2420 1969">
    <p class='ocr_par' dir='ltr' id='par_1_2' title="bbox 267 335 2419 857">
     <span class='ocr_line' id='line_1_2' title="bbox 268 335 2413 398; baseline -0.002 -17"><span class='ocrx_word' id='word_1_5' title='bbox 268 339 492 381; x_wconf 89' lang='lat' dir='ltr'>unctiones</span> <span class='ocrx_word' id='word_1_6' title='bbox 515 337 712 397; x_wconf 85' lang='lat' dir='ltr'>suscepit,</span> <span class='ocrx_word' id='word_1_7' title='bbox 732 337 833 395; x_wconf 87' lang='lat' dir='ltr'>quia</span> <span class='ocrx_word' id='word_1_8' title='bbox 847 352 924 380; x_wconf 90' lang='lat' dir='ltr'>rex</span> <span class='ocrx_word' id='word_1_9' title='bbox 941 347 985 381; x_wconf 90' lang='lat' dir='ltr'>et</span> <span class='ocrx_word' id='word_1_10' title='bbox 1000 336 1199 381; x_wconf 86' lang='lat' dir='ltr'>sacerdos</span> <span class='ocrx_word' id='word_1_11' title='bbox 1219 348 1326 381; x_wconf 90' lang='lat' dir='ltr'>erat.</span> <span class='ocrx_word' id='word_1_12' title='bbox 1345 338 1453 381; x_wconf 82' lang='lat' dir='ltr'>Duae</span> <span class='ocrx_word' id='word_1_13' title='bbox 1477 337 1670 382; x_wconf 87' lang='lat' dir='ltr'>similiter</span> <span class='ocrx_word' id='word_1_14' title='bbox 1683 352 1878 398; x_wconf 77' lang='lat' dir='ltr'>personae</span> <span class='ocrx_word' id='word_1_15' title='bbox 1896 346 2144 397; x_wconf 85' lang='lat' dir='ltr'>unguuntur</span> <span class='ocrx_word' id='word_1_16' title='bbox 2157 335 2203 378; x_wconf 92' lang='lat' dir='ltr'>in</span> <span class='ocrx_word' id='word_1_17' title='bbox 2219 335 2413 388; x_wconf 87' lang='lat' dir='ltr'>ecclesia,</span> 
     </span>
     <span class='ocr_line' id='line_1_3' title="bbox 267 399 2415 460; baseline -0.002 -13"><span class='ocrx_word' id='word_1_18' title='bbox 267 419 344 447; x_wconf 83' lang='lat' dir='ltr'>rex</span> <span class='ocrx_word' id='word_1_19' title='bbox 363 414 408 447; x_wconf 91' lang='lat' dir='ltr'>et</span> <span class='ocrx_word' id='word_1_20' title='bbox 428 401 642 457; x_wconf 86' lang='lat' dir='ltr'>sacerdos,</span> <span class='ocrx_word' id='word_1_21' title='bbox 665 417 752 445; x_wconf 89' lang='lat' dir='ltr'>una</span> <span class='ocrx_word' id='word_1_22' title='bbox 772 404 928 460; x_wconf 87' lang='lat' dir='ltr'>major,</span> <span class='ocrx_word' id='word_1_23' title='bbox 957 402 1091 446; x_wconf 86' lang='lat' dir='ltr'>altera</span> <span class='ocrx_word' id='word_1_24' title='bbox 1112 404 1270 447; x_wconf 90' lang='lat' dir='ltr'>minor.</span> <span class='ocrx_word' id='word_1_25' title='bbox 1301 403 1446 447; x_wconf 88' lang='lat' dir='ltr'>Minor</span> <span class='ocrx_word' id='word_1_26' title='bbox 1466 419 1568 447; x_wconf 88' lang='lat' dir='ltr'>vero</span> <span class='ocrx_word' id='word_1_27' title='bbox 1586 420 1611 447; x_wconf 89' lang='lat' dir='ltr'>a</span> <span class='ocrx_word' id='word_1_28' title='bbox 1629 405 1793 460; x_wconf 89' lang='lat' dir='ltr'>majore</span> <span class='ocrx_word' id='word_1_29' title='bbox 1814 402 2099 454; x_wconf 81' lang='lat' dir='ltr'>benedicitur,</span> <span class='ocrx_word' id='word_1_30' title='bbox 2123 411 2170 444; x_wconf 92' lang='lat' dir='ltr'>ut</span> <span class='ocrx_word' id='word_1_31' title='bbox 2186 399 2415 460; x_wconf 82' lang='lat' dir='ltr'>Apostolus</span> 
     </span>
     <span class='ocr_line' id='line_1_4' title="bbox 268 467 2409 529; baseline -0.002 -16"><span class='ocrx_word' id='word_1_32' title='bbox 268 471 343 514; x_wconf 85' lang='lat' dir='ltr'>ait.</span> <span class='ocrx_word' id='word_1_33' title='bbox 369 471 420 512; x_wconf 92' lang='lat' dir='ltr'>In</span> <span class='ocrx_word' id='word_1_34' title='bbox 443 469 647 512; x_wconf 90' lang='lat' dir='ltr'>unctione</span> <span class='ocrx_word' id='word_1_35' title='bbox 669 468 798 529; x_wconf 84' lang='lat' dir='ltr'>igitur</span> <span class='ocrx_word' id='word_1_36' title='bbox 817 467 980 528; x_wconf 89' lang='lat' dir='ltr'>pedum</span> <span class='ocrx_word' id='word_1_37' title='bbox 1005 469 1148 512; x_wconf 90' lang='lat' dir='ltr'>minor</span> <span class='ocrx_word' id='word_1_38' title='bbox 1167 483 1364 528; x_wconf 89' lang='lat' dir='ltr'>persona,</span> <span class='ocrx_word' id='word_1_39' title='bbox 1390 469 1436 513; x_wconf 91' lang='lat' dir='ltr'>id</span> <span class='ocrx_word' id='word_1_40' title='bbox 1458 479 1536 520; x_wconf 89' lang='lat' dir='ltr'>est,</span> <span class='ocrx_word' id='word_1_41' title='bbox 1562 468 1776 521; x_wconf 84' lang='lat' dir='ltr'>sacerdos,</span> <span class='ocrx_word' id='word_1_42' title='bbox 1800 470 1845 512; x_wconf 91' lang='lat' dir='ltr'>in</span> <span class='ocrx_word' id='word_1_43' title='bbox 1867 469 2070 512; x_wconf 84' lang='lat' dir='ltr'>unctione</span> <span class='ocrx_word' id='word_1_44' title='bbox 2087 467 2236 527; x_wconf 87' lang='lat' dir='ltr'>capitis</span> <span class='ocrx_word' id='word_1_45' title='bbox 2257 469 2409 523; x_wconf 84' lang='lat' dir='ltr'>major,</span> 
     </span>
     <span class='ocr_line' id='line_1_5' title="bbox 269 532 2413 595; baseline -0.001 -18"><span class='ocrx_word' id='word_1_46' title='bbox 269 536 315 578; x_wconf 88' lang='lat' dir='ltr'>id</span> <span class='ocrx_word' id='word_1_47' title='bbox 340 547 420 584; x_wconf 85' lang='lat' dir='ltr'>est,</span> <span class='ocrx_word' id='word_1_48' title='bbox 454 550 532 578; x_wconf 83' lang='lat' dir='ltr'>rex</span> <span class='ocrx_word' id='word_1_49' title='bbox 559 533 780 595; x_wconf 86' lang='lat' dir='ltr'>figuratur.</span> <span class='ocrx_word' id='word_1_50' title='bbox 804 533 945 577; x_wconf 84' lang='lat' dir='ltr'>David</span> <span class='ocrx_word' id='word_1_51' title='bbox 969 534 1122 587; x_wconf 89' lang='lat' dir='ltr'>etiam,</span> <span class='ocrx_word' id='word_1_52' title='bbox 1147 534 1219 593; x_wconf 90' lang='lat' dir='ltr'>qui</span> <span class='ocrx_word' id='word_1_53' title='bbox 1241 535 1286 577; x_wconf 94' lang='lat' dir='ltr'>in</span> <span class='ocrx_word' id='word_1_54' title='bbox 1307 532 1463 579; x_wconf 84' lang='lat' dir='ltr'>Christi</span> <span class='ocrx_word' id='word_1_55' title='bbox 1484 535 1621 595; x_wconf 85' lang='lat' dir='ltr'>figura</span> <span class='ocrx_word' id='word_1_56' title='bbox 1643 535 1856 594; x_wconf 82' lang='lat' dir='ltr'>praecessit</span> <span class='ocrx_word' id='word_1_57' title='bbox 1871 567 1883 589; x_wconf 89' lang='lat'>‚</span> <span class='ocrx_word' id='word_1_58' title='bbox 1914 545 2065 577; x_wconf 90' lang='lat' dir='ltr'>unctus</span> <span class='ocrx_word' id='word_1_59' title='bbox 2087 533 2214 576; x_wconf 84' lang='lat' dir='ltr'>fuisse</span> <span class='ocrx_word' id='word_1_60' title='bbox 2244 532 2413 592; x_wconf 84' lang='lat' dir='ltr'>legitur,</span> 
     </span>
     <span class='ocr_line' id='line_1_6' title="bbox 267 596 2415 660; baseline -0.001 -16"><span class='ocrx_word' id='word_1_61' title='bbox 267 601 408 660; x_wconf 88' lang='lat' dir='ltr'>primo</span> <span class='ocrx_word' id='word_1_62' title='bbox 428 602 473 644; x_wconf 90' lang='lat' dir='ltr'>in</span> <span class='ocrx_word' id='word_1_63' title='bbox 496 600 629 644; x_wconf 91' lang='lat' dir='ltr'>domo</span> <span class='ocrx_word' id='word_1_64' title='bbox 642 600 773 660; x_wconf 85' lang='lat' dir='ltr'>patris</span> <span class='ocrx_word' id='word_1_65' title='bbox 789 615 812 642; x_wconf 90' lang='lat' dir='ltr'>a</span> <span class='ocrx_word' id='word_1_66' title='bbox 836 599 1049 653; x_wconf 83' lang='lat' dir='ltr'><strong>Samuele,</strong></span> <span class='ocrx_word' id='word_1_67' title='bbox 1074 600 1264 643; x_wconf 90' lang='lat' dir='ltr'>secundo</span> <span class='ocrx_word' id='word_1_68' title='bbox 1280 616 1407 660; x_wconf 88' lang='lat' dir='ltr'>super</span> <span class='ocrx_word' id='word_1_69' title='bbox 1427 612 1594 660; x_wconf 86' lang='lat' dir='ltr'>partem</span> <span class='ocrx_word' id='word_1_70' title='bbox 1611 600 1756 652; x_wconf 89' lang='lat' dir='ltr'>Israel,</span> <span class='ocrx_word' id='word_1_71' title='bbox 1780 601 1907 643; x_wconf 87' lang='lat' dir='ltr'>tertio</span> <span class='ocrx_word' id='word_1_72' title='bbox 1930 615 2056 659; x_wconf 89' lang='lat' dir='ltr'>super</span> <span class='ocrx_word' id='word_1_73' title='bbox 2073 609 2229 642; x_wconf 78' lang='lat' dir='ltr'>totum,</span> <span class='ocrx_word' id='word_1_74' title='bbox 2250 596 2415 641; x_wconf 82' lang='lat' dir='ltr'>Eodem</span> 
     </span>
     <span class='ocr_line' id='line_1_7' title="bbox 268 664 2419 726; baseline -0.002 -17"><span class='ocrx_word' id='word_1_75' title='bbox 268 682 440 726; x_wconf 89' lang='lat' dir='ltr'>quoque</span> <span class='ocrx_word' id='word_1_76' title='bbox 461 665 597 710; x_wconf 89' lang='lat' dir='ltr'>modo</span> <span class='ocrx_word' id='word_1_77' title='bbox 613 666 903 725; x_wconf 87' lang='lat' dir='ltr'>unusquisque</span> <span class='ocrx_word' id='word_1_78' title='bbox 919 665 1181 708; x_wconf 82' lang='lat' dir='ltr'>Christianus</span> <span class='ocrx_word' id='word_1_79' title='bbox 1199 676 1265 708; x_wconf 91' lang='lat' dir='ltr'>ter</span> <span class='ocrx_word' id='word_1_80' title='bbox 1285 666 1476 726; x_wconf 86' lang='lat' dir='ltr'>ungitur,</span> <span class='ocrx_word' id='word_1_81' title='bbox 1501 666 1641 724; x_wconf 88' lang='lat' dir='ltr'>primo</span> <span class='ocrx_word' id='word_1_82' title='bbox 1660 666 1717 709; x_wconf 91' lang='lat' dir='ltr'>ad</span> <span class='ocrx_word' id='word_1_83' title='bbox 1738 666 2075 714; x_wconf 89' lang='lat' dir='ltr'>inchoationem.</span> <span class='ocrx_word' id='word_1_84' title='bbox 2101 665 2145 707; x_wconf 90' lang='lat' dir='ltr'>in</span> <span class='ocrx_word' id='word_1_85' title='bbox 2163 664 2419 723; x_wconf 82' lang='lat' dir='ltr'>baptismate</span> 
     </span>
     <span class='ocr_line' id='line_1_8' title="bbox 267 730 2416 792; baseline -0.002 -17"><span class='ocrx_word' id='word_1_86' title='bbox 267 732 440 785; x_wconf 89' lang='lat' dir='ltr'>scilicet,</span> <span class='ocrx_word' id='word_1_87' title='bbox 464 732 541 775; x_wconf 92' lang='lat' dir='ltr'>ubi</span> <span class='ocrx_word' id='word_1_88' title='bbox 560 742 738 792; x_wconf 88' lang='lat' dir='ltr'>peccata</span> <span class='ocrx_word' id='word_1_89' title='bbox 761 730 1053 785; x_wconf 88' lang='lat' dir='ltr'>dimittuntur,</span> <span class='ocrx_word' id='word_1_90' title='bbox 1078 730 1268 774; x_wconf 91' lang='lat' dir='ltr'>secundo</span> <span class='ocrx_word' id='word_1_91' title='bbox 1291 731 1336 773; x_wconf 90' lang='lat' dir='ltr'>in</span> <span class='ocrx_word' id='word_1_92' title='bbox 1352 730 1696 786; x_wconf 88' lang='lat' dir='ltr'>confirmatione,</span> <span class='ocrx_word' id='word_1_93' title='bbox 1715 730 1790 774; x_wconf 90' lang='lat' dir='ltr'>ubi</span> <span class='ocrx_word' id='word_1_94' title='bbox 1813 730 1930 774; x_wconf 90' lang='lat' dir='ltr'>dona</span> <span class='ocrx_word' id='word_1_95' title='bbox 1953 731 2099 791; x_wconf 80' lang='lat' dir='ltr'>gratiae</span> <span class='ocrx_word' id='word_1_96' title='bbox 2121 730 2416 780; x_wconf 81' lang='lat' dir='ltr'>conferuntur,</span> 
     </span>
     <span class='ocr_line' id='line_1_9' title="bbox 267 795 2295 857; baseline -0.001 -17"><span class='ocrx_word' id='word_1_97' title='bbox 267 798 393 842; x_wconf 88' lang='lat' dir='ltr'>tertio</span> <span class='ocrx_word' id='word_1_98' title='bbox 414 799 461 841; x_wconf 89' lang='lat' dir='ltr'>in</span> <span class='ocrx_word' id='word_1_99' title='bbox 484 798 619 853; x_wconf 83' lang='lat' dir='ltr'>exitu,</span> <span class='ocrx_word' id='word_1_100' title='bbox 642 797 718 840; x_wconf 89' lang='lat' dir='ltr'>ubi</span> <span class='ocrx_word' id='word_1_101' title='bbox 737 797 807 841; x_wconf 83' lang='lat' dir='ltr'>vel</span> <span class='ocrx_word' id='word_1_102' title='bbox 829 797 994 852; x_wconf 90' lang='lat' dir='ltr'>omnia,</span> <span class='ocrx_word' id='word_1_103' title='bbox 1019 797 1053 840; x_wconf 92' lang='lat' dir='ltr'>si</span> <span class='ocrx_word' id='word_1_104' title='bbox 1075 812 1160 856; x_wconf 89' lang='lat' dir='ltr'>qua</span> <span class='ocrx_word' id='word_1_105' title='bbox 1182 808 1282 839; x_wconf 90' lang='lat' dir='ltr'>sunt</span> <span class='ocrx_word' id='word_1_106' title='bbox 1303 807 1494 857; x_wconf 89' lang='lat' dir='ltr'>peccata,</span> <span class='ocrx_word' id='word_1_107' title='bbox 1518 797 1588 841; x_wconf 85' lang='lat' dir='ltr'>vel</span> <span class='ocrx_word' id='word_1_108' title='bbox 1610 812 1763 841; x_wconf 87' lang='lat' dir='ltr'>eorum</span> <span class='ocrx_word' id='word_1_109' title='bbox 1784 797 1974 841; x_wconf 83' lang='lat' dir='ltr'>maxima</span> <span class='ocrx_word' id='word_1_110' title='bbox 1992 812 2090 856; x_wconf 90' lang='lat' dir='ltr'>pars</span> <span class='ocrx_word' id='word_1_111' title='bbox 2113 795 2295 839; x_wconf 87' lang='lat' dir='ltr'>deletur.</span> 
     </span>
    </p>

    <p class='ocr_par' dir='ltr' id='par_1_3' title="bbox 265 861 2420 1969">
     <span class='ocr_line' id='line_1_10' title="bbox 326 861 2419 923; baseline -0.002 -16"><span class='ocrx_word' id='word_1_112' title='bbox 326 863 575 908; x_wconf 85' lang='lat' dir='ltr'>Videndum</span> <span class='ocrx_word' id='word_1_113' title='bbox 596 863 740 923; x_wconf 85' lang='lat' dir='ltr'>igitur,</span> <span class='ocrx_word' id='word_1_114' title='bbox 772 879 869 923; x_wconf 64' lang='lat' dir='ltr'>quae</span> <span class='ocrx_word' id='word_1_115' title='bbox 898 878 990 917; x_wconf 85' lang='lat' dir='ltr'>res,</span> <span class='ocrx_word' id='word_1_116' title='bbox 1015 878 1111 922; x_wconf 85' lang='lat' dir='ltr'>quae</span> <span class='ocrx_word' id='word_1_117' title='bbox 1142 863 1196 906; x_wconf 91' lang='lat' dir='ltr'>sit</span> <span class='ocrx_word' id='word_1_118' title='bbox 1217 861 1406 906; x_wconf 85' lang='lat' dir='ltr'>efficacia</span> <span class='ocrx_word' id='word_1_119' title='bbox 1427 863 1552 919; x_wconf 86' lang='lat' dir='ltr'>hujus</span> <span class='ocrx_word' id='word_1_120' title='bbox 1574 864 1853 912; x_wconf 89' lang='lat' dir='ltr'>sacramenti,</span> <span class='ocrx_word' id='word_1_121' title='bbox 1877 874 2022 906; x_wconf 88' lang='lat' dir='ltr'>utrum</span> <span class='ocrx_word' id='word_1_122' title='bbox 2050 862 2167 905; x_wconf 90' lang='lat' dir='ltr'>idem</span> <span class='ocrx_word' id='word_1_123' title='bbox 2194 863 2247 904; x_wconf 87' lang='lat' dir='ltr'>sit</span> <span class='ocrx_word' id='word_1_124' title='bbox 2269 876 2351 910; x_wconf 77' lang='lat' dir='ltr'>res,</span> <span class='ocrx_word' id='word_1_125' title='bbox 2377 872 2419 903; x_wconf 83' lang='lat' dir='ltr'>et</span> 
     </span>
     <span class='ocr_line' id='line_1_11' title="bbox 267 927 2418 989; baseline -0.003 -16"><span class='ocrx_word' id='word_1_126' title='bbox 267 929 479 984; x_wconf 86' lang='lat' dir='ltr'>efficacia,</span> <span class='ocrx_word' id='word_1_127' title='bbox 505 945 560 973; x_wconf 90' lang='lat' dir='ltr'>an</span> <span class='ocrx_word' id='word_1_128' title='bbox 582 929 725 989; x_wconf 89' lang='lat' dir='ltr'>potius</span> <span class='ocrx_word' id='word_1_129' title='bbox 746 928 859 972; x_wconf 88' lang='lat' dir='ltr'>inter</span> <span class='ocrx_word' id='word_1_130' title='bbox 879 944 924 972; x_wconf 89' lang='lat' dir='ltr'>se</span> <span class='ocrx_word' id='word_1_131' title='bbox 948 929 1128 972; x_wconf 87' lang='lat' dir='ltr'>diversa.</span> <span class='ocrx_word' id='word_1_132' title='bbox 1155 928 1226 972; x_wconf 92' lang='lat' dir='ltr'>Ad</span> <span class='ocrx_word' id='word_1_133' title='bbox 1248 928 1368 987; x_wconf 93' lang='lat' dir='ltr'>quod</span> <span class='ocrx_word' id='word_1_134' title='bbox 1390 928 1624 972; x_wconf 89' lang='lat' dir='ltr'>dicendum</span> <span class='ocrx_word' id='word_1_135' title='bbox 1643 963 1655 984; x_wconf 93' lang='lat'>‚</span> <span class='ocrx_word' id='word_1_136' title='bbox 1685 928 1804 988; x_wconf 88' lang='lat' dir='ltr'>quod</span> <span class='ocrx_word' id='word_1_137' title='bbox 1831 927 2033 988; x_wconf 88' lang='lat' dir='ltr'>quaedam</span> <span class='ocrx_word' id='word_1_138' title='bbox 2055 937 2418 970; x_wconf 87' lang='lat' dir='ltr'>sacramentorum</span> 
     </span>
     <span class='ocr_line' id='line_1_12' title="bbox 266 991 2418 1054; baseline -0.002 -17"><span class='ocrx_word' id='word_1_139' title='bbox 266 995 312 1037; x_wconf 90' lang='lat' dir='ltr'>in</span> <span class='ocrx_word' id='word_1_140' title='bbox 340 995 427 1039; x_wconf 90' lang='lat' dir='ltr'>hoc</span> <span class='ocrx_word' id='word_1_141' title='bbox 447 995 735 1049; x_wconf 81' lang='lat' dir='ltr'>conveniunt,</span> <span class='ocrx_word' id='word_1_142' title='bbox 760 994 880 1054; x_wconf 89' lang='lat' dir='ltr'>quod</span> <span class='ocrx_word' id='word_1_143' title='bbox 900 994 1102 1038; x_wconf 84' lang='lat' dir='ltr'>videlicet</span> <span class='ocrx_word' id='word_1_144' title='bbox 1125 994 1207 1038; x_wconf 91' lang='lat' dir='ltr'>alia</span> <span class='ocrx_word' id='word_1_145' title='bbox 1229 1005 1295 1038; x_wconf 90' lang='lat' dir='ltr'>est</span> <span class='ocrx_word' id='word_1_146' title='bbox 1319 1010 1471 1038; x_wconf 91' lang='lat' dir='ltr'>eorum</span> <span class='ocrx_word' id='word_1_147' title='bbox 1493 994 1681 1039; x_wconf 85' lang='lat' dir='ltr'>efficacia</span> <span class='ocrx_word' id='word_1_148' title='bbox 1705 1006 1750 1039; x_wconf 91' lang='lat' dir='ltr'>et</span> <span class='ocrx_word' id='word_1_149' title='bbox 1779 994 1898 1038; x_wconf 89' lang='lat' dir='ltr'>aliud</span> <span class='ocrx_word' id='word_1_150' title='bbox 1924 1009 2076 1037; x_wconf 90' lang='lat' dir='ltr'>eorum</span> <span class='ocrx_word' id='word_1_151' title='bbox 2098 1009 2181 1036; x_wconf 91' lang='lat' dir='ltr'>res.</span> <span class='ocrx_word' id='word_1_152' title='bbox 2209 991 2418 1046; x_wconf 86' lang='lat' dir='ltr'>Quaedam</span> 
     </span>
     <span class='ocr_line' id='line_1_13' title="bbox 266 1059 2419 1120; baseline -0.001 -18"><span class='ocrx_word' id='word_1_153' title='bbox 266 1076 370 1104; x_wconf 85' lang='lat' dir='ltr'>vero</span> <span class='ocrx_word' id='word_1_154' title='bbox 393 1062 439 1104; x_wconf 91' lang='lat' dir='ltr'>in</span> <span class='ocrx_word' id='word_1_155' title='bbox 459 1061 545 1104; x_wconf 92' lang='lat' dir='ltr'>hoc</span> <span class='ocrx_word' id='word_1_156' title='bbox 569 1060 829 1120; x_wconf 85' lang='lat' dir='ltr'>discrepant,</span> <span class='ocrx_word' id='word_1_157' title='bbox 853 1071 1005 1120; x_wconf 90' lang='lat' dir='ltr'>utpote</span> <span class='ocrx_word' id='word_1_158' title='bbox 1024 1060 1263 1120; x_wconf 87' lang='lat' dir='ltr'>baptismus</span> <span class='ocrx_word' id='word_1_159' title='bbox 1280 1060 1401 1104; x_wconf 90' lang='lat' dir='ltr'>idem</span> <span class='ocrx_word' id='word_1_160' title='bbox 1416 1061 1548 1103; x_wconf 88' lang='lat' dir='ltr'>habet</span> <span class='ocrx_word' id='word_1_161' title='bbox 1562 1076 1655 1104; x_wconf 89' lang='lat' dir='ltr'>rem</span> <span class='ocrx_word' id='word_1_162' title='bbox 1672 1072 1717 1105; x_wconf 90' lang='lat' dir='ltr'>et</span> <span class='ocrx_word' id='word_1_163' title='bbox 1732 1059 1955 1104; x_wconf 83' lang='lat' dir='ltr'>effectum.</span> <span class='ocrx_word' id='word_1_164' title='bbox 1979 1060 2303 1102; x_wconf 88' lang='lat' dir='ltr'>Sacramentum</span> <span class='ocrx_word' id='word_1_165' title='bbox 2318 1073 2419 1100; x_wconf 86' lang='lat' dir='ltr'>vero</span> 
     </span>
     <span class='ocr_line' id='line_1_14' title="bbox 267 1122 2419 1185; baseline -0.001 -18"><span class='ocrx_word' id='word_1_166' title='bbox 267 1125 410 1169; x_wconf 86' lang='lat' dir='ltr'>altaris</span> <span class='ocrx_word' id='word_1_167' title='bbox 431 1142 522 1170; x_wconf 92' lang='lat' dir='ltr'>non</span> <span class='ocrx_word' id='word_1_168' title='bbox 544 1126 603 1170; x_wconf 91' lang='lat' dir='ltr'>sic</span> <span class='ocrx_word' id='word_1_169' title='bbox 625 1141 670 1169; x_wconf 90' lang='lat' dir='ltr'>se</span> <span class='ocrx_word' id='word_1_170' title='bbox 690 1126 840 1170; x_wconf 88' lang='lat' dir='ltr'>habet.</span> <span class='ocrx_word' id='word_1_171' title='bbox 866 1127 975 1169; x_wconf 91' lang='lat' dir='ltr'>Cum</span> <span class='ocrx_word' id='word_1_172' title='bbox 997 1126 1115 1169; x_wconf 90' lang='lat' dir='ltr'>enim</span> <span class='ocrx_word' id='word_1_173' title='bbox 1136 1125 1254 1170; x_wconf 89' lang='lat' dir='ltr'>idem</span> <span class='ocrx_word' id='word_1_174' title='bbox 1276 1126 1330 1169; x_wconf 91' lang='lat' dir='ltr'>sit</span> <span class='ocrx_word' id='word_1_175' title='bbox 1350 1141 1418 1169; x_wconf 88' lang='lat' dir='ltr'>res</span> <span class='ocrx_word' id='word_1_176' title='bbox 1441 1137 1485 1170; x_wconf 89' lang='lat' dir='ltr'>et</span> <span class='ocrx_word' id='word_1_177' title='bbox 1506 1126 1626 1185; x_wconf 89' lang='lat' dir='ltr'>quod</span> <span class='ocrx_word' id='word_1_178' title='bbox 1647 1126 1794 1180; x_wconf 88' lang='lat' dir='ltr'>efficit,</span> <span class='ocrx_word' id='word_1_179' title='bbox 1816 1136 1962 1168; x_wconf 90' lang='lat' dir='ltr'>tamen</span> <span class='ocrx_word' id='word_1_180' title='bbox 1986 1123 2102 1167; x_wconf 91' lang='lat' dir='ltr'>aliud</span> <span class='ocrx_word' id='word_1_181' title='bbox 2123 1122 2254 1167; x_wconf 85' lang='lat' dir='ltr'>efficit</span> <span class='ocrx_word' id='word_1_182' title='bbox 2276 1139 2419 1166; x_wconf 88' lang='lat' dir='ltr'>saera-</span> 
     </span>
     <span class='ocr_line' id='line_1_15' title="bbox 266 1189 2416 1252; baseline -0.002 -18"><span class='ocrx_word' id='word_1_183' title='bbox 266 1202 462 1235; x_wconf 90' lang='lat' dir='ltr'>mentum</span> <span class='ocrx_word' id='word_1_184' title='bbox 495 1191 654 1245; x_wconf 83' lang='lat' dir='ltr'>altaris,</span> <span class='ocrx_word' id='word_1_185' title='bbox 689 1191 744 1235; x_wconf 91' lang='lat' dir='ltr'>de</span> <span class='ocrx_word' id='word_1_186' title='bbox 775 1207 861 1251; x_wconf 88' lang='lat' dir='ltr'>qua</span> <span class='ocrx_word' id='word_1_187' title='bbox 896 1192 1085 1236; x_wconf 85' lang='lat' dir='ltr'>efficacia</span> <span class='ocrx_word' id='word_1_188' title='bbox 1111 1192 1304 1252; x_wconf 89' lang='lat' dir='ltr'>superius</span> <span class='ocrx_word' id='word_1_189' title='bbox 1338 1191 1603 1235; x_wconf 90' lang='lat' dir='ltr'>ostendimus</span> <span class='ocrx_word' id='word_1_190' title='bbox 1626 1191 1900 1246; x_wconf 86' lang='lat' dir='ltr'>sufficienter,</span> <span class='ocrx_word' id='word_1_191' title='bbox 1932 1202 1976 1234; x_wconf 88' lang='lat' dir='ltr'>et</span> <span class='ocrx_word' id='word_1_192' title='bbox 2010 1190 2093 1233; x_wconf 90' lang='lat' dir='ltr'>alia</span> <span class='ocrx_word' id='word_1_193' title='bbox 2126 1200 2190 1233; x_wconf 86' lang='lat' dir='ltr'>est</span> <span class='ocrx_word' id='word_1_194' title='bbox 2216 1205 2283 1232; x_wconf 89' lang='lat' dir='ltr'>res</span> <span class='ocrx_word' id='word_1_195' title='bbox 2311 1189 2416 1244; x_wconf 88' lang='lat' dir='ltr'>ejus.</span> 
     </span>
     <span class='ocr_line' id='line_1_16' title="bbox 266 1255 2418 1316; baseline -0.001 -18"><span class='ocrx_word' id='word_1_196' title='bbox 266 1256 467 1301; x_wconf 88' lang='lat' dir='ltr'>Similiter</span> <span class='ocrx_word' id='word_1_197' title='bbox 488 1268 533 1301; x_wconf 90' lang='lat' dir='ltr'>et</span> <span class='ocrx_word' id='word_1_198' title='bbox 561 1258 687 1314; x_wconf 90' lang='lat' dir='ltr'>hujus</span> <span class='ocrx_word' id='word_1_199' title='bbox 709 1258 965 1302; x_wconf 86' lang='lat' dir='ltr'>sacramenti</span> <span class='ocrx_word' id='word_1_200' title='bbox 992 1258 1075 1301; x_wconf 91' lang='lat' dir='ltr'>alia</span> <span class='ocrx_word' id='word_1_201' title='bbox 1101 1269 1167 1302; x_wconf 89' lang='lat' dir='ltr'>est</span> <span class='ocrx_word' id='word_1_202' title='bbox 1187 1273 1255 1301; x_wconf 89' lang='lat' dir='ltr'>res</span> <span class='ocrx_word' id='word_1_203' title='bbox 1281 1269 1326 1302; x_wconf 89' lang='lat' dir='ltr'>et</span> <span class='ocrx_word' id='word_1_204' title='bbox 1353 1258 1435 1301; x_wconf 90' lang='lat' dir='ltr'>alia</span> <span class='ocrx_word' id='word_1_205' title='bbox 1457 1257 1660 1302; x_wconf 87' lang='lat' dir='ltr'>efficacia.</span> <span class='ocrx_word' id='word_1_206' title='bbox 1685 1259 1770 1301; x_wconf 87' lang='lat' dir='ltr'>Res</span> <span class='ocrx_word' id='word_1_207' title='bbox 1792 1257 1962 1311; x_wconf 86' lang='lat' dir='ltr'>eadem,</span> <span class='ocrx_word' id='word_1_208' title='bbox 1987 1273 2082 1316; x_wconf 84' lang='lat' dir='ltr'>quae</span> <span class='ocrx_word' id='word_1_209' title='bbox 2104 1267 2147 1299; x_wconf 91' lang='lat' dir='ltr'>et</span> <span class='ocrx_word' id='word_1_210' title='bbox 2168 1255 2418 1298; x_wconf 89' lang='lat' dir='ltr'>sacramenti</span> 
     </span>
     <span class='ocr_line' id='line_1_17' title="bbox 267 1320 2419 1384; baseline -0.002 -19"><span class='ocrx_word' id='word_1_211' title='bbox 267 1322 426 1366; x_wconf 82' lang='lat' dir='ltr'>altaris.</span> <span class='ocrx_word' id='word_1_212' title='bbox 462 1323 577 1366; x_wconf 93' lang='lat' dir='ltr'>Nam</span> <span class='ocrx_word' id='word_1_213' title='bbox 610 1338 700 1366; x_wconf 91' lang='lat' dir='ltr'>non</span> <span class='ocrx_word' id='word_1_214' title='bbox 731 1324 816 1367; x_wconf 91' lang='lat' dir='ltr'>hoc</span> <span class='ocrx_word' id='word_1_215' title='bbox 845 1333 1158 1367; x_wconf 89' lang='lat' dir='ltr'>sacramentum</span> <span class='ocrx_word' id='word_1_216' title='bbox 1171 1355 1184 1378; x_wconf 90' lang='lat'>,</span> <span class='ocrx_word' id='word_1_217' title='bbox 1223 1323 1343 1383; x_wconf 91' lang='lat' dir='ltr'>quod</span> <span class='ocrx_word' id='word_1_218' title='bbox 1385 1323 1539 1384; x_wconf 86' lang='lat' dir='ltr'>figurat</span> <span class='ocrx_word' id='word_1_219' title='bbox 1552 1322 1586 1379; x_wconf 81' lang='lat'>¹,</span> <span class='ocrx_word' id='word_1_220' title='bbox 1619 1323 1696 1367; x_wconf 88' lang='lat' dir='ltr'>sed</span> <span class='ocrx_word' id='word_1_221' title='bbox 1734 1322 1922 1367; x_wconf 90' lang='lat' dir='ltr'>ostendit</span> <span class='ocrx_word' id='word_1_222' title='bbox 1955 1323 2116 1366; x_wconf 85' lang='lat' dir='ltr'>factum</span> <span class='ocrx_word' id='word_1_223' title='bbox 2150 1336 2255 1364; x_wconf 89' lang='lat' dir='ltr'>esse.</span> <span class='ocrx_word' id='word_1_224' title='bbox 2298 1320 2419 1362; x_wconf 85' lang='lat' dir='ltr'>Prius</span> 
     </span>
     <span class='ocr_line' id='line_1_18' title="bbox 266 1386 2419 1449; baseline -0.001 -19"><span class='ocrx_word' id='word_1_225' title='bbox 266 1387 479 1447; x_wconf 86' lang='lat' dir='ltr'>siquidem</span> <span class='ocrx_word' id='word_1_226' title='bbox 502 1399 568 1432; x_wconf 88' lang='lat' dir='ltr'>est</span> <span class='ocrx_word' id='word_1_227' title='bbox 595 1388 746 1448; x_wconf 91' lang='lat' dir='ltr'>aliquis</span> <span class='ocrx_word' id='word_1_228' title='bbox 773 1389 1020 1432; x_wconf 90' lang='lat' dir='ltr'>membrum</span> <span class='ocrx_word' id='word_1_229' title='bbox 1045 1390 1216 1441; x_wconf 89' lang='lat' dir='ltr'>Christi,</span> <span class='ocrx_word' id='word_1_230' title='bbox 1249 1389 1369 1448; x_wconf 90' lang='lat' dir='ltr'>quod</span> <span class='ocrx_word' id='word_1_231' title='bbox 1392 1389 1440 1432; x_wconf 90' lang='lat' dir='ltr'>fit</span> <span class='ocrx_word' id='word_1_232' title='bbox 1466 1389 1511 1432; x_wconf 90' lang='lat' dir='ltr'>in</span> <span class='ocrx_word' id='word_1_233' title='bbox 1532 1390 1765 1449; x_wconf 87' lang='lat' dir='ltr'>baptismo,</span> <span class='ocrx_word' id='word_1_234' title='bbox 1804 1404 1933 1448; x_wconf 88' lang='lat' dir='ltr'>quam</span> <span class='ocrx_word' id='word_1_235' title='bbox 1969 1388 2025 1431; x_wconf 89' lang='lat' dir='ltr'>ad</span> <span class='ocrx_word' id='word_1_236' title='bbox 2051 1386 2419 1431; x_wconf 90' lang='lat' dir='ltr'>consecrationem</span> 
     </span>
     <span class='ocr_line' id='line_1_19' title="bbox 267 1450 2420 1514; baseline -0.001 -18"><span class='ocrx_word' id='word_1_237' title='bbox 267 1453 409 1497; x_wconf 88' lang='lat' dir='ltr'>altaris</span> <span class='ocrx_word' id='word_1_238' title='bbox 438 1453 630 1498; x_wconf 83' lang='lat' dir='ltr'>accedat.</span> <span class='ocrx_word' id='word_1_239' title='bbox 667 1454 870 1498; x_wconf 88' lang='lat' dir='ltr'>Similiter</span> <span class='ocrx_word' id='word_1_240' title='bbox 901 1466 1000 1499; x_wconf 89' lang='lat' dir='ltr'>ante</span> <span class='ocrx_word' id='word_1_241' title='bbox 1030 1466 1094 1499; x_wconf 92' lang='lat' dir='ltr'>est</span> <span class='ocrx_word' id='word_1_242' title='bbox 1125 1455 1371 1499; x_wconf 88' lang='lat' dir='ltr'>membrum</span> <span class='ocrx_word' id='word_1_243' title='bbox 1405 1455 1576 1509; x_wconf 87' lang='lat' dir='ltr'>Christi,</span> <span class='ocrx_word' id='word_1_244' title='bbox 1617 1471 1747 1514; x_wconf 90' lang='lat' dir='ltr'>quam</span> <span class='ocrx_word' id='word_1_245' title='bbox 1769 1455 1828 1497; x_wconf 93' lang='lat' dir='ltr'>sic</span> <span class='ocrx_word' id='word_1_246' title='bbox 1859 1465 2090 1514; x_wconf 87' lang='lat' dir='ltr'>unguatur.</span> <span class='ocrx_word' id='word_1_247' title='bbox 2121 1453 2204 1495; x_wconf 89' lang='lat' dir='ltr'>Per</span> <span class='ocrx_word' id='word_1_248' title='bbox 2233 1450 2420 1511; x_wconf 85' lang='lat' dir='ltr'>singulos</span> 
     </span>
     <span class='ocr_line' id='line_1_20' title="bbox 265 1516 2420 1581; baseline -0.002 -19"><span class='ocrx_word' id='word_1_249' title='bbox 265 1535 438 1578; x_wconf 90' lang='lat' dir='ltr'>quoque</span> <span class='ocrx_word' id='word_1_250' title='bbox 461 1536 607 1564; x_wconf 87' lang='lat' dir='ltr'>sensus</span> <span class='ocrx_word' id='word_1_251' title='bbox 627 1521 721 1564; x_wconf 86' lang='lat' dir='ltr'>haec</span> <span class='ocrx_word' id='word_1_252' title='bbox 740 1521 889 1564; x_wconf 82' lang='lat' dir='ltr'>unctio</span> <span class='ocrx_word' id='word_1_253' title='bbox 910 1520 1001 1564; x_wconf 90' lang='lat' dir='ltr'>fieri</span> <span class='ocrx_word' id='word_1_254' title='bbox 1024 1521 1172 1576; x_wconf 90' lang='lat' dir='ltr'>debet,</span> <span class='ocrx_word' id='word_1_255' title='bbox 1192 1532 1241 1564; x_wconf 76' lang='lat' dir='ltr'>nt</span> <span class='ocrx_word' id='word_1_256' title='bbox 1262 1536 1530 1581; x_wconf 82' lang='lat' dir='ltr'>quaecunque</span> <span class='ocrx_word' id='word_1_257' title='bbox 1550 1521 1743 1564; x_wconf 91' lang='lat' dir='ltr'>sensibus</span> <span class='ocrx_word' id='word_1_258' title='bbox 1765 1531 1864 1563; x_wconf 90' lang='lat' dir='ltr'>sunt</span> <span class='ocrx_word' id='word_1_259' title='bbox 1885 1530 2146 1580; x_wconf 87' lang='lat' dir='ltr'>perpetrata,</span> <span class='ocrx_word' id='word_1_260' title='bbox 2171 1534 2225 1561; x_wconf 86' lang='lat' dir='ltr'>ex</span> <span class='ocrx_word' id='word_1_261' title='bbox 2243 1528 2336 1560; x_wconf 90' lang='lat' dir='ltr'>toto</span> <span class='ocrx_word' id='word_1_262' title='bbox 2351 1516 2420 1559; x_wconf 88' lang='lat' dir='ltr'>vel</span> 
     </span>
     <span class='ocr_line' id='line_1_21' title="bbox 266 1582 2419 1646; baseline -0 -20"><span class='ocrx_word' id='word_1_263' title='bbox 266 1599 320 1626; x_wconf 83' lang='lat' dir='ltr'>ex</span> <span class='ocrx_word' id='word_1_264' title='bbox 341 1586 530 1629; x_wconf 80' lang='lat' dir='ltr'>maxima</span> <span class='ocrx_word' id='word_1_265' title='bbox 549 1597 672 1646; x_wconf 87' lang='lat' dir='ltr'>parte</span> <span class='ocrx_word' id='word_1_266' title='bbox 701 1587 990 1630; x_wconf 84' lang='lat' dir='ltr'>remittantur.</span> <span class='ocrx_word' id='word_1_267' title='bbox 1018 1588 1083 1630; x_wconf 90' lang='lat' dir='ltr'>De</span> <span class='ocrx_word' id='word_1_268' title='bbox 1105 1587 1332 1630; x_wconf 88' lang='lat' dir='ltr'>iteratione</span> <span class='ocrx_word' id='word_1_269' title='bbox 1354 1586 1592 1631; x_wconf 90' lang='lat' dir='ltr'>secundum</span> <span class='ocrx_word' id='word_1_270' title='bbox 1615 1586 1800 1629; x_wconf 85' lang='lat' dir='ltr'>diversas</span> <span class='ocrx_word' id='word_1_271' title='bbox 1822 1585 2154 1629; x_wconf 90' lang='lat' dir='ltr'>consuetudines</span> <span class='ocrx_word' id='word_1_272' title='bbox 2183 1584 2256 1626; x_wconf 86' lang='lat' dir='ltr'>fiat</span> <span class='ocrx_word' id='word_1_273' title='bbox 2278 1582 2419 1626; x_wconf 89' lang='lat' dir='ltr'>eccle-</span> 
     </span>
     <span class='ocr_line' id='line_1_22' title="bbox 265 1649 2420 1712; baseline 0 -22"><span class='ocrx_word' id='word_1_274' title='bbox 265 1649 440 1694; x_wconf 87' lang='lat' dir='ltr'>siarum.</span> <span class='ocrx_word' id='word_1_275' title='bbox 465 1651 486 1693; x_wconf 86' lang='lat' dir='ltr'>J</span> <span class='ocrx_word' id='word_1_276' title='bbox 490 1651 650 1695; x_wconf 89' lang='lat' dir='ltr'>acobus</span> <span class='ocrx_word' id='word_1_277' title='bbox 673 1652 790 1696; x_wconf 89' lang='lat' dir='ltr'>enim</span> <span class='ocrx_word' id='word_1_278' title='bbox 802 1668 901 1696; x_wconf 89' lang='lat' dir='ltr'>cum</span> <span class='ocrx_word' id='word_1_279' title='bbox 914 1651 1056 1707; x_wconf 79' lang='lat' dir='ltr'>dicat:</span> <span class='ocrx_word' id='word_1_280' title='bbox 1075 1651 1321 1696; x_wconf 85' lang='lat' dir='ltr'>Infirmatur</span> <span class='ocrx_word' id='word_1_281' title='bbox 1333 1653 1427 1712; x_wconf 89' lang='lat' dir='ltr'>quis</span> <span class='ocrx_word' id='word_1_282' title='bbox 1446 1653 1492 1695; x_wconf 90' lang='lat' dir='ltr'>in</span> <span class='ocrx_word' id='word_1_283' title='bbox 1507 1651 1647 1705; x_wconf 84' lang='lat' dir='ltr'>vobis,</span> <span class='ocrx_word' id='word_1_284' title='bbox 1662 1652 1841 1695; x_wconf 90' lang='lat' dir='ltr'>inducat</span> <span class='ocrx_word' id='word_1_285' title='bbox 1860 1651 2131 1710; x_wconf 87' lang='lat' dir='ltr'>presbyteros</span> <span class='ocrx_word' id='word_1_286' title='bbox 2149 1649 2354 1703; x_wconf 63' lang='lat' dir='ltr'>ecclesiae,</span> <span class='ocrx_word' id='word_1_287' title='bbox 2378 1660 2420 1690; x_wconf 92' lang='lat' dir='ltr'>et</span> 
     </span>
     <span class='ocr_line' id='line_1_23' title="bbox 266 1714 2416 1778; baseline -0 -21"><span class='ocrx_word' id='word_1_288' title='bbox 266 1727 462 1776; x_wconf 86' lang='lat' dir='ltr'>unguant</span> <span class='ocrx_word' id='word_1_289' title='bbox 477 1732 594 1772; x_wconf 91' lang='lat' dir='ltr'>eum,</span> <span class='ocrx_word' id='word_1_290' title='bbox 617 1727 661 1760; x_wconf 90' lang='lat' dir='ltr'>et</span> <span class='ocrx_word' id='word_1_291' title='bbox 679 1717 793 1762; x_wconf 91' lang='lat' dir='ltr'>bene</span> <span class='ocrx_word' id='word_1_292' title='bbox 811 1717 1006 1771; x_wconf 86' lang='lat' dir='ltr'>habebit,</span> <span class='ocrx_word' id='word_1_293' title='bbox 1029 1733 1120 1761; x_wconf 90' lang='lat' dir='ltr'>non</span> <span class='ocrx_word' id='word_1_294' title='bbox 1136 1718 1307 1762; x_wconf 83' lang='lat' dir='ltr'>videtur</span> <span class='ocrx_word' id='word_1_295' title='bbox 1320 1718 1568 1778; x_wconf 88' lang='lat' dir='ltr'>prohibere,</span> <span class='ocrx_word' id='word_1_296' title='bbox 1585 1717 1691 1776; x_wconf 89' lang='lat' dir='ltr'>quin</span> <span class='ocrx_word' id='word_1_297' title='bbox 1705 1727 1938 1776; x_wconf 89' lang='lat' dir='ltr'>repetatur.</span> <span class='ocrx_word' id='word_1_298' title='bbox 1955 1717 2020 1759; x_wconf 90' lang='lat' dir='ltr'>De</span> <span class='ocrx_word' id='word_1_299' title='bbox 2037 1715 2271 1772; x_wconf 87' lang='lat' dir='ltr'>majoribus</span> <span class='ocrx_word' id='word_1_300' title='bbox 2286 1714 2416 1767; x_wconf 79' lang='lat' dir='ltr'>enim,</span> 
     </span>
     <span class='ocr_line' id='line_1_24' title="bbox 265 1780 2420 1842; baseline -0 -19"><span class='ocrx_word' id='word_1_301' title='bbox 265 1791 314 1824; x_wconf 94' lang='lat' dir='ltr'>ut</span> <span class='ocrx_word' id='word_1_302' title='bbox 334 1781 548 1842; x_wconf 89' lang='lat' dir='ltr'>baptismo</span> <span class='ocrx_word' id='word_1_303' title='bbox 573 1782 901 1827; x_wconf 88' lang='lat' dir='ltr'>confirmatione</span> <span class='ocrx_word' id='word_1_304' title='bbox 924 1794 968 1827; x_wconf 91' lang='lat' dir='ltr'>et</span> <span class='ocrx_word' id='word_1_305' title='bbox 989 1783 1132 1827; x_wconf 83' lang='lat' dir='ltr'>altaris</span> <span class='ocrx_word' id='word_1_306' title='bbox 1154 1795 1441 1838; x_wconf 88' lang='lat' dir='ltr'>sacramento,</span> <span class='ocrx_word' id='word_1_307' title='bbox 1471 1783 1636 1826; x_wconf 90' lang='lat' dir='ltr'>dictum</span> <span class='ocrx_word' id='word_1_308' title='bbox 1656 1793 1742 1837; x_wconf 90' lang='lat' dir='ltr'>est,</span> <span class='ocrx_word' id='word_1_309' title='bbox 1763 1782 1931 1825; x_wconf 88' lang='lat' dir='ltr'>nullum</span> <span class='ocrx_word' id='word_1_310' title='bbox 1952 1791 2266 1825; x_wconf 88' lang='lat' dir='ltr'>sacramentum</span> <span class='ocrx_word' id='word_1_311' title='bbox 2287 1780 2420 1823; x_wconf 88' lang='lat' dir='ltr'>reite-</span> 
     </span>
     <span class='ocr_line' id='line_1_25' title="bbox 265 1845 2419 1907; baseline 0 -20"><span class='ocrx_word' id='word_1_312' title='bbox 265 1845 467 1890; x_wconf 84' lang='lat' dir='ltr'>randum.</span> <span class='ocrx_word' id='word_1_313' title='bbox 499 1848 652 1907; x_wconf 85' lang='lat' dir='ltr'>Neque</span> <span class='ocrx_word' id='word_1_314' title='bbox 674 1848 828 1893; x_wconf 85' lang='lat' dir='ltr'>eadem</span> <span class='ocrx_word' id='word_1_315' title='bbox 855 1850 996 1892; x_wconf 81' lang='lat' dir='ltr'>hostia</span> <span class='ocrx_word' id='word_1_316' title='bbox 1026 1860 1299 1893; x_wconf 88' lang='lat' dir='ltr'>consecratur</span> <span class='ocrx_word' id='word_1_317' title='bbox 1321 1849 1388 1892; x_wconf 92' lang='lat' dir='ltr'>bis</span> <span class='ocrx_word' id='word_1_318' title='bbox 1403 1883 1413 1900; x_wconf 87' lang='lat'>‚</span> <span class='ocrx_word' id='word_1_319' title='bbox 1443 1864 1543 1892; x_wconf 89' lang='lat' dir='ltr'>cum</span> <span class='ocrx_word' id='word_1_320' title='bbox 1566 1859 1711 1892; x_wconf 90' lang='lat' dir='ltr'>tamen</span> <span class='ocrx_word' id='word_1_321' title='bbox 1734 1847 1850 1892; x_wconf 90' lang='lat' dir='ltr'>idem</span> <span class='ocrx_word' id='word_1_322' title='bbox 1881 1863 2037 1907; x_wconf 88' lang='lat' dir='ltr'>corpus</span> <span class='ocrx_word' id='word_1_323' title='bbox 2060 1848 2114 1891; x_wconf 90' lang='lat' dir='ltr'>ab</span> <span class='ocrx_word' id='word_1_324' title='bbox 2138 1846 2295 1891; x_wconf 89' lang='lat' dir='ltr'>eodem</span> <span class='ocrx_word' id='word_1_325' title='bbox 2330 1845 2419 1889; x_wconf 86' lang='lat' dir='ltr'>fre-</span> 
     </span>
     <span class='ocr_line' id='line_1_26' title="bbox 265 1922 680 1969; baseline 0.007 -15"><span class='ocrx_word' id='word_1_326' title='bbox 265 1922 445 1969; x_wconf 81' lang='lat' dir='ltr'>quenter</span> <span class='ocrx_word' id='word_1_327' title='bbox 471 1923 680 1957; x_wconf 89' lang='lat' dir='ltr'>sumatur.</span> 
     </span>
    </p>
   </div>
   <div class='ocr_carea' id='block_1_3' title="bbox 1088 2068 1599 2128">
    <p class='ocr_par' dir='ltr' id='par_1_4' title="bbox 1088 2068 1599 2128">
     <span class='ocr_line' id='line_1_27' title="bbox 1088 2068 1599 2128; baseline -0.002 -1"><span class='ocrx_word' id='word_1_328' title='bbox 1088 2068 1335 2128; x_wconf 86' lang='lat' dir='ltr'>CAPUT</span> <span class='ocrx_word' id='word_1_329' title='bbox 1399 2068 1599 2128; x_wconf 82' lang='lat' dir='ltr'><strong>XXXI.</strong></span> 
     </span>
    </p>
   </div>
   <div class='ocr_carea' id='block_1_4' title="bbox 390 2207 2291 2317">
    <p class='ocr_par' dir='ltr' id='par_1_5' title="bbox 390 2207 2291 2317">
     <span class='ocr_line' id='line_1_28' title="bbox 390 2207 2291 2263; baseline 0 -17"><span class='ocrx_word' id='word_1_330' title='bbox 390 2209 448 2246; x_wconf 89' lang='lat' dir='ltr'>De</span> <span class='ocrx_word' id='word_1_331' title='bbox 468 2208 639 2262; x_wconf 83' lang='lat' dir='ltr'>conjugii</span> <span class='ocrx_word' id='word_1_332' title='bbox 658 2218 901 2249; x_wconf 78' lang='lat' dir='ltr'>sacramento</span> <span class='ocrx_word' id='word_1_333' title='bbox 919 2218 958 2249; x_wconf 88' lang='lat' dir='ltr'>et</span> <span class='ocrx_word' id='word_1_334' title='bbox 978 2210 1084 2263; x_wconf 90' lang='lat' dir='ltr'>quod</span> <span class='ocrx_word' id='word_1_335' title='bbox 1103 2223 1184 2250; x_wconf 89' lang='lat' dir='ltr'>non</span> <span class='ocrx_word' id='word_1_336' title='bbox 1204 2211 1355 2250; x_wconf 84' lang='lat' dir='ltr'>confert</span> <span class='ocrx_word' id='word_1_337' title='bbox 1373 2207 1534 2262; x_wconf 87' lang='lat' dir='ltr'>aliquod</span> <span class='ocrx_word' id='word_1_338' title='bbox 1553 2209 1718 2260; x_wconf 88' lang='lat' dir='ltr'>donum,</span> <span class='ocrx_word' id='word_1_339' title='bbox 1742 2209 1841 2249; x_wconf 86' lang='lat' dir='ltr'>sicut</span> <span class='ocrx_word' id='word_1_340' title='bbox 1859 2216 1987 2248; x_wconf 87' lang='lat' dir='ltr'>cetera</span> <span class='ocrx_word' id='word_1_341' title='bbox 2008 2208 2168 2248; x_wconf 85' lang='lat' dir='ltr'>faciunt.</span> <span class='ocrx_word' id='word_1_342' title='bbox 2194 2211 2291 2247; x_wconf 83' lang='lat' dir='ltr'>Item</span> 
     </span>
     <span class='ocr_line' id='line_1_29' title="bbox 1221 2276 1463 2317; baseline 0 -2"><span class='ocrx_word' id='word_1_343' title='bbox 1221 2276 1271 2317; x_wconf 91' lang='lat' dir='ltr'>de</span> <span class='ocrx_word' id='word_1_344' title='bbox 1289 2276 1463 2316; x_wconf 87' lang='lat' dir='ltr'>caritate.</span> 
     </span>
    </p>
   </div>
   <div class='ocr_carea' id='block_1_5' title="bbox 261 2398 2419 3250">
    <p class='ocr_par' dir='ltr' id='par_1_6' title="bbox 261 2398 2419 3250">
     <span class='ocr_line' id='line_1_30' title="bbox 324 2398 2415 2462; baseline -0 -21"><span class='ocrx_word' id='word_1_345' title='bbox 324 2398 452 2441; x_wconf 91' lang='lat' dir='ltr'>Nunc</span> <span class='ocrx_word' id='word_1_346' title='bbox 477 2398 532 2443; x_wconf 90' lang='lat' dir='ltr'>de</span> <span class='ocrx_word' id='word_1_347' title='bbox 554 2400 755 2461; x_wconf 86' lang='lat' dir='ltr'>conjugio</span> <span class='ocrx_word' id='word_1_348' title='bbox 780 2400 1012 2445; x_wconf 89' lang='lat' dir='ltr'>dicendum</span> <span class='ocrx_word' id='word_1_349' title='bbox 1034 2412 1119 2456; x_wconf 91' lang='lat' dir='ltr'>est,</span> <span class='ocrx_word' id='word_1_350' title='bbox 1144 2402 1264 2461; x_wconf 90' lang='lat' dir='ltr'>quod</span> <span class='ocrx_word' id='word_1_351' title='bbox 1293 2401 1468 2462; x_wconf 85' lang='lat' dir='ltr'>quidem</span> <span class='ocrx_word' id='word_1_352' title='bbox 1490 2412 1803 2445; x_wconf 86' lang='lat' dir='ltr'>sacramentum</span> <span class='ocrx_word' id='word_1_353' title='bbox 1827 2411 1904 2452; x_wconf 89' lang='lat' dir='ltr'>est,</span> <span class='ocrx_word' id='word_1_354' title='bbox 1931 2400 2008 2444; x_wconf 89' lang='lat' dir='ltr'>sed</span> <span class='ocrx_word' id='word_1_355' title='bbox 2033 2415 2123 2442; x_wconf 90' lang='lat' dir='ltr'>non</span> <span class='ocrx_word' id='word_1_356' title='bbox 2145 2399 2313 2442; x_wconf 89' lang='lat' dir='ltr'>confert</span> <span class='ocrx_word' id='word_1_357' title='bbox 2335 2398 2415 2441; x_wconf 90' lang='lat' dir='ltr'>ali-</span> 
     </span>
     <span class='ocr_line' id='line_1_31' title="bbox 265 2463 2419 2524; baseline 0 -18"><span class='ocrx_word' id='word_1_358' title='bbox 265 2463 383 2523; x_wconf 88' lang='lat' dir='ltr'>quod</span> <span class='ocrx_word' id='word_1_359' title='bbox 406 2463 593 2520; x_wconf 90' lang='lat' dir='ltr'>donum,</span> <span class='ocrx_word' id='word_1_360' title='bbox 627 2466 736 2510; x_wconf 90' lang='lat' dir='ltr'>sicut</span> <span class='ocrx_word' id='word_1_361' title='bbox 757 2478 899 2511; x_wconf 90' lang='lat' dir='ltr'>cetera</span> <span class='ocrx_word' id='word_1_362' title='bbox 933 2467 1111 2523; x_wconf 84' lang='lat' dir='ltr'>faciunt,</span> <span class='ocrx_word' id='word_1_363' title='bbox 1142 2467 1219 2511; x_wconf 90' lang='lat' dir='ltr'>sed</span> <span class='ocrx_word' id='word_1_364' title='bbox 1248 2478 1396 2512; x_wconf 88' lang='lat' dir='ltr'>tamen</span> <span class='ocrx_word' id='word_1_365' title='bbox 1425 2467 1528 2510; x_wconf 88' lang='lat' dir='ltr'>mali</span> <span class='ocrx_word' id='word_1_366' title='bbox 1555 2467 1798 2511; x_wconf 90' lang='lat' dir='ltr'>remedium</span> <span class='ocrx_word' id='word_1_367' title='bbox 1821 2477 1899 2510; x_wconf 91' lang='lat' dir='ltr'>est.</span> <span class='ocrx_word' id='word_1_368' title='bbox 1934 2467 2071 2510; x_wconf 90' lang='lat' dir='ltr'>Datur</span> <span class='ocrx_word' id='word_1_369' title='bbox 2100 2466 2216 2509; x_wconf 90' lang='lat' dir='ltr'>enim</span> <span class='ocrx_word' id='word_1_370' title='bbox 2246 2475 2419 2524; x_wconf 86' lang='lat' dir='ltr'>propter</span> 
     </span>
     <span class='ocr_line' id='line_1_32' title="bbox 264 2529 2413 2595; baseline 0 -24"><span class='ocrx_word' id='word_1_371' title='bbox 264 2529 623 2574; x_wconf 88' lang='lat' dir='ltr'>incontinentiam</span> <span class='ocrx_word' id='word_1_372' title='bbox 643 2530 975 2587; x_wconf 86' lang='lat' dir='ltr'>refraenandam,</span> <span class='ocrx_word' id='word_1_373' title='bbox 999 2533 1119 2577; x_wconf 90' lang='lat' dir='ltr'>unde</span> <span class='ocrx_word' id='word_1_374' title='bbox 1141 2534 1278 2595; x_wconf 83' lang='lat' dir='ltr'>magis</span> <span class='ocrx_word' id='word_1_375' title='bbox 1295 2533 1351 2577; x_wconf 89' lang='lat' dir='ltr'>ad</span> <span class='ocrx_word' id='word_1_376' title='bbox 1366 2533 1683 2594; x_wconf 86' lang='lat' dir='ltr'>indulgentiam</span> <span class='ocrx_word' id='word_1_377' title='bbox 1699 2533 1901 2593; x_wconf 86' lang='lat' dir='ltr'>pertinet.</span> <span class='ocrx_word' id='word_1_378' title='bbox 1921 2532 1990 2576; x_wconf 91' lang='lat' dir='ltr'>Sic</span> <span class='ocrx_word' id='word_1_379' title='bbox 2011 2543 2155 2575; x_wconf 88' lang='lat' dir='ltr'>autem</span> <span class='ocrx_word' id='word_1_380' title='bbox 2176 2531 2384 2574; x_wconf 84' lang='lat' dir='ltr'>diffinitur</span> <span class='ocrx_word' id='word_1_381' title='bbox 2405 2547 2413 2572; x_wconf 93' lang='lat'><strong>:</strong></span> 
     </span>
     <span class='ocr_line' id='line_1_33' title="bbox 263 2597 2416 2660; baseline 0.001 -23"><span class='ocrx_word' id='word_1_382' title='bbox 263 2597 510 2656; x_wconf 85' lang='lat' dir='ltr'>conjugium</span> <span class='ocrx_word' id='word_1_383' title='bbox 543 2607 607 2641; x_wconf 91' lang='lat' dir='ltr'>est</span> <span class='ocrx_word' id='word_1_384' title='bbox 633 2598 763 2641; x_wconf 87' lang='lat' dir='ltr'>maris</span> <span class='ocrx_word' id='word_1_385' title='bbox 791 2610 836 2642; x_wconf 90' lang='lat' dir='ltr'>et</span> <span class='ocrx_word' id='word_1_386' title='bbox 865 2597 1051 2643; x_wconf 86' lang='lat' dir='ltr'>foeminae</span> <span class='ocrx_word' id='word_1_387' title='bbox 1081 2599 1306 2643; x_wconf 85' lang='lat' dir='ltr'>foederatio</span> <span class='ocrx_word' id='word_1_388' title='bbox 1339 2600 1545 2660; x_wconf 84' lang='lat' dir='ltr'>legitima,</span> <span class='ocrx_word' id='word_1_389' title='bbox 1573 2600 1760 2659; x_wconf 84' lang='lat' dir='ltr'>&#39;propter</span> <span class='ocrx_word' id='word_1_390' title='bbox 1794 2614 1925 2658; x_wconf 89' lang='lat' dir='ltr'>quam</span> <span class='ocrx_word' id='word_1_391' title='bbox 1957 2597 2058 2641; x_wconf 91' lang='lat' dir='ltr'>licet</span> <span class='ocrx_word' id='word_1_392' title='bbox 2079 2599 2138 2641; x_wconf 90' lang='lat' dir='ltr'>eis</span> <span class='ocrx_word' id='word_1_393' title='bbox 2167 2598 2257 2640; x_wconf 90' lang='lat' dir='ltr'>sine</span> <span class='ocrx_word' id='word_1_394' title='bbox 2292 2597 2416 2656; x_wconf 86' lang='lat' dir='ltr'>culpa</span> 
     </span>
     <span class='ocr_line' id='line_1_34' title="bbox 264 2661 2414 2726; baseline 0.001 -24"><span class='ocrx_word' id='word_1_395' title='bbox 264 2661 546 2706; x_wconf 84' lang='lat' dir='ltr'>commisceri.</span> <span class='ocrx_word' id='word_1_396' title='bbox 577 2663 612 2706; x_wconf 91' lang='lat' dir='ltr'>F</span> <span class='ocrx_word' id='word_1_397' title='bbox 614 2663 821 2708; x_wconf 89' lang='lat' dir='ltr'>oederatio</span> <span class='ocrx_word' id='word_1_398' title='bbox 839 2680 944 2708; x_wconf 84' lang='lat' dir='ltr'>vero</span> <span class='ocrx_word' id='word_1_399' title='bbox 967 2665 1050 2709; x_wconf 90' lang='lat' dir='ltr'>alia</span> <span class='ocrx_word' id='word_1_400' title='bbox 1075 2677 1139 2709; x_wconf 91' lang='lat' dir='ltr'>est</span> <span class='ocrx_word' id='word_1_401' title='bbox 1159 2666 1214 2710; x_wconf 87' lang='lat' dir='ltr'>de</span> <span class='ocrx_word' id='word_1_402' title='bbox 1233 2667 1436 2726; x_wconf 86' lang='lat' dir='ltr'>conjugio</span> <span class='ocrx_word' id='word_1_403' title='bbox 1460 2663 1780 2719; x_wconf 86' lang='lat' dir='ltr'>contrahendo,</span> <span class='ocrx_word' id='word_1_404' title='bbox 1804 2675 1853 2707; x_wconf 88' lang='lat' dir='ltr'>ut</span> <span class='ocrx_word' id='word_1_405' title='bbox 1877 2676 1956 2719; x_wconf 91' lang='lat' dir='ltr'>est,</span> <span class='ocrx_word' id='word_1_406' title='bbox 1982 2664 2156 2724; x_wconf 88' lang='lat' dir='ltr'>quando</span> <span class='ocrx_word' id='word_1_407' title='bbox 2178 2663 2414 2723; x_wconf 82' lang='lat' dir='ltr'>promittit,</span> 
     </span>
     <span class='ocr_line' id='line_1_35' title="bbox 264 2725 2416 2791; baseline 0.001 -24"><span class='ocrx_word' id='word_1_408' title='bbox 264 2725 382 2783; x_wconf 87' lang='lat' dir='ltr'>quod</span> <span class='ocrx_word' id='word_1_409' title='bbox 406 2741 502 2769; x_wconf 89' lang='lat' dir='ltr'>eam</span> <span class='ocrx_word' id='word_1_410' title='bbox 531 2728 709 2788; x_wconf 89' lang='lat' dir='ltr'>accipiat</span> <span class='ocrx_word' id='word_1_411' title='bbox 739 2730 821 2772; x_wconf 90' lang='lat' dir='ltr'>sibi</span> <span class='ocrx_word' id='word_1_412' title='bbox 842 2745 1043 2783; x_wconf 80' lang='lat' dir='ltr'>uxorem,</span> <span class='ocrx_word' id='word_1_413' title='bbox 1069 2731 1152 2774; x_wconf 91' lang='lat' dir='ltr'>alia</span> <span class='ocrx_word' id='word_1_414' title='bbox 1173 2730 1380 2791; x_wconf 88' lang='lat' dir='ltr'>conjugii,</span> <span class='ocrx_word' id='word_1_415' title='bbox 1406 2741 1455 2773; x_wconf 93' lang='lat' dir='ltr'>ut</span> <span class='ocrx_word' id='word_1_416' title='bbox 1476 2729 1652 2790; x_wconf 88' lang='lat' dir='ltr'>quando</span> <span class='ocrx_word' id='word_1_417' title='bbox 1676 2730 1779 2773; x_wconf 89' lang='lat' dir='ltr'>dicit</span> <span class='ocrx_word' id='word_1_418' title='bbox 1804 2745 1814 2772; x_wconf 81' lang='lat' dir='ltr'>z</span> <span class='ocrx_word' id='word_1_419' title='bbox 1840 2730 1984 2773; x_wconf 87' lang='lat' dir='ltr'>Trado</span> <span class='ocrx_word' id='word_1_420' title='bbox 2014 2745 2084 2772; x_wconf 75' lang='lat' dir='ltr'>ine</span> <span class='ocrx_word' id='word_1_421' title='bbox 2107 2729 2186 2771; x_wconf 91' lang='lat' dir='ltr'>tibi</span> <span class='ocrx_word' id='word_1_422' title='bbox 2209 2727 2265 2771; x_wconf 89' lang='lat' dir='ltr'>ad</span> <span class='ocrx_word' id='word_1_423' title='bbox 2293 2743 2416 2771; x_wconf 90' lang='lat' dir='ltr'>usum</span> 
     </span>
     <span class='ocr_line' id='line_1_36' title="bbox 263 2791 2417 2855; baseline 0.001 -22"><span class='ocrx_word' id='word_1_424' title='bbox 263 2791 401 2835; x_wconf 88' lang='lat' dir='ltr'>carnis</span> <span class='ocrx_word' id='word_1_425' title='bbox 420 2806 549 2847; x_wconf 85' lang='lat' dir='ltr'>meae,</span> <span class='ocrx_word' id='word_1_426' title='bbox 583 2793 643 2836; x_wconf 89' lang='lat' dir='ltr'>ita</span> <span class='ocrx_word' id='word_1_427' title='bbox 665 2804 729 2847; x_wconf 87' lang='lat' dir='ltr'>ut,</span> <span class='ocrx_word' id='word_1_428' title='bbox 754 2795 963 2853; x_wconf 89' lang='lat' dir='ltr'>quamdiu</span> <span class='ocrx_word' id='word_1_429' title='bbox 982 2797 1152 2850; x_wconf 82' lang='lat' dir='ltr'>vixeris,</span> <span class='ocrx_word' id='word_1_430' title='bbox 1176 2811 1265 2838; x_wconf 92' lang='lat' dir='ltr'>non</span> <span class='ocrx_word' id='word_1_431' title='bbox 1287 2811 1358 2839; x_wconf 91' lang='lat' dir='ltr'>me</span> <span class='ocrx_word' id='word_1_432' title='bbox 1384 2795 1454 2838; x_wconf 87' lang='lat' dir='ltr'>alii</span> <span class='ocrx_word' id='word_1_433' title='bbox 1482 2796 1758 2855; x_wconf 85' lang='lat' dir='ltr'>conjungam.</span> <span class='ocrx_word' id='word_1_434' title='bbox 1785 2795 1841 2837; x_wconf 90' lang='lat' dir='ltr'>Et</span> <span class='ocrx_word' id='word_1_435' title='bbox 1860 2796 1954 2838; x_wconf 88' lang='lat' dir='ltr'>haec</span> <span class='ocrx_word' id='word_1_436' title='bbox 1975 2794 2199 2838; x_wconf 76' lang='lat' dir='ltr'>foederatio</span> <span class='ocrx_word' id='word_1_437' title='bbox 2223 2793 2417 2854; x_wconf 88' lang='lat' dir='ltr'>adprime</span> 
     </span>
     <span class='ocr_line' id='line_1_37' title="bbox 263 2855 2413 2920; baseline 0.001 -22"><span class='ocrx_word' id='word_1_438' title='bbox 263 2855 365 2899; x_wconf 89' lang='lat' dir='ltr'>facit</span> <span class='ocrx_word' id='word_1_439' title='bbox 391 2859 655 2918; x_wconf 88' lang='lat' dir='ltr'>conjugium.</span> <span class='ocrx_word' id='word_1_440' title='bbox 689 2858 920 2903; x_wconf 88' lang='lat' dir='ltr'>Sciendum</span> <span class='ocrx_word' id='word_1_441' title='bbox 940 2876 1045 2904; x_wconf 84' lang='lat' dir='ltr'>vero</span> <span class='ocrx_word' id='word_1_442' title='bbox 1068 2872 1147 2914; x_wconf 90' lang='lat' dir='ltr'>est,</span> <span class='ocrx_word' id='word_1_443' title='bbox 1179 2860 1298 2920; x_wconf 91' lang='lat' dir='ltr'>quod</span> <span class='ocrx_word' id='word_1_444' title='bbox 1327 2861 1373 2903; x_wconf 90' lang='lat' dir='ltr'>in</span> <span class='ocrx_word' id='word_1_445' title='bbox 1393 2861 1478 2904; x_wconf 93' lang='lat' dir='ltr'>hoc</span> <span class='ocrx_word' id='word_1_446' title='bbox 1500 2871 1770 2904; x_wconf 88' lang='lat' dir='ltr'>sacramento</span> <span class='ocrx_word' id='word_1_447' title='bbox 1792 2860 1930 2903; x_wconf 88' lang='lat' dir='ltr'>multa</span> <span class='ocrx_word' id='word_1_448' title='bbox 1952 2860 2057 2903; x_wconf 92' lang='lat' dir='ltr'>olim</span> <span class='ocrx_word' id='word_1_449' title='bbox 2081 2859 2255 2903; x_wconf 84' lang='lat' dir='ltr'>fuerunt</span> <span class='ocrx_word' id='word_1_450' title='bbox 2274 2860 2388 2904; x_wconf 91' lang='lat' dir='ltr'>licita</span> <span class='ocrx_word' id='word_1_451' title='bbox 2402 2893 2413 2913; x_wconf 90' lang='lat'>,</span> 
     </span>
     <span class='ocr_line' id='line_1_38' title="bbox 263 2922 2419 2985; baseline 0.001 -20"><span class='ocrx_word' id='word_1_452' title='bbox 263 2938 358 2980; x_wconf 88' lang='lat' dir='ltr'>quae</span> <span class='ocrx_word' id='word_1_453' title='bbox 379 2922 513 2966; x_wconf 92' lang='lat' dir='ltr'>modo</span> <span class='ocrx_word' id='word_1_454' title='bbox 537 2924 652 2967; x_wconf 85' lang='lat' dir='ltr'>licita</span> <span class='ocrx_word' id='word_1_455' title='bbox 673 2940 764 2967; x_wconf 92' lang='lat' dir='ltr'>non</span> <span class='ocrx_word' id='word_1_456' title='bbox 786 2936 900 2976; x_wconf 91' lang='lat' dir='ltr'>sunt,</span> <span class='ocrx_word' id='word_1_457' title='bbox 926 2926 1027 2985; x_wconf 87' lang='lat' dir='ltr'>quia</span> <span class='ocrx_word' id='word_1_458' title='bbox 1046 2926 1092 2968; x_wconf 92' lang='lat' dir='ltr'>in</span> <span class='ocrx_word' id='word_1_459' title='bbox 1110 2926 1246 2970; x_wconf 85' lang='lat' dir='ltr'>veteri</span> <span class='ocrx_word' id='word_1_460' title='bbox 1266 2936 1521 2970; x_wconf 87' lang='lat' dir='ltr'>testamento</span> <span class='ocrx_word' id='word_1_461' title='bbox 1543 2926 1701 2970; x_wconf 86' lang='lat' dir='ltr'>licebat</span> <span class='ocrx_word' id='word_1_462' title='bbox 1722 2926 1800 2968; x_wconf 91' lang='lat' dir='ltr'>uni</span> <span class='ocrx_word' id='word_1_463' title='bbox 1821 2925 1978 2969; x_wconf 87' lang='lat' dir='ltr'>multas</span> <span class='ocrx_word' id='word_1_464' title='bbox 1999 2941 2156 2969; x_wconf 83' lang='lat' dir='ltr'>uxores</span> <span class='ocrx_word' id='word_1_465' title='bbox 2175 2925 2352 2980; x_wconf 90' lang='lat' dir='ltr'>habere,</span> <span class='ocrx_word' id='word_1_466' title='bbox 2371 2937 2419 2969; x_wconf 91' lang='lat' dir='ltr'>ut</span> 
     </span>
     <span class='ocr_line' id='line_1_39' title="bbox 263 2988 2415 3052; baseline 0.002 -22"><span class='ocrx_word' id='word_1_467' title='bbox 263 2988 444 3048; x_wconf 91' lang='lat' dir='ltr'>populus</span> <span class='ocrx_word' id='word_1_468' title='bbox 465 2989 546 3032; x_wconf 90' lang='lat' dir='ltr'>Dei</span> <span class='ocrx_word' id='word_1_469' title='bbox 567 3001 810 3051; x_wconf 90' lang='lat' dir='ltr'>augeretur,</span> <span class='ocrx_word' id='word_1_470' title='bbox 834 2990 911 3034; x_wconf 92' lang='lat' dir='ltr'>sed</span> <span class='ocrx_word' id='word_1_471' title='bbox 932 3006 1022 3034; x_wconf 92' lang='lat' dir='ltr'>non</span> <span class='ocrx_word' id='word_1_472' title='bbox 1042 2991 1212 3035; x_wconf 85' lang='lat' dir='ltr'>mulieri</span> <span class='ocrx_word' id='word_1_473' title='bbox 1233 2990 1392 3035; x_wconf 86' lang='lat' dir='ltr'>multos</span> <span class='ocrx_word' id='word_1_474' title='bbox 1412 2992 1544 3046; x_wconf 88' lang='lat' dir='ltr'>viros,</span> <span class='ocrx_word' id='word_1_475' title='bbox 1569 2992 1669 3051; x_wconf 87' lang='lat' dir='ltr'>quia</span> <span class='ocrx_word' id='word_1_476' title='bbox 1693 2990 1840 3035; x_wconf 86' lang='lat' dir='ltr'>multae</span> <span class='ocrx_word' id='word_1_477' title='bbox 1863 3003 2042 3052; x_wconf 91' lang='lat' dir='ltr'>possunt</span> <span class='ocrx_word' id='word_1_478' title='bbox 2062 3007 2116 3035; x_wconf 86' lang='lat' dir='ltr'>ex</span> <span class='ocrx_word' id='word_1_479' title='bbox 2136 3008 2225 3035; x_wconf 91' lang='lat' dir='ltr'>uno</span> <span class='ocrx_word' id='word_1_480' title='bbox 2248 2991 2415 3036; x_wconf 89' lang='lat' dir='ltr'>foecun-</span> 
     </span>
     <span class='ocr_line' id='line_1_40' title="bbox 263 3052 2415 3117; baseline 0.002 -21"><span class='ocrx_word' id='word_1_481' title='bbox 263 3052 373 3105; x_wconf 87' lang='lat' dir='ltr'>dari,</span> <span class='ocrx_word' id='word_1_482' title='bbox 405 3053 483 3098; x_wconf 92' lang='lat' dir='ltr'>sed</span> <span class='ocrx_word' id='word_1_483' title='bbox 504 3070 595 3098; x_wconf 91' lang='lat' dir='ltr'>non</span> <span class='ocrx_word' id='word_1_484' title='bbox 617 3071 702 3098; x_wconf 91' lang='lat' dir='ltr'>una</span> <span class='ocrx_word' id='word_1_485' title='bbox 730 3071 785 3099; x_wconf 86' lang='lat' dir='ltr'>ex</span> <span class='ocrx_word' id='word_1_486' title='bbox 811 3056 973 3100; x_wconf 91' lang='lat' dir='ltr'>multis.</span> <span class='ocrx_word' id='word_1_487' title='bbox 1005 3056 1133 3100; x_wconf 90' lang='lat' dir='ltr'>Nunc</span> <span class='ocrx_word' id='word_1_488' title='bbox 1154 3072 1258 3100; x_wconf 87' lang='lat' dir='ltr'>vero</span> <span class='ocrx_word' id='word_1_489' title='bbox 1287 3071 1378 3099; x_wconf 89' lang='lat' dir='ltr'>non</span> <span class='ocrx_word' id='word_1_490' title='bbox 1405 3056 1528 3113; x_wconf 88' lang='lat' dir='ltr'>licet,</span> <span class='ocrx_word' id='word_1_491' title='bbox 1556 3057 1656 3117; x_wconf 92' lang='lat' dir='ltr'>quia</span> <span class='ocrx_word' id='word_1_492' title='bbox 1678 3056 1863 3117; x_wconf 91' lang='lat' dir='ltr'>populus</span> <span class='ocrx_word' id='word_1_493' title='bbox 1885 3058 1966 3101; x_wconf 93' lang='lat' dir='ltr'>Dei</span> <span class='ocrx_word' id='word_1_494' title='bbox 1994 3068 2141 3101; x_wconf 86' lang='lat' dir='ltr'>auctus</span> <span class='ocrx_word' id='word_1_495' title='bbox 2169 3069 2249 3101; x_wconf 89' lang='lat' dir='ltr'>est.</span> <span class='ocrx_word' id='word_1_496' title='bbox 2275 3059 2415 3101; x_wconf 89' lang='lat' dir='ltr'>Etiam</span> 
     </span>
     <span class='ocr_line' id='line_1_41' title="bbox 261 3120 2417 3184; baseline 0.002 -24"><span class='ocrx_word' id='word_1_497' title='bbox 261 3129 365 3162; x_wconf 86' lang='lat' dir='ltr'>tunc</span> <span class='ocrx_word' id='word_1_498' title='bbox 387 3120 558 3183; x_wconf 86' lang='lat' dir='ltr'>regibus</span> <span class='ocrx_word' id='word_1_499' title='bbox 580 3137 670 3165; x_wconf 89' lang='lat' dir='ltr'>non</span> <span class='ocrx_word' id='word_1_500' title='bbox 691 3121 849 3165; x_wconf 90' lang='lat' dir='ltr'>licebat</span> <span class='ocrx_word' id='word_1_501' title='bbox 877 3122 1055 3178; x_wconf 78' lang='lat' dir='ltr'>multas,</span> <span class='ocrx_word' id='word_1_502' title='bbox 1080 3122 1157 3166; x_wconf 90' lang='lat' dir='ltr'>sed</span> <span class='ocrx_word' id='word_1_503' title='bbox 1176 3137 1309 3166; x_wconf 90' lang='lat' dir='ltr'>unam</span> <span class='ocrx_word' id='word_1_504' title='bbox 1332 3122 1516 3179; x_wconf 90' lang='lat' dir='ltr'>habere,</span> <span class='ocrx_word' id='word_1_505' title='bbox 1538 3133 1588 3166; x_wconf 92' lang='lat' dir='ltr'>ut</span> <span class='ocrx_word' id='word_1_506' title='bbox 1609 3122 1790 3166; x_wconf 86' lang='lat' dir='ltr'>subditis</span> <span class='ocrx_word' id='word_1_507' title='bbox 1812 3124 1896 3166; x_wconf 89' lang='lat' dir='ltr'>suis</span> <span class='ocrx_word' id='word_1_508' title='bbox 1918 3122 2146 3183; x_wconf 86' lang='lat' dir='ltr'>providere</span> <span class='ocrx_word' id='word_1_509' title='bbox 2166 3135 2354 3184; x_wconf 90' lang='lat' dir='ltr'>possent.</span> <span class='ocrx_word' id='word_1_510' title='bbox 2375 3124 2417 3166; x_wconf 88' lang='lat' dir='ltr'>si</span> 
     </span>
     <span class='ocr_line' id='line_1_42' title="bbox 263 3185 2411 3250; baseline 0.002 -24"><span class='ocrx_word' id='word_1_511' title='bbox 263 3185 379 3227; x_wconf 89' lang='lat' dir='ltr'>enim</span> <span class='ocrx_word' id='word_1_512' title='bbox 400 3186 555 3230; x_wconf 88' lang='lat' dir='ltr'>multas</span> <span class='ocrx_word' id='word_1_513' title='bbox 576 3187 805 3242; x_wconf 87' lang='lat' dir='ltr'>haberent,</span> <span class='ocrx_word' id='word_1_514' title='bbox 830 3203 981 3231; x_wconf 85' lang='lat' dir='ltr'>earum</span> <span class='ocrx_word' id='word_1_515' title='bbox 1005 3187 1291 3232; x_wconf 89' lang='lat' dir='ltr'>sollicitudine</span> <span class='ocrx_word' id='word_1_516' title='bbox 1315 3189 1483 3232; x_wconf 87' lang='lat' dir='ltr'>animus</span> <span class='ocrx_word' id='word_1_517' title='bbox 1504 3188 1787 3249; x_wconf 87' lang='lat' dir='ltr'>impediretur</span> <span class='ocrx_word' id='word_1_518' title='bbox 1809 3199 1852 3233; x_wconf 89' lang='lat' dir='ltr'>et</span> <span class='ocrx_word' id='word_1_519' title='bbox 1881 3190 1940 3232; x_wconf 90' lang='lat' dir='ltr'>ita</span> <span class='ocrx_word' id='word_1_520' title='bbox 1960 3190 2101 3233; x_wconf 90' lang='lat' dir='ltr'>minus</span> <span class='ocrx_word' id='word_1_521' title='bbox 2122 3188 2411 3250; x_wconf 86' lang='lat' dir='ltr'>providerent.</span> 
     </span>
    </p>
   </div>
   <div class='ocr_carea' id='block_1_6' title="bbox 307 3335 614 3378">
    <p class='ocr_par' dir='ltr' id='par_1_7' title="bbox 307 3335 614 3378">
     <span class='ocr_line' id='line_1_43' title="bbox 307 3335 614 3378; baseline 0.016 -11"><span class='ocrx_word' id='word_1_522' title='bbox 307 3335 337 3368; x_wconf 87' lang='lat'>1.</span> <span class='ocrx_word' id='word_1_523' title='bbox 362 3335 484 3378; x_wconf 79' lang='lat' dir='ltr'>Supple</span> <span class='ocrx_word' id='word_1_524' title='bbox 503 3338 614 3372; x_wconf 84' lang='lat' dir='ltr'>Facit.</span> 
     </span>
    </p>
   </div>
  </div>
 </body>
</html>
