2638 3866
261 212 357 260 642
484 211 794 259 ABAELARDI
826 210 1042 258 ETHICA
1074 211 1183 258 SEU
1216 212 1392 258 LlBER
1425 211 1848 262 DICTUS:SC1TO
1883 215 2150 265 TEIPSUM.

258 312 594 379 propheticum
618 332 642 357 «
670 311 957 359 mortificare
980 310 1056 359 vel
1078 311 1318 359 vivificare
1339 311 1556 360 volentes
1587 330 1710 378 quos
1746 332 1846 363 non
1869 327 2089 381 possunt.
2117 338 2140 361 >2
2170 318 2265 377 Qui
2291 319 2393 383 epi-

257 410 518 458 scoporum
539 408 733 456 quoque
753 392 987 439 sententia
1009 390 1071 440 ab
1101 392 1316 457 ipsorum
1339 393 1685 442 communione
1718 396 1986 461 privantur,
2009 414 2122 445 cum
2155 397 2394 462 subjectos

257 473 428 537 injuste
464 490 493 521 a
535 472 881 520 communione
922 488 1009 519 sua
1052 474 1241 538 privare
1285 474 1689 539 praesumpserint.
1729 475 1869 524 Unde
1911 477 2188 525 Africanum
2233 479 2396 526 conci-

253 553 372 600 lium
395 568 508 600 ccx:
533 573 555 597 «
575 555 639 599 Ut
656 568 757 599 non
783 562 959 599 temere
982 568 1275 617 quemquam
1303 554 1650 602 communione
1667 556 1823 623 privet
1840 557 2128 623 Episcopus;
2155 567 2202 605 et
2225 574 2394 623 quam-

254 632 335 679 diu
360 633 777 680 excommunicato
800 649 914 680 suus
933 649 1034 680 non
1057 634 1434 682 communicaret
1453 635 1737 702 Episcopus,
1764 637 1921 686 eidem
1945 638 2185 704 Episcopo
2209 637 2270 686 ab
2291 638 2395 686 aliis

253 728 353 759 non
370 713 755 761 communicetur
767 714 1012 779 Episcopis
1027 731 1037 760 :
1055 724 1108 761 ut
1126 715 1275 779 magis
1297 715 1562 781 Episcopus
1578 727 1769 780 caveat,
1796 735 1857 767 ne
1880 718 2008 767 dicat
2028 720 2078 768 in
2095 735 2394 784 quemquam

258 792 390 856 quod
425 792 528 840 aliis
562 792 866 841 documentis
896 794 1184 843 convincere
1213 811 1315 842 non
1350 805 1525 861 potest.
1556 815 1580 842 »

729 1126 1250 1187 FRAGMENTUM
1288 1128 1495 1188 LIBRI
1545 1129 1890 1221 SECUNDI.

313 1317 544 1382 Superior
570 1318 748 1366 Ethicae
766 1328 943 1367 nostrae
972 1318 1160 1368 libellus
1182 1319 1532 1385 cognoscendis
1553 1323 1628 1371 vel
1647 1322 1940 1389 corrigendis
1960 1326 2168 1389 peccatis
2197 1341 2392 1390 operam

249 1395 398 1455 dedit,
434 1406 481 1444 et
502 1398 605 1463 ipsa
628 1407 825 1465 peccata
858 1398 1072 1447 distinxit
1100 1418 1128 1449 a
1155 1402 1283 1449 vitiis
1310 1418 1416 1466 quae
1437 1400 1694 1451 virtutibus
1716 1403 1942 1452 dicuntur
1972 1406 2230 1454 contraria.
2257 1408 2396 1453 Hunc
2446 1399 2449 1402 ¹

249 1493 364 1524 vero
388 1489 602 1544 superest
625 1490 678 1526 ut
703 1479 875 1527 ordine
894 1496 1128 1545 congruo,
1149 1482 1286 1546 juxta
1310 1481 1427 1529 illud
1448 1482 1705 1532 Psalmistae
1725 1486 1757 1545 ¹,
1787 1503 1810 1530 ι(
1837 1484 2037 1533 Declina
2052 1502 2082 1533 a
2102 1486 2233 1534 malo
2253 1495 2300 1533 et
2324 1484 2397 1533 fac

248 1556 453 1620 bonum,
472 1580 495 1603 »
508 1570 767 1625 postquam
782 1560 843 1608 de
858 1560 994 1608 malis
1006 1562 1191 1626 egimus
1205 1561 1522 1626 declinandiS,
1539 1564 1602 1612 ad
1614 1563 1745 1612 bona
1756 1564 1973 1613 facienda
1983 1565 2212 1613 doctrinae
2225 1575 2397 1614 nostrae

247 1638 423 1702 stylum
445 1650 799 1688 convertamus.
825 1641 1083 1689 Prudentia
1099 1678 1111 1702 ,
1136 1642 1255 1689 boni
1281 1643 1488 1707 malique
1510 1643 1754 1706 discretio,
1782 1654 1934 1693 mater
1951 1655 2022 1694 est
2043 1647 2275 1694 virtutum
2298 1663 2398 1711 po—

248 1719 340 1766 tius
354 1736 500 1783 quam
516 1722 694 1780 virtus;
722 1720 783 1768 ad
804 1721 930 1768 hanc
953 1723 1160 1787 pertinet
1184 1739 1274 1788 pro
1302 1734 1522 1789 tempore
1538 1725 1614 1772 vel
1635 1725 1745 1773 loco
1765 1735 1812 1773 et
1834 1742 2152 1792 personarum
2165 1726 2397 1791 dignitate

245 1799 627 1865 dispensationes
659 1800 831 1849 facere.
861 1801 993 1848 Sicut
1024 1812 1186 1850 autem
1208 1803 1322 1850 vitia
1351 1803 1653 1852 distinximus
1680 1821 1708 1853 a
1734 1806 1962 1871 peccatis,
2001 1807 2067 1855 ita
2088 1807 2287 1854 virtutes
2307 1806 2399 1854 illis

244 1881 496 1927 contrariae
517 1881 643 1928 vitiis
673 1880 960 1928 nonnullam
989 1882 1309 1930 differentiam
1338 1882 1520 1932 habere
1543 1883 1770 1932 videntur
1791 1884 1854 1932 ab
1883 1885 1960 1933 his
1990 1887 2166 1950 quibus
2189 1886 2396 1934 beatitu-

243 1958 408 2007 dinem
434 1967 768 2025 promeremur
792 1959 954 2023 bonis,
989 1978 1096 2026 quae
1120 1962 1170 2009 in
1196 1961 1332 2009 bono
1362 1964 1633 2011 consistunt
1659 1963 1963 2012 obedientiae.
1993 1966 2125 2013 Sicut
2150 1965 2280 2013 enim
2299 1966 2396 2013 vir-

243 2049 367 2088 tutes
382 2040 507 2088 vitiis
529 2041 670 2088 variae
686 2050 816 2104 sunt,
839 2042 905 2089 ita
926 2052 1180 2107 peccatum
1197 2042 1331 2107 quod
1349 2044 1546 2109 proprie
1565 2043 1740 2092 dicitur
1755 2045 1845 2092 Dei
1863 2055 2187 2111 contemptus,
2207 2045 2399 2094 videtur

242 2120 498 2168 adversum
534 2120 820 2169 obedientiae
853 2120 1069 2182 bonum,
1108 2133 1156 2170 et
1185 2122 1408 2171 voluntas
1440 2123 1504 2172 ad
1540 2123 1870 2172 obediendum
1899 2128 2003 2173 Deo
2038 2135 2222 2191 parata.
2262 2126 2398 2174 Multi

242 2201 423 2267 quippe
446 2211 557 2249 sunt
579 2201 795 2249 fidelium
816 2203 900 2267 qui
922 2211 1066 2250 tantae
1090 2203 1370 2251 constantiae
1392 2220 1494 2251 non
1517 2214 1647 2265 sunt,
1679 2215 1735 2252 ut
1758 2221 1937 2270 agones
1961 2215 2227 2270 martyrum
2250 2207 2398 2253 susti-

242 2297 357 2328 nere
392 2291 615 2347 possent,
649 2282 727 2330 vel
762 2299 863 2330 non
899 2282 1037 2331 facile
1070 2284 1120 2330 in
1160 2282 1525 2332 adversitatibus
1559 2284 1847 2346 deficerent,
1886 2302 2098 2350 quorum
2131 2285 2397 2334 infirmitati

241 2362 494 2409 Dominus·
518 2361 798 2427 providens,
829 2379 928 2410 non
957 2364 1188 2429 permittit
1217 2380 1301 2411 eos
1338 2365 1512 2412 tentari
1534 2381 1681 2431 supra
1704 2365 1756 2413 id
1779 2365 1914 2430 quod
1938 2375 2159 2432 possunt,
2197 2382 2289 2414 nec
2313 2382 2396 2414 eos

241 2441 454 2490 adversis
486 2443 664 2508 probat
687 2459 811 2507 quos
836 2444 1164 2509 pusillanimes
1187 2443 1264 2491 vel
1290 2443 1552 2492 imbecilles
1583 2445 1885 2507 considerat,
1919 2447 2004 2510 qui
2035 2445 2181 2511 huJus
2202 2462 2396 2510 quoque

242 2522 466 2570 beneficii
500 2540 601 2571 non
643 2524 976 2586 immemores,
1014 2534 1063 2572 et
1092 2524 1210 2571 hinc
1241 2540 1341 2571 non
1385 2525 1608 2573 minimas
1643 2528 1749 2573 Deo
1788 2526 1963 2591 gratias
2005 2534 2223 2590 agentes,
2262 2535 2396 2573 tanto

244 2602 525 2652 humiliores
551 2604 778 2663 existunt,
804 2614 988 2669 quanto
1011 2622 1062 2652 se
1085 2604 1342 2652 debiliores
1372 2616 1742 2670 recognoscunt,
1772 2623 1863 2655 nec
1885 2605 1947 2653 ab
1979 2621 2144 2654 amore
2169 2607 2258 2654 Dei
2283 2622 2396 2672 pos-

244 2692 354 2730 sunt
385 2700 487 2732 esse
522 2680 682 2747 alieni,
713 2685 850 2750 cujus
882 2684 1129 2733 beneficiis
1161 2701 1263 2733 non
1296 2695 1585 2750 permanent
1608 2686 1809 2751 ingrati,
1845 2696 1894 2734 et
1915 2686 1993 2734 cui
2016 2702 2066 2734 se
2089 2686 2197 2752 plus
2218 2685 2395 2734 deber'e

244 2761 470 2825 fatentur,
498 2781 526 2813 a
548 2782 648 2830 quo
670 2765 721 2812 in
744 2764 918 2814 talibus
938 2765 1176 2832 accepisse
1193 2765 1435 2814 videntur.
1464 2766 1668 2832 (Caetera
1691 2765 1903 2831 desunt.)

245 2911 254 2920 ⁴
293 2917 444 2952 ¹Psalm.
462 2928 576 2962 xxxvl,
593 2929 624 2955 v.
645 2923 699 2956 35.
