2638 3866
269 169 298 212 2
1056 165 1216 212 PETRI
1251 163 1556 210 ABAELARDI

267 267 492 310 concilium
525 267 816 309 Suessionense
847 281 959 308 anno
997 266 1161 309 circiter
1202 269 1330 306 1121.
1375 262 1505 305 Nullo
1546 261 1678 305 modo
1716 263 1842 322 igitur
1873 262 2157 305 consentimus
2194 263 2381 306 Henrico

268 331 487 374 Goldhorn
516 333 586 390 qui
612 346 746 390 nuper
773 341 921 373 contra
942 345 1213 374 communem
1234 329 1480 388 opinionem
1501 327 1721 371 contendit
1747 326 2114 370 Introductionem
2135 327 2381 387 Theologiae

268 397 312 437 in
343 396 478 438 lucem
509 396 667 439 editam
702 395 825 438 fuisse
857 406 953 455 post
973 395 1252 454 Theologiam
1285 394 1567 436 Christianam
1598 395 1713 449 cujus
1741 393 1813 435 illa
1841 404 1950 435 esset
1975 393 2106 435 veluti
2133 408 2298 435 summa
2335 408 2398 434 ac

268 459 607 534 compendium¹.
642 460 899 504 Sententiam
921 477 1039 503 suam
1057 460 1248 519 pluribus
1273 458 1522 502 confirmare
1554 458 1787 500 rationibus
1810 468 1989 500 conatur
2010 457 2254 511 Goldhorn,
2280 472 2384 516 quas

269 523 384 566 ducit
411 540 464 567 ex
482 526 579 583 ipsis
601 526 897 584 opinionibus
886 542 930 567 m
954 536 1134 588 utroque
1143 524 1357 598 opusculo
1384 524 1596 583 expositis,
1622 534 1664 565 et
1689 538 1712 566 e
1745 521 1959 567 scribendi
1980 538 2152 583 genere,
2178 533 2220 565 et
2249 537 2303 565 ex
2332 523 2384 564 iis

267 604 361 646 quae
390 589 578 650 pluribus
610 587 712 632 10615
742 585 885 653 obiter
909 582 1199 633 Abaelardus
1189 604 1365 631 lnlluere
1400 583 1583 632 videtur.
1605 589 1668 632 Ea
1696 598 1838 631 autem
1873 598 2121 648 argumenta
2160 585 2382 631 referenda

269 668 354 695 esse
378 669 464 713 11911
493 669 660 697 necesse
689 654 910 714 Ρ1113111115;
935 671 1037 698 113111
1063 656 1252 729 quamvis
1274 654 1367 696 sint
1402 653 1569 696 subtilia
1603 669 1703 696 sane
1737 663 1780 696 et
1809 653 2058 713 ingeniosa,
2082 667 2172 695 non
2205 662 2383 711 possunt

268 717 331 759 bis
354 698 578 776 repetitum
601 719 654 761 ab
676 720 903 762 Abaelardo
927 720 1215 763 testimonium
1239 718 1417 761 elevare.

325 783 688 826 Introductionem
715 786 957 844 Theologiae
987 785 1310 844 recognovimus
1342 783 1397 826 ad
1418 783 1609 826 codicem
1631 783 1897 825 Victorinum
1923 785 2029 836 446,
2055 798 2183 841 quem
2205 797 2382 841 expres-

268 849 364 890 sisse
384 847 549 891 videtur
571 849 820 891 Amboesius
841 850 884 891 in
909 850 1046 909 operis
1069 849 1255 892 editione
1276 849 1482 908 principe.
1504 848 1651 891 Codex
1671 847 1741 890 ille
1765 848 1836 905 qui
1858 848 1980 890 foetus
2001 858 2064 890 est
2087 847 2227 890 saeculi
2247 846 2383 905 quinti

267 911 418 955 decimi
447 924 487 955 et
512 929 815 972 nonnunquam
837 926 1077 974 corruptus,
1110 930 1198 956 non
1219 913 1329 956 ultra
1353 914 1463 955 tertii
1490 912 1587 956 libri
1616 913 1802 955 mediam
1824 923 1989 971 partem
2010 912 2225 971 procedit,
2250 913 2309 953 ita
2338 921 2385 953 ut

265 977 491 1034 gravissimi
513 979 854 1037 celeberrimique
871 995 1046 1038 operum
1068 978 1407 1038 theologicorum
1430 994 1523 1036 quae
1544 977 1794 1020 Abaelardus
1814 977 2113 1036 composuerit,
2137 976 2231 1019 finis
2252 991 2384 1034 usque

265 1041 317 1083 ad
341 1042 453 1084 hunc
480 1042 594 1085 diem
613 1044 710 1085 viris
733 1045 866 1086 doctis
894 1044 1019 1086 fuerit
1042 1043 1323 1096 desideratus,
1350 1053 1394 1085 et
1414 1042 1607 1085 nonnulli
1636 1043 1763 1085 etiam
1793 1041 2080 1085 dubitaverint
2103 1058 2157 1084 an
2186 1057 2293 1100 opus
2319 1041 2385 1082 in·

264 1117 443 1164 coeptum
461 1118 606 1150 auctor
619 1108 858 1151 absolverit.
878 1110 1092 1163 Quorsum
1107 1119 1248 1151 autem
1263 1109 1341 1150 ista
1359 1107 1567 1150 dubitatio
1584 1107 1791 1150 mittenda
1807 1108 1875 1161 sit,
1893 1108 1991 1150 satis
2007 1107 2270 1149 demonstrat
2284 1121 2385 1164 sup-

262 1171 543 1229 plementum,
567 1173 768 1215 hactenus
790 1174 1020 1227 ineditum,
1052 1173 1168 1231 quod
1189 1173 1319 1215 latere
1338 1173 1515 1215 Oxoniae
1537 1173 1583 1214 in
1610 1172 1778 1214 duobus
1800 1172 2034 1226 codicibus,
2066 1172 2198 1214 altero
2225 1187 2248 1213 e
2264 1170 2382 1212 Bod-

260 1236 398 1278 leiana
413 1237 672 1279 Bibliotheca
691 1241 819 1292 8615,
840 1239 971 1281 altero
989 1255 1011 1280 e
1027 1238 1214 1297 Collegio
1232 1238 1469 1280 Balliolensi
1483 1240 1585 1291 458,
1601 1237 1826 1296 Catalogus
1837 1238 2064 1280 Librorum
2075 1236 2384 1295 Manuscripto·

261 1317 354 1343 rum
374 1302 536 1361 Angliae
564 1313 606 1345 et
628 1304 843 1345 Hiberniae
866 1306 955 1359 jam
980 1303 1143 1346 dudum
1170 1302 1300 1346 fidem
1323 1301 1551 1356 faciebat²,
1577 1317 1738 1360 nosque
1759 1314 1856 1361 post
1876 1313 2040 1346 textum
2073 1302 2126 1344 ab
2150 1301 2383 1344 Amboesio

261 1364 427 1419 datum,
459 1366 682 1409 edidimus.
707 1368 881 1409 Utinam
905 1367 1247 1426 supplementum
1269 1367 1383 1409 istud
1408 1366 1613 1426 prolixius
1634 1378 1676 1409 et
1698 1368 1878 1426 amplius
1901 1368 2171 1420 occurrisset,
2198 1377 2383 1426 partem-

260 1446 340 1487 que
376 1432 512 1489 operis
547 1431 827 1475 desideratam
857 1432 978 1474 nobis
1010 1433 1273 1475 restituisset!
1306 1432 1455 1474 Paucis
1485 1447 1587 1474 vero
1618 1442 1783 1474 constat
1813 1433 1977 1492 paginis
2013 1448 2107 1491 quae
2139 1447 2295 1474 novam
2325 1431 2385 1472 lu-

259 1509 350 1537 cem
370 1496 440 1536 vix
464 1496 645 1538 afferunt
673 1496 728 1539 ad
749 1496 982 1540 noscendas
1005 1496 1379 1556 intelligendasque
1402 1495 1617 1539 Abaelardi
1638 1497 1857 1540 haereticas
1881 1498 2104 1556 opiniones
2132 1498 2176 1538 in
2201 1495 2382 1539 concilio

259 1559 544 1604 Suessionensi
566 1561 880 1608 condemnatas.

1006 1933 1634 2050 PROLOGUs

324 2230 617 2277 Scholarium
639 2241 913 2277 nostrorum
928 2232 1168 2295 petitioni,
1189 2242 1331 2296 prout
1344 2248 1615 2296 possumus,
1634 2231 1988 2290 satisfacientes,
2008 2230 2217 2294 aliquam
2241 2247 2384 2278 sacra»,

260 2309 537 2356 eruditionis
570 2311 841 2370 Summam,
882 2311 1016 2374 quasi
1055 2310 1226 2357 divinae
1262 2311 1512 2375 Scripturae
1547 2311 1956 2358 introductionem
1991 2311 2381 2375 conscripsimus.

262 2391 380 2434 Cum
418 2389 544 2436 enim
577 2404 604 2435 a
632 2388 771 2436 nobis
812 2389 1015 2454 plurima
1049 2389 1110 2436 de
1138 2389 1482 2455 philosophicis
1512 2390 1678 2438 studiis
1711 2399 1758 2438 et
1794 2390 2088 2437 saecularium
2121 2389 2386 2436 litterarum

264 2467 443 2531 scriptis
465 2467 671 2522 studiose
704 2468 945 2532 legissent,
985 2478 1031 2515 et
1068 2470 1134 2516 eis
1168 2469 1431 2516 admodum
1463 2469 1585 2517 lecta
1625 2470 1939 2534 placuissent;
1975 2470 2130 2516 visum
2165 2468 2254 2515 illis
2290 2479 2382 2529 est,

266 2556 316 2593 ut
340 2547 487 2595 multo
509 2547 688 2595 facilius
711 2547 881 2595 divinae
904 2549 1085 2613 paginae
1105 2548 1461 2612 intelligentiam
1477 2586 1489 2610 ,
1517 2550 1614 2596 sive
1636 2566 1778 2597 sacrae
1801 2548 1913 2596 fidei
1937 2536 2145 2596 rationes
2169 2558 2386 2595 nostrum

268 2634 529 2688 penetraret
561 2627 829 2691 ingenium,
857 2644 1002 2691 quam
1036 2628 1379 2692 philosophicae
1413 2628 1568 2692 abyssi
1595 2639 1785 2694 puteos,
1819 2639 1872 2675 ut
1898 2628 2054 2689 aiunt,
2075 2628 2383 2675 exhausisset.

271 2703 515 2751 Addebant
537 2707 677 2753 etiam
702 2723 790 2753 nec
827 2723 903 2753 me
943 2706 1076 2753 aliter
1105 2707 1421 2772 philosophiae
1445 2725 1640 2756 cursum
1672 2724 2007 2756 consummare
2026 2746 2037 2767 ,
2073 2724 2163 2754 nec
2195 2707 2256 2755 ad
2289 2707 2389 2769 ejus

269 2783 512 2846 pervenire
535 2795 724 2845 metam,
751 2795 831 2832 aut
855 2786 1061 2850 aliquem
1082 2803 1140 2833 ex
1169 2804 1225 2834 ea
1255 2784 1560 2836 me'fructum
1583 2788 1828 2851 colligere,
1857 2787 1944 2834 nisi
1967 2787 2069 2851 ejus
2090 2786 2300 2834 studium
2326 2786 2385 2833 ad

271 2864 446 2918 Deum,
476 2862 535 2908 ad
568 2879 711 2925 quem
742 2866 902 2913 omnia
924 2865 1087 2912 referri
1108 2867 1354 2926 convenit,
1390 2868 1712 2916 terminarem.
1745 2867 1815 2915 Ad
1838 2867 1931 2914 hoc
1964 2868 2143 2932 quippe
2166 2865 2387 2913 fidelibus

273 2940 562 2987 saecularium
592 2943 762 2989 artium
794 2945 967 3008 scripta
988 2955 1035 2991 et
1055 2945 1202 2993 libros
1228 2947 1476 3010 gentilium
1491 2947 1645 3011 legere
1672 2948 1956 3013 permissum
1984 2957 2077 3007 est,
2110 2956 2161 2992 ut
2195 2962 2279 3010 per
2310 2961 2388 2992 eas

274 3018 568 3066 locutionum
593 3030 638 3067 et
668 3021 946 3086 eloquentiae
976 3024 1226 3086 generibus
1246 3035 1387 3090 atque
1409 3028 1875 3091 argumentationum
1898 3026 2070 3088 modis,
2100 3035 2180 3072 aut
2210 3024 2389 3072 naturis

276 3171 775 3264 ¹8¹350mm⁸entatip0historico·
778 3175 960 3260 thss’ployica
979 3177 1017 3208 de
1039 3178 1179 3210 summis
1193 3180 1380 3220 principiis
1405 3179 1577 3221 theoloqiae
1592 3179 1812 3220 Abaelardeoe‚
1837 3185 1920 3212 auct
1947 3179 1990 3211 He
1994 3188 2041 3210 nr
2071 3178 2238 3211 Goldhorn
2275 3178 2389 3219 Lipsiae

389 3233 477 3256 ιιι-θ
506 3234 527 3265 p
613 3230 644 3257 et
661 3234 720 3265 sqq
743 3228 801 3249 -Ἰ
842 3233 890 3259 art
923 3229 932 3260 1
