2638 3866
1019 196 1360 246 THEOLOGIA
1394 198 1763 248 CHRISTlANA.
2377 200 2471 248 565

321 308 443 347 terat
476 298 689 346 animam
723 297 841 345 limo
873 307 1008 346 terrae
1031 297 1313 360 admiscere,
1347 310 1395 348 et
1423 301 1491 349 sic
1514 301 1721 350 formare
1753 318 1956 368 corpus,
1994 300 2079 350 sed
2115 301 2304 350 ratione
2338 302 2472 350 infir-

321 379 559 440 mabatur,
589 379 703 444 quia
726 379 939 445 primum
975 379 1231 445 oportebat
1254 379 1459 429 domum
1488 383 1839 449 compaginari,
1866 393 1913 431 et
1938 384 2005 431 sic
2029 382 2355 432 habitatorem
2386 384 2472 431 in-

320 460 449 508 duci.
468 460 645 508 »Idem
667 460 717 508 in
740 459 1020 507 Enckiridio
1037 478 1052 507 .-
1071 481 1092 504 α
1109 461 1467 527 Omnipotentis
1489 464 1713 512 voluntas
1737 464 1861 512 mala
1876 481 1978 512 esse
2000 481 2268 530 numquam
2293 474 2467 530 potest.

321 543 552 590 Praeterea
570 540 722 589 multa
739 550 899 606 potest
927 541 1099 602 facere,
1126 557 1232 605 quae
1251 559 1340 591 nec
1364 543 1492 604 facit,
1516 562 1607 593 nec
1628 545 1749 593 vult.
1774 547 1937 593 Potuit
1955 546 2085 593 enim
2115 545 2306 592 efficere
2333 555 2385 593 ut
2406 563 2470 594 ιιι

316 621 530 686 legiones
553 621 835 688 angelorum
863 631 1135 687 pugnarent
1166 632 1335 672 contra
1369 641 1453 672 eos
1480 626 1566 690 qui
1591 642 1703 673 eum
1732 635 1980 692 ceperunt.
2016 626 2314 691 Evangelista
2344 628 2471 676 Mat-

319 701 510 765 thaeus¹,
542 724 564 747 «
584 706 655 751 An
678 703 854 770 putatis
877 703 991 768 quia
1012 719 1113 750 non
1137 720 1338 769 possum
1359 722 1530 770 rogare
1558 710 1749 754 Patrem
1767 744 1778 766 ,
1808 716 1856 755 et
1886 706 2132 754 exhibebit
2165 707 2283 754 mihi
2318 709 2469 757 modo

322 803 345 826 (ε
372 783 630 849 plusquam
664 800 733 832 xn
757 783 973 848 legiones
994 785 1344 849 angelorum.»
1387 789 1507 835 Item
1556 806 1567 835 z
1608 807 1630 833 «
1658 792 1793 835 Tunc
1835 789 1884 835 in
1921 787 2184 836 clarissima
2219 790 2471 854 Sapientiae

315 863 424 911 luce
468 865 728 925 videbitur,
763 865 898 931 quod
927 883 1059 914 nunc
1079 865 1199 914 fides
1235 866 1407 928 habet,
1450 885 1597 933 quam
1631 878 1759 916 certe
1791 867 2106 916 immutabilis
2141 868 2471 919 efficacissima

315 941 374 988 sit
396 942 621 992 voluntas
656 945 763 1003 Dei,
807 961 955 1008 quam
990 944 1140 993 multa
1173 946 1326 1010 possit
1348 956 1393 994 et
1419 963 1521 994 non
1557 946 1687 1007 velit,
1727 945 1845 994 nihil
1871 956 2031 995 autem
2058 947 2169 994 velit
2202 947 2336 1012 quod
2369 965 2469 996 non

314 1024 483 1087 possit.
507 1043 527 1068 n
546 1024 681 1073 Idem
705 1025 755 1072 in
779 1024 905 1073 libro
926 1024 986 1072 de
1001 1027 1186 1090 Spiritu
1210 1038 1261 1074 et
1275 1028 1455 1074 Littera
1477 1046 1492 1074 .·
1512 1048 1534 1070 >³
1556 1026 1828 1075 Absurdum
1852 1026 1941 1075 tibi
1962 1027 2153 1075 videtur
2172 1027 2265 1075 dici
2288 1027 2470 1093 aliquid

314 1102 419 1152 fieri
455 1121 622 1170 posse,
659 1106 794 1171 cujus
830 1106 953 1154 desit
987 1106 1292 1172 exemplum,
1319 1124 1450 1169 cum,
1479 1108 1602 1156 sicut
1623 1108 1795 1171 credo,
1838 1125 1939 1156 non
1976 1108 2167 1156 dubites
2200 1125 2470 1174 numquam

315 1200 417 1232 esse
449 1185 655 1248 factum,
681 1196 736 1234 ut
768 1203 856 1252 per
882 1187 1097 1235 foramen
1121 1203 1235 1235 acus
1258 1187 1472 1236 camelus
1500 1189 1749 1250 transiret3
1778 1199 1826 1237 et
1854 1198 2015 1238 tamen
2046 1189 2124 1237 ille
2148 1190 2245 1237 hoc
2270 1207 2469 1255 quoque

313 1264 433 1313 dixit
449 1269 554 1315 Deo
578 1284 681 1316 esse
693 1268 937 1334 possibile.
954 1272 1075 1316 Item
1094 1287 1104 1316 :
1120 1288 1143 1312 «
1159 1269 1242 1316 His
1263 1268 1377 1316 addi
1405 1279 1607 1334 possunt
1631 1270 1864 1319 etiamilla
1887 1288 1991 1335 quae
2016 1270 2241 1334 leguntur
2266 1271 2315 1318 in
2346 1271 2471 1319 libro

312 1348 593 1412 Sapzentiae,
622 1349 867 1408 Quoniam
898 1349 1049 1396 multa
1085 1358 1249 1415 posset
1278 1365 1407 1397 nova
1431 1359 1669 1397 tormenta
1692 1353 1823 1398 Deus
1846 1367 2067 1399 exercere
2096 1352 2144 1398 in
2178 1352 2380 1418 impios,
2407 1353 2471 1401 ad

312 1437 487 1476 nutum
509 1430 601 1478 sibi
622 1431 858 1479 serviente
882 1441 1125 1491 creatura,
1154 1448 1260 1496 quae
1281 1441 1445 1479 tamen
1475 1449 1576 1479 non
1601 1433 1829 1481 exercuit.
1860 1436 2021 1481 Potest
2044 1443 2092 1480 et
2117 1432 2178 1480 de
2197 1443 2364 1481 monte
2387 1434 2470 1482 illo

311 1526 459 1573 quem
490 1510 609 1560 fides
643 1513 693 1560 in
722 1530 854 1560 mare
886 1513 1192 1572 transferret,
1230 1513 1365 1577 quod
1393 1523 1555 1561 tamen
1582 1529 1825 1577 nusquam
1858 1514 2036 1562 factum
2064 1513 2140 1562 vel
2168 1513 2370 1578 legimus
2394 1516 2471 1563 vel

311 1591 602 1641 audivimus.
633 1595 862 1658 Quisquis
882 1594 1063 1642 horum
1087 1593 1270 1659 aliquid
1292 1597 1398 1642 Deo
1426 1594 1547 1642 dixit
1568 1594 1885 1660 impossibile,
1913 1595 2045 1643 vides
2065 1611 2210 1660 quam
2234 1595 2437 1660 desipiat
2454 1634 2467 1658 ,

310 1687 555 1738 quamque
578 1674 807 1724 adversus
830 1674 980 1723 fidem
1005 1676 1253 1741 scripturae
1275 1675 1377 1739 ejus
1400 1675 1644 1739 loquatur.
1673 1675 1825 1723 Multa
1851 1675 1944 1723 alia
1964 1675 2245 1740 hujusmodi
2268 1686 2472 1741 possunt

310 1767 565 1802 occurrere
599 1755 675 1804 vel
710 1756 887 1820 legenti
909 1756 986 1804 vel
1010 1756 1408 1820 cogitantisquae
1437 1755 1679 1821 possibilia
1714 1759 1817 1804 Deo
1841 1771 2017 1820 negare
2049 1772 2149 1803 non
2178 1772 2436 1822 possumus
2453 1794 2466 1818 ,

308 1835 529 1897 quamvis
565 1852 736 1884 eorum
769 1836 893 1884 desit
925 1836 1220 1903 exemplum.
1246 1855 1269 1882 »
1295 1837 1432 1884 Idem
1464 1837 1514 1884 in
1543 1835 1669 1884 libro
1697 1836 1755 1884 de
1785 1841 1981 1886 Natura
2009 1849 2056 1884 et
2086 1839 2289 1886 Gratia.-
2318 1858 2340 1881 «
2358 1841 2467 1884 Do-

307 1915 468 1962 minus
490 1919 722 1965 Lazarum
749 1918 1009 1966 suscitavit.
1036 1919 1149 1966 Sine
1173 1917 1324 1966 dubio
1350 1918 1511 1984 potuit
1538 1936 1548 1964 :
1576 1918 1690 1983 quia
1710 1934 1826 1965 vero
1857 1918 2032 1966 Judam
2063 1935 2163 1966 non
2189 1919 2464 1980 suscitavit,

305 1997 548 2061 numquid
571 1997 837 2046 dicendum
864 2009 952 2057 est,
980 2002 1087 2047 Non
1114 1999 1307 2065 potuit?
1333 1999 1495 2047 Potuit
1526 2015 1659 2062 ergo,
1687 1998 1771 2046 sed
1804 1999 1977 2046 noluit.
2004 2002 2125 2047 Nam
2148 1999 2186 2046 si
2210 1999 2463 2060 voluisset,

306 2075 479 2124 eadem
508 2079 654 2126 etiam
681 2078 778 2127 hoc
800 2090 1036 2145 potestate
1068 2080 1256 2128 fecisset
1284 2099 1294 2128 :
1321 2081 1433 2145 quia
1462 2079 1607 2126 Filius
1629 2096 1753 2144 quos
1776 2079 1880 2126 vult
1903 2079 2127 2127 vivificat.
2150 2099 2173 2122 2>
2198 2080 2281 2127 His
2305 2080 2467 2144 itaque

306 2166 405 2204 tam
445 2159 713 2208 rationibus
752 2178 901 2226 quam
940 2160 1306 2215 auctoritatibus
1324 2196 1336 2220 ,
1374 2160 1581 2224 graviter
1617 2159 1666 2206 in
1705 2169 1907 2225 utraque
1941 2169 2077 2226 parte
2118 2159 2466 2225 complexionis

304 2237 553 2303 impliciti,
595 2257 694 2305 quo
728 2257 819 2288 nos
859 2241 1096 2307 explicare
1132 2241 1374 2307 possimus
1408 2257 1510 2288 non
1545 2239 1683 2287 facile
1716 2239 1903 2288 aditum
1941 2241 2165 2300 invenio;
2196 2257 2295 2305 quo
2333 2242 2465 2288 enim

305 2317 691 2369 vehementiores
726 2332 840 2370 sunt
871 2323 1197 2387 quaestionum
1233 2321 1638 2387 impugnationes,
1678 2320 1974 2369 difficiliores
2014 2321 2230 2386 profecto
2270 2338 2465 2370 necesse

304 2410 377 2447 est
406 2418 508 2449 esse
540 2402 822 2453 solutiones.
858 2403 953 2451 Sed
980 2404 1213 2469 quoniam
1236 2403 1459 2451 divinum
1491 2403 1541 2449 in
1566 2401 1795 2451 omnibus
1829 2403 2071 2466 integrum
2099 2401 2341 2450 honorem
2365 2419 2465 2450 ser-

303 2497 435 2542 vare,
462 2492 510 2530 et
536 2493 683 2548 prout
709 2501 966 2550 possumus
989 2483 1295 2549 magnificare
1316 2483 1635 2546 intendimus,
1663 2484 1813 2550 ipsius
1842 2500 1988 2549 opem
2015 2499 2160 2548 super
2181 2482 2278 2530 hoc
2303 2482 2462 2530 confi-

303 2561 475 2611 denter
495 2564 827 2630 imploremus,
857 2576 909 2613 ut
929 2566 1012 2631 qui
1035 2583 1148 2614 suos
1170 2565 1376 2614 absolvit
1399 2582 1428 2613 a
1450 2565 1676 2630 peccatis,
1704 2564 1928 2630 expediat
1947 2580 1976 2612 a
1997 2563 2173 2623 verbiS‚
2207 2574 2255 2611 et
2279 2563 2458 2611 horum

303 2659 501 2709 quoque
519 2645 720 2710 laqueos
742 2648 865 2694 sicut
892 2647 1088 2695 illorum
1110 2647 1172 2695 ad
1194 2647 1405 2694 nominis
1428 2647 1503 2693 sui
1525 2645 1722 2693 laudem
1746 2662 1833 2693 sua
1855 2644 2093 2711 explicare
2116 2645 2267 2708 gratia
2291 2644 2461 2709 digne·

302 2733 397 2786 tur,
420 2741 483 2772 ne
506 2742 596 2773 nos
617 2726 857 2774 mendacii
879 2727 954 2775 vel
980 2727 1339 2793 praesumtionis
1366 2727 1416 2773 in
1445 2743 1558 2774 eum
1588 2724 1649 2772 ab
1675 2726 1782 2790 ipso
1810 2742 2087 2789 arguamur,
2115 2725 2200 2789 qui
2228 2725 2462 2791 probator

302 2803 462 2851 cordis
494 2815 542 2852 et
568 2822 740 2852 renum
773 2807 924 2870 magis
952 2807 1003 2853 in
1037 2806 1265 2854 omnibus
1291 2806 1612 2854 intentionem
1638 2805 1843 2853 attendit
1877 2821 2024 2870 quam
2056 2806 2328 2868 actionem,
2370 2823 2460 2855 nec

301 2901 409 2949 quae
432 2885 567 2945 fiant,
590 2885 675 2934 sed
696 2903 795 2951 quo
815 2887 979 2934 animo
1005 2887 1139 2934 fiant.

366 2969 437 3013 Eo
454 2966 617 3031 itaque
641 2983 795 3026 more,
819 2984 918 3032 quo
936 2967 997 3014 de
1016 2970 1119 3014 Deo
1140 2965 1373 3014 disserere
1396 2967 1630 3032 coepimus
1652 2967 1927 3025 innitenteS,
1949 2966 2067 3032 quid
2090 2976 2137 3014 et
2153 2966 2296 3015 nobis
2316 2984 2460 3033 super

299 3046 396 3094 hoc
414 3046 572 3094 visum
595 3047 654 3094 sit
673 3047 777 3094 sine
802 3047 962 3112 aliqua
987 3046 1327 3094 obstinationis
1351 3047 1615 3094 assertione
1639 3046 1956 3113 proferamus.
1986 3047 2157 3096 Visum
2180 3059 2341 3097 autem
2365 3049 2460 3096 ita-

299 3144 394 3193 que
416 3127 559 3176 nobis
583 3138 653 3176 est
673 3131 831 3177 Deum
857 3129 942 3194 qui
959 3144 1149 3176 summe
1172 3126 1335 3176 bonus
1360 3137 1447 3189 est,
1470 3145 1561 3176 nec
1584 3129 1632 3176 in
1659 3145 1746 3177 sua
1770 3130 2011 3176 crescere²
2033 3129 2111 3177 vel
2134 3130 2290 3178 minui
2314 3129 2455 3178 boni-

344 3317 352 3335 ¹
367 3313 498 3358 Matth.‚
511 3325 582 3358 cap.
597 3324 688 3357 xxw,
704 3325 736 3350 v.
748 3317 802 3351 53.
821 3334 860 3342 -
876 3316 887 3334 ²
903 3314 956 3350 Sic
972 3316 1045 3350 cod.
1066 3315 1188 3349 Turon.
1203 3313 1287 3348 Male
1302 3315 1336 3347 in
1352 3315 1450 3348 editis
1466 3322 1622 3348 exercere.
