2638 3866
282 220 380 268 404
1089 216 1260 263 PETRI
1294 216 1611 264 ABAELARDI

284 321 502 369 Eremitae
535 337 562 367 a
593 319 734 366 beato
770 318 946 384 scripta
980 317 1296 382 Hieronymo,
1333 319 1556 383 Satyrum
1589 316 1734 365 beato
1766 319 1975 366 Antonio
2007 321 2302 386 apparuisse,
2341 323 2423 386 qui

283 402 544 450 adventum
582 399 840 447 Salvatoris
876 407 1174 464 protestans,
1212 398 1277 445 ait
1316 409 1483 446 sancto
1519 399 1623 446 viro
1668 416 1678 445 z
1718 418 1739 444 α
1770 400 2028 463 Legatione
2066 400 2239 467 fungor
2272 403 2425 467 gregis

284 483 401 543 mei,
439 497 694 546 precamur
729 489 779 527 ut
814 496 903 545 pro
937 479 1080 527 nobis
1115 483 1614 527 communem Deum
1642 479 1929 545 depreceris,
1965 499 2111 546 quem
2142 483 2192 529 in
2223 484 2426 531 salutem

283 562 453 610 mundi
480 561 595 608 olim
617 561 802 608 venisse
819 560 1155 624 cognovimUS,
1177 569 1223 607 et
1245 560 1294 607 in
1320 560 1593 608 universam
1611 569 1787 608 terram
1802 562 1914 609 exiit
1933 578 2080 610 sonus
2100 562 2218 627 ejus.
2239 583 2262 608 υ
2281 564 2427 628 Cujus

283 643 437 707 Satyri
459 641 680 689 videlicet
710 641 1065 688 consessionem
1091 657 1147 687 ac
1160 640 1500 707 ‚testimonium
1531 641 1592 689 de
1613 641 1802 689 Christo
1824 643 2070 706 longaevus
2099 643 2254 695 viator
2274 643 2427 692 admi·

284 740 419 785 rans,
462 733 508 769 et
543 723 733 786 gravius
767 722 902 787 quod
933 723 1078 769 etiam
1114 731 1331 769 monstra
1368 721 1610 770 Christum
1647 722 1984 787 praedicarent,
2024 739 2081 771 ac
2118 724 2427 772 vehementer

283 804 558 868 indignatus
593 820 737 870 super
771 803 945 851 duritia
979 813 1026 850 et
1052 803 1260 850 caecitate
1292 802 1600 862 Alexandriae,
1632 802 1809 850 baculo
1841 804 1999 851 statim
2021 804 2226 853 humum
2262 822 2429 871 percu·

284 885 405 933 tiens
427 883 586 932 aiebat
612 902 623 931 ε
655 904 678 927 ι(
700 886 778 931 Vae
802 883 906 943 tibi,
927 882 1231 943 Alexandria,
1254 900 1359 948 quae
1386 900 1476 949 pro
1496 886 1599 931 Deo
1619 893 1841 949 portenta
1862 883 2124 933 veneraris!
2144 885 2274 944 Quid
2294 903 2427 933 nunc

283 965 457 1013 dicturi
483 965 620 1013 estis?
635 965 796 1012 Bestiae
819 964 1086 1030 loquuntur
1110 963 1372 1011 Christum.
1396 984 1417 1009 υ
1449 967 1512 1012 Ac
1534 965 1574 1011 si
1596 974 1756 1030 aperte
1779 964 1953 1013 clamet
1975 966 2138 1014 dicens
2163 984 2174 1013 ι
2201 969 2429 1015 Conterat

278 1046 634 1112 impudentiam
671 1055 879 1093 vestram
918 1045 1085 1093 saltem
1136 1044 1381 1092 confessio
1418 1054 1764 1093 monstrorum.
1803 1048 1918 1104 Quae
1952 1046 2149 1112 quidem
2189 1046 2427 1095 consessio

282 1137 415 1175 tanto
442 1126 640 1174 fortasse
670 1125 935 1173 mirabilius
963 1125 1166 1190 gloriam
1195 1135 1338 1190 atque
1361 1125 1628 1191 potentiam
1651 1126 1740 1173 Dei
1762 1126 2012 1192 praedicat,
2040 1137 2223 1192 quanto
2258 1128 2429 1193 majori

281 1207 514 1255 miraculo
542 1216 614 1255 est
644 1205 887 1273 habenda,
926 1216 973 1254 et
996 1216 1130 1254 tanto
1165 1206 1324 1254 verior
1351 1206 1453 1270 ejus
1479 1207 1675 1254 assertio
1704 1207 1911 1266 videtur,
1944 1218 2126 1273 quanto
2158 1225 2186 1257 a
2207 1208 2429 1258 doctrina

280 1288 536 1335 hominum
567 1287 800 1334 remotior
828 1297 916 1349 est,
950 1297 997 1334 et
1019 1297 1122 1335 tota
1152 1287 1445 1352 suggestioni
1475 1287 1627 1335 sancti
1653 1287 1854 1353 Spiritus
1886 1289 2185 1355 imputanda.
2214 1290 2352 1338 Unde
2382 1300 2429 1338 et

280 1369 426 1416 verba
460 1369 604 1416 asinae
631 1367 840 1428 Balaam,
865 1376 912 1414 et
931 1383 1074 1414 voces
1097 1368 1146 1414 in
1170 1383 1279 1415 aere
1309 1367 1459 1428 factae,
1494 1367 1619 1415 sicut
1642 1367 1702 1416 de
1721 1367 1963 1434 baptizato
1994 1370 2070 1418 vel
2093 1370 2428 1435 transfigurato

279 1450 492 1498 Domino
533 1449 763 1514 legimus,
809 1464 921 1494 cum
961 1446 1143 1512 aliquid
1182 1447 1448 1495 astantibus
1485 1449 1921 1510 annuntiaverunt,
1958 1460 2092 1498 tanto
2137 1451 2321 1499 facilius
2366 1451 2429 1499 ad

282 1530 427 1578 fidem
449 1529 693 1578 auditores
721 1527 1115 1591 commovebant,
1142 1538 1326 1594 quanto
1350 1528 1669 1582 mirabiliores,
1687 1530 1915 1578 omnibus
1934 1531 2233 1597 apparebant
2257 1553 2269 1580 ε
2299 1532 2431 1597 quod

280 1611 340 1659 de
375 1610 676 1677 philosophis
713 1626 928 1674 quoque,
965 1609 1041 1657 vel
1077 1609 1463 1674 quibuscumque
1496 1610 1785 1670 Gentilibus,
1815 1613 2124 1676 quantumvis
2156 1612 2431 1662 infidelibus

279 1708 363 1739 seu
404 1701 578 1739 nostrae
617 1689 731 1737 fidei
765 1689 994 1749 inimiciS,
1032 1691 1280 1738 manifesta
1317 1690 1520 1738 docetur
1556 1692 1760 1740 ratione.
1799 1694 1910 1750 Quo
1945 1694 2075 1741 enim
2109 1694 2222 1742 fidei
2256 1704 2431 1743 nostrae

282 1772 431 1836 magis
464 1781 623 1819 essent
647 1769 851 1831 adversi,
882 1770 1042 1816 minus
1070 1770 1118 1816 in
1143 1770 1287 1818 laude
1318 1771 1419 1834 ejus
1451 1771 1780 1819 invenirentur
1810 1775 2036 1839 suspecti,
2062 1785 2109 1823 et
2132 1774 2432 1841 probabilius

280 1854 330 1901 in
361 1853 506 1900 laude
540 1849 794 1916 cujuslibet
831 1850 1159 1898 testimonium
1192 1860 1264 1898 est
1301 1851 1483 1898 inimici
1515 1868 1662 1916 quam
1693 1852 1854 1910 amici,
1894 1853 2019 1901 sicut
2053 1871 2080 1902 e
2112 1871 2348 1903 converso
2380 1857 2429 1903 in

279 1933 497 1982 crimine.
526 1932 664 1980 Unde
686 1941 734 1979 et
756 1947 867 1977 cum
891 1930 1088 1997 Josephi
1111 1931 1261 1979 Judaei
1284 1932 1617 1979 testimonium
1642 1932 1704 1980 de
1727 1932 1918 1980 Christo
1941 1934 2019 1982 vel
2047 1934 2108 1982 de
2132 1936 2309 1983 sanctis
2330 1936 2431 2000 ejus

279 2015 498 2080 legimus,
533 2013 799 2079 plurimum
824 2009 887 2058 ad
920 2009 1066 2058 fidem
1094 2013 1142 2058 in
1177 2028 1236 2059 eo
1270 2029 1639 2061 commovemur
1666 2032 1675 2060 z
1705 2023 1752 2061 et
1784 2030 1898 2061 cum
1930 2013 2153 2062 audimus
2177 2014 2431 2064 Philonem

279 2096 496 2143 Judaeum
542 2095 690 2142 vitam
731 2092 1137 2140 monasteriorum
1180 2093 1372 2158 AEgypti
1421 2093 1654 2159 probasse
1703 2104 1846 2159 atque
1892 2095 2282 2158 commendasse,
2325 2097 2433 2163 plus

280 2176 422 2225 nobis
460 2176 658 2224 fortasse
685 2172 933 2234 satisfecit,
970 2190 1116 2238 quam
1151 2174 1190 2220 si
1223 2173 1394 2239 aliquis
1422 2184 1586 2223 noster
1617 2192 1723 2223 eam
1754 2175 2134 2237 commendaret,
2173 2194 2227 2225 ex
2252 2195 2352 2242 quo
2386 2189 2433 2226 et

280 2257 470 2322 utrique
521 2256 644 2304 inter
677 2252 883 2302 illustres
924 2254 1052 2302 viros
1088 2271 1115 2302 a
1152 2253 1296 2303 beato
1334 2255 1631 2321 Hieronymo
1676 2256 2016 2304 connumerari
2053 2266 2098 2304 et
2140 2257 2285 2306 scribi
2322 2275 2433 2307 me—

279 2348 496 2386 ruerunt.

347 2419 477 2478 Quid
509 2420 650 2468 etiam
682 2420 835 2485 magis
871 2418 1196 2468 necessarium
1227 2418 1290 2466 ad
1327 2418 1660 2466 defensionem
1691 2417 1805 2466 fidei
1836 2430 2036 2481 nostrae,
2075 2436 2222 2485 quam
2261 2431 2313 2468 ut
2347 2421 2434 2469 ad-

281 2517 446 2548 versus
482 2502 705 2549 omnium
729 2499 1000 2548 infidelium
1029 2499 1447 2564 importunitatem
1478 2515 1535 2546 ex
1564 2499 1680 2564 ipsis
1711 2498 1994 2562 habeamus,
2020 2517 2107 2565 per
2140 2500 2273 2564 quod
2305 2501 2436 2565 ipsos

281 2581 578 2630 refellamus?
616 2591 668 2629 ut
704 2582 743 2629 si
784 2598 875 2628 nos
911 2581 1152 2645 impetunt
1189 2578 1497 2645 philosophi,
1541 2595 1628 2645 per
1661 2579 1793 2645 ipsos
1829 2581 2178 2628 convincantur
2209 2580 2435 2629 doctores

282 2681 393 2711 suos
425 2674 568 2729 atque
598 2663 917 2729 philosophos
947 2681 957 2710 :
986 2673 1034 2710 et
1069 2662 1107 2709 si
1142 2678 1233 2709 nos
1268 2663 1509 2728 impetunt
1536 2661 1770 2724 haeretici,
1810 2662 2050 2728 aliquibus
2078 2679 2222 2711 sacrae
2251 2663 2434 2729 paginae

285 2745 567 2793 testimoniis
608 2745 904 2806 refellantur,
943 2755 1088 2807 atque
1108 2743 1192 2804 ita,
1214 2743 1351 2807 juxta
1373 2743 1654 2809 Apostolum
1669 2746 1698 2806 ²,
1730 2760 1922 2792 «omne
1965 2761 2021 2792 os
2060 2744 2354 2805 obstruatur,
2387 2754 2435 2793 et

283 2824 501 2872 subditus
528 2825 611 2874 fiat
637 2827 796 2873 omnis
826 2824 1036 2872 mundus
1064 2827 1187 2871 Deo.
1216 2845 1237 2867 2)
1272 2825 1390 2882 Quis
1414 2824 1560 2872 etiam
1592 2823 1842 2872 haereticos
1860 2816 2019 2890 ‘longe
2047 2824 2309 2873 deteriores
2333 2841 2434 2873 esse

209 2914 216 2919 ’
285 2903 584 2970 philosophis
607 2915 654 2953 et
675 2904 969 2971 quibuslibet
991 2903 1228 2952 Gentibus
1251 2904 1472 2968 ignoret?
1497 2907 1636 2953 Juxta
1658 2921 1874 2970 namque
1901 2906 2028 2954 Petri
2050 2905 2258 2971 apostoli
2279 2915 2433 2953 asser-

287 2982 486 3046 tionem,
526 2986 697 3032 melius
729 2996 847 3034 esset
880 2985 947 3032 eis
978 3001 1079 3031 non
1111 3001 1253 3031 nosse
1287 2984 1412 3032 viam
1447 2985 1675 3045 veritatis,
1710 3001 1856 3050 quam
1888 2995 1996 3051 post
2027 2986 2268 3051 cognitam
2303 2994 2433 3032 retro

285 3062 433 3110 abire.
461 3064 509 3110 Si
528 3081 642 3128 ergo
668 3075 865 3131 propter
888 3064 1219 3112 infidelitatem
1246 3065 1506 3112 Gentilium
1525 3066 1576 3112 hi
1600 3066 1684 3131 qui
1701 3065 1940 3130 aliquibus
1961 3082 2130 3114 eorum
2149 3065 2433 3112 testimoniis

286 3143 361 3191 vel
392 3143 529 3192 dictis
557 3146 778 3193 nituntur
810 3144 1042 3210 arguendi
1078 3154 1205 3207 sunt,
1237 3145 1389 3193 multo
1424 3147 1629 3213 amplius
1660 3144 1728 3194 illi
1758 3148 1841 3211 qui
1865 3147 2082 3211 Origenis
2114 3155 2186 3193 tot
2217 3156 2264 3194 et
2292 3146 2432 3194 tantis

334 3331 549 3370 ¹R01n.,cap.
568 3337 616 3369 ur,
632 3337 663 3360 v.
684 3329 732 3361 19.
