2638 3866
305 181 399 230 160
618 224 621 225 γ
1110 175 1281 223 PETRI
1315 173 1631 223 ABAELARDt
1663 208 1666 211 -

305 283 441 348 piens
457 278 692 346 praedam,
715 293 912 343 vespere
928 276 1111 324 dividet
1129 292 1277 324 escas.
1301 295 1324 319 »
1347 275 1455 322 Sive
1470 275 1606 338 juxta
1621 273 1765 321 aliam
1781 272 2145 322 translationem
2162 292 2174 322 ε
2192 294 2218 321 «
2235 277 2443 341 Vespere

306 362 460 428 spolia
479 359 748 408 distribuet.
779 376 804 402 »
832 356 987 405 David
1011 373 1127 404 vero
1147 356 1314 404 futurae
1333 353 1553 402 Ecclesiae
1569 354 1792 419 princeps
1816 353 1865 400 in
1885 353 2054 418 spiritu
2076 355 2342 419 praevidens
2358 394 2371 418 ‚
2397 365 2445 405 et

307 443 443 506 quasi
475 441 606 487 hunc
636 438 816 486 caeteris
848 447 1150 503 anteponens
1174 456 1186 484 z
1212 455 1235 481 α
1262 435 1361 495 lbi,
1388 455 1411 479 >›
1438 435 1621 499 inquit,
1649 453 1673 479 «
1706 433 1950 497 Benjamin
1982 433 2368 484 adolescentulus
2393 437 2442 485 in

308 522 480 569 mentis
499 535 690 567 excessu
702 520 730 565 ¹.
754 539 778 562 »
799 518 880 566 Ille
902 518 1084 583 quippe
1107 515 1370 578 Benjamin,
1390 513 1516 561 filius
1534 512 1699 573 Jacob,
1716 514 1798 576 qui
1817 512 1961 578 hujus
1981 523 2152 580 typum
2168 515 2363 580 gerebat
2381 516 2443 565 de

307 602 486 649 semine
501 616 587 647 suo
603 598 774 661 futuri,
789 599 915 646 inter
933 598 1099 645 fratres
1118 595 1289 644 ordine
1307 604 1545 642 extremus
1558 630 1571 655 ,
1588 593 1771 659 primus
1783 593 1915 659 apud
1933 596 2122 643 Patrem
2137 612 2225 662 per
2243 597 2443 660 gratiam

309 690 434 740 erat,
468 697 496 727 a
526 696 625 744 quo
649 680 749 744 ipse
782 679 833 726 in
860 679 1001 726 ‘senio
1024 686 1272 742 susceptus
1298 675 1600 741 potissimum
1624 672 1929 737 diligebatur.
1951 675 2029 723 Sic
2052 685 2099 724 et
2122 676 2296 724 Paulus
2318 677 2443 725 inter

309 760 554 826 apostolos
576 759 746 807 ordine
761 759 1025 806 vocationis
1047 767 1093 805 et
1115 755 1443 804 conversionis
1458 755 1678 816 ultimUS,
1705 754 1910 817 meritis,
1930 764 1983 803 ut
1992 755 2180 804 dictum
2196 766 2267 804 est
2281 793 2294 819 ,
2314 757 2446 823 apud

308 843 464 888 Deum
502 840 703 906 primus.
727 839 973 917 BenJamsin
999 851 1194 902 quoque
1218 851 1419 883 nascens
1452 844 1654 882 matrem
1677 835 1942 900 parientem
1962 838 2190 902 peremit,
2214 854 2319 902 quae
2349 855 2446 904 prae

312 920 481 969 dolore
499 929 662 985 partus
684 919 911 975 moriens,
940 917 1142 977 Benoni,
1168 915 1219 963 id
1245 924 1332 976 est,
1357 915 1510 962 filium
1526 914 1710 962 doloris
1727 914 2008 980 appellavit3
2033 926 2168 982 pater
2188 933 2323 978 vero,
2352 934 2445 965 uo-

310 1003 439 1049 mine
476 1008 774 1048 commutato
791 1036 804 1061 ‚
845 1016 957 1046 eum
998 996 1268 1060 Benjamin,
1296 995 1348 1043 id
1376 1006 1472 1057 est,
1499 995 1651 1042 filium
1677 995 1906 1055 dexterae,
1935 997 2234 1062 appellavit&
2271 999 2447 1046 Paulus

309 1082 489 1147 quippe
513 1081 560 1127 in
585 1079 774 1127 Christo
791 1079 895 1142 jam
918 1093 1170 1125 renascens
1185 1113 1197 1137 ,
1225 1086 1429 1124 matrem
1451 1090 1591 1124 suam
1611 1075 1825 1124 Judaeam
1842 1113 1856 1138 ,
1882 1093 1988 1141 quae
2010 1093 2123 1125 eum
2155 1078 2205 1125 in
2229 1077 2450 1126 doctrina

308 1162 424 1225 legis
442 1169 670 1225 genuerat
691 1168 739 1207 et
757 1158 1066 1216 educaverat,
1092 1157 1228 1221 quasi
1249 1158 1508 1223 peremisse
1531 1156 1729 1215 dicitur,
1758 1173 1868 1204 cum
1891 1157 1991 1223 ipse
2010 1158 2250 1224 praecipue
2271 1173 2451 1207 carna-

310 1242 428 1290 lium
464 1240 856 1288 observationum
880 1246 1116 1304 praecepta
1134 1275 1147 1299 ,
1173 1238 1224 1285 in
1249 1237 1424 1303 quibus
1457 1237 1550 1303 ipsi
1571 1237 1824 1299 vivebant,
1853 1239 2183 1299 evacuaverit,
2213 1249 2262 1288 et
2298 1248 2450 1287 totam

309 1339 478 1370 eorum
510 1320 711 1385 gloriam
735 1319 798 1367 ad
830 1318 1035 1366 nihilum
1057 1318 1314 1383 redegerit,
1340 1319 1474 1383 quasi
1508 1318 1569 1366 de
1600 1328 1739 1366 utero
1761 1320 1927 1367 matris
1949 1320 2135 1382 exiens,
2160 1330 2208 1368 et
2226 1336 2255 1368 a
2276 1319 2452 1368 scholis

308 1405 566 1467 Synagogae
587 1417 675 1466 per
693 1400 1061 1447 conversionem
1081 1398 1335 1461 recedens,
1351 1400 1484 1464 juxta
1500 1398 1636 1465 quod
1660 1399 1862 1464 ipsemet
1884 1400 1975 1448 ait³
1995 1418 2007 1448 t
2037 1421 2060 1444 «
2081 1401 2176 1459 Qui
2199 1417 2277 1448 me
2299 1417 2453 1466 segre·

310 1483 437 1547 gavit
470 1499 528 1530 ex
563 1491 701 1528 utero
740 1481 904 1529 matris
941 1497 1085 1542 meae,
1118 1492 1166 1527 et
1191 1478 1450 1528 vivificavit
1477 1497 1564 1545 per
1591 1481 1791 1545 gratiam
1827 1496 1981 1528 suam.
2015 1500 2038 1526 »
2065 1481 2205 1529 Unde
2242 1491 2292 1530 et
2328 1481 2453 1530 bene

313 1573 464 1611 mater
494 1579 607 1610 eum
637 1562 846 1621 Benoni,
871 1562 922 1608 id
954 1571 1024 1609 est
1055 1560 1207 1608 filium
1244 1560 1427 1608 doloris
1464 1562 1538 1609 sui
1566 1561 1784 1621 vocavit,
1814 1562 1927 1626 quia
1958 1578 2057 1627 quo
2096 1561 2205 1627 plus
2240 1578 2455 1610 errorem

311 1644 414 1708 ejus
436 1643 609 1690 Paulus
626 1642 888 1703 infestavit,
911 1641 1118 1707 amplius
1139 1656 1246 1690 eam
1269 1640 1433 1689 dolere
1449 1641 1586 1689 fecit:
1613 1652 1660 1689 et
1681 1658 1780 1706 quo
1801 1659 1897 1707 prae
1918 1643 2160 1707 sapientiae
2183 1659 2279 1690 suae
2301 1642 2454 1691 excel-

311 1725 458 1772 lentia
483 1724 661 1788 gratior
682 1723 725 1770 ei
754 1722 1022 1784 exstiterat,
1056 1722 1261 1788 amplius
1283 1738 1391 1770 eam
1414 1723 1715 1770 contristavit
1734 1722 1951 1770 amissus.
1981 1726 2109 1771 Bene
2131 1733 2291 1771 autem
2318 1727 2457 1771 Pater

313 1821 494 1852 nomen
512 1814 808 1852 commutare
828 1804 1007 1864 voluit,
1032 1813 1086 1852 ut
1110 1805 1267 1869 potius
1291 1820 1404 1851 eum
1425 1803 1576 1851 filium
1600 1803 1827 1863 dexterae,
1852 1802 1902 1850 id
1926 1813 1997 1852 est
2022 1804 2350 1869 prosperitatis
2372 1821 2455 1852 seu

314 1884 606 1932 fortitudinis
629 1884 914 1950 appellaret,
936 1902 1083 1950 quam
1108 1884 1313 1944 doloris;
1331 1885 1443 1948 quia
1464 1883 1545 1932 hic
1559 1920 1571 1944 ‚
1599 1893 1652 1931 ut
1673 1884 1881 1931 diximus
1897 1920 1910 1944 ,
1926 1884 2147 1933 interitus
2164 1886 2425 1949 Synagogae
2441 1921 2454 1945 ,

314 1966 399 2030 qui
417 1982 503 2030 per
525 1965 726 2013 Paulum
751 1965 902 2013 factus
924 1975 996 2013 est
1011 2002 1024 2026 ,
1045 1966 1094 2012 in
1126 1965 1492 2031 prosperitatem
1515 1964 1676 2030 potius
1698 1963 1913 2012 fidelium
1927 1999 1940 2023 ,
1962 1973 2010 2012 et
2031 1981 2346 2013 communem
2369 1967 2459 2014 Ec-‘

315 2045 467 2094 clesiae
488 2045 829 2093 exultationem
842 2082 854 2106 ,
874 2062 1022 2111 quam
1041 2046 1090 2093 in
1114 2044 1336 2092 dolorem
1358 2044 1673 2110 reputandus·
1690 2045 1786 2102 Qui
1806 2045 1953 2093 etiam
1974 2044 2161 2111 quanta*
2179 2045 2459 2094 fortitudine

316 2126 464 2174 animi
484 2126 657 2189 viguit,
686 2126 949 2174 innumerae
972 2127 1021 2173 in
1042 2142 1155 2173 eum
1182 2126 1540 2191 persecutiones
1561 2124 1792 2172 indicant.
1818 2125 1959 2184 Quod
1982 2142 2097 2174 vero
2123 2126 2300 2174 dicitur
2319 2142 2461 2175 mane

314 2223 481 2272 rapere
497 2192 708 2272 praedam
725 2244 736 2265 ,
760 2217 808 2254 et
830 2224 1027 2273 vespere
1045 2222 1177 2254 escas
1197 2205 1435 2267 dividere,
1462 2204 1697 2270 significat
1723 2222 1836 2253 eum
1858 2207 2081 2272 primitus
2102 2215 2460 2273 persecutorem

316 2286 537 2334 Ecclesiae
555 2284 719 2345 fuisse,
741 2297 787 2334 et
805 2297 972 2352 postea
1000 2286 1223 2352 spiritalis
1250 2285 1387 2333 verbi
1421 2286 1731 2334 refectionem
1754 2286 1973 2336 doctrina
1993 2304 2089 2335 suae
2112 2287 2461 2354 praedicationis

318 2366 690 2414 administrasse.
721 2368 865 2425 Quod
900 2384 1016 2415 vero
1044 2368 1178 2432 juxta
1212 2366 1355 2414 aliam
1383 2367 1747 2414 translationem
1774 2367 1950 2415 dicitur
1971 2368 2258 2416 distribuere
2282 2368 2459 2433 spolia,

319 2446 551 2511 significat
574 2463 712 2508 eum,
739 2457 1054 2512 posteaquam
1090 2463 1352 2496 conversus
1374 2457 1445 2494 est
1463 2483 1476 2507 ,
1503 2447 1675 2495 multas
1698 2448 1883 2495 animas
1904 2447 2102 2495 diabolo
2130 2449 2387 2514 eripuisse,
2416 2458 2463 2496 et

320 2528 454 2592 quasi
476 2528 645 2593 spolia,
673 2527 834 2592 fugato
861 2528 1017 2588 hoste,
1052 2528 1145 2576 hos
1176 2528 1445 2587 retinuisse,
1468 2544 1593 2593 quos
1622 2537 1790 2594 postea
1813 2544 1899 2594 per
1924 2528 2212 2577 eclesiastica
2234 2528 2393 2576 officia
2415 2539 2464 2576 et

321 2624 619 2672 quaecunque
663 2607 879 2656 fidelium
923 2609 1188 2657 ministeria
1225 2607 1486 2656 ordinavit.
1516 2609 1839 2672 Hieronymus
1869 2626 1987 2656 vero
2029 2609 2078 2657 in
2114 2609 2319 2675 prologo
2354 2608 2463 2656 libri

324 2688 670 2736 Hebraz'caram
700 2691 1009 2755 quaestionum
1045 2690 1097 2736 in
1127 2690 1372 2748 Genesim,
1399 2689 1565 2736 asserit
1587 2688 1854 2736 secundum
1878 2689 2103 2738 Hebraeos
2118 2727 2131 2751 ,
2159 2689 2295 2755 quod
2319 2689 2464 2738 altare

324 2767 374 2813 in
397 2784 494 2831 quo
517 2769 889 2816 immolabantur
911 2769 1079 2816 hostiae
1093 2807 1105 2825 ,
1124 2778 1172 2817 et
1187 2769 1495 2816 victimarum
1518 2769 1709 2833 sanguis
1732 2769 1795 2818 ad
1816 2768 1981 2818 basem
1999 2769 2124 2826 illius
2147 2769 2460 2831 fundebatur,

325 2847 375 2892 in
398 2857 530 2911 parte
553 2848 705 2895 tribus
723 2849 966 2912 Benjamin
991 2859 1109 2897 erat.
1136 2852 1247 2908 Quo
1261 2848 1459 2914 quidem
1475 2850 1822 2898 convenienter
1840 2851 1925 2898 iste
1942 2849 2195 2898 Christiani
2218 2850 2463 2915 sanguinis

328 2924 504 2972 effusor
529 2927 825 2991 intelligitur,
848 2928 911 2976 de
936 2946 1033 2993 quo
1053 2929 1286 2993 scriptum
1309 2938 1408 2976 est:
1433 2949 1455 2975 «
1477 2930 1673 2995 Spirans
1690 2931 1933 2978 minarum
1953 2941 2002 2978 et
2018 2930 2160 2978 caedis
2181 2931 2230 2982 in
2255 2930 2466 2994 discipu-

328 3005 400 3052 los
423 3007 639 3066 Domini,
660 3009 770 3054 etc!
787 3027 811 3053 »
831 3018 885 3054 ut
906 3009 1080 3056 Christi
1100 3008 1319 3056 membra
1337 3019 1568 3074 tanquam
1590 3010 1733 3076 lupus
1757 3028 1871 3059 oves
1894 3011 2096 3060 laniaret
2118 3012 2166 3057 in
2194 3010 2347 3058 terris.
2374 3011 2465 3056 Iste

328 3094 399 3133 est
417 3088 665 3151 BenJamin
688 3087 1094 3149 adolescentulus,
1122 3090 1256 3154 quasi
1284 3090 1409 3137 inter
1438 3091 1683 3156 apostolos
1714 3093 1814 3158 ipse
1844 3101 2104 3151 extremus,
2132 3100 2292 3138 mente
2317 3100 2363 3138 et
2388 3106 2465 3138 ra·

378 3273 385 3289 ¹
401 3270 529 3304 psalm.
546 3276 645 3311 nvn,
663 3281 694 3303 v.
712 3274 763 3305 28.
777 3273 837 3297 ---²
855 3257 967 3305 cenes.
987 3282 1060 3314 cap.
1079 3283 1181 3315 xxxv,
1199 3285 1228 3309 v.
1249 3277 1299 3309 18.
1314 3294 1350 3300 -—
1368 3278 1379 3297 ³
1397 3278 1526 3319 Galat„
1542 3287 1613 3320 cap.
1629 3280 1658 3317 1.
1674 3288 1706 3312 v.
1726 3281 1772 3313 15.
1790 3279 1928 3312 —⁴Act.
1944 3279 2072 3322 Apost„
2089 3288 2160 3320 cap.
2176 3280 2224 3317 m,
2241 3287 2270 3310 v.
2293 3280 2321 3312 1.
