2638 3866
1107 169 1418 221 APPENDIX.
2275 177 2364 225 791

201 266 345 323 ¹Deus,
373 266 451 310 sed
481 278 526 311 et
550 266 681 311 valles
711 268 995 314 abundabant
1024 270 1256 315 frumento.
1288 272 1511 332 Suscipere
1542 271 1750 316 debuistis
1779 288 1932 333 pacem
1962 272 2126 334 populo
2159 275 2373 331 montes⁸,

213 355 258 389 et
283 344 443 406 linguae
464 347 625 407 spicula
645 348 843 393 vibrastis
863 365 954 394 non
978 351 1025 393 in
1052 352 1285 412 populum,
1310 352 1388 396 sed
1418 353 1461 395 in
1486 352 1642 396 Deum.
1673 373 1692 390 σι
1712 352 1862 396 Cultus
1874 353 2064 410 justitioe,
2088 374 2107 392 ιο
2133 364 2239 397 teste
2263 354 2374 398 Pro-

213 425 395 487 pheta²‚
436 446 457 466 κ
478 438 542 471 est
579 427 812 473 silentium.
840 450 857 468 »
899 430 1043 485 Quam
1077 448 1207 492 grave
1248 433 1453 476 trutinata
1485 432 1531 475 in
1569 442 1725 476 statera
1762 433 1941 493 Spiritus
1978 433 2123 477 Sancti
2165 435 2377 478 sententia

217 505 486 550 silentium⁸!
513 508 628 551 Nam
647 508 826 552 stultitia
849 519 894 553 et
914 509 1083 555 luxuria
1103 512 1263 556 excidit
1287 523 1361 556 aut
1384 511 1544 556 deficit.
1569 511 1693 555 Ultra
1715 512 1902 572 prosilit,
1928 524 2002 556 aut
2021 514 2125 557 citra
2139 515 2274 571 jacet,
2301 515 2381 558 nisi

216 584 342 631 freno
372 587 529 631 silentii
555 588 842 649 gubernetur.
875 590 1014 648 Hujus
1044 591 1154 635 freni
1192 593 1363 652 rupistis
1390 595 1629 649 juncturas,
1663 592 1808 636 clavos
1839 593 2043 654 fregistis,
2078 606 2121 638 et
2149 593 2380 655 languente

215 668 380 729 auriga,
403 669 539 712 veluti
560 668 764 725 infrenes,
793 671 895 729 equi
917 682 1017 715 ante
1039 672 1204 715 sentitis
1224 673 1459 733 praecipitia
1478 688 1608 732 quam
1627 672 1824 715 bravium
1847 674 2089 732 acquiratis.
2103 674 2179 718 Ille
2202 674 2376 734 quidem

216 746 346 801 dixit,
375 767 395 786 «ι
414 747 562 792 Cultus
591 749 766 805 justitiae
798 749 1030 795 silentium.
1059 771 1075 790 n
1107 751 1199 795 Vos
1234 767 1337 796 vero
1372 751 1495 796 aliter
1524 753 1852 812 interpretantes
1885 752 2025 797 dicitis
2052 770 2062 797 ε
2093 774 2111 791 α
2130 754 2279 798 Cultus
2303 756 2379 812 ju-

210 826 336 870 stitiae
364 827 701 887 multiloquium.
729 851 748 868 »
775 830 884 885 Quae
915 831 1034 875 enim
1055 830 1172 885 fora,
1202 847 1299 891 quae
1320 833 1521 891 praetoria
1553 843 1676 875 tanto
1708 832 1864 875 ardent
1894 833 2030 893 litigio
2053 850 2303 889 causarum,
2329 847 2377 879 ut

208 917 429 951 montanae
450 909 686 952 Carthusiae
704 910 966 955 claustrum?
986 912 1054 954 Ibi
1074 927 1166 955 non
1187 922 1408 955 accusator
1429 912 1595 969 objicit,
1620 928 1711 955 non
1731 911 1964 956 advocatus
1983 914 2153 971 obJecta
2175 914 2375 976 detergit,

215 997 261 1031 et
290 1003 381 1031 non
411 987 467 1032 de
500 1000 641 1033 vestra
673 991 886 1034 sententia
926 991 1073 1051 fasque
1111 991 1318 1051 nefasque
1354 986 1626 1037 uniformiter
1659 993 1835 1037 damnat
1849 1026 1861 1048 ,
1899 1010 1980 1038 nec
2009 994 2208 1039 absolvit.
2244 996 2380 1056 Super

215 1067 355 1112 nubes
372 1068 527 1112 volatis
553 1069 723 1129 aquilae,
749 1081 793 1114 et
814 1087 959 1131 penna
986 1071 1166 1116 tandem
1187 1073 1430 1116 remissiore
1453 1073 1510 1116 ad
1536 1084 1727 1117 vestrum
1749 1073 1934 1117 cadaver
1956 1074 2222 1135 carpendum
2243 1087 2381 1119 rostra

217 1146 451 1208 deponitis.
495 1149 732 1194 Abstinetis
769 1166 794 1194 a
828 1152 1045 1195 carnibus-
1068 1151 1289 1212 pecudum
1302 1185 1315 1207 ,
1357 1163 1402 1196 et
1444 1154 1535 1197 sine
1571 1153 1658 1196 sale
1694 1169 1844 1197 carnes
1879 1154 2108 1198 hominum
2147 1154 2376 1199 devoratis.

215 1228 326 1272 Aitis
357 1229 475 1273 enim
502 1244 513 1273 ε
556 1250 573 1268 α
592 1230 698 1274 Haec
734 1231 889 1276 mulier
919 1247 1148 1293 praegnans
1182 1244 1263 1287 est,
1302 1248 1392 1276 non
1428 1249 1454 1276 a
1485 1234 1648 1277 semine
1683 1234 1748 1277 sui
1778 1234 1936 1277 mariti.
1974 1234 2052 1278 Illa
2087 1234 2191 1278 colit
2220 1234 2380 1279 multos

216 1309 416 1353 amasios.
451 1311 660 1354 Canonici
679 1311 743 1354 illi
767 1323 834 1356 ter
869 1312 917 1355 in
945 1311 1016 1355 die
1043 1311 1244 1355 carnibus
1268 1323 1439 1356 ventres
1467 1312 1757 1358 confundunt.
1786 1313 1864 1358 Ille
1897 1325 2021 1358 ructu
2049 1315 2258 1375 pigmenti
2282 1330 2381 1359 aera

206 1387 368 1434 -foedat,
394 1389 473 1435 Ille
493 1392 717 1436 scutellam
737 1393 882 1436 haurit
896 1407 1031 1452 usque
1054 1392 1111 1436 ad
1130 1392 1359 1437 vomitum.
1376 1415 1395 1432 ι»
1418 1393 1591 1437 vacatis
1612 1395 1720 1449 otio,
1745 1405 1789 1438 et
1810 1393 1911 1438 ideo
1932 1395 2035 1438 talia
2055 1396 2246 1439 ructatis.
2268 1395 2382 1439 Vere

223 1490 243 1509 «
261 1470 404 1517 cultus
421 1473 595 1530 justitiae
618 1473 851 1519 silentium.
869 1495 888 1514 »
917 1472 1049 1529 Quod
1071 1472 1270 1517 nondum
1291 1475 1410 1517 venit
1430 1475 1476 1517 in
1496 1470 1714 1536 linguam,
1739 1475 1856 1535 apud
1878 1491 1955 1519 vos
1975 1477 2067 1533 jam
2099 1486 2266 1519 constat
2291 1491 2381 1520 esse

219 1563 454 1613 patratum.
489 1554 696 1616 Dubietas
726 1566 875 1599 nostra
904 1570 1039 1616 penes
1059 1570 1138 1598 vos
1160 1564 1223 1597 est
1239 1555 1384 1612 jurata
1405 1555 1576 1599 veritas.
1607 1555 1794 1604 «Cultus
1821 1557 1997 1614 justitiae
2022 1557 2252 1600 silentium.
2271 1577 2287 1594 w
2312 1556 2382 1599 Oh

216 1632 451 1677 clementes
481 1634 673 1679 medicos
687 1668 699 1690 ,
732 1636 808 1695 qui
841 1651 933 1679 non
969 1651 1105 1696 aegros
1135 1635 1432 1678 curationibus
1459 1650 1631 1691 curare,
1667 1636 1744 1679 sed
1774 1651 1926 1679 eorum
1957 1636 2137 1679 vulnera
2168 1637 2381 1696 suscipere

215 1714 414 1771 student,
445 1726 495 1759 ut
524 1732 625 1760 cum
651 1717 712 1761 eis
741 1717 901 1777 pariter
925 1717 1160 1778 aegrotent!
1189 1714 1307 1772 Quid
1335 1715 1538 1775 prodest,
1573 1715 1747 1771 fratres,
1784 1717 1901 1760 exire
1930 1717 1976 1759 in
1997 1718 2250 1771 heremum,
2275 1729 2318 1761 et
2338 1718 2383 1760 in

219 1794 403 1839 heremo
424 1796 588 1841 habere
609 1813 687 1842 cor
704 1796 989 1859 AEgyptium?
1010 1796 1131 1853 Quid
1155 1795 1336 1857 prodest
1355 1795 1535 1857 AEgypti
1556 1811 1682 1840 ranas
1703 1797 1836 1840 vitare
1852 1829 1864 1852 ,
1899 1809 1943 1841 et
1976 1797 2187 1841 obscoenis
2216 1796 2384 1842 detrac-

215 1876 409 1920 tionibus
451 1877 745 1939 concrepare?
781 1879 850 1921 En
890 1877 965 1938 qui
1002 1875 1082 1920 sub
1117 1876 1346 1920 Pharaone
1382 1875 1606 1937 languistis
1621 1911 1632 1928 ,
1673 1878 1753 1920 sub
1790 1893 1922 1921 manu
1958 1878 2099 1937 Moysi
2142 1878 2378 1939 expirastis.

215 1963 488 2025 Argumento
513 1964 638 2008 vobis
663 1975 728 2011 est
759 1964 902 2008 fumus
926 1964 1086 2024 linguae
1108 1974 1258 2007 vestrae
1276 1995 1288 2016 ‚
1329 1963 1404 2021 qui
1438 1978 1536 2006 cum
1568 1962 1735 2006 fontem
1763 1964 1920 2020 bibatis
1945 1964 1989 2005 in
2012 1964 2237 2007 secretario
2265 1963 2384 2007 cellae

216 2054 393 2098 vestrae,
429 2043 640 2088 detractio
669 2045 715 2088 in
746 2044 863 2088 cellis
894 2044 1151 2104 concipitur,
1182 2044 1229 2085 in
1261 2042 1453 2085 claustris
1484 2043 1686 2086 vomitur.
1719 2043 1822 2086 Non
1854 2054 1919 2086 est
1947 2044 2168 2086 Carthusia
2203 2043 2382 2098 coelum,
2405 2055 2409 2062 ·

218 2139 308 2168 non
343 2134 407 2168 est
439 2124 666 2167 Carthusia
705 2123 944 2184 paradisus.
976 2123 1134 2166 Adhuc
1175 2133 1239 2165 est
1282 2123 1507 2165 Carthusia
1542 2122 1655 2165 inter
1688 2121 1865 2165 flumina
1899 2123 2145 2183 Babylonis.
2183 2125 2233 2166 In
2276 2124 2384 2167 coelo

219 2214 439 2266 apostata,
463 2204 511 2247 in
532 2203 739 2248 Paradiso
766 2204 1089 2264 praevaricator.
1114 2201 1235 2259 Quid
1262 2202 1366 2245 facit
1388 2203 1435 2245 in
1460 2202 1683 2245 Carthusia
1705 2202 1946 2246 detractor?
1967 2203 2071 2247 Post
2098 2204 2245 2247 scoriae
2271 2203 2385 2264 puri-

216 2293 376 2339 tatem,
398 2295 498 2344 post
517 2284 862 2346 compunctionis
878 2283 1093 2338 lacrimas,
1117 2283 1204 2326 itur
1238 2283 1285 2327 in
1311 2282 1456 2326 forum
1478 2282 1674 2336 claustri,
1699 2293 1744 2326 et
1769 2282 1927 2343 linguae
1956 2284 2113 2326 ostium
2148 2299 2239 2327 non
2270 2298 2382 2327 rese-

216 2374 352 2417 ratur,
389 2364 467 2408 sed
498 2364 725 2425 frangitur.
751 2364 954 2424 Quisquis
984 2379 1090 2407 vero
1116 2378 1195 2424 per
1221 2361 1329 2406 illud
1361 2362 1519 2405 ostium
1554 2377 1646 2404 non
1675 2362 1904 2418 introierit,
1937 2379 2028 2406 non
2058 2364 2271 2424 palpatur,
2303 2362 2380 2407 sed

217 2442 412 2486 creditur
436 2458 446 2486 ε
472 2459 563 2486 non
586 2454 775 2496 curatur,
802 2441 878 2485 sed
894 2441 1114 2499 judicatur
1145 2457 1156 2485 ι
1181 2456 1272 2484 non
1295 2439 1497 2495 reficitur,
1522 2439 1598 2483 sed
1617 2451 1828 2483 mactatur
1851 2455 1861 2482 ε
1885 2450 1930 2484 et
1946 2451 1994 2483 ut
2011 2440 2199 2484 breviter
2219 2439 2376 2494 dicam,

220 2524 314 2568 sine
341 2524 523 2568 erimine
542 2523 686 2567 nullus
705 2522 822 2584 apud
843 2539 936 2566 vos.

273 2686 346 2722 *sic
364 2690 483 2730 Amb.;
502 2690 595 2731 quod
610 2698 677 2723 non
691 2690 809 2731 liquet,
827 2690 895 2724 imo
916 2692 950 2723 et
969 2689 1129 2722 absonum
1145 2687 1285 2720 videtur.
1305 2704 1344 2710 -
1362 2688 1374 2707 ²
1389 2686 1480 2728 lsai„
1497 2695 1571 2728 cap.
1603 2694 1709 2726 xxxn,
1731 2693 1762 2720 v.
1792 2686 1842 2720 17.
1865 2703 1907 2710 -
1922 2686 1936 2707 ⁸
1950 2684 2005 2719 Sic
2018 2686 2150 2728 conjicit
2170 2685 2350 2719 Amboeslu

222 2739 307 2774 eod.
323 2740 467 2774 Litium.
