2638 3866
1297 502 1353 551 IIv

285 702 872 781 BERENGARII
925 703 1553 784 SCHOLASTICI
1611 708 2344 786 APOLOGETIGUS

524 944 659 981 Contra
670 944 814 981 beatum
827 944 1049 981 Bernardum
1066 945 1368 982 Claroevallensem
1385 947 1558 983 Abbatem
1571 956 1606 983 et
1621 948 1708 984 alios
1722 949 1784 997 qui
1803 949 2131 987 condemnaverunt

1112 1015 1257 1050 Petrum
1275 1015 1514 1054 Abaelardum.

905 1212 1051 1254 (Legitur
1070 1214 1104 1247 in
1120 1214 1264 1247 editione
1281 1214 1462 1256 Amboesii,
1479 1224 1513 1257 p.
1532 1217 1594 1250 302
1609 1222 1642 1249 et
1659 1217 1743 1258 seq.)

292 1413 430 1451 Petrus
449 1413 723 1466 Berengarius,
744 1413 939 1452 Abaelardi
959 1413 1186 1466 discipulus,
1206 1413 1319 1454 nobis
1340 1423 1487 1454 tantum
1506 1423 1620 1454 notus
1640 1425 1697 1455 est
1715 1419 1901 1468 Apologia
1918 1416 2089 1469 magistri
2104 1416 2164 1455 sui
2183 1423 2221 1454 et
2237 1414 2388 1456 duobus

237 1472 320 1513 aliis
338 1475 550 1527 opusculis,
572 1489 660 1528 quae
678 1476 719 1515 in
736 1485 870 1516 nostra
891 1476 1063 1516 editione
1080 1479 1304 1530 Apologiam
1324 1476 1628 1530 subsequuntur.
1650 1480 1737 1527 Quo
1762 1486 1938 1531 tempore
1956 1486 2069 1518 natus
2090 1478 2153 1526 sit,
2175 1491 2253 1530 quo
2278 1491 2389 1517 mor-

237 1543 339 1587 tuus,
356 1550 474 1589 quem
494 1538 583 1578 vitae
599 1553 757 1579 cursum
774 1539 956 1579 habuerit
970 1539 1162 1579 incertum
1181 1549 1251 1579 est.
1266 1544 1363 1579 Eum
1381 1540 1652 1580 Gabalitanum
1673 1541 1790 1580 fuisse
1807 1545 1923 1581 Dom.
1943 1541 2044 1581 Brial
2064 1541 2241 1590 conjicit¹
2259 1541 2389 1580 nescio

236 1612 285 1638 an
300 1600 405 1649 jure,
420 1615 510 1641 cum
530 1603 813 1643 Pictaviensem
831 1603 927 1643 Cod.
950 1603 1180 1643 Parisiensis
1197 1606 1303 1643 2923
1323 1604 1450 1643 saciat.
1472 1604 1689 1644 Petrarchae
1705 1604 1867 1657 judicio,
1889 1605 2052 1657 scriptor
2065 1618 2145 1643 non
2160 1604 2390 1643 infacundus

236 1671 293 1701 est
304 1663 334 1712 ¹,
357 1671 396 1703 et
428 1678 591 1714 revera,
619 1666 801 1718 quamvis
821 1666 904 1716 ejus
932 1666 1057 1705 oratio
1083 1666 1198 1721 nugis
1217 1666 1390 1707 abundet
1414 1676 1453 1706 et
1476 1667 1701 1707 scurrilibus
1716 1667 1830 1718 jocis,
1853 1668 1895 1707 vi
1917 1666 2085 1720 quadam
2108 1666 2325 1706 dialectices
2354 1676 2389 1705 et

237 1725 470 1778 eloquentiae
488 1728 632 1781 passim
649 1730 787 1769 enitet.

232 2035 285 2072 Ut
318 2033 462 2083 rideas,
483 2037 638 2084 Lector,
661 2034 796 2075 videas
813 2049 822 2072 τ
843 2035 924 2073 imo
942 2033 1092 2081 videas,
1113 2042 1155 2072 ut
1180 2033 1343 2072 irrideas
1367 2046 1455 2085 quae
1479 2033 1643 2072 ridicula
1668 2033 1737 2072 tibi
1756 2041 1974 2075 occurrent.
1995 2036 2042 2071 Et
2059 2032 2385 2084 quemadmodum

285 2096 370 2148 ipse
401 2097 660 2149 Berengarius
691 2105 729 2135 te
763 2105 893 2135 monet
918 2096 959 2135 in
987 2096 1158 2148 Epistola
1184 2096 1360 2147 sequenti
1390 2096 1423 2134 si
1451 2095 1547 2148 quid
1577 2096 1619 2134 in
1643 2108 1847 2148 personam
1872 2095 2041 2135 hominis
2071 2096 2167 2145 Dei,
2200 2095 2385 2135 Ber-nardi

287 2158 447 2208 scilicet,
467 2158 630 2199 Abbatis
651 2159 973 2209 claraevallensis,
998 2158 1110 2211 dixit,
1127 2159 1218 2208 joco
1239 2159 1361 2212 legas,
1382 2172 1463 2198 non
1482 2159 1597 2198 serio.

292 2303 558 2363 Scriptorum
580 2315 757 2347 tuorum
785 2303 1068 2365 exemplaria,
1092 2304 1329 2360 Bernarde,
1357 2304 1535 2348 celebris
1565 2306 1896 2364 circumquaque
1924 2305 2039 2347 fama
2063 2303 2269 2365 divulgat.
2296 2304 2385 2347 Nec

234 2384 392 2426 mirum
422 2384 581 2444 scripta
610 2395 685 2428 tua
721 2385 767 2427 in
797 2385 923 2428 famae
960 2384 1128 2445 pulpito
1160 2384 1388 2438 collocari;
1435 2402 1534 2430 cum
1563 2396 1729 2429 constet
1758 2401 1832 2438 ea,
1866 2385 2191 2445 qualiacumque
2221 2385 2325 2438 sint,
2363 2402 2385 2426 a

231 2464 467 2521 majoribus
500 2466 627 2523 hujus
657 2467 862 2526 temporis
891 2466 1138 2526 approbari.
1168 2466 1381 2509 Mirantur
1409 2467 1606 2530 homines
1637 2467 1683 2510 in
1713 2478 1755 2509 te
1790 2466 2033 2509 liberalium
2068 2464 2384 2525 disciplinarum

232 2544 384 2604 ignaro
416 2556 583 2589 tantam
609 2546 852 2591 ubertatem
886 2545 1124 2601 facundiae,
1157 2546 1255 2605 quia
1288 2547 1534 2590 emissiones
1567 2558 1652 2590 tuae
1680 2549 1770 2604 jam
1800 2557 2114 2607 cooperuerunt
2146 2547 2384 2588 universam

233 2625 504 2685 superficiem
545 2638 686 2671 terrae.
722 2629 890 2684 Quibus
930 2639 993 2672 est
1033 2628 1233 2672 divinitus
1266 2627 1617 2688 respondendum
1633 2627 1646 2650 ³
1685 2644 1695 2671 z
1736 2649 1752 2664 u
1775 2628 1887 2683 Quia
1918 2642 2075 2688 magna
2117 2642 2248 2686 opera
2291 2626 2382 2668 Do·

232 2706 362 2749 mini:
385 2727 401 2744 n
435 2706 528 2762 et¹⁸,
565 2729 582 2745 «
598 2709 704 2751 Haec
727 2720 791 2752 est
817 2710 998 2752 mutatio
1029 2708 1216 2752 dexterae
1244 2708 1452 2752 Excelsi.»
1480 2709 1565 2752 Sed
1592 2707 1695 2751 nihil
1720 2718 1783 2751 est
1811 2723 1886 2750 cur
1908 2706 2189 2751 admiratione
2214 2706 2383 2766 percelli

234 2787 439 2832 debeant.
468 2790 562 2832 Imo
593 2790 728 2850 magis
755 2790 1003 2833 mirandum
1032 2801 1166 2845 esset,
1201 2801 1245 2834 te
1274 2790 1433 2849 eloquii
1463 2790 1607 2851 urgeri
1636 2790 1839 2843 siccitate,
1870 2789 2075 2848 quoniam
2101 2786 2339 2831 audivimus
2362 2804 2383 2828 a

233 2869 381 2928 primis
403 2869 492 2913 fere
517 2869 816 2914 adolescentiae
837 2871 1108 2926 rudimentis,
1134 2870 1427 2914 cantiunculas
1449 2870 1642 2913 mimicas
1665 2880 1708 2912 et
1728 2870 1915 2912 urbanos
1936 2867 2137 2911 modulos
2159 2866 2381 2910 factitasse.

232 2949 382 3009 Neque
413 2962 527 2994 certe
556 2951 602 2993 in
624 2951 789 2994 incerto
814 2951 1032 3010 loquimur
1061 2952 1298 3012 opinionis,
1329 2950 1405 2995 sed
1433 2952 1550 2995 testis
1573 2962 1636 2994 est
1662 2950 1836 2993 alumna
1865 2950 1928 2992 tui
1956 2949 2094 3009 patria
2125 2948 2260 2990 nostri
2293 2963 2384 2990 ser-

232 3031 388 3074 monis.
422 3031 579 3074 Nonne
605 3031 652 3074 id
683 3032 812 3074 etiam
838 3041 922 3074 tuae
945 3032 1164 3075 memoriae
1193 3031 1316 3075 altius
1338 3042 1401 3075 est
1423 3031 1688 3091 insignitum,
1712 3029 1831 3090 quod
1852 3029 2002 3072 fratres
2023 3039 2121 3071 tuos
2142 3027 2382 3086 rhythmico

232 3111 483 3166 certamine,
518 3122 740 3171 acutaeque
768 3112 1026 3156 inventionis
1049 3112 1234 3156 versutia
1261 3128 1432 3172 semper
1454 3126 1708 3172 exsuperare
1741 3107 2058 3154 contendebas?
2078 3107 2157 3151 Cui
2178 3107 2314 3168 gravis
2343 3115 2384 3148 et

277 3260 283 3278 ¹
299 3260 433 3292 Recueil
450 3261 505 3294 des
522 3260 686 3294 Histoires
699 3260 755 3293 des
772 3259 907 3299 caules,
924 3266 949 3294 t.
966 3260 1049 3303 xlv,
1074 3270 1107 3303 p.
1135 3262 1208 3296 294.
1238 3279 1273 3285 —
1292 3262 1303 3280 ²
1320 3261 1383 3302 Ap.
1408 3260 1529 3294 Oudin.
1554 3261 1736 3293 commem.
1754 3258 1794 3292 de
1811 3257 1935 3300 Script.
1954 3256 2121 3296 Euclea-,u
2145 3253 2185 3294 ll,
2203 3254 2264 3286 col·
2287 3253 2377 3285 1199·

234 3309 245 3329 ³
257 3309 386 3343 Psalm.
403 3319 458 3353 cx,
473 3314 505 3346 2.
518 3329 557 3336 —
567 3313 577 3333 ⁴
589 3311 719 3346 Psalm.
732 3321 851 3354 mxxvi,
872 3313 920 3346 11.
