<?xml version="1.0" encoding="UTF-8"?>
<!DOCTYPE html PUBLIC "-//W3C//DTD XHTML 1.0 Transitional//EN"
    "http://www.w3.org/TR/xhtml1/DTD/xhtml1-transitional.dtd">
<html xmlns="http://www.w3.org/1999/xhtml" xml:lang="en" lang="en">
 <head>
  <title>
</title>
<meta http-equiv="Content-Type" content="text/html;charset=utf-8" />
  <meta name='ocr-system' content='tesseract 3.04.00' />
  <meta name='ocr-capabilities' content='ocr_page ocr_carea ocr_par ocr_line ocrx_word'/>
</head>
<body>
  <div class='ocr_page' id='page_1' title='image "./operahactenusseo00abeluoft_0085.png"; bbox 0 0 2638 3866; ppageno 0'>
   <div class='ocr_carea' id='block_1_1' title="bbox 743 202 2289 254">
    <p class='ocr_par' dir='ltr' id='par_1_1' title="bbox 743 202 2289 254">
     <span class='ocr_line' id='line_1_1' title="bbox 743 202 2289 254; baseline 0.001 -1"><span class='ocrx_word' id='word_1_1' title='bbox 743 203 1139 253; x_wconf 82' lang='lat' dir='ltr'><strong>lNTRODUCTlO</strong></span> <span class='ocrx_word' id='word_1_2' title='bbox 1173 204 1256 251; x_wconf 85' lang='lat' dir='ltr'><strong>AD</strong></span> <span class='ocrx_word' id='word_1_3' title='bbox 1288 202 1696 253; x_wconf 82' lang='lat' dir='ltr'><strong>THEOLOGIAM.</strong></span> <span class='ocrx_word' id='word_1_4' title='bbox 2228 210 2289 254; x_wconf 82' lang='lat'><strong>75</strong></span> 
     </span>
    </p>
   </div>
   <div class='ocr_carea' id='block_1_2' title="bbox 134 305 2295 1584">
    <p class='ocr_par' dir='ltr' id='par_1_2' title="bbox 134 305 2295 1584">
     <span class='ocr_line' id='line_1_2' title="bbox 145 305 2288 372; baseline 0 -17"><span class='ocrx_word' id='word_1_5' title='bbox 145 308 448 368; x_wconf 83' lang='lat' dir='ltr'><strong>sententiam,</strong></span> <span class='ocrx_word' id='word_1_6' title='bbox 475 306 693 371; x_wconf 84' lang='lat' dir='ltr'><strong>graviora</strong></span> <span class='ocrx_word' id='word_1_7' title='bbox 715 321 904 371; x_wconf 81' lang='lat' dir='ltr'><strong>semper</strong></span> <span class='ocrx_word' id='word_1_8' title='bbox 925 305 1180 352; x_wconf 88' lang='lat' dir='ltr'><strong>imminere</strong></span> <span class='ocrx_word' id='word_1_9' title='bbox 1199 314 1345 370; x_wconf 87' lang='lat' dir='ltr'><strong>atque</strong></span> <span class='ocrx_word' id='word_1_10' title='bbox 1368 321 1641 353; x_wconf 82' lang='lat' dir='ltr'><strong>excrescere</strong></span> <span class='ocrx_word' id='word_1_11' title='bbox 1662 315 1850 354; x_wconf 87' lang='lat' dir='ltr'><strong>constat</strong></span> <span class='ocrx_word' id='word_1_12' title='bbox 1874 306 2113 372; x_wconf 85' lang='lat' dir='ltr'><strong>pericula,</strong></span> <span class='ocrx_word' id='word_1_13' title='bbox 2142 318 2192 356; x_wconf 85' lang='lat' dir='ltr'><strong>et</strong></span> <span class='ocrx_word' id='word_1_14' title='bbox 2214 325 2288 356; x_wconf 85' lang='lat' dir='ltr'><strong>re-</strong></span> 
     </span>
     <span class='ocr_line' id='line_1_3' title="bbox 146 385 2295 454; baseline 0 -18"><span class='ocrx_word' id='word_1_15' title='bbox 146 389 422 454; x_wconf 84' lang='lat' dir='ltr'><strong>frigescente</strong></span> <span class='ocrx_word' id='word_1_16' title='bbox 445 388 665 449; x_wconf 90' lang='lat' dir='ltr'><strong>caritate,</strong></span> <span class='ocrx_word' id='word_1_17' title='bbox 694 386 820 435; x_wconf 89' lang='lat' dir='ltr'><strong>mala</strong></span> <span class='ocrx_word' id='word_1_18' title='bbox 838 386 1004 434; x_wconf 89' lang='lat' dir='ltr'><strong>omnia</strong></span> <span class='ocrx_word' id='word_1_19' title='bbox 1028 385 1232 451; x_wconf 91' lang='lat' dir='ltr'><strong>amplius</strong></span> <span class='ocrx_word' id='word_1_20' title='bbox 1257 385 1508 452; x_wconf 82' lang='lat' dir='ltr'><strong>pullulare.</strong></span> <span class='ocrx_word' id='word_1_21' title='bbox 1541 386 1682 434; x_wconf 86' lang='lat' dir='ltr'><strong>Unde</strong></span> <span class='ocrx_word' id='word_1_22' title='bbox 1714 397 1761 435; x_wconf 90' lang='lat' dir='ltr'><strong>et</strong></span> <span class='ocrx_word' id='word_1_23' title='bbox 1795 388 1923 435; x_wconf 89' lang='lat' dir='ltr'><strong>idem</strong></span> <span class='ocrx_word' id='word_1_24' title='bbox 1947 388 2203 454; x_wconf 87' lang='lat' dir='ltr'><strong>Apostolus</strong></span> <span class='ocrx_word' id='word_1_25' title='bbox 2227 390 2295 436; x_wconf 85' lang='lat' dir='ltr'><strong>ad</strong></span> 
     </span>
     <span class='ocr_line' id='line_1_4' title="bbox 149 466 2287 535; baseline 0.001 -19"><span class='ocrx_word' id='word_1_26' title='bbox 149 469 460 517; x_wconf 76' lang='lat' dir='ltr'><strong>Timotheum¹</strong></span> <span class='ocrx_word' id='word_1_27' title='bbox 482 487 493 515; x_wconf 90' lang='lat'><strong>:</strong></span> <span class='ocrx_word' id='word_1_28' title='bbox 525 489 548 514; x_wconf 91' lang='lat'>«</span> <span class='ocrx_word' id='word_1_29' title='bbox 574 471 679 516; x_wconf 91' lang='lat' dir='ltr'><strong>Hoc</strong></span> <span class='ocrx_word' id='word_1_30' title='bbox 700 477 861 516; x_wconf 87' lang='lat' dir='ltr'><strong>autem</strong></span> <span class='ocrx_word' id='word_1_31' title='bbox 887 467 1010 515; x_wconf 91' lang='lat' dir='ltr'><strong>scito</strong></span> <span class='ocrx_word' id='word_1_32' title='bbox 1030 466 1166 532; x_wconf 91' lang='lat' dir='ltr'><strong>quod</strong></span> <span class='ocrx_word' id='word_1_33' title='bbox 1199 467 1249 514; x_wconf 92' lang='lat' dir='ltr'><strong>in</strong></span> <span class='ocrx_word' id='word_1_34' title='bbox 1281 467 1555 515; x_wconf 90' lang='lat' dir='ltr'><strong>novissimis</strong></span> <span class='ocrx_word' id='word_1_35' title='bbox 1589 467 1777 528; x_wconf 84' lang='lat' dir='ltr'><strong>diebuS,</strong></span> <span class='ocrx_word' id='word_1_36' title='bbox 1802 469 2049 518; x_wconf 87' lang='lat' dir='ltr'><strong>instabunt</strong></span> <span class='ocrx_word' id='word_1_37' title='bbox 2069 479 2287 535; x_wconf 88' lang='lat' dir='ltr'><strong>tempora</strong></span> 
     </span>
     <span class='ocr_line' id='line_1_5' title="bbox 143 547 2283 616; baseline 0.001 -19"><span class='ocrx_word' id='word_1_38' title='bbox 143 549 436 614; x_wconf 86' lang='lat' dir='ltr'><strong>periculosa,</strong></span> <span class='ocrx_word' id='word_1_39' title='bbox 460 559 507 597; x_wconf 90' lang='lat' dir='ltr'><strong>et</strong></span> <span class='ocrx_word' id='word_1_40' title='bbox 530 558 671 596; x_wconf 90' lang='lat' dir='ltr'><strong>erunt</strong></span> <span class='ocrx_word' id='word_1_41' title='bbox 692 547 917 596; x_wconf 89' lang='lat' dir='ltr'><strong>homines</strong></span> <span class='ocrx_word' id='word_1_42' title='bbox 938 547 1120 613; x_wconf 92' lang='lat' dir='ltr'><strong>seipsos</strong></span> <span class='ocrx_word' id='word_1_43' title='bbox 1136 557 1368 608; x_wconf 79' lang='lat' dir='ltr'><strong>amantes,</strong></span> <span class='ocrx_word' id='word_1_44' title='bbox 1396 547 1581 613; x_wconf 91' lang='lat' dir='ltr'><strong>cupidi,</strong></span> <span class='ocrx_word' id='word_1_45' title='bbox 1608 547 1736 607; x_wconf 90' lang='lat' dir='ltr'><strong>elati,</strong></span> <span class='ocrx_word' id='word_1_46' title='bbox 1760 550 1971 615; x_wconf 87' lang='lat' dir='ltr'><strong>superbi,</strong></span> <span class='ocrx_word' id='word_1_47' title='bbox 1996 549 2283 616; x_wconf 81' lang='lat' dir='ltr'><strong>blasphemi,</strong></span> 
     </span>
     <span class='ocr_line' id='line_1_6' title="bbox 142 628 2282 695; baseline -0 -18"><span class='ocrx_word' id='word_1_48' title='bbox 142 631 244 678; x_wconf 90' lang='lat' dir='ltr'><strong>sine</strong></span> <span class='ocrx_word' id='word_1_49' title='bbox 267 645 385 695; x_wconf 88' lang='lat' dir='ltr'><strong>paee</strong></span> <span class='ocrx_word' id='word_1_50' title='bbox 399 665 413 687; x_wconf 94' lang='lat'>‚</span> <span class='ocrx_word' id='word_1_51' title='bbox 437 629 667 678; x_wconf 90' lang='lat' dir='ltr'><strong>habentes</strong></span> <span class='ocrx_word' id='word_1_52' title='bbox 686 628 884 694; x_wconf 88' lang='lat' dir='ltr'><strong>quidem</strong></span> <span class='ocrx_word' id='word_1_53' title='bbox 905 628 1114 694; x_wconf 89' lang='lat' dir='ltr'><strong>speciem</strong></span> <span class='ocrx_word' id='word_1_54' title='bbox 1138 629 1349 693; x_wconf 89' lang='lat' dir='ltr'><strong>pietatis,</strong></span> <span class='ocrx_word' id='word_1_55' title='bbox 1378 628 1603 676; x_wconf 87' lang='lat' dir='ltr'><strong>virtutem</strong></span> <span class='ocrx_word' id='word_1_56' title='bbox 1626 638 1787 676; x_wconf 83' lang='lat' dir='ltr'><strong>autem</strong></span> <span class='ocrx_word' id='word_1_57' title='bbox 1805 630 1907 693; x_wconf 88' lang='lat' dir='ltr'><strong>ejus</strong></span> <span class='ocrx_word' id='word_1_58' title='bbox 1930 630 2237 694; x_wconf 86' lang='lat' dir='ltr'><strong>abnegantes.</strong></span> <span class='ocrx_word' id='word_1_59' title='bbox 2260 654 2282 676; x_wconf 83' lang='lat'>»</span> 
     </span>
     <span class='ocr_line' id='line_1_7' title="bbox 143 708 2281 774; baseline -0 -17"><span class='ocrx_word' id='word_1_60' title='bbox 143 710 238 768; x_wconf 87' lang='lat' dir='ltr'><strong>Qui</strong></span> <span class='ocrx_word' id='word_1_61' title='bbox 256 719 303 757; x_wconf 84' lang='lat' dir='ltr'><strong>et</strong></span> <span class='ocrx_word' id='word_1_62' title='bbox 320 708 489 757; x_wconf 76' lang='lat' dir='ltr'><strong>alibi’:</strong></span> <span class='ocrx_word' id='word_1_63' title='bbox 524 729 547 755; x_wconf 75' lang='grc' dir='ltr'>α</span> <span class='ocrx_word' id='word_1_64' title='bbox 573 713 695 771; x_wconf 85' lang='lat' dir='ltr'><strong>Nos,</strong></span> <span class='ocrx_word' id='word_1_65' title='bbox 727 728 751 754; x_wconf 85' lang='lat'>»</span> <span class='ocrx_word' id='word_1_66' title='bbox 776 709 935 773; x_wconf 89' lang='lat' dir='ltr'><strong>inquit</strong></span> <span class='ocrx_word' id='word_1_67' title='bbox 952 746 966 771; x_wconf 88' lang='lat'><strong>,</strong></span> <span class='ocrx_word' id='word_1_68' title='bbox 997 726 1022 754; x_wconf 88' lang='lat'><strong><em>«</em></strong></span> <span class='ocrx_word' id='word_1_69' title='bbox 1044 725 1209 756; x_wconf 90' lang='lat' dir='ltr'><strong>sumus</strong></span> <span class='ocrx_word' id='word_1_70' title='bbox 1235 709 1285 756; x_wconf 84' lang='lat' dir='ltr'><strong>in</strong></span> <span class='ocrx_word' id='word_1_71' title='bbox 1314 725 1444 774; x_wconf 86' lang='lat' dir='ltr'><strong>quos</strong></span> <span class='ocrx_word' id='word_1_72' title='bbox 1467 708 1587 756; x_wconf 84' lang='lat' dir='ltr'><strong>fines</strong></span> <span class='ocrx_word' id='word_1_73' title='bbox 1618 709 1890 757; x_wconf 90' lang='lat' dir='ltr'><strong>seculorum</strong></span> <span class='ocrx_word' id='word_1_74' title='bbox 1914 710 2226 760; x_wconf 87' lang='lat' dir='ltr'><strong>devenerunt.</strong></span> <span class='ocrx_word' id='word_1_75' title='bbox 2258 734 2281 756; x_wconf 84' lang='lat'>»</span> 
     </span>
     <span class='ocr_line' id='line_1_8' title="bbox 145 789 2285 856; baseline 0.002 -20"><span class='ocrx_word' id='word_1_76' title='bbox 145 792 201 836; x_wconf 88' lang='lat' dir='ltr'><strong>Et</strong></span> <span class='ocrx_word' id='word_1_77' title='bbox 224 793 389 838; x_wconf 90' lang='lat' dir='ltr'><strong>Petrus</strong></span> <span class='ocrx_word' id='word_1_78' title='bbox 411 791 461 838; x_wconf 91' lang='lat' dir='ltr'><strong>in</strong></span> <span class='ocrx_word' id='word_1_79' title='bbox 489 789 698 837; x_wconf 79' lang='lat' dir='ltr'><strong>secunda</strong></span> <span class='ocrx_word' id='word_1_80' title='bbox 732 789 979 854; x_wconf 79' lang='lat' dir='ltr'><strong>Epistola³</strong></span> <span class='ocrx_word' id='word_1_81' title='bbox 1001 807 1012 836; x_wconf 79' lang='lat' dir='ltr'><strong><em>z</em></strong></span> <span class='ocrx_word' id='word_1_82' title='bbox 1044 809 1067 834; x_wconf 80' lang='grc' dir='ltr'><strong>α</strong></span> <span class='ocrx_word' id='word_1_83' title='bbox 1094 792 1199 837; x_wconf 91' lang='lat' dir='ltr'><strong>Hoc</strong></span> <span class='ocrx_word' id='word_1_84' title='bbox 1224 791 1464 855; x_wconf 90' lang='lat' dir='ltr'><strong>primum,</strong></span> <span class='ocrx_word' id='word_1_85' title='bbox 1496 810 1519 833; x_wconf 72' lang='lat'><strong>2&gt;</strong></span> <span class='ocrx_word' id='word_1_86' title='bbox 1547 789 1733 854; x_wconf 86' lang='lat' dir='ltr'><strong>inquit,</strong></span> <span class='ocrx_word' id='word_1_87' title='bbox 1763 807 1787 834; x_wconf 76' lang='grc' dir='ltr'>α</span> <span class='ocrx_word' id='word_1_88' title='bbox 1816 791 2018 839; x_wconf 88' lang='lat' dir='ltr'><strong>scientes</strong></span> <span class='ocrx_word' id='word_1_89' title='bbox 2045 793 2180 856; x_wconf 89' lang='lat' dir='ltr'><strong>quod</strong></span> <span class='ocrx_word' id='word_1_90' title='bbox 2200 811 2285 841; x_wconf 91' lang='lat' dir='ltr'><strong>ve-</strong></span> 
     </span>
     <span class='ocr_line' id='line_1_9' title="bbox 141 869 2280 936; baseline 0.001 -18"><span class='ocrx_word' id='word_1_91' title='bbox 141 871 275 918; x_wconf 89' lang='lat' dir='ltr'><strong>nient</strong></span> <span class='ocrx_word' id='word_1_92' title='bbox 294 871 343 918; x_wconf 92' lang='lat' dir='ltr'><strong>in</strong></span> <span class='ocrx_word' id='word_1_93' title='bbox 369 871 642 919; x_wconf 87' lang='lat' dir='ltr'><strong>novissimis</strong></span> <span class='ocrx_word' id='word_1_94' title='bbox 662 869 833 919; x_wconf 91' lang='lat' dir='ltr'><strong>diebus</strong></span> <span class='ocrx_word' id='word_1_95' title='bbox 852 871 901 918; x_wconf 89' lang='lat' dir='ltr'><strong>in</strong></span> <span class='ocrx_word' id='word_1_96' title='bbox 926 870 1215 936; x_wconf 87' lang='lat' dir='ltr'><strong>deceptione</strong></span> <span class='ocrx_word' id='word_1_97' title='bbox 1237 870 1472 932; x_wconf 89' lang='lat' dir='ltr'><strong>illusores,</strong></span> <span class='ocrx_word' id='word_1_98' title='bbox 1495 880 1587 918; x_wconf 90' lang='lat' dir='ltr'><strong>etc.</strong></span> <span class='ocrx_word' id='word_1_99' title='bbox 1604 890 1627 914; x_wconf 85' lang='lat'>»</span> <span class='ocrx_word' id='word_1_100' title='bbox 1653 873 1713 918; x_wconf 93' lang='lat' dir='ltr'><strong>Et</strong></span> <span class='ocrx_word' id='word_1_101' title='bbox 1730 873 1965 919; x_wconf 71' lang='lat' dir='ltr'><strong>Joannes‘</strong></span> <span class='ocrx_word' id='word_1_102' title='bbox 1987 890 1998 918; x_wconf 93' lang='lat'>:</span> <span class='ocrx_word' id='word_1_103' title='bbox 2019 893 2039 915; x_wconf 79' lang='grc' dir='ltr'>α</span> <span class='ocrx_word' id='word_1_104' title='bbox 2063 873 2236 934; x_wconf 87' lang='lat' dir='ltr'><strong>Filioli,</strong></span> <span class='ocrx_word' id='word_1_105' title='bbox 2259 896 2280 917; x_wconf 74' lang='lat' dir='ltr'>n</span> 
     </span>
     <span class='ocr_line' id='line_1_10' title="bbox 140 951 2284 1019; baseline 0.002 -22"><span class='ocrx_word' id='word_1_106' title='bbox 140 952 325 1016; x_wconf 88' lang='lat' dir='ltr'><strong>inquit,</strong></span> <span class='ocrx_word' id='word_1_107' title='bbox 354 952 660 1000; x_wconf 87' lang='lat' dir='ltr'><strong>«novissima</strong></span> <span class='ocrx_word' id='word_1_108' title='bbox 695 951 820 1000; x_wconf 89' lang='lat' dir='ltr'><strong>hora</strong></span> <span class='ocrx_word' id='word_1_109' title='bbox 853 962 942 1000; x_wconf 91' lang='lat' dir='ltr'><strong>est.</strong></span> <span class='ocrx_word' id='word_1_110' title='bbox 978 955 1036 999; x_wconf 91' lang='lat' dir='ltr'><strong>Et</strong></span> <span class='ocrx_word' id='word_1_111' title='bbox 1067 953 1190 1019; x_wconf 83' lang='lat' dir='ltr'><strong>sicut</strong></span> <span class='ocrx_word' id='word_1_112' title='bbox 1211 952 1411 1000; x_wconf 88' lang='lat' dir='ltr'><strong>audistis</strong></span> <span class='ocrx_word' id='word_1_113' title='bbox 1444 952 1558 1016; x_wconf 87' lang='lat' dir='ltr'><strong>quia</strong></span> <span class='ocrx_word' id='word_1_114' title='bbox 1586 952 1929 1000; x_wconf 87' lang='lat' dir='ltr'><strong>Anti-Christus</strong></span> <span class='ocrx_word' id='word_1_115' title='bbox 1962 954 2123 1015; x_wconf 86' lang='lat' dir='ltr'><strong>venit,</strong></span> <span class='ocrx_word' id='word_1_116' title='bbox 2154 971 2284 1002; x_wconf 89' lang='lat' dir='ltr'><strong>nunc</strong></span> 
     </span>
     <span class='ocr_line' id='line_1_11' title="bbox 138 1032 2283 1097; baseline 0.002 -18"><span class='ocrx_word' id='word_1_117' title='bbox 138 1041 299 1080; x_wconf 83' lang='lat' dir='ltr'><strong>autem</strong></span> <span class='ocrx_word' id='word_1_118' title='bbox 321 1033 630 1081; x_wconf 88' lang='lat' dir='ltr'><strong>Anti-Christi</strong></span> <span class='ocrx_word' id='word_1_119' title='bbox 659 1033 799 1081; x_wconf 83' lang='lat' dir='ltr'><strong>m&#39;ulti</strong></span> <span class='ocrx_word' id='word_1_120' title='bbox 820 1033 932 1082; x_wconf 88' lang='lat' dir='ltr'><strong>facti</strong></span> <span class='ocrx_word' id='word_1_121' title='bbox 949 1042 1084 1081; x_wconf 86' lang='lat' dir='ltr'><strong>sunt.</strong></span> <span class='ocrx_word' id='word_1_122' title='bbox 1115 1032 1254 1081; x_wconf 89' lang='lat' dir='ltr'><strong>Unde</strong></span> <span class='ocrx_word' id='word_1_123' title='bbox 1275 1033 1454 1081; x_wconf 88' lang='lat' dir='ltr'><strong>scimus</strong></span> <span class='ocrx_word' id='word_1_124' title='bbox 1490 1033 1604 1097; x_wconf 91' lang='lat' dir='ltr'><strong>quia</strong></span> <span class='ocrx_word' id='word_1_125' title='bbox 1636 1033 1897 1081; x_wconf 90' lang='lat' dir='ltr'><strong>novissima</strong></span> <span class='ocrx_word' id='word_1_126' title='bbox 1930 1034 2052 1082; x_wconf 86' lang='lat' dir='ltr'><strong>hora</strong></span> <span class='ocrx_word' id='word_1_127' title='bbox 2087 1045 2175 1082; x_wconf 88' lang='lat' dir='ltr'><strong>est.</strong></span> <span class='ocrx_word' id='word_1_128' title='bbox 2218 1038 2283 1084; x_wconf 83' lang='lat' dir='ltr'><strong>Ex</strong></span> 
     </span>
     <span class='ocr_line' id='line_1_12' title="bbox 138 1105 2284 1180; baseline 0.002 -21"><span class='ocrx_word' id='word_1_129' title='bbox 138 1111 281 1160; x_wconf 87' lang='lat' dir='ltr'><strong>nobis</strong></span> <span class='ocrx_word' id='word_1_130' title='bbox 308 1115 438 1161; x_wconf 91' lang='lat' dir='ltr'><strong>enim</strong></span> <span class='ocrx_word' id='word_1_131' title='bbox 472 1113 781 1180; x_wconf 87' lang='lat' dir='ltr'><strong>prodierunt,</strong></span> <span class='ocrx_word' id='word_1_132' title='bbox 818 1113 903 1162; x_wconf 90' lang='lat' dir='ltr'><strong>sed</strong></span> <span class='ocrx_word' id='word_1_133' title='bbox 940 1131 1000 1161; x_wconf 85' lang='lat' dir='ltr'><strong>ex</strong></span> <span class='ocrx_word' id='word_1_134' title='bbox 1039 1112 1181 1161; x_wconf 90' lang='lat' dir='ltr'><strong>nobis</strong></span> <span class='ocrx_word' id='word_1_135' title='bbox 1214 1130 1314 1162; x_wconf 87' lang='lat' dir='ltr'><strong>non</strong></span> <span class='ocrx_word' id='word_1_136' title='bbox 1352 1123 1503 1162; x_wconf 89' lang='lat' dir='ltr'><strong>erant.</strong></span> <span class='ocrx_word' id='word_1_137' title='bbox 1540 1133 1565 1160; x_wconf 87' lang='lat'>»</span> <span class='ocrx_word' id='word_1_138' title='bbox 1588 1105 1715 1162; x_wconf 85' lang='lat' dir='ltr'><strong>Hine</strong></span> <span class='ocrx_word' id='word_1_139' title='bbox 1746 1124 1793 1162; x_wconf 89' lang='lat' dir='ltr'><strong>et</strong></span> <span class='ocrx_word' id='word_1_140' title='bbox 1824 1115 1875 1161; x_wconf 89' lang='lat' dir='ltr'><strong>in</strong></span> <span class='ocrx_word' id='word_1_141' title='bbox 1899 1115 2120 1179; x_wconf 78' lang='lat' dir='ltr'><strong>Epistola</strong></span> <span class='ocrx_word' id='word_1_142' title='bbox 2152 1116 2284 1165; x_wconf 84' lang='lat' dir='ltr'><strong>Judae</strong></span> 
     </span>
     <span class='ocr_line' id='line_1_13' title="bbox 136 1192 2285 1262; baseline 0.003 -23"><span class='ocrx_word' id='word_1_143' title='bbox 136 1192 368 1259; x_wconf 85' lang='lat' dir='ltr'><strong>scriptum</strong></span> <span class='ocrx_word' id='word_1_144' title='bbox 389 1196 481 1241; x_wconf 83' lang='lat' dir='ltr'><strong>est⁵</strong></span> <span class='ocrx_word' id='word_1_145' title='bbox 509 1212 521 1240; x_wconf 87' lang='lat'><strong>:</strong></span> <span class='ocrx_word' id='word_1_146' title='bbox 546 1213 571 1239; x_wconf 78' lang='grc' dir='ltr'>α</span> <span class='ocrx_word' id='word_1_147' title='bbox 596 1197 696 1242; x_wconf 91' lang='lat' dir='ltr'><strong>Vos</strong></span> <span class='ocrx_word' id='word_1_148' title='bbox 717 1204 879 1242; x_wconf 89' lang='lat' dir='ltr'><strong>autem</strong></span> <span class='ocrx_word' id='word_1_149' title='bbox 894 1231 906 1254; x_wconf 91' lang='lat'><strong>,</strong></span> <span class='ocrx_word' id='word_1_150' title='bbox 928 1194 1183 1256; x_wconf 85' lang='lat' dir='ltr'><strong>carissimi,</strong></span> <span class='ocrx_word' id='word_1_151' title='bbox 1206 1211 1447 1242; x_wconf 87' lang='lat' dir='ltr'><strong>memores</strong></span> <span class='ocrx_word' id='word_1_152' title='bbox 1470 1204 1620 1243; x_wconf 89' lang='lat' dir='ltr'><strong>estote</strong></span> <span class='ocrx_word' id='word_1_153' title='bbox 1645 1194 1908 1243; x_wconf 89' lang='lat' dir='ltr'><strong>verborum</strong></span> <span class='ocrx_word' id='word_1_154' title='bbox 1932 1213 2037 1260; x_wconf 84' lang='lat' dir='ltr'><strong>quae</strong></span> <span class='ocrx_word' id='word_1_155' title='bbox 2059 1197 2285 1262; x_wconf 86' lang='lat' dir='ltr'><strong>praedicta</strong></span> 
     </span>
     <span class='ocr_line' id='line_1_14' title="bbox 135 1273 2284 1342; baseline 0.002 -22"><span class='ocrx_word' id='word_1_156' title='bbox 135 1281 248 1321; x_wconf 88' lang='lat' dir='ltr'><strong>sunt</strong></span> <span class='ocrx_word' id='word_1_157' title='bbox 290 1273 353 1321; x_wconf 89' lang='lat' dir='ltr'><strong>ab</strong></span> <span class='ocrx_word' id='word_1_158' title='bbox 398 1275 628 1341; x_wconf 89' lang='lat' dir='ltr'><strong>apostolis</strong></span> <span class='ocrx_word' id='word_1_159' title='bbox 672 1275 870 1322; x_wconf 90' lang='lat' dir='ltr'><strong>Domini</strong></span> <span class='ocrx_word' id='word_1_160' title='bbox 912 1276 1064 1323; x_wconf 90' lang='lat' dir='ltr'><strong>nostri</strong></span> <span class='ocrx_word' id='word_1_161' title='bbox 1099 1278 1210 1323; x_wconf 87' lang='lat' dir='ltr'><strong>Jesu</strong></span> <span class='ocrx_word' id='word_1_162' title='bbox 1245 1275 1437 1337; x_wconf 90' lang='lat' dir='ltr'><strong>Christi,</strong></span> <span class='ocrx_word' id='word_1_163' title='bbox 1478 1276 1563 1341; x_wconf 91' lang='lat' dir='ltr'><strong>qui</strong></span> <span class='ocrx_word' id='word_1_164' title='bbox 1592 1275 1819 1323; x_wconf 87' lang='lat' dir='ltr'><strong>dicebant</strong></span> <span class='ocrx_word' id='word_1_165' title='bbox 1849 1276 2012 1339; x_wconf 90' lang='lat' dir='ltr'><strong>vobis,</strong></span> <span class='ocrx_word' id='word_1_166' title='bbox 2052 1279 2284 1342; x_wconf 89' lang='lat' dir='ltr'><strong>quoniam</strong></span> 
     </span>
     <span class='ocr_line' id='line_1_15' title="bbox 134 1353 2283 1423; baseline 0.003 -24"><span class='ocrx_word' id='word_1_167' title='bbox 134 1354 184 1400; x_wconf 90' lang='lat' dir='ltr'><strong>in</strong></span> <span class='ocrx_word' id='word_1_168' title='bbox 210 1353 482 1403; x_wconf 88' lang='lat' dir='ltr'><strong>novissimis</strong></span> <span class='ocrx_word' id='word_1_169' title='bbox 500 1355 802 1421; x_wconf 87' lang='lat' dir='ltr'><strong>temporibus</strong></span> <span class='ocrx_word' id='word_1_170' title='bbox 823 1355 1021 1404; x_wconf 88' lang='lat' dir='ltr'><strong>venient</strong></span> <span class='ocrx_word' id='word_1_171' title='bbox 1042 1355 1276 1403; x_wconf 89' lang='lat' dir='ltr'><strong>illusores.</strong></span> <span class='ocrx_word' id='word_1_172' title='bbox 1300 1356 1359 1403; x_wconf 90' lang='lat' dir='ltr'><strong>Hi</strong></span> <span class='ocrx_word' id='word_1_173' title='bbox 1383 1364 1496 1404; x_wconf 91' lang='lat' dir='ltr'><strong>sunt</strong></span> <span class='ocrx_word' id='word_1_174' title='bbox 1525 1357 1611 1421; x_wconf 92' lang='lat' dir='ltr'><strong>qui</strong></span> <span class='ocrx_word' id='word_1_175' title='bbox 1632 1366 1881 1421; x_wconf 86' lang='lat' dir='ltr'><strong>segregant</strong></span> <span class='ocrx_word' id='word_1_176' title='bbox 1899 1357 2196 1423; x_wconf 88' lang='lat' dir='ltr'><strong>semetipsos.</strong></span> <span class='ocrx_word' id='word_1_177' title='bbox 2229 1361 2283 1405; x_wconf 88' lang='lat' dir='ltr'><strong>Et</strong></span> 
     </span>
     <span class='ocr_line' id='line_1_16' title="bbox 134 1433 2281 1501; baseline 0.003 -20"><span class='ocrx_word' id='word_1_178' title='bbox 134 1433 225 1483; x_wconf 90' lang='lat' dir='ltr'><strong>hos</strong></span> <span class='ocrx_word' id='word_1_179' title='bbox 244 1434 445 1499; x_wconf 87' lang='lat' dir='ltr'><strong>quidem</strong></span> <span class='ocrx_word' id='word_1_180' title='bbox 468 1437 652 1501; x_wconf 86' lang='lat' dir='ltr'><strong>arguite</strong></span> <span class='ocrx_word' id='word_1_181' title='bbox 668 1436 928 1500; x_wconf 86' lang='lat' dir='ltr'><strong>judicatos.</strong></span> <span class='ocrx_word' id='word_1_182' title='bbox 955 1455 980 1481; x_wconf 92' lang='lat'>»</span> <span class='ocrx_word' id='word_1_183' title='bbox 1002 1439 1068 1483; x_wconf 88' lang='lat' dir='ltr'><strong>Ac</strong></span> <span class='ocrx_word' id='word_1_184' title='bbox 1088 1437 1128 1485; x_wconf 90' lang='lat' dir='ltr'><strong>si</strong></span> <span class='ocrx_word' id='word_1_185' title='bbox 1148 1446 1312 1501; x_wconf 90' lang='lat' dir='ltr'><strong>aperte</strong></span> <span class='ocrx_word' id='word_1_186' title='bbox 1334 1453 1425 1484; x_wconf 93' lang='lat' dir='ltr'><strong>nos</strong></span> <span class='ocrx_word' id='word_1_187' title='bbox 1447 1436 1723 1485; x_wconf 82' lang='lat' dir='ltr'><strong>hortaretur</strong></span> <span class='ocrx_word' id='word_1_188' title='bbox 1745 1437 1911 1486; x_wconf 89' lang='lat' dir='ltr'><strong>dicens</strong></span> <span class='ocrx_word' id='word_1_189' title='bbox 1934 1456 1944 1485; x_wconf 70' lang='grc' dir='ltr'><strong><em>ε</em></strong></span> <span class='ocrx_word' id='word_1_190' title='bbox 1976 1458 1998 1481; x_wconf 80' lang='grc' dir='ltr'>α</span> <span class='ocrx_word' id='word_1_191' title='bbox 2028 1438 2281 1487; x_wconf 87' lang='lat' dir='ltr'><strong>Providete</strong></span> 
     </span>
     <span class='ocr_line' id='line_1_17' title="bbox 134 1515 2284 1584; baseline 0.003 -24"><span class='ocrx_word' id='word_1_192' title='bbox 134 1523 187 1560; x_wconf 90' lang='lat' dir='ltr'><strong>ut</strong></span> <span class='ocrx_word' id='word_1_193' title='bbox 230 1515 346 1563; x_wconf 88' lang='lat' dir='ltr'><strong>tales</strong></span> <span class='ocrx_word' id='word_1_194' title='bbox 384 1515 649 1581; x_wconf 86' lang='lat' dir='ltr'><strong>dijudicare</strong></span> <span class='ocrx_word' id='word_1_195' title='bbox 694 1533 752 1564; x_wconf 88' lang='lat' dir='ltr'><strong>ac</strong></span> <span class='ocrx_word' id='word_1_196' title='bbox 779 1515 1049 1564; x_wconf 86' lang='lat' dir='ltr'><strong>rationibus</strong></span> <span class='ocrx_word' id='word_1_197' title='bbox 1086 1517 1377 1578; x_wconf 76' lang='lat' dir='ltr'><strong>convincere</strong></span> <span class='ocrx_word' id='word_1_198' title='bbox 1420 1517 1644 1578; x_wconf 89' lang='lat' dir='ltr'><strong>valeatis,</strong></span> <span class='ocrx_word' id='word_1_199' title='bbox 1686 1538 1709 1562; x_wconf 77' lang='grc' dir='ltr'>α</span> <span class='ocrx_word' id='word_1_200' title='bbox 1736 1519 1891 1583; x_wconf 86' lang='lat' dir='ltr'><strong>parati</strong></span> <span class='ocrx_word' id='word_1_201' title='bbox 1932 1534 2148 1584; x_wconf 88' lang='lat' dir='ltr'><strong>semper,</strong></span> <span class='ocrx_word' id='word_1_202' title='bbox 2179 1538 2203 1564; x_wconf 88' lang='lat'>»</span> <span class='ocrx_word' id='word_1_203' title='bbox 2232 1530 2284 1567; x_wconf 92' lang='lat' dir='ltr'><strong>ut</strong></span> 
     </span>
    </p>
   </div>
   <div class='ocr_carea' id='block_1_3' title="bbox 133 1594 2360 1664">
    <p class='ocr_par' dir='ltr' id='par_1_3' title="bbox 133 1594 2360 1664">
     <span class='ocr_line' id='line_1_18' title="bbox 133 1594 2360 1664; baseline 0.002 -22"><span class='ocrx_word' id='word_1_204' title='bbox 133 1594 302 1643; x_wconf 87' lang='lat' dir='ltr'><strong>beatus</strong></span> <span class='ocrx_word' id='word_1_205' title='bbox 326 1599 492 1644; x_wconf 90' lang='lat' dir='ltr'><strong>Petrus</strong></span> <span class='ocrx_word' id='word_1_206' title='bbox 512 1598 771 1657; x_wconf 62' lang='lat' dir='ltr'><strong>meminitss,</strong></span> <span class='ocrx_word' id='word_1_207' title='bbox 802 1617 827 1643; x_wconf 91' lang='lat'>«</span> <span class='ocrx_word' id='word_1_208' title='bbox 850 1597 911 1646; x_wconf 89' lang='lat' dir='ltr'><strong>ad</strong></span> <span class='ocrx_word' id='word_1_209' title='bbox 931 1597 1305 1646; x_wconf 80' lang='lat' dir='ltr'><strong>satisfactionem</strong></span> <span class='ocrx_word' id='word_1_210' title='bbox 1330 1599 1467 1646; x_wconf 88' lang='lat' dir='ltr'><strong>omni</strong></span> <span class='ocrx_word' id='word_1_211' title='bbox 1496 1599 1716 1664; x_wconf 88' lang='lat' dir='ltr'><strong>poscenti</strong></span> <span class='ocrx_word' id='word_1_212' title='bbox 1736 1615 1824 1646; x_wconf 91' lang='lat' dir='ltr'><strong>vos</strong></span> <span class='ocrx_word' id='word_1_213' title='bbox 1848 1600 2105 1659; x_wconf 88' lang='lat' dir='ltr'><strong>rationem,</strong></span> <span class='ocrx_word' id='word_1_214' title='bbox 2133 1600 2196 1647; x_wconf 92' lang='lat' dir='ltr'><strong>de</strong></span> <span class='ocrx_word' id='word_1_215' title='bbox 2227 1617 2282 1647; x_wconf 90' lang='lat' dir='ltr'><strong>ea</strong></span> <span class='ocrx_word' id='word_1_216' title='bbox 2353 1617 2360 1624; x_wconf 87' lang='lat'><strong>·</strong></span> 
     </span>
    </p>
   </div>
   <div class='ocr_carea' id='block_1_4' title="bbox 125 1676 2282 3113">
    <p class='ocr_par' dir='ltr' id='par_1_4' title="bbox 125 1676 2282 3113">
     <span class='ocr_line' id='line_1_19' title="bbox 133 1676 2282 1743; baseline 0.002 -20"><span class='ocrx_word' id='word_1_217' title='bbox 133 1692 238 1740; x_wconf 82' lang='lat' dir='ltr'><strong>quae</strong></span> <span class='ocrx_word' id='word_1_218' title='bbox 260 1677 311 1724; x_wconf 92' lang='lat' dir='ltr'><strong>in</strong></span> <span class='ocrx_word' id='word_1_219' title='bbox 336 1676 477 1724; x_wconf 90' lang='lat' dir='ltr'><strong>vobis</strong></span> <span class='ocrx_word' id='word_1_220' title='bbox 506 1687 578 1725; x_wconf 90' lang='lat' dir='ltr'><strong>est</strong></span> <span class='ocrx_word' id='word_1_221' title='bbox 599 1694 687 1743; x_wconf 90' lang='lat' dir='ltr'><strong>spe</strong></span> <span class='ocrx_word' id='word_1_222' title='bbox 707 1687 756 1724; x_wconf 88' lang='lat' dir='ltr'><strong>et</strong></span> <span class='ocrx_word' id='word_1_223' title='bbox 774 1677 895 1738; x_wconf 84' lang='lat' dir='ltr'><strong>fide,</strong></span> <span class='ocrx_word' id='word_1_224' title='bbox 938 1687 991 1725; x_wconf 89' lang='lat' dir='ltr'><strong>ut</strong></span> <span class='ocrx_word' id='word_1_225' title='bbox 1013 1678 1065 1725; x_wconf 89' lang='lat' dir='ltr'><strong>in</strong></span> <span class='ocrx_word' id='word_1_226' title='bbox 1096 1693 1157 1724; x_wconf 89' lang='lat' dir='ltr'><strong>eo</strong></span> <span class='ocrx_word' id='word_1_227' title='bbox 1192 1677 1329 1743; x_wconf 91' lang='lat' dir='ltr'><strong>quod</strong></span> <span class='ocrx_word' id='word_1_228' title='bbox 1351 1677 1614 1726; x_wconf 88' lang='lat' dir='ltr'><strong>detrahunt</strong></span> <span class='ocrx_word' id='word_1_229' title='bbox 1632 1678 1694 1727; x_wconf 89' lang='lat' dir='ltr'><strong>de</strong></span> <span class='ocrx_word' id='word_1_230' title='bbox 1716 1679 1855 1727; x_wconf 92' lang='lat' dir='ltr'><strong>vobis</strong></span> <span class='ocrx_word' id='word_1_231' title='bbox 1872 1716 1885 1740; x_wconf 92' lang='lat'><strong>,</strong></span> <span class='ocrx_word' id='word_1_232' title='bbox 1921 1678 2282 1729; x_wconf 88' lang='lat' dir='ltr'><strong>confundantur</strong></span> 
     </span>
     <span class='ocr_line' id='line_1_20' title="bbox 132 1757 2282 1828; baseline 0.003 -24"><span class='ocrx_word' id='word_1_233' title='bbox 132 1757 215 1820; x_wconf 91' lang='lat' dir='ltr'><strong>qui</strong></span> <span class='ocrx_word' id='word_1_234' title='bbox 245 1757 601 1806; x_wconf 84' lang='lat' dir='ltr'><strong>calumniantur</strong></span> <span class='ocrx_word' id='word_1_235' title='bbox 623 1767 832 1806; x_wconf 89' lang='lat' dir='ltr'><strong>vestram</strong></span> <span class='ocrx_word' id='word_1_236' title='bbox 854 1757 1039 1806; x_wconf 89' lang='lat' dir='ltr'><strong>bonam</strong></span> <span class='ocrx_word' id='word_1_237' title='bbox 1065 1759 1482 1808; x_wconf 87' lang='lat' dir='ltr'><strong>conversationem</strong></span> <span class='ocrx_word' id='word_1_238' title='bbox 1505 1760 1555 1807; x_wconf 92' lang='lat' dir='ltr'><strong>in</strong></span> <span class='ocrx_word' id='word_1_239' title='bbox 1577 1759 1786 1808; x_wconf 90' lang='lat' dir='ltr'><strong>Christo.</strong></span> <span class='ocrx_word' id='word_1_240' title='bbox 1817 1779 1842 1806; x_wconf 89' lang='lat'>»</span> <span class='ocrx_word' id='word_1_241' title='bbox 1870 1759 2005 1808; x_wconf 89' lang='lat' dir='ltr'><strong>Idem</strong></span> <span class='ocrx_word' id='word_1_242' title='bbox 2029 1771 2076 1809; x_wconf 91' lang='lat' dir='ltr'><strong>et</strong></span> <span class='ocrx_word' id='word_1_243' title='bbox 2104 1778 2282 1828; x_wconf 89' lang='lat' dir='ltr'><strong>coapo-</strong></span> 
     </span>
     <span class='ocr_line' id='line_1_21' title="bbox 130 1836 2282 1906; baseline 0.004 -23"><span class='ocrx_word' id='word_1_244' title='bbox 130 1836 282 1886; x_wconf 85' lang='lat' dir='ltr'><strong>stolus</strong></span> <span class='ocrx_word' id='word_1_245' title='bbox 296 1838 398 1902; x_wconf 91' lang='lat' dir='ltr'><strong>ejus</strong></span> <span class='ocrx_word' id='word_1_246' title='bbox 418 1839 594 1887; x_wconf 89' lang='lat' dir='ltr'><strong>Paulus</strong></span> <span class='ocrx_word' id='word_1_247' title='bbox 615 1838 908 1887; x_wconf 66' lang='lat' dir='ltr'><strong>admonens&#39;</strong></span> <span class='ocrx_word' id='word_1_248' title='bbox 930 1857 941 1885; x_wconf 71' lang='grc' dir='ltr'><strong>ι</strong></span> <span class='ocrx_word' id='word_1_249' title='bbox 968 1858 993 1885; x_wconf 79' lang='grc' dir='ltr'>α</span> <span class='ocrx_word' id='word_1_250' title='bbox 1022 1841 1192 1887; x_wconf 90' lang='lat' dir='ltr'><strong>Sermo</strong></span> <span class='ocrx_word' id='word_1_251' title='bbox 1209 1876 1226 1902; x_wconf 86' lang='lat'><strong>,</strong></span> <span class='ocrx_word' id='word_1_252' title='bbox 1248 1859 1271 1885; x_wconf 86' lang='lat'><strong><em>»</em></strong></span> <span class='ocrx_word' id='word_1_253' title='bbox 1293 1841 1479 1906; x_wconf 90' lang='lat' dir='ltr'><strong>inquit,</strong></span> <span class='ocrx_word' id='word_1_254' title='bbox 1507 1860 1531 1886; x_wconf 89' lang='lat'>«</span> <span class='ocrx_word' id='word_1_255' title='bbox 1553 1850 1711 1890; x_wconf 92' lang='lat' dir='ltr'><strong>vester</strong></span> <span class='ocrx_word' id='word_1_256' title='bbox 1732 1842 1783 1888; x_wconf 92' lang='lat' dir='ltr'><strong>in</strong></span> <span class='ocrx_word' id='word_1_257' title='bbox 1807 1842 1962 1906; x_wconf 88' lang='lat' dir='ltr'><strong>gratia</strong></span> <span class='ocrx_word' id='word_1_258' title='bbox 1980 1842 2205 1890; x_wconf 88' lang='lat' dir='ltr'><strong>conditus</strong></span> <span class='ocrx_word' id='word_1_259' title='bbox 2220 1843 2282 1891; x_wconf 90' lang='lat' dir='ltr'><strong>sit</strong></span> 
     </span>
     <span class='ocr_line' id='line_1_22' title="bbox 130 1918 2280 1988; baseline 0.002 -21"><span class='ocrx_word' id='word_1_260' title='bbox 130 1918 255 1979; x_wconf 86' lang='lat' dir='ltr'><strong>sale,</strong></span> <span class='ocrx_word' id='word_1_261' title='bbox 290 1929 344 1966; x_wconf 91' lang='lat' dir='ltr'><strong>ut</strong></span> <span class='ocrx_word' id='word_1_262' title='bbox 380 1919 537 1968; x_wconf 89' lang='lat' dir='ltr'><strong>sciatis</strong></span> <span class='ocrx_word' id='word_1_263' title='bbox 570 1919 823 1984; x_wconf 90' lang='lat' dir='ltr'><strong>quomodo</strong></span> <span class='ocrx_word' id='word_1_264' title='bbox 866 1929 1091 1985; x_wconf 87' lang='lat' dir='ltr'><strong>oporteat</strong></span> <span class='ocrx_word' id='word_1_265' title='bbox 1106 1937 1196 1969; x_wconf 88' lang='lat' dir='ltr'><strong>vos</strong></span> <span class='ocrx_word' id='word_1_266' title='bbox 1214 1922 1477 1987; x_wconf 88' lang='lat' dir='ltr'><strong>unicuique</strong></span> <span class='ocrx_word' id='word_1_267' title='bbox 1519 1921 1832 1988; x_wconf 88' lang='lat' dir='ltr'><strong>respondere.</strong></span> <span class='ocrx_word' id='word_1_268' title='bbox 1870 1943 1894 1966; x_wconf 57' lang='grc' dir='ltr'><strong>ι)</strong></span> <span class='ocrx_word' id='word_1_269' title='bbox 1932 1924 2050 1981; x_wconf 88' lang='lat' dir='ltr'><strong>Quae</strong></span> <span class='ocrx_word' id='word_1_270' title='bbox 2084 1922 2280 1988; x_wconf 89' lang='lat' dir='ltr'><strong>quidem</strong></span> 
     </span>
     <span class='ocr_line' id='line_1_23' title="bbox 130 1990 2277 2067; baseline 0.002 -21"><span class='ocrx_word' id='word_1_271' title='bbox 130 1990 465 2064; x_wconf 88' lang='lat' dir='ltr'><strong>apostolorum</strong></span> <span class='ocrx_word' id='word_1_272' title='bbox 486 1999 615 2049; x_wconf 77' lang='lat' dir='ltr'><strong>dIcta</strong></span> <span class='ocrx_word' id='word_1_273' title='bbox 630 2000 799 2049; x_wconf 91' lang='lat' dir='ltr'><strong>beatus</strong></span> <span class='ocrx_word' id='word_1_274' title='bbox 818 1999 1072 2065; x_wconf 87' lang='lat' dir='ltr'><strong>diligenter</strong></span> <span class='ocrx_word' id='word_1_275' title='bbox 1090 2002 1345 2051; x_wconf 89' lang='lat' dir='ltr'><strong>attendens</strong></span> <span class='ocrx_word' id='word_1_276' title='bbox 1366 2003 1673 2067; x_wconf 86' lang='lat' dir='ltr'><strong>Augustinus,</strong></span> <span class='ocrx_word' id='word_1_277' title='bbox 1701 2003 1763 2050; x_wconf 90' lang='lat' dir='ltr'><strong>ad</strong></span> <span class='ocrx_word' id='word_1_278' title='bbox 1779 2003 2025 2051; x_wconf 83' lang='lat' dir='ltr'><strong>Valerium</strong></span> <span class='ocrx_word' id='word_1_279' title='bbox 2040 1990 2277 2052; x_wconf 88' lang='lat' dir='ltr'><strong>Comitem</strong></span> 
     </span>
     <span class='ocr_line' id='line_1_24' title="bbox 128 2078 2277 2146; baseline 0.003 -20"><span class='ocrx_word' id='word_1_280' title='bbox 128 2080 179 2126; x_wconf 90' lang='lat' dir='ltr'><strong>in</strong></span> <span class='ocrx_word' id='word_1_281' title='bbox 199 2078 325 2128; x_wconf 90' lang='lat' dir='ltr'><strong>libro</strong></span> <span class='ocrx_word' id='word_1_282' title='bbox 349 2078 408 2127; x_wconf 83' lang='lat' dir='ltr'><strong>de</strong></span> <span class='ocrx_word' id='word_1_283' title='bbox 432 2081 629 2146; x_wconf 77' lang='lat' dir='ltr'><strong>Nuptiis</strong></span> <span class='ocrx_word' id='word_1_284' title='bbox 657 2091 710 2136; x_wconf 64' lang='lat' dir='ltr'><strong>et,</strong></span> <span class='ocrx_word' id='word_1_285' title='bbox 727 2082 1147 2145; x_wconf 61' lang='lat' dir='ltr'><strong>Concapzkcentia,</strong></span> <span class='ocrx_word' id='word_1_286' title='bbox 1173 2082 1249 2131; x_wconf 90' lang='lat' dir='ltr'><strong>his</strong></span> <span class='ocrx_word' id='word_1_287' title='bbox 1271 2082 1434 2131; x_wconf 87' lang='lat' dir='ltr'><strong>scribit</strong></span> <span class='ocrx_word' id='word_1_288' title='bbox 1454 2082 1640 2131; x_wconf 86' lang='lat' dir='ltr'><strong>verbis⁸</strong></span> <span class='ocrx_word' id='word_1_289' title='bbox 1662 2101 1673 2128; x_wconf 72' lang='grc' dir='ltr'><strong>ε</strong></span> <span class='ocrx_word' id='word_1_290' title='bbox 1699 2102 1723 2129; x_wconf 88' lang='lat'>«</span> <span class='ocrx_word' id='word_1_291' title='bbox 1751 2083 1899 2142; x_wconf 89' lang='lat' dir='ltr'><strong>Quod</strong></span> <span class='ocrx_word' id='word_1_292' title='bbox 1930 2084 2042 2132; x_wconf 90' lang='lat' dir='ltr'><strong>licet</strong></span> <span class='ocrx_word' id='word_1_293' title='bbox 2074 2083 2171 2132; x_wconf 89' lang='lat' dir='ltr'><strong>fide</strong></span> <span class='ocrx_word' id='word_1_294' title='bbox 2200 2101 2277 2132; x_wconf 85' lang='lat' dir='ltr'><strong>ro·</strong></span> 
     </span>
     <span class='ocr_line' id='line_1_25' title="bbox 129 2159 2278 2230; baseline 0.003 -24"><span class='ocrx_word' id='word_1_295' title='bbox 129 2159 404 2209; x_wconf 90' lang='lat' dir='ltr'><strong>bustissima</strong></span> <span class='ocrx_word' id='word_1_296' title='bbox 426 2161 645 2220; x_wconf 89' lang='lat' dir='ltr'><strong>irriseris,</strong></span> <span class='ocrx_word' id='word_1_297' title='bbox 664 2162 853 2210; x_wconf 89' lang='lat' dir='ltr'><strong>bonum</strong></span> <span class='ocrx_word' id='word_1_298' title='bbox 868 2172 939 2210; x_wconf 88' lang='lat' dir='ltr'><strong>est</strong></span> <span class='ocrx_word' id='word_1_299' title='bbox 951 2171 1113 2211; x_wconf 89' lang='lat' dir='ltr'><strong>tamen</strong></span> <span class='ocrx_word' id='word_1_300' title='bbox 1128 2173 1181 2212; x_wconf 91' lang='lat' dir='ltr'><strong>ut</strong></span> <span class='ocrx_word' id='word_1_301' title='bbox 1194 2164 1341 2212; x_wconf 85' lang='lat' dir='ltr'><strong>etiam</strong></span> <span class='ocrx_word' id='word_1_302' title='bbox 1362 2165 1555 2212; x_wconf 89' lang='lat' dir='ltr'><strong>noveris</strong></span> <span class='ocrx_word' id='word_1_303' title='bbox 1570 2163 1881 2212; x_wconf 91' lang='lat' dir='ltr'><strong>defendendo</strong></span> <span class='ocrx_word' id='word_1_304' title='bbox 1898 2165 2127 2229; x_wconf 87' lang='lat' dir='ltr'><strong>adjuvare</strong></span> <span class='ocrx_word' id='word_1_305' title='bbox 2144 2166 2278 2230; x_wconf 91' lang='lat' dir='ltr'><strong>quod</strong></span> 
     </span>
     <span class='ocr_line' id='line_1_26' title="bbox 128 2241 2277 2311; baseline 0.004 -24"><span class='ocrx_word' id='word_1_306' title='bbox 128 2241 384 2289; x_wconf 89' lang='lat' dir='ltr'><strong>credimus.</strong></span> <span class='ocrx_word' id='word_1_307' title='bbox 421 2260 446 2287; x_wconf 87' lang='lat'>»</span> <span class='ocrx_word' id='word_1_308' title='bbox 474 2245 532 2289; x_wconf 91' lang='lat' dir='ltr'><strong>Et</strong></span> <span class='ocrx_word' id='word_1_309' title='bbox 562 2242 809 2308; x_wconf 86' lang='lat' dir='ltr'><strong>apostolus</strong></span> <span class='ocrx_word' id='word_1_310' title='bbox 843 2246 1010 2292; x_wconf 91' lang='lat' dir='ltr'><strong>Petrus</strong></span> <span class='ocrx_word' id='word_1_311' title='bbox 1031 2254 1225 2310; x_wconf 86' lang='lat' dir='ltr'><strong>paratos</strong></span> <span class='ocrx_word' id='word_1_312' title='bbox 1247 2261 1338 2292; x_wconf 88' lang='lat' dir='ltr'><strong>nos</strong></span> <span class='ocrx_word' id='word_1_313' title='bbox 1360 2262 1462 2294; x_wconf 90' lang='lat' dir='ltr'><strong>esse</strong></span> <span class='ocrx_word' id='word_1_314' title='bbox 1478 2246 1729 2311; x_wconf 84' lang='lat' dir='ltr'><strong>praecepit,</strong></span> <span class='ocrx_word' id='word_1_315' title='bbox 1763 2267 1787 2290; x_wconf 87' lang='grc'>«</span> <span class='ocrx_word' id='word_1_316' title='bbox 1820 2246 1883 2294; x_wconf 88' lang='lat' dir='ltr'><strong>ad</strong></span> <span class='ocrx_word' id='word_1_317' title='bbox 1905 2246 2277 2295; x_wconf 85' lang='lat' dir='ltr'><strong>satisfactionem</strong></span> 
     </span>
     <span class='ocr_line' id='line_1_27' title="bbox 128 2322 2271 2393; baseline 0.001 -24"><span class='ocrx_word' id='word_1_318' title='bbox 128 2322 265 2369; x_wconf 90' lang='lat' dir='ltr'><strong>omni</strong></span> <span class='ocrx_word' id='word_1_319' title='bbox 287 2324 507 2388; x_wconf 88' lang='lat' dir='ltr'><strong>poscenti</strong></span> <span class='ocrx_word' id='word_1_320' title='bbox 529 2340 622 2371; x_wconf 86' lang='lat' dir='ltr'><strong>nos</strong></span> <span class='ocrx_word' id='word_1_321' title='bbox 642 2324 881 2372; x_wconf 84' lang='lat' dir='ltr'><strong>rationem</strong></span> <span class='ocrx_word' id='word_1_322' title='bbox 897 2324 959 2374; x_wconf 91' lang='lat' dir='ltr'><strong>de</strong></span> <span class='ocrx_word' id='word_1_323' title='bbox 971 2325 1069 2374; x_wconf 89' lang='lat' dir='ltr'><strong>fide</strong></span> <span class='ocrx_word' id='word_1_324' title='bbox 1078 2335 1127 2374; x_wconf 89' lang='lat' dir='ltr'><strong>et</strong></span> <span class='ocrx_word' id='word_1_325' title='bbox 1142 2342 1228 2392; x_wconf 93' lang='lat' dir='ltr'><strong>spe</strong></span> <span class='ocrx_word' id='word_1_326' title='bbox 1244 2337 1464 2374; x_wconf 90' lang='lat' dir='ltr'><strong>nostra.»</strong></span> <span class='ocrx_word' id='word_1_327' title='bbox 1487 2330 1546 2375; x_wconf 89' lang='lat' dir='ltr'><strong>Et</strong></span> <span class='ocrx_word' id='word_1_328' title='bbox 1563 2327 1811 2393; x_wconf 90' lang='lat' dir='ltr'><strong>apostolus</strong></span> <span class='ocrx_word' id='word_1_329' title='bbox 1825 2327 2040 2376; x_wconf 89' lang='lat' dir='ltr'><strong>Paulus«</strong></span> <span class='ocrx_word' id='word_1_330' title='bbox 2051 2330 2238 2389; x_wconf 91' lang='lat' dir='ltr'><strong>Sermo,</strong></span> <span class='ocrx_word' id='word_1_331' title='bbox 2249 2347 2271 2372; x_wconf 89' lang='lat'>»</span> 
     </span>
     <span class='ocr_line' id='line_1_28' title="bbox 130 2402 2271 2474; baseline 0.003 -25"><span class='ocrx_word' id='word_1_332' title='bbox 130 2402 314 2466; x_wconf 88' lang='lat' dir='ltr'><strong>inquit,</strong></span> <span class='ocrx_word' id='word_1_333' title='bbox 356 2423 379 2446; x_wconf 88' lang='lat'>«</span> <span class='ocrx_word' id='word_1_334' title='bbox 418 2404 478 2452; x_wconf 90' lang='lat' dir='ltr'><strong>sit</strong></span> <span class='ocrx_word' id='word_1_335' title='bbox 508 2405 657 2468; x_wconf 84' lang='lat' dir='ltr'><strong>gratia</strong></span> <span class='ocrx_word' id='word_1_336' title='bbox 687 2404 785 2453; x_wconf 89' lang='lat' dir='ltr'><strong>sale</strong></span> <span class='ocrx_word' id='word_1_337' title='bbox 812 2406 1068 2466; x_wconf 89' lang='lat' dir='ltr'><strong>conditus,</strong></span> <span class='ocrx_word' id='word_1_338' title='bbox 1098 2416 1151 2454; x_wconf 91' lang='lat' dir='ltr'><strong>ut</strong></span> <span class='ocrx_word' id='word_1_339' title='bbox 1184 2408 1343 2456; x_wconf 89' lang='lat' dir='ltr'><strong>sciatis</strong></span> <span class='ocrx_word' id='word_1_340' title='bbox 1371 2408 1623 2473; x_wconf 91' lang='lat' dir='ltr'><strong>quomodo</strong></span> <span class='ocrx_word' id='word_1_341' title='bbox 1659 2418 1880 2474; x_wconf 88' lang='lat' dir='ltr'><strong>oporteat</strong></span> <span class='ocrx_word' id='word_1_342' title='bbox 1904 2409 2166 2474; x_wconf 89' lang='lat' dir='ltr'><strong>unicuique</strong></span> <span class='ocrx_word' id='word_1_343' title='bbox 2197 2425 2271 2455; x_wconf 87' lang='lat' dir='ltr'><strong>re-</strong></span> 
     </span>
     <span class='ocr_line' id='line_1_29' title="bbox 127 2482 2274 2554; baseline 0.003 -24"><span class='ocrx_word' id='word_1_344' title='bbox 127 2482 385 2548; x_wconf 85' lang='lat' dir='ltr'><strong>spondere.</strong></span> <span class='ocrx_word' id='word_1_345' title='bbox 413 2504 437 2528; x_wconf 68' lang='lat' dir='ltr'><strong>n</strong></span> <span class='ocrx_word' id='word_1_346' title='bbox 464 2486 600 2546; x_wconf 89' lang='lat' dir='ltr'><strong>Item,</strong></span> <span class='ocrx_word' id='word_1_347' title='bbox 626 2485 675 2533; x_wconf 91' lang='lat' dir='ltr'><strong>in</strong></span> <span class='ocrx_word' id='word_1_348' title='bbox 694 2494 899 2534; x_wconf 88' lang='lat' dir='ltr'><strong>tractatu</strong></span> <span class='ocrx_word' id='word_1_349' title='bbox 921 2485 979 2534; x_wconf 82' lang='lat' dir='ltr'><strong>de</strong></span> <span class='ocrx_word' id='word_1_350' title='bbox 998 2487 1348 2551; x_wconf 76' lang='lat' dir='ltr'><strong>Misericordia,</strong></span> <span class='ocrx_word' id='word_1_351' title='bbox 1367 2505 1459 2536; x_wconf 89' lang='lat' dir='ltr'><strong>nos</strong></span> <span class='ocrx_word' id='word_1_352' title='bbox 1482 2489 1545 2537; x_wconf 90' lang='lat' dir='ltr'><strong>ad</strong></span> <span class='ocrx_word' id='word_1_353' title='bbox 1567 2506 1621 2538; x_wconf 90' lang='lat' dir='ltr'><strong>ea</strong></span> <span class='ocrx_word' id='word_1_354' title='bbox 1645 2506 1752 2553; x_wconf 86' lang='lat' dir='ltr'><strong>quae</strong></span> <span class='ocrx_word' id='word_1_355' title='bbox 1769 2489 1990 2537; x_wconf 90' lang='lat' dir='ltr'><strong>nondum</strong></span> <span class='ocrx_word' id='word_1_356' title='bbox 2008 2506 2182 2554; x_wconf 86' lang='lat' dir='ltr'><strong>capere</strong></span> <span class='ocrx_word' id='word_1_357' title='bbox 2203 2490 2274 2536; x_wconf 89' lang='lat' dir='ltr'><strong>in·</strong></span> 
     </span>
     <span class='ocr_line' id='line_1_30' title="bbox 127 2557 2267 2635; baseline 0.003 -24"><span class='ocrx_word' id='word_1_358' title='bbox 127 2563 384 2628; x_wconf 89' lang='lat' dir='ltr'><strong>telligendo</strong></span> <span class='ocrx_word' id='word_1_359' title='bbox 414 2557 676 2614; x_wconf 78' lang='lat' dir='ltr'><strong>sufficimus</strong></span> <span class='ocrx_word' id='word_1_360' title='bbox 704 2566 988 2615; x_wconf 85' lang='lat' dir='ltr'><strong>adhortatur</strong></span> <span class='ocrx_word' id='word_1_361' title='bbox 1018 2567 1184 2616; x_wconf 90' lang='lat' dir='ltr'><strong>dicens</strong></span> <span class='ocrx_word' id='word_1_362' title='bbox 1206 2586 1218 2615; x_wconf 88' lang='lat'>:</span> <span class='ocrx_word' id='word_1_363' title='bbox 1250 2588 1275 2614; x_wconf 89' lang='lat'>«</span> <span class='ocrx_word' id='word_1_364' title='bbox 1302 2569 1451 2617; x_wconf 89' lang='lat' dir='ltr'><strong>Petite</strong></span> <span class='ocrx_word' id='word_1_365' title='bbox 1475 2570 1662 2618; x_wconf 89' lang='lat' dir='ltr'><strong>orando</strong></span> <span class='ocrx_word' id='word_1_366' title='bbox 1676 2607 1690 2630; x_wconf 95' lang='lat'><strong>,</strong></span> <span class='ocrx_word' id='word_1_367' title='bbox 1718 2571 1913 2635; x_wconf 82' lang='lat' dir='ltr'><strong>quaerite</strong></span> <span class='ocrx_word' id='word_1_368' title='bbox 1944 2569 2267 2634; x_wconf 86' lang='lat' dir='ltr'><strong>disputando,</strong></span> 
     </span>
     <span class='ocr_line' id='line_1_31' title="bbox 126 2643 2268 2715; baseline 0.002 -24"><span class='ocrx_word' id='word_1_369' title='bbox 126 2643 311 2707; x_wconf 85' lang='lat' dir='ltr'><strong>pulsate</strong></span> <span class='ocrx_word' id='word_1_370' title='bbox 332 2645 571 2709; x_wconf 88' lang='lat' dir='ltr'><strong>rogando.</strong></span> <span class='ocrx_word' id='word_1_371' title='bbox 593 2646 796 2695; x_wconf 87' lang='lat' dir='ltr'><strong>Ratione</strong></span> <span class='ocrx_word' id='word_1_372' title='bbox 817 2647 996 2713; x_wconf 86' lang='lat' dir='ltr'><strong>quippe</strong></span> <span class='ocrx_word' id='word_1_373' title='bbox 1015 2648 1167 2712; x_wconf 87' lang='lat' dir='ltr'><strong>magis</strong></span> <span class='ocrx_word' id='word_1_374' title='bbox 1187 2648 1394 2696; x_wconf 78' lang='lat' dir='ltr'><strong>haeretici</strong></span> <span class='ocrx_word' id='word_1_375' title='bbox 1414 2658 1525 2696; x_wconf 85' lang='lat' dir='ltr'><strong>sunt</strong></span> <span class='ocrx_word' id='word_1_376' title='bbox 1545 2666 1692 2715; x_wconf 90' lang='lat' dir='ltr'><strong>quam</strong></span> <span class='ocrx_word' id='word_1_377' title='bbox 1720 2659 1956 2715; x_wconf 87' lang='lat' dir='ltr'><strong>potestate</strong></span> <span class='ocrx_word' id='word_1_378' title='bbox 1988 2648 2268 2709; x_wconf 88' lang='lat' dir='ltr'><strong>coercendi,</strong></span> 
     </span>
     <span class='ocr_line' id='line_1_32' title="bbox 125 2724 2272 2794; baseline 0.004 -24"><span class='ocrx_word' id='word_1_379' title='bbox 125 2740 239 2772; x_wconf 90' lang='lat' dir='ltr'><strong>cum</strong></span> <span class='ocrx_word' id='word_1_380' title='bbox 270 2724 406 2788; x_wconf 85' lang='lat' dir='ltr'><strong>juxta</strong></span> <span class='ocrx_word' id='word_1_381' title='bbox 445 2735 725 2775; x_wconf 86' lang='lat' dir='ltr'><strong>sanctorum</strong></span> <span class='ocrx_word' id='word_1_382' title='bbox 768 2730 981 2794; x_wconf 63' lang='lat' dir='ltr'><strong>Patrumv</strong></span> <span class='ocrx_word' id='word_1_383' title='bbox 1004 2729 1363 2789; x_wconf 89' lang='lat' dir='ltr'><strong>auctoritatem,</strong></span> <span class='ocrx_word' id='word_1_384' title='bbox 1405 2729 1571 2777; x_wconf 87' lang='lat' dir='ltr'><strong>fideles</strong></span> <span class='ocrx_word' id='word_1_385' title='bbox 1606 2747 1803 2794; x_wconf 90' lang='lat' dir='ltr'><strong>quoque</strong></span> <span class='ocrx_word' id='word_1_386' title='bbox 1842 2729 2019 2793; x_wconf 92' lang='lat' dir='ltr'><strong>quibus</strong></span> <span class='ocrx_word' id='word_1_387' title='bbox 2045 2750 2068 2773; x_wconf 74' lang='grc' dir='ltr'><strong>ιε</strong></span> <span class='ocrx_word' id='word_1_388' title='bbox 2108 2731 2272 2778; x_wconf 87' lang='lat' dir='ltr'><strong>omnia</strong></span> 
     </span>
     <span class='ocr_line' id='line_1_33' title="bbox 125 2805 2271 2875; baseline 0.003 -24"><span class='ocrx_word' id='word_1_389' title='bbox 125 2815 450 2869; x_wconf 88' lang='lat' dir='ltr'><strong>cooperantur</strong></span> <span class='ocrx_word' id='word_1_390' title='bbox 471 2806 521 2853; x_wconf 91' lang='lat' dir='ltr'><strong>in</strong></span> <span class='ocrx_word' id='word_1_391' title='bbox 541 2805 759 2867; x_wconf 90' lang='lat' dir='ltr'><strong>bonum,</strong></span> <span class='ocrx_word' id='word_1_392' title='bbox 785 2826 809 2852; x_wconf 88' lang='lat'>»</span> <span class='ocrx_word' id='word_1_393' title='bbox 836 2823 1007 2856; x_wconf 91' lang='lat' dir='ltr'><strong>eorum</strong></span> <span class='ocrx_word' id='word_1_394' title='bbox 1039 2807 1446 2872; x_wconf 85' lang='lat' dir='ltr'><strong>disputationibus</strong></span> <span class='ocrx_word' id='word_1_395' title='bbox 1483 2809 1746 2869; x_wconf 85' lang='lat' dir='ltr'><strong>exercitati,</strong></span> <span class='ocrx_word' id='word_1_396' title='bbox 1772 2809 2093 2872; x_wconf 86' lang='lat' dir='ltr'><strong>vigilantiores</strong></span> <span class='ocrx_word' id='word_1_397' title='bbox 2125 2820 2271 2875; x_wconf 85' lang='lat' dir='ltr'><strong>atque</strong></span> 
     </span>
     <span class='ocr_line' id='line_1_34' title="bbox 125 2885 2270 2952; baseline 0.004 -20"><span class='ocrx_word' id='word_1_398' title='bbox 125 2885 362 2934; x_wconf 89' lang='lat' dir='ltr'><strong>cautiores</strong></span> <span class='ocrx_word' id='word_1_399' title='bbox 383 2885 665 2934; x_wconf 88' lang='lat' dir='ltr'><strong>reddantur.</strong></span> <span class='ocrx_word' id='word_1_400' title='bbox 690 2905 715 2932; x_wconf 77' lang='grc' dir='ltr'><strong>υ</strong></span> <span class='ocrx_word' id='word_1_401' title='bbox 739 2887 880 2935; x_wconf 91' lang='lat' dir='ltr'><strong>Unde</strong></span> <span class='ocrx_word' id='word_1_402' title='bbox 903 2889 1227 2952; x_wconf 88' lang='lat' dir='ltr'><strong>Hieronymus</strong></span> <span class='ocrx_word' id='word_1_403' title='bbox 1252 2904 1398 2952; x_wconf 81' lang='lat' dir='ltr'><strong>super</strong></span> <span class='ocrx_word' id='word_1_404' title='bbox 1424 2890 1746 2951; x_wconf 81' lang='lat' dir='ltr'><strong>Hieremiam,</strong></span> <span class='ocrx_word' id='word_1_405' title='bbox 1772 2889 1859 2938; x_wconf 92' lang='lat' dir='ltr'><strong>lib.</strong></span> <span class='ocrx_word' id='word_1_406' title='bbox 1882 2893 1946 2937; x_wconf 79' lang='lat'><strong>11⁹</strong></span> <span class='ocrx_word' id='word_1_407' title='bbox 1971 2908 1983 2937; x_wconf 93' lang='lat'><strong>:</strong></span> <span class='ocrx_word' id='word_1_408' title='bbox 2012 2911 2035 2934; x_wconf 86' lang='lat'>«</span> <span class='ocrx_word' id='word_1_409' title='bbox 2059 2891 2126 2938; x_wconf 89' lang='lat' dir='ltr'><strong>Ad</strong></span> <span class='ocrx_word' id='word_1_410' title='bbox 2151 2901 2270 2940; x_wconf 90' lang='lat' dir='ltr'><strong>tem·</strong></span> 
     </span>
     <span class='ocr_line' id='line_1_35' title="bbox 125 2965 2265 3038; baseline 0.002 -25"><span class='ocrx_word' id='word_1_411' title='bbox 125 2982 242 3030; x_wconf 90' lang='lat' dir='ltr'><strong>pus,</strong></span> <span class='ocrx_word' id='word_1_412' title='bbox 266 2966 447 3031; x_wconf 88' lang='lat' dir='ltr'><strong>inquit,</strong></span> <span class='ocrx_word' id='word_1_413' title='bbox 481 2966 609 3015; x_wconf 88' lang='lat' dir='ltr'><strong>valet</strong></span> <span class='ocrx_word' id='word_1_414' title='bbox 635 2965 854 3030; x_wconf 82' lang='lat' dir='ltr'><strong>haeresis,</strong></span> <span class='ocrx_word' id='word_1_415' title='bbox 880 2978 936 3016; x_wconf 89' lang='lat' dir='ltr'><strong>ut</strong></span> <span class='ocrx_word' id='word_1_416' title='bbox 968 2969 1106 3018; x_wconf 89' lang='lat' dir='ltr'><strong>electi</strong></span> <span class='ocrx_word' id='word_1_417' title='bbox 1130 2969 1310 3034; x_wconf 89' lang='lat' dir='ltr'><strong>quique</strong></span> <span class='ocrx_word' id='word_1_418' title='bbox 1334 2970 1573 3018; x_wconf 88' lang='lat' dir='ltr'><strong>manifesti</strong></span> <span class='ocrx_word' id='word_1_419' title='bbox 1593 2970 1737 3032; x_wconf 87' lang='lat' dir='ltr'><strong>fiant,</strong></span> <span class='ocrx_word' id='word_1_420' title='bbox 1775 2981 1823 3019; x_wconf 92' lang='lat' dir='ltr'><strong>et</strong></span> <span class='ocrx_word' id='word_1_421' title='bbox 1864 2971 2057 3038; x_wconf 88' lang='lat' dir='ltr'><strong>probati</strong></span> <span class='ocrx_word' id='word_1_422' title='bbox 2087 2973 2199 3021; x_wconf 89' lang='lat' dir='ltr'><strong>sint.</strong></span> <span class='ocrx_word' id='word_1_423' title='bbox 2241 2993 2265 3018; x_wconf 90' lang='lat'><strong><em>»</em></strong></span> 
     </span>
     <span class='ocr_line' id='line_1_36' title="bbox 127 3047 2263 3113; baseline 0.003 -20"><span class='ocrx_word' id='word_1_424' title='bbox 127 3047 435 3110; x_wconf 75' lang='lat' dir='ltr'><strong>Augustinus,</strong></span> <span class='ocrx_word' id='word_1_425' title='bbox 474 3058 643 3095; x_wconf 84' lang='lat' dir='ltr'><strong>contra</strong></span> <span class='ocrx_word' id='word_1_426' title='bbox 677 3048 927 3112; x_wconf 81' lang='lat' dir='ltr'><strong>epistolam</strong></span> <span class='ocrx_word' id='word_1_427' title='bbox 961 3051 1283 3097; x_wconf 84' lang='lat' dir='ltr'><strong>Parmeniani</strong></span> <span class='ocrx_word' id='word_1_428' title='bbox 1301 3052 1327 3078; x_wconf 87' lang='lat'><strong>¹⁰</strong></span> <span class='ocrx_word' id='word_1_429' title='bbox 1350 3068 1360 3096; x_wconf 75' lang='grc' dir='ltr'><strong><em>ε</em></strong></span> <span class='ocrx_word' id='word_1_430' title='bbox 1386 3069 1410 3096; x_wconf 88' lang='lat'>«</span> <span class='ocrx_word' id='word_1_431' title='bbox 1431 3051 1648 3099; x_wconf 82' lang='lat' dir='ltr'><strong>Haeretici</strong></span> <span class='ocrx_word' id='word_1_432' title='bbox 1682 3053 1721 3099; x_wconf 91' lang='lat' dir='ltr'><strong>si</strong></span> <span class='ocrx_word' id='word_1_433' title='bbox 1753 3052 1802 3100; x_wconf 92' lang='lat' dir='ltr'><strong>in</strong></span> <span class='ocrx_word' id='word_1_434' title='bbox 1836 3053 2046 3102; x_wconf 88' lang='lat' dir='ltr'><strong>Ecclesia</strong></span> <span class='ocrx_word' id='word_1_435' title='bbox 2086 3063 2263 3113; x_wconf 87' lang='lat' dir='ltr'><strong>essent,</strong></span> 
     </span>
    </p>
   </div>
   <div class='ocr_carea' id='block_1_5' title="bbox 122 3198 2262 3355">
    <p class='ocr_par' dir='ltr' id='par_1_5' title="bbox 122 3198 2262 3355">
     <span class='ocr_line' id='line_1_37' title="bbox 167 3198 2251 3250; baseline 0.004 -18"><span class='ocrx_word' id='word_1_436' title='bbox 167 3198 217 3232; x_wconf 78' lang='lat'><strong>¹11</strong></span> <span class='ocrx_word' id='word_1_437' title='bbox 240 3199 340 3241; x_wconf 65' lang='lat' dir='ltr'><strong>Tim„</strong></span> <span class='ocrx_word' id='word_1_438' title='bbox 366 3209 438 3242; x_wconf 85' lang='lat' dir='ltr'><strong>cap.</strong></span> <span class='ocrx_word' id='word_1_439' title='bbox 457 3210 503 3240; x_wconf 86' lang='grc' dir='ltr'><strong>ιιι,</strong></span> <span class='ocrx_word' id='word_1_440' title='bbox 522 3211 551 3234; x_wconf 87' lang='lat' dir='ltr'><strong>v.</strong></span> <span class='ocrx_word' id='word_1_441' title='bbox 573 3203 600 3235; x_wconf 86' lang='lat'><strong>1.</strong></span> <span class='ocrx_word' id='word_1_442' title='bbox 623 3219 660 3225; x_wconf 96' lang='lat'>—</span> <span class='ocrx_word' id='word_1_443' title='bbox 677 3201 714 3234; x_wconf 83' lang='lat'><strong>²1</strong></span> <span class='ocrx_word' id='word_1_444' title='bbox 733 3201 896 3244; x_wconf 64' lang='lat' dir='ltr'><strong>Corinth„</strong></span> <span class='ocrx_word' id='word_1_445' title='bbox 913 3211 984 3244; x_wconf 86' lang='lat' dir='ltr'><strong>cap.</strong></span> <span class='ocrx_word' id='word_1_446' title='bbox 1005 3211 1039 3242; x_wconf 86' lang='lat' dir='ltr'><strong>x,</strong></span> <span class='ocrx_word' id='word_1_447' title='bbox 1054 3212 1086 3235; x_wconf 87' lang='lat' dir='ltr'><strong>v.</strong></span> <span class='ocrx_word' id='word_1_448' title='bbox 1109 3205 1159 3237; x_wconf 88' lang='lat'><strong>11.</strong></span> <span class='ocrx_word' id='word_1_449' title='bbox 1233 3213 1306 3245; x_wconf 86' lang='lat' dir='ltr'><strong>cap.</strong></span> <span class='ocrx_word' id='word_1_450' title='bbox 1329 3213 1375 3245; x_wconf 73' lang='lat' dir='ltr'><strong>tv,</strong></span> <span class='ocrx_word' id='word_1_451' title='bbox 1399 3214 1429 3237; x_wconf 85' lang='lat' dir='ltr'><strong>v.</strong></span> <span class='ocrx_word' id='word_1_452' title='bbox 1448 3206 1479 3238; x_wconf 89' lang='grc'><strong>6.</strong></span> <span class='ocrx_word' id='word_1_453' title='bbox 1498 3223 1536 3229; x_wconf 91' lang='grc'>-</span> <span class='ocrx_word' id='word_1_454' title='bbox 1550 3206 1660 3245; x_wconf 72' lang='lat' dir='ltr'><strong>³Lib„</strong></span> <span class='ocrx_word' id='word_1_455' title='bbox 1678 3206 1714 3246; x_wconf 89' lang='lat'><strong>1,</strong></span> <span class='ocrx_word' id='word_1_456' title='bbox 1730 3216 1803 3247; x_wconf 80' lang='lat' dir='ltr'><strong>cap.</strong></span> <span class='ocrx_word' id='word_1_457' title='bbox 1829 3216 1865 3248; x_wconf 79' lang='lat' dir='ltr'><strong>u.</strong></span> <span class='ocrx_word' id='word_1_458' title='bbox 1882 3208 1983 3250; x_wconf 68' lang='lat' dir='ltr'><strong>opp„</strong></span> <span class='ocrx_word' id='word_1_459' title='bbox 2004 3213 2029 3239; x_wconf 87' lang='lat' dir='ltr'><strong>t.</strong></span> <span class='ocrx_word' id='word_1_460' title='bbox 2055 3207 2094 3245; x_wconf 85' lang='lat' dir='ltr'><strong>X,</strong></span> <span class='ocrx_word' id='word_1_461' title='bbox 2111 3208 2174 3240; x_wconf 86' lang='lat' dir='ltr'><strong>col.</strong></span> <span class='ocrx_word' id='word_1_462' title='bbox 2192 3209 2251 3240; x_wconf 82' lang='lat'><strong>281</strong></span> 
     </span>
     <span class='ocr_line' id='line_1_38' title="bbox 125 3252 2262 3301; baseline 0.003 -15"><span class='ocrx_word' id='word_1_463' title='bbox 125 3270 162 3277; x_wconf 89' lang='lat'><em>-</em></span> <span class='ocrx_word' id='word_1_464' title='bbox 175 3255 188 3274; x_wconf 77' lang='lat'>³</span> <span class='ocrx_word' id='word_1_465' title='bbox 199 3252 228 3286; x_wconf 87' lang='lat'><strong>11</strong></span> <span class='ocrx_word' id='word_1_466' title='bbox 245 3253 348 3295; x_wconf 64' lang='lat' dir='ltr'><strong>Petr„</strong></span> <span class='ocrx_word' id='word_1_467' title='bbox 363 3264 436 3296; x_wconf 81' lang='lat' dir='ltr'><strong>cap.</strong></span> <span class='ocrx_word' id='word_1_468' title='bbox 455 3264 502 3292; x_wconf 83' lang='lat'>111.</span> <span class='ocrx_word' id='word_1_469' title='bbox 519 3265 550 3289; x_wconf 80' lang='lat' dir='ltr'><strong>v.</strong></span> <span class='ocrx_word' id='word_1_470' title='bbox 568 3258 601 3289; x_wconf 87' lang='grc'><strong>3.</strong></span> <span class='ocrx_word' id='word_1_471' title='bbox 616 3274 654 3280; x_wconf 95' lang='grc'>-</span> <span class='ocrx_word' id='word_1_472' title='bbox 674 3256 709 3289; x_wconf 80' lang='lat'><strong>⁴1</strong></span> <span class='ocrx_word' id='word_1_473' title='bbox 727 3255 821 3291; x_wconf 78' lang='lat' dir='ltr'><strong>Joan.</strong></span> <span class='ocrx_word' id='word_1_474' title='bbox 834 3281 843 3299; x_wconf 92' lang='lat'><strong>,</strong></span> <span class='ocrx_word' id='word_1_475' title='bbox 857 3265 931 3298; x_wconf 80' lang='lat' dir='ltr'><strong>cap.</strong></span> <span class='ocrx_word' id='word_1_476' title='bbox 948 3266 985 3298; x_wconf 88' lang='grc' dir='ltr'><strong>ιι,</strong></span> <span class='ocrx_word' id='word_1_477' title='bbox 1001 3266 1031 3290; x_wconf 84' lang='lat' dir='ltr'><strong>v.</strong></span> <span class='ocrx_word' id='word_1_478' title='bbox 1051 3258 1101 3291; x_wconf 83' lang='lat'><strong>18.</strong></span> <span class='ocrx_word' id='word_1_479' title='bbox 1121 3275 1160 3283; x_wconf 88' lang='lat'>-</span> <span class='ocrx_word' id='word_1_480' title='bbox 1234 3275 1273 3282; x_wconf 94' lang='grc'>-</span> <span class='ocrx_word' id='word_1_481' title='bbox 1286 3260 1299 3279; x_wconf 80' lang='lat'>⁹</span> <span class='ocrx_word' id='word_1_482' title='bbox 1315 3258 1416 3301; x_wconf 71' lang='lat' dir='ltr'><strong>Opp„</strong></span> <span class='ocrx_word' id='word_1_483' title='bbox 1431 3263 1455 3292; x_wconf 83' lang='lat' dir='ltr'><strong>t.</strong></span> <span class='ocrx_word' id='word_1_484' title='bbox 1473 3259 1519 3292; x_wconf 92' lang='lat'><strong>111</strong></span> <span class='ocrx_word' id='word_1_485' title='bbox 1529 3282 1541 3300; x_wconf 78' lang='lat'><strong>‚</strong></span> <span class='ocrx_word' id='word_1_486' title='bbox 1557 3261 1620 3293; x_wconf 86' lang='lat' dir='ltr'><strong>col.</strong></span> <span class='ocrx_word' id='word_1_487' title='bbox 1637 3262 1712 3294; x_wconf 84' lang='lat'><strong>580.</strong></span> <span class='ocrx_word' id='word_1_488' title='bbox 1730 3279 1769 3284; x_wconf 91' lang='lat'><em>-</em></span> <span class='ocrx_word' id='word_1_489' title='bbox 1790 3263 1811 3282; x_wconf 83' lang='lat'><strong>¹⁰</strong></span> <span class='ocrx_word' id='word_1_490' title='bbox 1827 3261 1897 3296; x_wconf 83' lang='lat' dir='ltr'><strong>Lib.</strong></span> <span class='ocrx_word' id='word_1_491' title='bbox 1914 3263 1956 3295; x_wconf 87' lang='lat' dir='ltr'><strong>de</strong></span> <span class='ocrx_word' id='word_1_492' title='bbox 1977 3261 2059 3294; x_wconf 79' lang='lat' dir='ltr'><strong>Vera</strong></span> <span class='ocrx_word' id='word_1_493' title='bbox 2080 3260 2262 3301; x_wconf 78' lang='lat' dir='ltr'><strong>Religione.</strong></span> 
     </span>
     <span class='ocr_line' id='line_1_39' title="bbox 122 3304 1786 3355; baseline 0.008 -19"><span class='ocrx_word' id='word_1_494' title='bbox 122 3307 133 3324; x_wconf 78' lang='lat'>⁸</span> <span class='ocrx_word' id='word_1_495' title='bbox 150 3304 258 3348; x_wconf 78' lang='lat' dir='ltr'><strong>Judae,</strong></span> <span class='ocrx_word' id='word_1_496' title='bbox 275 3315 305 3339; x_wconf 86' lang='lat' dir='ltr'><strong>v.</strong></span> <span class='ocrx_word' id='word_1_497' title='bbox 338 3310 385 3341; x_wconf 83' lang='lat'><strong>17.</strong></span> <span class='ocrx_word' id='word_1_498' title='bbox 405 3326 441 3332; x_wconf 86' lang='lat'>—</span> <span class='ocrx_word' id='word_1_499' title='bbox 458 3309 471 3329; x_wconf 79' lang='lat'><strong>⁶</strong></span> <span class='ocrx_word' id='word_1_500' title='bbox 490 3308 516 3341; x_wconf 87' lang='lat'><strong>11</strong></span> <span class='ocrx_word' id='word_1_501' title='bbox 535 3309 712 3352; x_wconf 76' lang='lat' dir='ltr'><strong>Petr.‚cap,</strong></span> <span class='ocrx_word' id='word_1_502' title='bbox 741 3319 788 3351; x_wconf 82' lang='grc' dir='ltr'><strong>ιιι,</strong></span> <span class='ocrx_word' id='word_1_503' title='bbox 807 3320 837 3343; x_wconf 83' lang='grc' dir='ltr'><strong>ν.</strong></span> <span class='ocrx_word' id='word_1_504' title='bbox 860 3313 909 3345; x_wconf 88' lang='lat'><strong>15.</strong></span> <span class='ocrx_word' id='word_1_505' title='bbox 930 3329 967 3336; x_wconf 86' lang='lat'>-</span> <span class='ocrx_word' id='word_1_506' title='bbox 987 3314 998 3334; x_wconf 95' lang='lat'>⁷</span> <span class='ocrx_word' id='word_1_507' title='bbox 1012 3312 1158 3355; x_wconf 62' lang='lat' dir='ltr'><strong>coloss,</strong></span> <span class='ocrx_word' id='word_1_508' title='bbox 1233 3321 1305 3354; x_wconf 83' lang='lat' dir='ltr'><strong>cap.</strong></span> <span class='ocrx_word' id='word_1_509' title='bbox 1322 3321 1398 3355; x_wconf 83' lang='lat' dir='ltr'><strong>vm,</strong></span> <span class='ocrx_word' id='word_1_510' title='bbox 1419 3312 1519 3355; x_wconf 66' lang='lat' dir='ltr'><strong>opp„</strong></span> <span class='ocrx_word' id='word_1_511' title='bbox 1535 3318 1559 3347; x_wconf 90' lang='lat' dir='ltr'><strong>t.</strong></span> <span class='ocrx_word' id='word_1_512' title='bbox 1579 3313 1606 3355; x_wconf 88' lang='lat'><strong>1,</strong></span> <span class='ocrx_word' id='word_1_513' title='bbox 1625 3314 1687 3347; x_wconf 84' lang='lat' dir='ltr'><strong>col.</strong></span> <span class='ocrx_word' id='word_1_514' title='bbox 1712 3316 1786 3349; x_wconf 82' lang='lat'><strong>753.</strong></span> 
     </span>
    </p>
   </div>
  </div>
 </body>
</html>
