2638 3866
286 173 379 220 188
1100 163 1262 213 PETRI
1296 161 1604 211 ABAELARDI

285 282 355 319 est
383 271 444 319 ab
466 271 550 319 illo
585 269 707 317 Juda
728 267 1018 316 vocabulum
1046 266 1213 325 trahit,
1239 264 1300 311 de
1324 279 1422 327 quo
1443 263 1671 327 scriptum
1696 264 1788 308 est¹
1813 279 1823 307 ε
1855 281 1875 304 α
1903 261 2044 321 Juda,
2074 271 2120 310 te
2145 262 2412 312 laudabunt

286 352 450 399 fratres
463 353 547 411 tui,
563 362 675 409 etc.,
687 369 707 395 1>
723 366 828 414 quae
840 350 889 395 in
904 347 1147 395 Salvatore
1159 344 1445 409 prophetata
1462 352 1591 389 sunt.
1611 341 1900 406 Augustinus
1913 341 1961 388 in
1975 342 2224 390 Psalmam
2236 362 2358 390 Lxxv
2372 348 2406 390 ²:

289 451 309 474 (ι
333 432 481 478 Judaei
506 431 710 478 maxime
730 445 757 476 a
773 427 896 475 Juda
917 425 1189 474 Patriarcha
1208 423 1432 489 appellati
1455 432 1584 470 sunt.
1606 424 1727 469 Nam
1745 421 1902 486 primo
1925 421 1986 469 de
2009 422 2100 471 alia
2124 423 2250 471 tribu
2274 424 2415 472 datus

286 520 353 558 est
375 528 459 558 rex
481 510 592 558 Saul
616 519 664 556 et
684 507 984 574 reprobum,
1011 516 1242 569 tanquam
1264 503 1434 551 malus.
1465 505 1562 549 Rex
1586 503 1772 567 primus
1794 502 1855 549 de
1879 502 2007 550 tribu
2030 502 2152 550 Juda
2170 504 2340 564 David,
2366 515 2414 552 et

284 608 338 644 ex
362 589 443 637 illo
468 590 528 637 de
554 589 683 637 tribu
704 592 727 636 J
733 589 829 636 uda
854 604 1042 651 semper
1068 602 1201 649 reges
1224 583 1514 631 habuerunt.
1543 582 1684 630 Unde
1711 582 1860 630 Judaei
1882 583 1999 631 dicti
2027 594 2164 642 sunt,
2183 594 2230 632 et
2251 601 2416 650 coepe-

283 680 395 717 runt
418 687 553 734 reges
574 669 849 733 alienigenae
872 667 935 714 ab
955 665 1162 713 Herode.
1193 668 1357 728 Itaque
1376 664 1599 711 veniente
1626 664 1857 726 Domino,
1880 681 2100 712 eversum
2123 674 2192 711 est
2213 681 2414 729 regnum

282 750 573 807 Judaeorum‚
596 760 641 797 et
664 748 908 796 sublatum
929 756 998 793 est
1020 762 1077 793 ex
1096 744 1286 806 Judaeis‚
1304 745 1418 809 quia
1445 743 1703 791 noluerunt
1724 761 2014 808 cognoscere
2035 761 2201 793 verum
2219 748 2410 810 Regem.

281 832 386 877 Jam
408 830 566 877 videte
594 831 632 877 si
659 829 808 876 Judaei
840 828 934 875 sint
965 824 1256 891 appellandi.
1294 825 1389 890 Ipsi
1410 841 1529 872 voce
1560 841 1644 871 sua
1669 823 2013 872 abdicaverunt
2036 842 2086 873 se
2109 825 2170 873 ab
2191 826 2283 874 isto
2316 842 2414 872 no—

282 911 429 972 mine,
447 921 498 958 ut
513 910 662 958 Judaei
676 927 774 957 non
794 909 887 956 sint
902 907 1032 971 digni
1050 905 1297 971 appellari,
1317 906 1408 952 nisi
1425 914 1791 952 tantumcarne.
1810 905 2077 954 Saeviebant
2092 907 2140 954 in
2153 906 2412 967 Christum,

281 990 331 1036 id
354 1000 424 1037 est
455 1007 605 1055 genus
628 990 751 1037 Juda
775 1008 784 1035 :
811 987 1068 1036 saeviebant
1098 987 1147 1033 in
1172 1003 1335 1033 semen
1362 986 1535 1033 David.
1564 985 1827 1033 Dicebant⁸
1850 1004 1860 1032 :
1893 1007 1915 1030 «
1940 990 2047 1034 Non
2070 987 2304 1034 habemus
2326 988 2415 1034 Re-

281 1087 387 1133 gem
410 1071 498 1118 nisi
523 1074 771 1118 Caesarem.
798 1090 819 1113 »
847 1071 889 1114 O
917 1068 1065 1115 Judaei
1082 1103 1094 1126 ,
1121 1067 1161 1114 si
1184 1065 1284 1114 non
1315 1066 1504 1114 habetis
1529 1069 1704 1129 Regem
1728 1066 1819 1114 nisi
1841 1069 2090 1127 Caesarem,
2120 1067 2294 1115 defecit
2316 1067 2418 1132 jam

283 1151 502 1216 princeps
524 1167 581 1197 ex
602 1150 748 1210 Juda;
776 1149 906 1196 venit
927 1148 1005 1195 cui
1027 1148 1374 1213 repromissum
1393 1156 1480 1195 est.
1508 1147 1576 1194 llli
1599 1163 1713 1210 ergo
1735 1147 1894 1195 verius
1913 1147 2140 1195 dicuutur
2162 1148 2311 1196 Judaei
2333 1149 2417 1214 qui

281 1229 535 1277 Christiani
571 1230 680 1277 facti
716 1239 826 1276 sunt
857 1246 914 1276 ex
949 1227 1137 1275 Judaeis.
1176 1228 1339 1275 Judaea
1365 1244 1505 1288 vera,
1535 1227 1708 1274 Christi
1738 1227 1947 1276 Ecclesia
1970 1239 2054 1276 est.
2083 1228 2336 1277 Credimus
2366 1229 2416 1276 in

282 1310 414 1357 illum
450 1311 534 1374 qui
569 1311 699 1358 venit
731 1326 787 1357 ex
822 1309 950 1356 tribu
983 1308 1107 1356 Juda
1138 1325 1226 1374 per
1257 1308 1473 1357 Mariam.
1506 1327 1527 1352 n
1559 1311 1744 1371 Haymo
1773 1326 1785 1353 ε
1822 1329 1843 1351 «
1877 1309 1926 1355 Si
1949 1319 2111 1357 autem
2146 1319 2201 1357 tu
2227 1309 2418 1357 Judaeus

280 1391 650 1453 cognominaris,
676 1389 904 1437 subaudis
927 1406 956 1437 a
974 1389 1100 1437 Juda
1124 1388 1413 1449 Patriarcha,
1443 1398 1534 1436 etc.
1559 1407 1582 1433 υ
1616 1387 1894 1436 Ambrosius
1921 1407 1931 1435 ε
1969 1409 1991 1434 κ
2017 1390 2182 1437 Judaeo
2207 1391 2419 1456 primum

280 1480 325 1516 et
347 1472 530 1517 Graeco.
554 1473 577 1516 J
583 1470 703 1517 udaei
734 1487 790 1517 ex
816 1479 1035 1535 tempore
1059 1468 1194 1516 Judae
1215 1467 1474 1515 Machabaei
1503 1468 1598 1516 dici
1621 1479 1894 1533 coeperunt,
1922 1470 2006 1534 qui
2030 1470 2079 1517 in
2103 1486 2247 1518 causa
2270 1469 2419 1518 cladis

278 1550 444 1597 restitit
478 1550 731 1615 sacrilegis,
769 1560 815 1597 et
847 1549 1023 1598 fiducia
1054 1550 1141 1597 Dei
1177 1549 1368 1614 collegit
1400 1549 1666 1614 populum,
1696 1559 1743 1596 et
1775 1549 1991 1597 defendit
2024 1537 2365 1614 genus-suum.
2392 1571 2414 1595 η

278 1631 553 1678 Notandum
577 1648 692 1680 vero
725 1632 839 1696 quia
863 1631 957 1678 hoc
979 1630 1089 1678 loco
1119 1629 1399 1677 Ambrosius
1422 1646 1522 1676 non
1547 1629 1664 1677 dicit
1692 1629 1895 1678 Judaeos.
1912 1630 2008 1678 dici
2031 1647 2059 1678 a
2081 1630 2203 1679 Juda
2225 1631 2418 1680 Macha-

277 1710 399 1772 baeo,
423 1712 508 1758 sed
538 1728 566 1759 a
593 1722 814 1776 tempore
845 1712 947 1775 ejus
982 1711 1048 1758 sic
1076 1710 1189 1770 dici,
1219 1711 1480 1775 praesertim
1504 1727 1615 1758 cum
1641 1727 1670 1758 a
1696 1711 1876 1758 caeteris
1909 1711 2041 1758 libris
2065 1712 2234 1759 veteris
2255 1702 2420 1760 Testa-

277 1792 425 1838 menti
446 1809 546 1839 non
570 1793 880 1840 inveniantur
905 1792 972 1838 sic
995 1791 1237 1856 appellati,
1265 1791 1384 1837 sicut
1410 1791 1458 1837 in
1483 1789 1617 1837 libris
1639 1790 2045 1838 Machabaeorum,
2073 1792 2169 1850 Qui
2185 1793 2369 1839 etiamsi
2392 1810 2419 1840 a

276 1874 297 1917 J
305 1871 396 1920 uda
418 1873 691 1920 Machabaeo
718 1873 785 1920 sic
807 1882 968 1920 essent
987 1871 1230 1937 appellati,
1259 1871 1485 1918 videntur
1513 1881 1559 1918 et
1582 1888 1610 1919 a
1631 1871 1755 1918 Juda
1772 1872 2048 1919 Patriarcha
2069 1873 2135 1920 sic
2155 1873 2415 1934 nominari,

277 1969 388 1999 cum
406 1954 507 2018 ipse
530 1970 727 2018 quoque
743 1955 766 1999 J
772 1952 889 2000 udas
912 1951 1214 2000 Machabaeus
1236 1951 1298 1999 ab
1317 1951 1399 1999 illo
1417 1951 1540 1999 Juda
1558 1953 1624 1999 sic
1646 1962 1768 1999 esset
1792 1952 2075 2018 appellatus.

346 2052 369 2077 ι(
388 2037 446 2080 Et
471 2034 730 2099 requiescis
753 2034 802 2081 in
825 2034 946 2098 lege,
975 2052 998 2078 >1
1027 2042 1078 2079 ut
1102 2049 1202 2079 non
1237 2032 1444 2095 fatigeris
1472 2032 1718 2080 erroribus
1740 2032 2035 2097 inquirendo
2067 2050 2174 2097 quae
2203 2033 2419 2081 facienda

276 2113 370 2159 sint
399 2113 510 2174 tibi,
538 2124 584 2162 et
607 2124 764 2161 totum
790 2114 839 2160 in
863 2129 922 2161 ea
947 2113 1161 2161 studium
1184 2111 1334 2160 habes
1359 2123 1668 2179 occupatum,
1691 2122 1744 2159 ut
1763 2130 1864 2160 non
1889 2114 2049 2178 ipsum
2072 2114 2131 2160 ad
2166 2114 2282 2162 alias
2303 2116 2424 2180 pro-⁷

279 2193 445 2240 tendas
456 2196 486 2255 ⁶,
512 2194 574 2242 ad
594 2195 769 2260 scripta
788 2194 968 2241 scilicet
990 2203 1247 2259 poetarum
1275 2202 1323 2240 et
1344 2192 1775 2258 philosophorum,
1801 2214 1823 2238 ε(
1850 2203 1897 2241 et
1918 2194 2134 2258 gloriaris
2160 2195 2209 2241 in
2246 2197 2367 2254 Deo,
2392 2215 2415 2239 »

273 2274 499 2336 jactando
523 2275 698 2322 scilicet
729 2285 775 2322 te
796 2274 1059 2339 gloriosum
1079 2273 1140 2321 de
1159 2273 1437 2338 cognitione
1459 2273 1550 2320 Dei
1572 2283 1619 2320 et
1640 2273 1742 2338 lege
1766 2273 1852 2320 tibi
1874 2274 1935 2322 ab
1954 2275 2059 2340 ipso
2082 2274 2219 2334 data,
2245 2291 2303 2322 ex
2325 2291 2419 2339 qua

279 2353 499 2403 videlicet
514 2355 616 2419 lege
635 2356 763 2402 nosti
784 2355 1084 2404 voluntatem
1106 2354 1224 2418 ejuS,
1242 2353 1377 2418 quod
1401 2353 1621 2401 videlicet
1643 2355 1686 2401 ei
1708 2354 1810 2401 fieri
1832 2355 2035 2420 placeat.
2056 2374 2080 2404 «
2098 2358 2153 2402 Et
2175 2355 2372 2420 probas,
2393 2374 2416 2400 n

278 2433 327 2480 id
352 2444 422 2482 est
444 2435 672 2482 discernis
694 2452 795 2483 non
818 2435 975 2482 solum
995 2434 1130 2481 utilia
1148 2433 1210 2481 ab
1233 2433 1499 2492 inutilibus,
1526 2450 1695 2480 verum
1730 2434 1873 2480 ctiam
1897 2435 2087 2482 utiliora
2110 2434 2172 2481 ab
2203 2434 2414 2482 utilibus.

282 2514 547 2576 «Confidis,
571 2536 593 2559 »
612 2526 665 2562 ut
682 2515 904 2563 videlicet
918 2514 1074 2580 possis
1094 2513 1347 2561 ostendere
1367 2513 1467 2560 aliis
1477 2514 1605 2561 viam
1616 2513 1808 2577 justitiae
1824 2514 1871 2560 in
1887 2514 2124 2561 mandatis
2136 2514 2241 2561 Dei.
2261 2517 2419 2562 Caecos

279 2594 374 2640 sive
396 2596 445 2641 in
473 2595 681 2643 tenebris
703 2595 997 2656 exsistentes,
1024 2594 1121 2641 sive
1142 2593 1420 2659 insipientes
1444 2603 1491 2640 et
1512 2593 1717 2640 infantes
1739 2593 1850 2640 ideo
1874 2593 2112 2657 intelligit,
2138 2603 2186 2641 et
2208 2595 2421 2642 similiter

280 2671 468 2734 ducem,
498 2684 544 2720 et
567 2674 751 2736 lumen,
777 2685 825 2722 et
846 2673 1159 2731 eruditorem,
1186 2682 1234 2720 et
1256 2673 1536 2737 magistrum
1561 2689 1651 2738 pro
1683 2672 1857 2720 eodem
1882 2674 2054 2739 accipit
2082 2691 2092 2719 :
2121 2684 2173 2721 ut
2206 2674 2265 2721 sit
2294 2691 2421 2738 quae-

281 2751 391 2798 dam
414 2753 674 2801 verborum
696 2755 939 2802 insultatio
963 2753 1025 2801 ad
1049 2753 1387 2801 confusionem
1412 2770 1600 2814 eorum,
1620 2769 1720 2800 non
1744 2752 1932 2801 diversa
1954 2754 2255 2818 significatiO.
2280 2754 2420 2802 Unde

281 2841 440 2879 autem
464 2850 512 2880 se
538 2834 711 2881 ducem
733 2851 834 2882 esse
857 2850 1096 2882 caecorum
1120 2833 1351 2895 confidat,
1394 2833 1446 2880 id
1480 2843 1552 2881 est
1585 2832 1901 2881 sufficientem
1924 2834 1984 2881 ad
2008 2834 2127 2882 alios
2150 2834 2415 2895 docendos,

281 2911 535 2974 supponit:
556 2914 619 2958 Τ6
642 2911 751 2958 dico
780 2912 1114 2960 «habentem»
1141 2911 1365 2976 exlege«
1388 2911 1592 2958 formam
1629 2911 1836 2959 scientiae
1870 2922 1918 2959 et
1956 2913 2184 2971 veritatis,
2211 2931 2236 2957 »
2269 2912 2319 2959 id
2351 2922 2420 2958 est

281 3004 442 3035 veram
465 2990 710 3038 scientiam
729 3009 833 3055 quae
851 2993 1085 3039 instruere
1107 2992 1226 3039 alios
1254 3001 1301 3038 et
1322 2991 1583 3039 informare
1615 3002 1772 3057 potest
1807 2992 1869 3040 ad
1903 2992 2028 3040 bene
2059 2992 2316 3056 agendum.
2352 2995 2421 3038 Tu

280 3085 393 3132 ergo
417 3070 520 3116 talis
543 3086 598 3117 ac
623 3080 782 3118 tantus
802 3070 1067 3118 secundum
1086 3071 1323 3135 judicium
1339 3082 1495 3134 tuum,
1512 3073 1596 3136 qui
1613 3073 1732 3119 alios
1754 3073 1916 3132 doceS‚
1940 3073 1990 3120 id
2006 3082 2075 3120 est
2090 3073 2304 3137 corrigis,
2328 3082 2418 3120 etc.

333 3206 465 3238 'Genea
477 3228 485 3242 ‚
501 3214 573 3245 cap.
597 3215 693 3246 xmx,
709 3215 739 3238 v.
757 3208 787 3238 8.
810 3224 846 3229 —
865 3208 876 3225 ²
894 3206 995 3248 Opp.‚
1011 3212 1034 3239 t.
1052 3206 1107 3247 tv,
1133 3207 1198 3241 col.
1226 3210 1286 3242 792
1298 3233 1306 3249 ‚
1381 3216 1477 3248 posse
1494 3209 1621 3241 videtur
1638 3218 1735 3249 quem
1754 3208 1950 3242 Amboesius
1963 3209 2045 3243 male
2063 3209 2198 3242 omuino
2210 3210 2333 3253 legerat
2352 3221 2359 3240 ε
2382 3212 2420 3243 Ut

282 3260 352 3292 793.
375 3276 411 3281 —
434 3259 445 3278 ³
459 3257 568 3297 Joan..
594 3268 664 3299 cap.
693 3267 766 3299 x1x,
788 3268 817 3291 v.
836 3262 884 3293 15.
908 3277 944 3282 ——
962 3261 972 3279 ⁴
988 3259 1040 3292 Sic
1066 3261 1156 3293 locus
1182 3264 1307 3294 restitui
1383 3272 1450 3295 non
1467 3263 1563 3305 ipsas
1577 3263 1668 3296 alias
1682 3264 1860 3306 petendas.
