2638 3866
359 233 454 281 258
1167 227 1339 274 PETRI
1373 225 1692 274 ABAELARDI

355 332 612 380 summatio
635 330 766 394 legis,
793 330 906 376 cum
931 328 1152 376 videlicet
1168 328 1270 375 sine
1289 328 1394 392 ipso
1418 328 1466 373 in
1484 327 1588 389 lege
1609 323 1846 390 promisso
1867 323 1942 371 lex
1960 323 2213 389 adimpleri
2229 325 2500 377 nullatenus

353 412 547 460 valeret.
574 410 666 457 Sed
691 419 736 456 et
759 410 799 456 si
822 408 1075 472 diligenter
1097 407 1246 455 verba
1266 406 1383 470 legis
1406 417 1694 467 scrutemur,
1720 421 1961 469 nusquam
1984 405 2060 453 lex
2082 422 2264 455 nomen
2292 407 2498 473 proximi

351 493 443 539 nisi
472 492 533 540 ad
559 491 782 538 homines
811 490 911 553 ejus
935 489 1120 555 populi,
1150 487 1199 535 id
1228 497 1298 534 est
1318 487 1503 536 Judaici
1534 485 1782 546 extendit,
1817 503 1908 534 nec
1939 503 2143 551 usquam
2172 487 2305 553 apud
2327 505 2417 536 nos
2446 488 2494 535 in

348 582 448 619 tota
472 573 576 635 lege
608 572 761 636 Moysi
795 571 1027 636 scriptum
1053 569 1284 634 repetitur
1310 587 1334 614 κ
1358 568 1526 633 diliges
1559 567 1851 633 proximum,
1881 588 1904 612 2)
1932 568 2017 616 sed
2044 589 2068 612 (ι
2092 567 2258 634 diliges
2286 569 2495 618 amicum

345 662 501 701 tuum.
529 672 552 697 »
590 652 735 711 Quod
763 651 960 716 quidem
984 661 1032 698 et
1064 649 1302 697 Dominus
1332 649 1436 714 ipse
1465 648 1716 713 diligenter
1741 648 2008 710 attendens,
2047 666 2159 697 cum
2188 649 2234 697 ei
2268 649 2495 698 mandata

343 733 459 795 legis
498 732 631 781 dives
670 734 988 796 interrogatus
1025 730 1261 791 recitaret,
1298 740 1346 778 et
1384 730 1566 778 diceret
1599 748 1609 776 z
1640 729 1856 793 «Diliges
1889 730 2164 795 proximum
2198 740 2337 779 tuum
2371 731 2493 779 sieut

342 813 577 877 teipsum,
598 834 619 857 »
652 814 927 879 proximum
969 828 1059 876 pro
1111 812 1268 859 amieo
1301 811 1377 875 vel
1411 811 1720 859 benefactore
1756 811 1874 876 poni
1907 828 1965 860 ex
2001 812 2227 876 adjuncta
2263 811 2490 877 parabola

339 903 558 956 patenter
579 894 837 942 insinuavit
861 913 871 940 :
896 891 1155 940 ostendens
1179 909 1235 939 ex
1259 892 1366 957 ipso
1388 891 1546 941 divitis
1563 892 1748 957 judicio
1771 909 1881 940 eum
1907 902 2095 941 tantum
2115 894 2201 959 qui
2223 893 2490 942 misericor-

340 973 470 1022 diam
491 975 791 1041 impenderat
813 973 880 1021 illi
905 975 989 1038 qui
1014 973 1249 1021 inciderat
1271 973 1321 1020 in
1344 974 1571 1036 latrones,
1598 974 1876 1040 proximum
1898 975 2001 1039 ejus
2022 974 2276 1022 exstitisse.
2305 975 2372 1021 Ac
2400 990 2487 1038 per

338 1053 431 1102 hoc
453 1056 756 1103 manifestum
782 1064 868 1114 est,
895 1071 1008 1103 cum
1026 1054 1222 1103 dilectio
1240 1038 1452 1120 proximi
1472 1054 1535 1104 ad
1560 1056 1771 1103 amicum
1790 1064 1976 1104 tantum
1999 1054 2264 1103 secundum
2279 1054 2485 1103 litteram

333 1133 449 1198 legis
471 1136 880 1195 accommodetur,
907 1151 1216 1200 nequaquam
1243 1145 1535 1201 praeceptum
1562 1135 1862 1195 dilectionis,
1897 1135 2033 1201 quod
2054 1137 2105 1183 in
2129 1135 2233 1200 lege
2256 1144 2344 1196 est,
2374 1152 2484 1200 per-

332 1214 510 1263 fectum
529 1234 631 1264 esse
652 1218 774 1264 sicut
796 1226 868 1265 est
890 1217 1151 1281 Evangelii,
1178 1217 1229 1264 in
1247 1233 1347 1282 quo
1369 1217 1677 1283 praecipimur
1694 1226 1742 1264 et
1764 1216 1986 1264 inimicos
2008 1215 2223 1280 diligere,
2250 1226 2396 1281 atque
2416 1215 2483 1265 eis

329 1311 525 1361 quoque
547 1297 857 1358 benefacere,
886 1307 940 1345 ut
961 1298 1112 1346 simus
1132 1298 1331 1363 perfecti
1352 1298 1475 1347 sicut
1507 1301 1646 1346 Pater
1667 1296 1888 1360 coelestis,
1914 1298 1998 1363 qui
2028 1297 2180 1344 solem
2205 1312 2347 1344 suum
2372 1296 2483 1345 facit

327 1376 440 1424 oriri
474 1395 619 1443 super
652 1379 813 1426 bonos
837 1389 885 1427 et
912 1379 1081 1427 malos.
1115 1379 1261 1437 Quod
1283 1378 1481 1445 quidem
1509 1380 1610 1445 ipse
1642 1379 1898 1445 Apostolus
1924 1377 2208 1440 attendens,
2242 1395 2344 1425 non
2379 1378 2444 1426 ait
2462 1397 2476 1425 ;

328 1459 465 1515 «Qui
501 1460 651 1524 diligit
685 1462 992 1526 proximum,
1020 1483 1041 1505 »
1076 1461 1306 1525 justitiam
1344 1462 1420 1510 vel
1458 1461 1774 1526 Evangelium
1809 1460 2041 1526 adimplet
2074 1478 2086 1508 ε
2119 1459 2237 1519 sed,
2280 1458 2478 1523 «legem

323 1537 612 1604 adimplet.»
1946 1581 1953 1589 .

385 1622 442 1669 At
462 1638 575 1669 vero
599 1638 762 1671 rursus
784 1639 980 1686 gravem
998 1624 1275 1688 quaestionis
1297 1623 1488 1671 nodum
1509 1623 1819 1683 incurrimus,
1841 1621 1976 1688 quod
1999 1621 2134 1669 diviti
2152 1620 2477 1684 interrogante

320 1701 436 1764 quid
466 1703 684 1757 faciendo
709 1703 861 1752 vitam
893 1715 1121 1753 aeternam
1144 1704 1431 1770 possideret,
1458 1714 1506 1752 et
1528 1704 1591 1752 ab
1612 1705 1720 1769 ipso
1751 1713 1923 1770 postea
1948 1702 2157 1750 recitatis
2190 1700 2384 1749 duobus
2414 1700 2474 1750 de

318 1780 571 1831 dilectione
595 1785 683 1831 Dei
706 1795 755 1831 et
779 1786 988 1850 proximi
1018 1785 1280 1846 mandatiS‚
1306 1785 1558 1851 respondit
1581 1786 1625 1833 ei
1646 1785 1815 1832 dicens
1842 1802 1853 1831 :
1884 1804 1907 1828 «
1930 1786 2033 1830 Hoc
2056 1783 2157 1844 fac,
2184 1791 2232 1830 et
2256 1782 2387 1829 vives
2402 1817 2418 1842 ,
2449 1803 2468 1825 ι)

316 1865 576 1925 praesertim
601 1882 712 1913 cum
736 1866 842 1930 ipse
869 1866 985 1914 alibi
1009 1866 1187 1915 dican:
1216 1885 1239 1912 ι(
1267 1867 1316 1914 Si
1343 1868 1479 1915 enim
1501 1867 1695 1931 diligitis
1726 1882 1809 1913 eos
1842 1865 1927 1930 qui
1959 1881 2044 1911 vos
2073 1863 2296 1927 diligunt,
2323 1878 2471 1927 quam

314 1944 588 1992 mercedem
616 1946 891 1995 habebitis?
911 1968 934 1991 >›
964 1947 1058 1994 Sed
1083 1946 1303 2015 profecto
1333 1963 1481 1995 nemo
1510 1947 1680 1996 melius
1704 1947 1954 2011 proximus
1977 1943 2053 1992 vel
2086 1943 2269 1992 amicus
2295 1941 2468 1990 intelli·

312 2024 495 2085 gendus
534 2037 661 2088 erat,
704 2045 850 2092 quam
883 2029 923 2077 is
962 2045 1108 2093 quem
1137 2027 1417 2093 desig-nabat
1450 2026 1777 2075 Samaritanus
1814 2026 1923 2087 ifle,
1965 2025 2050 2090 qui
2088 2022 2469 2071 misericordiam

312 2104 559 2155 vulnerato
593 2108 923 2173 impenderat,
950 2109 1000 2157 id
1034 2118 1106 2157 est
1136 2109 1355 2156 Christus
1379 2110 1463 2174 qui
1492 2108 1712 2175 profecto
1741 2107 1995 2173 proximus
2026 2114 2128 2153 erat
2157 2103 2331 2151 Judaeis
2370 2112 2467 2153 tam

309 2188 595 2248 cognatione
629 2205 775 2252 quam
810 2206 932 2237 verae
966 2190 1177 2238 caritatis
1210 2190 1404 2252 affectu,
1439 2190 1516 2237 vel
1547 2188 1795 2237 beneficiis
1829 2186 2117 2245 innumeriS,
2157 2185 2255 2233 sive
2287 2183 2467 2232 scilicet

305 2266 632 2328 praedicando,
671 2270 769 2316 sive
803 2270 1033 2317 miracula
1066 2269 1303 2318 faciendo.
1333 2271 1382 2318 Si
1404 2288 1518 2334 ergo
1541 2270 1676 2318 dives
1701 2269 1780 2318 ille
1812 2284 2015 2317 omnem
2047 2276 2161 2315 tunc
2183 2264 2464 2332 proximum

305 2345 402 2392 sive
436 2349 647 2395 amicum
678 2349 912 2413 diligeret,
951 2350 1116 2415 utique
1138 2367 1224 2415 per
1246 2351 1524 2410 Christum3
1562 2361 1608 2398 et
1638 2351 1705 2398 sic
1740 2351 1785 2398 ei
1812 2360 1862 2398 et
1888 2348 2143 2415 „praeceptis
2172 2347 2274 2411 ejus
2306 2344 2462 2403 cohae-

303 2425 457 2473 rendo
478 2429 624 2476 vitam
646 2429 814 2493 utique
839 2439 1050 2478 meretur
1067 2440 1311 2478 aeternam.
1332 2433 1430 2479 Nec
1453 2441 1616 2478 tamen
1641 2430 1754 2477 ideo
1790 2439 2085 2495 praeceptum
2107 2427 2168 2475 de
2205 2425 2460 2475 dilectione

301 2508 509 2570 proximi
538 2519 586 2556 et
612 2511 753 2558 amici
775 2510 851 2558 vel
869 2510 1209 2574 benefactoris,
1237 2511 1375 2577 quod
1402 2512 1479 2559 lex
1508 2511 1732 2573 dede-rat,
1758 2510 2025 2575 perfectum
2056 2508 2315 2567 exstiterat,
2346 2523 2458 2555 cum

302 2603 607 2654 nequaquam
647 2607 844 2639 omnem
889 2591 1142 2640 hominem
1180 2592 1644 2659 comprehenderet,
1691 2602 1791 2640 tam
1829 2591 2044 2639 amicum
2092 2588 2272 2636 scilicet
2309 2603 2455 2652 quam

299 2666 572 2732 inimicum,
603 2671 715 2718 licet
746 2672 892 2720 etiam
912 2672 963 2720 in
986 2683 1207 2739 tempore
1238 2674 1414 2722 Christi
1437 2673 1700 2734 videretur,
1735 2673 1887 2720 immo
1913 2688 2000 2737 per
2027 2671 2188 2736 ipsum
2211 2667 2455 2716 Christum

301 2748 382 2808 qui
414 2749 512 2811 jam
550 2751 832 2815 advenerat,
867 2762 914 2801 et
950 2754 1227 2818 proximus,
1254 2765 1310 2803 ut
1345 2755 1530 2803 dictum
1564 2764 1662 2818 est,
1702 2755 1854 2802 factus
1891 2753 2067 2800 fuerat.
2104 2749 2454 2798 Perfectionem

300 2836 458 2874 autem
488 2840 604 2878 tunc
632 2832 833 2881 haberet
860 2833 1144 2883 mandatum
1173 2836 1272 2884 sive
1299 2835 1396 2897 lex,
1421 2836 1460 2884 si
1482 2853 1542 2884 ex
1564 2852 1614 2883 se
1637 2836 1704 2883 ita
1725 2833 1989 2894 sufficeret,
2015 2842 2070 2880 ut
2091 2830 2214 2879 nihil
2235 2833 2451 2893 unquam

300 2904 361 2952 ad
390 2907 705 2971 integritatem
723 2913 916 2977 justitiae
939 2914 1126 2963 deesset
1148 2915 1489 2964 obedientibus
1512 2916 1628 2978 sibi,
1655 2932 1746 2963 nec
1770 2931 1892 2980 opus
1915 2921 2039 2960 esset
2071 2910 2203 2958 aliud
2231 2908 2443 2973 adjungi.

298 2987 442 3041 Quod
460 3005 765 3055 nequaquam
786 3010 954 3041 verum
976 3005 1065 3058 est,
1084 3013 1201 3044 cum
1221 3006 1333 3045 ante
1354 2996 1618 3045 adventum
1638 2996 1833 3057 Christi,
1856 2993 2053 3041 illorum
2072 2993 2155 3055 qui
2174 3000 2289 3037 tunc
2310 2997 2447 3036 erant

298 3066 626 3128 proximorum
671 3081 719 3118 et
756 3074 1024 3122 amicorum
1059 3076 1254 3125 dilectio
1293 3077 1575 3142 imperfecta
1608 3086 1760 3137 esset,
1805 3091 1898 3122 nec
1936 3087 2088 3136 usque
2120 3069 2185 3117 ad
2221 3068 2447 3116 inimicos

295 3146 644 3210 extenderetur,
682 3151 802 3198 sicut
832 3163 998 3217 postea
1023 3173 1109 3219 per
1140 3157 1383 3205 Christum
1406 3168 1601 3206 extensa
1624 3165 1712 3204 est.
1752 3154 1898 3212 Quod
1922 3168 2038 3200 vero
2067 3166 2211 3216 supra
2237 3149 2444 3197 diximus

336 3332 485 3378 ¹Matth.‚
501 3345 571 3377 cap.
588 3344 625 3376 v,
645 3345 673 3368 v.
693 3337 744 3370 46.
