2638 3866
291 139 384 187 226
1098 136 1271 185 PETRI
1305 135 1620 185 ABAELARDI

289 239 385 287 hoc
406 248 478 287 est
503 257 514 286 :
542 258 571 283 α»
594 241 656 285 Ut
669 238 730 286 sit
751 237 893 287 firma
912 239 1184 303 promissio,
1206 257 1230 285 »
1259 238 1439 286 scilicet
1457 237 1765 300 haereditatis,
1787 237 1840 286 id
1862 247 1934 286 est
1968 237 2031 285 ad
2066 238 2294 287 effectum
2318 256 2424 306 per·

289 319 459 367 ducta.vv
479 340 502 364 c<
518 318 664 366 Omni
685 318 859 366 semini
877 317 1094 380 Abrahae,
1112 339 1135 365 »
1162 319 1212 366 id
1234 329 1322 380 est,
1337 318 1498 367 ,fidem
1507 319 1608 384 ejus
1643 319 1868 380 imitanti,
1901 328 2002 366 tam
2028 318 2208 367 Gentili
2225 318 2419 382 scilicet,

288 415 436 463 quam
452 402 477 446 J
480 398 635 447 udaeo.
659 401 717 445 Et
732 398 829 447 hoc
852 409 925 447 est
939 400 1074 466 quod
1100 399 1289 448 subdit:
1309 420 1332 445 α
1348 403 1457 448 Non
1479 399 1701 449 solum>ei
1721 401 1806 465 qui
1827 408 1900 449 est
1916 416 1973 448 ex
1994 398 2114 464 lege,
2137 418 2161 445 n
2182 399 2235 447 id
2249 409 2321 448 est
2341 403 2422 448 Ju-

287 478 390 526 daeo
409 480 492 544 qui
514 478 606 544 legi
627 478 857 544 subjacet,
889 480 1009 528 «sed
1026 482 1071 529 ei
1082 481 1227 529 etiam
1245 469 1406 546 quiex
1423 480 1520 529 fide
1541 491 1612 530 est
1628 480 1848 541 Abrahae,
1876 499 1900 525 n
1939 479 1990 527 id
2022 489 2095 528 est
2115 479 2311 541 Gentili,
2338 482 2422 545 qui

284 559 385 606 sola
406 558 503 607 fide
524 558 764 608 Abraham
783 561 1014 621 imitatur,
1038 563 1306 610 secundum
1328 562 1537 627 gratiam
1559 562 1737 610 scilicet
1759 561 1867 617 Dei,
1899 560 1960 608 sit
1999 559 2138 608 firma
2164 560 2420 626 promissio

282 639 398 702 ejus,
415 656 515 687 non
535 640 805 689 secundum
829 643 997 690 merita
1008 641 1234 708 legalium
1257 659 1477 709 operum.
1499 661 1524 689 «
1543 643 1640 701 Qui
1658 651 1729 691 est
1746 652 1901 708 pater,
1923 660 1946 687 »
1963 641 2143 689 scilicet
2160 639 2416 688 Abraham.

285 719 553 767 «Omnium
578 731 814 784 nostrum,
835 741 857 766 »
885 731 985 770 tam
1006 722 1281 771 Judaeorum
1292 723 1469 772 scilicet
1491 739 1640 788 quam
1661 722 1941 784 Gentilium,
1962 721 2015 769 id
2040 731 2111 769 est
2130 721 2183 768 in
2198 719 2419 786 exemplo

280 798 342 846 ad
363 799 653 848 imitandum
674 800 952 851 hominibus
979 804 1254 869 propositus
1276 814 1363 852 est.
1394 824 1417 851 «
1442 804 1573 852 Sicut
1596 804 1826 869 scriptum
1852 812 1940 862 est,
1974 819 1999 847 »
2023 802 2075 849 in
2102 802 2276 850 Genesi
2295 799 2419 848 scili·

280 881 455 927 cet..Ac
472 881 512 928 si
529 880 711 930 diceret
733 901 743 929 ε
768 885 837 930 Eo
859 883 1082 932 videlicet
1104 884 1253 932 modo
1272 894 1409 951 pater
1431 891 1862 948 estatqueauctor
1877 880 2105 930 omnibus
2126 881 2178 928 in
2197 878 2418 945 exemplo

279 958 341 1006 ad
365 959 654 1009 imitandum
679 965 970 1028 propositus,
999 982 1097 1030 quo
1120 965 1417 1031 promittitur
1438 981 1468 1013 a
1486 964 1698 1012 Domino
1720 972 1858 1028 pater
1882 978 1984 1011 esse
2008 961 2272 1010 multarum
2304 976 2418 1024 gen-

277 1040 415 1100 tium,
437 1041 488 1088 id
522 1051 592 1090 est
617 1043 914 1092 diversarum
948 1046 1219 1110 regionum,
1258 1044 1503 1093 credendo
1540 1043 1719 1092 scilicet
1753 1043 1903 1108 magis
1938 1059 2090 1108 quam
2126 1057 2275 1107 opera
2302 1041 2419 1106 legis

275 1121 562 1170 exercendo.
587 1123 732 1181 Quod
755 1134 974 1190 patenter
992 1126 1220 1187 insinuat,
1257 1142 1370 1173 cum
1397 1124 1564 1173 subdit
1592 1142 1603 1171 :
1634 1143 1658 1170 «
1682 1125 1802 1172 Ante
1824 1125 1983 1171 Deum
2002 1122 2081 1170 cui
2102 1119 2364 1170 credidisti.
2392 1139 2416 1164 »

276 1200 434 1248 Verba
456 1203 654 1250 Domini
675 1203 916 1268 loquentis
937 1205 999 1253 ad
1015 1205 1257 1254 Abraham
1279 1214 1391 1253 sunt
1414 1206 1504 1253 ista
1527 1222 1537 1251 z
1569 1204 1728 1262 «Quia
1751 1206 1960 1263 Patrem,
1985 1212 2078 1251 etc.
2096 1222 2120 1246 n
2142 1201 2219 1248 Sic
2241 1200 2420 1266 quippe

273 1281 505 1346 scriptum
536 1292 606 1330 est
622 1286 635 1309 ¹
662 1301 673 1329 ε
705 1304 728 1327 <c
755 1287 863 1332 Non
885 1285 1139 1333 vocabitur
1159 1302 1339 1333 nomen
1364 1295 1504 1333 tuum
1527 1284 1732 1343 Abram,
1759 1283 1846 1332 sed
1866 1282 2116 1331 vocaberis
2143 1280 2414 1340 Abraham,

271 1360 384 1423 quia
405 1371 592 1425 patrem
615 1363 876 1411 multarum
895 1365 1108 1427 gentium
1130 1366 1360 1413 constitui
1385 1375 1446 1413 te.
1470 1384 1493 1410 »
1522 1365 1744 1413 Innuitur
1766 1364 1927 1428 itaque
1959 1380 2016 1411 ex
2050 1363 2126 1410 his
2157 1360 2315 1410 verbis
2343 1361 2420 1407 in-

271 1442 547 1505 terpretatio
576 1443 789 1491 nominis
826 1443 1039 1507 Abrahae,
1078 1445 1215 1510 quod
1253 1454 1395 1493 sonat
1431 1455 1566 1510 pater
1606 1444 1887 1492 multorum.
1923 1443 2018 1492 Sed
2051 1441 2187 1507 quod
2223 1441 2419 1490 additur

271 1538 294 1563 «
321 1521 601 1583 gentium,.»
628 1523 899 1588 explanatio
931 1535 1002 1573 est
1037 1526 1198 1590 potius
1225 1542 1432 1590 quarum
1453 1542 1617 1573 rerum
1640 1525 1905 1573 multarum
1933 1524 1994 1571 sit
2026 1521 2414 1586 intelligendum,

271 1615 418 1663 quam
444 1601 790 1667 interpretatio.
817 1605 911 1652 Sed
940 1614 988 1652 et
1024 1605 1158 1670 quod
1189 1606 1254 1653 ait
1274 1606 1547 1671 Apostolus,
1580 1626 1603 1649 c<
1627 1607 1948 1664 amaneum,
1983 1603 2067 1651 cui.
2097 1600 2363 1663 credidisti,
2391 1621 2414 1645 υ

271 1678 345 1726 vel
369 1690 545 1728 nostrae
568 1682 867 1730 translationi
889 1693 960 1731 est
982 1684 1300 1747 subtractum,
1327 1685 1406 1733 vel
1435 1702 1490 1733 ex
1516 1695 1651 1750 parte
1683 1684 1902 1750 Apostoli
1930 1683 2169 1745 additum,
2198 1690 2251 1729 ut
2287 1680 2418 1729 vide-

268 1758 379 1807 licet
401 1759 742 1810 determinaret
760 1762 1002 1812 Abraham
1033 1781 1091 1812 ex
1123 1764 1218 1812 fide
1250 1766 1300 1812 in
1332 1764 1560 1812 omnibus
1590 1775 1780 1831 patrem
1805 1781 1909 1812 esse
1937 1763 2245 1828 propositum
2266 1761 2418 1825 magis

268 1855 414 1903 quam
434 1857 491 1888 ex
512 1842 892 1891 circumcisione..
922 1847 1059 1892 Pater
1087 1845 1303 1909 ponitur,
1337 1845 1389 1893 id
1419 1855 1492 1893 est
1521 1845 1827 1893 constituitur
1861 1853 1973 1892 ante
1998 1845 2175 1902 Deum,
2200 1840 2343 1889 idest
2365 1841 2415 1888 in

267 1918 569 1986 beneplacito
583 1923 702 1986 ejus,
731 1925 816 1988 qui
837 1923 961 1972 filios
983 1941 1084 1972 non
1104 1926 1272 1991 quaerit
1293 1925 1383 1973 sibi
1406 1942 1652 1991 generare,
1679 1925 1764 1974 sed
1775 1928 1879 1972 Deo
1899 1942 1910 1971 z
1931 1940 2021 1971 nec
2040 1921 2416 1971 concumbendo

267 2016 362 2047 suae
394 2002 629 2068 voluptati
666 2005 951 2067 satisfacere,
992 2006 1076 2054 sed
1115 2006 1335 2072 exemplo
1371 2006 1483 2055 fidei
1519 2007 1670 2071 magis
1699 2022 1847 2071 quam
1877 2005 2226 2071 propagatione
2257 2003 2416 2051 carnis

267 2078 390 2128 filios
411 2082 501 2129 Dei
517 2095 802 2148 praeparare.
831 2086 977 2142 Quod
1003 2096 1222 2151 patenter
1243 2087 1454 2135 insinuat
1475 2103 1590 2134 cum
1608 2086 1771 2134 subdit
1802 2105 1812 2134 ε
1845 2086 1983 2133 «Cui
2007 2083 2279 2143 credidisti,
2302 2101 2327 2128 υ
2353 2082 2415 2130 de

268 2161 494 2209 omnibus
515 2162 694 2210 scilicet
714 2164 815 2228 ejus
834 2166 1099 2230 promissis.
1133 2168 1199 2214 Ac
1221 2167 1260 2214 si
1287 2167 1467 2216 diceret
1495 2184 1506 2213 t
1539 2167 1683 2214 Posui
1711 2175 1759 2214 te
1787 2176 1978 2232 patrem
2008 2175 2121 2214 ante
2146 2167 2311 2211 Deum'
2336 2163 2414 2210 cui

267 2241 526 2299 credidisti,
553 2243 706 2303 idest,
730 2254 784 2292 ut
805 2261 892 2310 per
911 2245 1007 2294 hoc
1025 2246 1160 2311 quod
1179 2247 1224 2295 ei
1247 2247 1491 2296 credidisti
1508 2248 1752 2295 ministros
1776 2246 1866 2295 tibi
1885 2245 2062 2294 similes
2083 2242 2304 2309 exemplo
2321 2252 2415 2290 tuae

268 2319 380 2367 fidei
401 2321 468 2369 illi
491 2339 758 2386 generares.
786 2325 932 2383 Quod
953 2329 1085 2375 Deus
1099 2327 1303 2391 loquens
1320 2327 1383 2376 ad
1403 2326 1644 2375 Abraham
1661 2327 1726 2375 ita
1736 2327 1886 2375 fatur:
1909 2347 1932 2372 «
1948 2330 2139 2374 Patrem
2152 2323 2414 2372 multarum

268 2402 482 2463 gentium
500 2403 640 2468 posui
659 2413 707 2452 te
730 2414 840 2453 ante
855 2407 1137 2455 Dominum.
1159 2427 1183 2451 »
1206 2410 1263 2455 Et
1281 2424 1383 2455 non
1405 2406 1523 2455 dicit
1545 2410 1695 2454 :Ante
1717 2423 1795 2454 me
1814 2424 1824 2454 :
1849 2406 1934 2454 sed
1951 2407 2019 2454 ita
2039 2405 2101 2453 de
2123 2421 2175 2452 se
2196 2403 2333 2467 quasi
2352 2402 2413 2450 de

267 2480 361 2527 alio
384 2481 615 2547 loquitur.
641 2485 955 2534 Consuetudo
976 2497 1047 2535 est
1068 2487 1289 2535 Hebraici
1311 2487 1563 2536 sermonis.
1587 2486 1728 2534 Unde
1756 2496 1804 2534 et
1824 2487 1926 2552 ipse
1945 2484 2187 2549 legislator
2207 2483 2291 2547 qui
2316 2482 2412 2529 hoc

267 2561 467 2625 scripsit,
496 2579 685 2629 semper
707 2564 768 2612 de
791 2582 842 2612 se
864 2566 969 2631 ipso
991 2568 1131 2632 quasi
1143 2567 1204 2616 de
1225 2568 1321 2622 alio
1346 2567 1598 2616 consuevit
1617 2566 1771 2630 loqui,
1797 2566 1944 2613 veluti
1961 2581 2077 2612 cum
2090 2564 2181 2612 ait²
2201 2581 2213 2610 ε
2241 2583 2263 2606 α
2281 2562 2413 2609 Dixit

268 2642 503 2690 Dominus
525 2643 588 2691 ad
607 2646 837 2709 Moysem.
858 2666 880 2690 >2
909 2649 967 2694 Et
987 2648 1105 2697 item
1120 2649 1134 2672 ⁸
1157 2666 1167 2694 :
1196 2667 1220 2693 «
1239 2651 1298 2696 Et
1320 2657 1423 2696 erat
1443 2650 1631 2712 Moyses
1664 2647 1959 2705 mitissimuS,
1983 2654 2098 2706 etc.‚
2128 2665 2150 2688 >2
2184 2642 2321 2707 quod
2347 2651 2412 2690 ta-

269 2735 378 2767 men
403 2739 502 2770 non
531 2724 633 2773 sine
665 2742 809 2774 causa
839 2726 1020 2775 factum
1040 2727 1248 2788 videtur,
1283 2738 1336 2776 ut
1367 2727 1590 2777 videlicet
1623 2725 1745 2775 alius
1779 2726 1925 2791 quasi.
1944 2725 2006 2773 de
2041 2724 2138 2773 alio
2165 2723 2406 2788 loquatur.

269 2801 464 2849 Constat
481 2804 658 2870 quippe
676 2805 726 2853 in
747 2808 920 2856 sanctis
936 2818 984 2856 et
1005 2810 1214 2857 maxime
1237 2810 1289 2857 in
1313 2807 1586 2875 Prophetis,
1609 2808 1878 2856 Dominum
1907 2807 2077 2872 potius*
2097 2821 2258 2870 quam
2281 2804 2411 2869 ipsos

267 2879 416 2942 loqui.
445 2882 580 2930 Unde
605 2885 853 2950 Prophetae
878 2887 1061 2953 aliquid
1079 2889 1255 2937 dicturi
1277 2889 1554 2953 frequenter
1575 2889 1714 2937 aiunt
1743 2907 1754 2936 z
1787 2907 1811 2934 «
1831 2890 1942 2935 Haec
1964 2885 2405 2934 dicitDominus.»

271 2959 519 3009 EtVeritas
538 2963 586 3009 in
607 2966 866 3028 Evangelio
888 2967 951 3015 ad
974 2968 1255 3034 discipulos⁴
1270 2987 1280 3015 :
1297 2988 1321 3015 «
1339 2973 1444 3018 Non
1465 2970 1596 3018 enim
1612 2985 1700 3017 vos
1723 2969 1851 3029 estis,
1871 2988 1895 3011 n
1911 2966 2085 3031 inquit,
2112 2985 2135 3011 «
2149 2965 2233 3029 qui
2249 2962 2407 3029 loqui—

292 3165 463 3250 M·Gelnes.‚
483 3175 557 3206 cap.
584 3176 659 3205 xvn.
685 3176 715 3199 v.
734 3170 764 3201 5.
784 3187 819 3193 —-
835 3172 845 3189 2
860 3171 984 3214 Exod.,
1004 3182 1075 3213 cap.
1093 3182 1143 3215 ιιι,
1158 3184 1186 3206 v.
1210 3176 1264 3215 14;
1283 3183 1356 3216 cap.
1371 3184 1421 3217 v1,
1442 3184 1471 3208 v.
1492 3176 1522 3214 13
1537 3182 1607 3215 cap.
1624 3184 1680 3214 vn,
1699 3185 1728 3208 v.
1748 3175 1761 3207 1
1781 3178 1872 3214 etsq.
1897 3173 2078 3210 -3Νανη.,
2102 3179 2173 3211 cap.
2193 3179 2257 3210 ΧΠ,
2278 3178 2308 3201 v.
2328 3171 2402 3202 3.-

325 3223 424 3258 3ῑῑι.,
448 3227 519 3259 cap.
544 3228 584 3260 x,
611 3229 640 3252 v.
658 3222 711 3253 20.
