2638 3866
292 215 386 262 670
1098 212 1270 258 PETRI
1304 210 1621 260 ABAELARDI

291 318 418 364 circa
452 315 700 363 dominam
731 322 974 376 occupatae
1005 311 1318 377 pedissequae.
1344 310 1472 369 Quid
1509 311 1638 359 enim
1669 310 1732 359 ad
1754 311 1967 360 studium
2002 316 2320 378 grammaticae
2353 315 2429 363 vel

293 396 565 452 dialecticae,
593 392 669 440 vel
691 402 959 439 ceterarum
982 392 1155 439 artium
1177 391 1238 438 de
1258 408 1370 438 vera
1391 391 1603 439 hominis
1621 391 1916 440 beatitudine
1939 395 2250 458 vestiganda?
2269 399 2429 460 Longe

294 491 464 522 omnes
503 473 700 520 inferius
735 471 797 519 ab
833 472 924 519 hac
959 472 1219 519 eminentia
1250 471 1411 535 jacent
1449 488 1539 519 nec
1572 472 1634 519 ad
1679 481 1869 520 tantum
1914 490 1964 521 se
2008 474 2238 522 adtollere
2273 476 2433 522 valent

294 555 545 616 fastigium.
583 552 676 599 Sed
708 552 928 616 quaedam
959 568 1133 615 genera
1156 550 1456 599 locutionum
1480 551 1678 600 tradunt
1701 552 1774 599 vel
1804 569 1965 600 rerum
1997 554 2181 619 aliquas
2212 565 2435 603 exercent

294 644 505 691 naturas,
542 633 679 696 quasi
710 632 947 697 quosdam
979 632 1153 696 gradus
1188 631 1251 679 ad
1280 632 1407 679 hanc
1437 631 1769 702 celsitudinem
1802 644 2051 698 parantes,
2090 652 2203 682 cum
2221 635 2297 682 ·de
2332 636 2433 700 ipsa

293 713 436 760 nobis
459 712 811 773 disserendum,
831 722 878 759 et
892 729 977 777 per
998 712 1181 776 aliquas
1202 729 1365 760 rerum
1386 722 1580 759 naturas
1603 712 1652 758 in
1678 713 1951 778 exemplum
1974 714 2049 762 vel
2072 715 2434 762 similitudinem

290 789 430 852 quasi
474 788 614 834 fuerit
659 787 990 847 afferendum3
1029 797 1083 834 ut
1119 804 1204 852 per
1251 786 1354 834 illas
1391 787 1527 852 quasi
1562 786 1778 851 quodam
1814 788 2211 854 pedissequarum
2254 790 2431 837 ducatu

294 869 621 933 pertingamus
651 867 713 915 ad
734 867 1002 928 dominam,
1028 867 1078 914 in
1111 867 1202 915 illis
1237 868 1436 932 quidem
1469 867 1814 932 progressionis
1852 878 2024 916 nostrae
2059 871 2311 917 transitum
2348 870 2436 917 ha-

293 949 488 1009 bentes,
522 950 573 995 in
604 948 694 996 hac
725 948 940 1011 requiem
963 958 1010 995 et
1038 958 1213 995 nostrae
1245 948 1532 1011 fatigationis
1562 946 1709 994 finem
1742 947 1919 1013 adepti.

362 1032 640 1079 CHmsTIAN.
672 1028 873 1076 Gaudeo
900 1038 946 1075 te
968 1027 1111 1092 hujus
1136 1028 1455 1094 philosophiae
1479 1027 1807 1075 excellentiam
1832 1037 1931 1076 tam
1960 1030 2212 1095 diligenter
2234 1032 2438 1094 attigisse

296 1121 343 1157 et
368 1127 394 1158 a
418 1110 585 1157 ceteris
608 1109 893 1167 distinxisse,
922 1126 977 1156 ex
1005 1125 1103 1173 quo
1127 1119 1175 1156 te
1199 1110 1247 1170 in
1271 1109 1374 1173 ejus
1398 1108 1558 1156 studio
1581 1108 1788 1156 maxime
1811 1121 2102 1175 occupatum
2124 1111 2354 1175 intelligo.

365 1193 554 1237 Pinnos.
593 1192 736 1237 Recte
767 1190 967 1253 inquam
1002 1199 1314 1254 occupatum.
1350 1192 1458 1238 Haec
1493 1188 1674 1254 quippe
1703 1188 1804 1236 sola
1830 1199 1902 1236 est
1930 1191 2159 1239 naturalis
2190 1191 2442 1257 disciplina

298 1286 404 1333 quae
450 1270 699 1335 praeceptis
737 1269 1003 1318 moralibus
1037 1278 1172 1316 tanto
1206 1269 1413 1334 amplius
1452 1268 1756 1334 philosophis
1791 1272 2037 1334 congruit,
2077 1282 2261 1336 quanto
2293 1273 2443 1336 magis

295 1368 380 1397 eos
405 1351 509 1414 lege
537 1351 604 1398 uti
637 1360 684 1398 et
707 1350 975 1398 rationibus
995 1359 1186 1397 constat
1207 1350 1440 1397 inhaerere
1455 1387 1467 1410 ,
1493 1351 1619 1398 sicut
1641 1349 1721 1397 ille
1744 1350 1839 1397 vir-¹
1862 1351 2035 1399 doctor
2059 1352 2294 1400 meminit.
2322 1356 2440 1399 Nam
2490 1388 2502 1400 ..

299 1441 346 1478 et
372 1452 395 1475 κ
416 1434 439 1478 J
446 1431 582 1488 udaei,
598 1452 621 1475 >2
644 1432 824 1495 inquit*
844 1451 866 1475 «
885 1431 1019 1495 signa
1043 1440 1212 1495 petunt
1234 1440 1281 1477 et
1300 1431 1451 1478 Graeci
1474 1431 1761 1496 sapientiam
1784 1442 2020 1496 quaerunt.
2042 1451 2066 1477 »
2090 1433 2240 1480 Judaei
2265 1434 2444 1498 quippe

302 1522 508 1571 tantum,
536 1512 671 1574 quod
691 1511 920 1559 animales
938 1520 1049 1558 sunt
1070 1520 1116 1557 et
1134 1512 1395 1570 sensuales,
1418 1511 1549 1558 nulla
1571 1510 1746 1558 imbuti
1765 1511 2091 1577 philosophia,
2117 1529 2213 1576 qua
2236 1514 2446 1560 rationes

302 1592 538 1640 discutere
560 1602 758 1656 queant,
785 1592 899 1639 solis
929 1592 1222 1639 exteriorum
1245 1608 1450 1656 operum
1474 1591 1718 1639 miraculis
1744 1601 2003 1640 moventur
2026 1593 2089 1640 ad
2113 1593 2279 1653 fidem,
2312 1595 2447 1658 quasi

303 1673 403 1719 haec
439 1673 595 1720 facere
628 1672 775 1719 solius
810 1673 898 1719 Dei
930 1673 988 1719 sit
1020 1681 1068 1719 et
1103 1672 1232 1718 nulla
1270 1672 1321 1718 in
1359 1672 1425 1718 eis
1461 1671 1738 1719 daemonum
1769 1672 1928 1720 illusio
1967 1672 2069 1720 fieri
2104 1674 2272 1738 possit.
2300 1674 2446 1732 Quod

305 1769 451 1817 quam
482 1754 541 1800 sit
576 1753 775 1801 stultum
808 1754 1020 1819 recipere
1055 1763 1102 1800 et
1130 1753 1253 1817 Magi
1282 1753 1332 1799 in
1365 1755 1551 1818 Egypto
1585 1752 1874 1813 docuerunt,
1907 1763 1955 1801 et
1977 1771 2064 1802 vos
2085 1754 2301 1803 Christus
2330 1771 2449 1821 prae-

303 1834 444 1899 cipue
478 1834 725 1895 instruxit,
764 1834 847 1898 qui
878 1833 938 1880 de
976 1833 1464 1898 pseudophilosophis
1499 1833 1764 1880 antichristi
1803 1850 2121 1898 praemonens,
2162 1852 2246 1883 eos
2279 1837 2329 1882 in
2365 1852 2449 1883 se-

306 1914 534 1962 ductione
565 1914 818 1962 hominum
846 1924 979 1962 tanta
1014 1914 1201 1979 operari
1234 1913 1462 1961 miracula
1492 1923 1709 1974 testatur,
1745 1923 1798 1961 ut
1831 1915 1882 1961 in
1910 1935 1933 1958 α
1953 1931 2186 1974 errorem,
2207 1935 2231 1960 »
2257 1917 2414 1980 inquit
2433 1951 2445 1974 ,

310 2015 331 2037 «
351 1994 606 2052 ducantur,
635 1995 674 2041 si
696 1993 798 2041 fieri
821 2003 1002 2059 potest,
1028 1994 1172 2041 etiam
1195 1993 1349 2040 electi.
1373 2013 1396 2037 υ
1424 1994 1573 2051 Quasi
1595 2010 1710 2058 ergo
1739 1994 1840 2041 haec
1862 1995 1996 2058 signa
2020 2012 2230 2059 quaerere
2253 1995 2450 2044 stultitia

307 2076 390 2135 sit,
424 2092 450 2122 e
474 2075 717 2122 contrario
753 2091 841 2139 per
872 2074 1155 2137 adjunctum
1188 2072 1443 2138 praedictus
1480 2075 1700 2121 meminit
1734 2075 1983 2139 apostolus
2026 2092 2139 2122 cum
2171 2076 2373 2140 adjecit,
2405 2086 2452 2124 et

311 2177 332 2198 ι(
353 2156 504 2202 Graeci
533 2154 815 2220 sapientiam
847 2163 1085 2217 quaerunt,
1108 2173 1132 2197 >2
1157 2153 1252 2200 hoc
1279 2162 1351 2200 est
1372 2154 1582 2201 rationes
1610 2171 1639 2201 a
1668 2154 2062 2219 praedicatoribus
2091 2156 2310 2220 exigunt,
2345 2173 2452 2221 quae

309 2246 421 2283 sunt
443 2245 573 2283 certa
597 2235 840 2300 sapientiae
857 2234 1193 2281 instrumenta.
1223 2234 1362 2282 Unde
1382 2234 1588 2282 maxime
1612 2244 1785 2297 vestra,
1813 2235 1865 2282 id
1893 2246 1963 2284 est
1984 2236 2260 2296 christiana,
2286 2237 2454 2302 praedi·

309 2316 435 2363 catio
469 2314 858 2375 commendatur,
885 2314 1018 2379 quod
1041 2332 1124 2362 eos
1149 2315 1211 2362 ad
1233 2315 1382 2362 fidem
1411 2325 1694 2365 convertere
1723 2317 1906 2381 potuit,
1933 2318 2017 2381 qui
2046 2317 2312 2365 rationibus
2345 2318 2453 2383 plu-

309 2397 487 2443 rimum
523 2396 802 2443 nitebantur
833 2405 880 2442 et
912 2395 1242 2456 abundabant,
1278 2396 1499 2442 omnium
1531 2396 1754 2443 videlicet
1783 2397 2053 2445 liberalium
2077 2399 2252 2446 artium
2287 2399 2455 2447 studiis

310 2477 499 2538 imbuti,
526 2475 793 2524 rationibus
814 2477 1002 2523 armati.
1027 2479 1247 2534 Quorum
1270 2475 1467 2540 quidem
1496 2476 1589 2540 ipsi
1610 2493 1711 2523 non
1740 2477 1897 2524 solum
1922 2478 2228 2542 inquisitores
2243 2515 2254 2537 ,
2279 2495 2450 2526 verum

314 2558 457 2605 etiam
489 2558 763 2605 inventores
792 2556 1089 2615 exstiterunt,
1115 2567 1163 2603 et
1182 2573 1238 2604 ex
1259 2572 1428 2603 eorum
1449 2555 1660 2604 fontibus
1682 2557 1733 2603 in
1754 2558 2031 2605 universum
2051 2558 2292 2605 mundum
2313 2560 2455 2606 rivuli

314 2647 647 2686 manaverunt.
679 2641 745 2684 Ex
767 2653 865 2702 quo
892 2637 1131 2702 praecipue
1156 2646 1203 2684 et
1225 2653 1355 2683 nunc
1378 2636 1439 2683 de
1464 2646 1623 2684 vestra
1646 2637 1939 2685 confidimus
1962 2637 2239 2703 disciplina,
2278 2649 2332 2687 ut
2355 2656 2455 2704 quo

310 2720 410 2782 jam
434 2718 640 2784 amplius
657 2718 860 2766 solidata
883 2717 1144 2774 convaluit,
1170 2718 1219 2764 in
1243 2716 1473 2764 conflictu
1496 2716 1759 2782 plurimum
1781 2719 1949 2783 possit.

382 2800 652 2846 CHRISTIAN.
691 2801 845 2844 Immo
876 2807 986 2863 post
1016 2807 1263 2844 tantorum
1292 2796 1658 2844 conversionem
1686 2797 2094 2863 philosophorum
2126 2815 2217 2846 nec
2249 2798 2337 2846 tibi
2369 2815 2459 2847 nec

314 2879 516 2939 posteris
546 2878 606 2924 de
637 2877 732 2925 fide
757 2886 923 2925 nostra
951 2877 1192 2940 ambigere
1215 2876 1347 2939 licet,
1377 2893 1467 2924 nec
1486 2877 1584 2941 jam
1613 2877 1696 2925 tali
1727 2878 1957 2926 conflictu
1980 2895 2103 2944 opus
2126 2895 2228 2926 esse
2251 2879 2456 2940 videtur,

318 2971 428 3001 cum
461 2958 509 3003 in
535 2957 828 3005 secularibus
860 2957 1124 3023 disciplinis
1153 2973 1324 3004 eorum
1353 2958 1519 3005 omnia
1542 2957 1746 3006 credatis
1775 2959 2051 3006 auctoritati
2080 2968 2128 3006 et
2156 2964 2258 3006 non
2290 2975 2461 3007 eorum

319 3037 545 3099 exemplis
585 3037 647 3083 ad
693 3036 840 3085 fidem
876 3038 1202 3098 moneamini,
1240 3037 1451 3086 dicentes
1489 3055 1600 3086 cum
1635 3038 1900 3104 propheta⁸
1938 3057 1949 3086 z
1994 3060 2017 3083 «
2040 3042 2202 3102 Neque
2239 3039 2459 3086 meliores

314 3131 503 3175 sumuS,
537 3132 682 3178 quam
718 3127 877 3181 patres
910 3118 1080 3165 nostri.
1114 3138 1136 3161 »

369 3301 375 3319 ¹
390 3298 443 3331 Sic
458 3298 659 3333 Rheinwald.
680 3301 791 3333 Vester
804 3310 865 3342 pro
883 3303 938 3335 vir
948 3303 1121 3343 legendum
1138 3313 1209 3337 esse
1225 3305 1429 3346 conjtcimus.
1443 3323 1481 3334 «-
1497 3306 1509 3325 ²
1530 3306 1607 3340 Cor.
1625 3305 1651 3348 1,
1667 3314 1737 3347 cap.
1758 3314 1784 3347 1,
1807 3314 1836 3338 v.
1854 3308 1906 3340 22.
1924 3322 1963 3329 —
1976 3305 1988 3326 ⁸
2005 3303 2139 3346 Matth.,
2157 3313 2231 3346 cap.
2243 3311 2345 3346 xxiv,
2366 3312 2394 3335 v.
2408 3306 2460 3336 24.
