2638 3866
990 177 1333 228 THEOLOGIA
1367 177 1733 227 CHRlSTlANA.
2341 175 2434 221 557

294 281 422 329 enim
456 280 727 329 sollicitudo
749 279 992 328 bonorum
1016 281 1158 329 nobis
1179 298 1382 347 operum
1405 281 1596 342 inesset,
1620 281 1658 328 si
1683 296 1831 346 quem
1849 296 1940 328 nec
1961 295 2126 328 amore
2149 293 2238 325 nec
2265 277 2436 325 timore

283 378 585 424 vereremur,
612 364 770 410 Deum
802 361 993 428 penitus
1020 361 1386 425 ignoraremus?
1410 364 1529 419 Quae
1551 378 1673 427 spes¹
1690 371 1774 409 aut
1797 360 2025 409 malitiam
2051 359 2323 408 refraenaret
2345 375 2435 423 po-

293 451 498 505 tentum,
526 452 611 490 aut
632 442 695 491 ad
713 442 845 490 bona
867 458 950 490 eos
972 441 1183 490 alliceret
1204 458 1369 508 opera,
1393 442 1431 490 si
1455 442 1673 490 omnium
1693 442 1979 507 justissimus
1997 458 2053 489 ac
2075 440 2435 507 potentissimus

294 523 466 572 frustra
498 522 807 572 crederetur?
833 525 1077 570 Ponamus
1109 523 1289 587 itaque,
1324 532 1376 569 ut
1399 522 1518 569 dum
1540 521 1684 570 bonis
1707 522 1935 588 prodesse
1963 538 2020 570 ac
2049 522 2240 588 placere
2268 521 2435 586 quaeri-

292 622 419 664 mus,
446 604 714 653 obstinatos
735 620 909 668 cogere
936 619 1037 650 non
1064 603 1321 668 possimus,
1351 620 1464 651 cum
1488 619 1574 651 ora
1598 620 1768 651 eorum
1789 620 1887 651 non
1914 603 2190 652 necessariis
2213 601 2434 650 obstrua-

292 702 399 733 mus
443 684 736 749 argumentis
765 702 775 730 :
809 700 1074 749 ponamus,
1118 683 1346 748 inquam,
1397 684 1494 731 hoc
1527 684 1567 731 si
1604 685 1803 745 volunt3
1845 683 1928 731 sed
1963 699 2269 749 opponamus
2299 682 2433 746 quod

289 764 486 827 nolunt,
530 781 772 813 summam
806 781 979 812 eorum
1014 763 1366 829 impudentiam
1404 774 1675 828 arguentes,
1717 765 1756 812 si
1786 765 1881 812 hoc
1912 764 2265 812 calumniantur
2299 764 2431 827 quod

287 845 500 893 refellere
530 844 665 893 nullo
704 844 855 893 modo
885 854 1117 911 possunt,
1157 854 1205 892 et
1235 844 1368 910 quod
1403 845 1609 910 plurima
1644 855 1742 893 tam
1774 845 2025 892 honestate
2056 860 2202 908 quam
2235 843 2435 891 utilitate

285 926 672 974 commendatur.
701 926 1007 991 Inquiramus
1032 942 1116 974 eos
1137 942 1234 991 qua
1257 926 1442 974 ratione
1467 926 1636 974 malint
1657 926 1831 990 eligere
1852 928 2009 973 Deum
2031 941 2132 972 non
2162 939 2264 971 esse
2286 940 2432 988 quam

285 1023 410 1065 esse;
431 1015 500 1054 et
532 1023 644 1054 cum
676 1005 738 1053 ad
769 1016 995 1053 neutrum
1019 1006 1128 1070 cogi
1151 1006 1422 1054 necessario
1454 1006 1664 1071 possint,
1694 1016 1741 1054 et
1770 1006 1973 1054 alterum
1996 1004 2157 1052 multis
2185 1021 2433 1052 commen-

285 1087 426 1134 detur
459 1086 754 1149 rationibus,
782 1086 988 1135 alterum
1019 1086 1186 1147 nullis,
1220 1086 1572 1151 iniquissimam
1596 1103 1766 1134 eorum
1796 1085 2152 1134 confundamus
2174 1085 2433 1151 impuden-

284 1168 417 1228 tiam,
447 1168 529 1233 qui
560 1166 611 1215 id
638 1167 776 1232 quod
801 1169 1042 1233 optimum
1064 1184 1166 1215 esse
1198 1183 1299 1215 non
1323 1166 1569 1226 dubitent,
1598 1166 1920 1231 omnibusque
1951 1176 2021 1214 est
2046 1176 2143 1214 tam
2166 1165 2433 1213 rationibus

282 1264 430 1313 quam
455 1235 818 1296 auctoritatibus
840 1258 1247 1308 consentaneum,
1275 1247 1412 1312 sequi
1434 1257 1684 1312 respuant,
1710 1256 1757 1294 et
1779 1247 2075 1295 contrarium
2106 1246 2432 1311 complectan-

283 1338 376 1376 tur.
405 1328 551 1387 Quod
581 1330 620 1377 si
656 1327 718 1376 de
752 1330 954 1377 occultis
988 1346 1151 1377 rerum
1185 1329 1389 1389 naturis,
1427 1345 1483 1376 ac
1512 1328 1572 1375 de
1598 1329 1703 1393 ipso
1742 1344 1939 1393 quoque
1976 1344 2134 1375 rerum
2166 1326 2429 1375 coelestium

280 1418 433 1472 statu,
474 1426 595 1475 quas
633 1410 973 1476 experimentis
1008 1426 1108 1457 non
1150 1419 1354 1475 possunt
1389 1408 1655 1468 discutere,
1698 1417 1750 1455 ut
1786 1409 1903 1455 certi
1935 1425 2036 1455 non
2072 1407 2263 1456 valeant
2295 1425 2426 1466 esse,

281 1490 646 1538 auctoritatibus
683 1491 943 1538 hominum
993 1489 1197 1552 cedunt,
1238 1507 1325 1538 cur
1361 1489 1422 1537 de
1463 1499 1662 1537 auctore
1702 1489 1924 1536 omnium
1967 1491 2071 1536 Deo
2109 1489 2290 1537 eisdem
2328 1506 2430 1536 non

280 1571 628 1636 acquiescunt?
653 1572 747 1620 Sed
770 1571 871 1619 haec
905 1571 1140 1619 hactenus
1165 1570 1395 1619 adversus
1416 1569 1545 1618 hanc
1568 1571 1774 1635 primam
1798 1585 1854 1617 ac
1879 1570 2137 1617 maximam
2160 1569 2427 1617 infidelium

279 1650 671 1701 obstinationem.

346 1736 484 1781 Nunc
510 1744 673 1782 autem
703 1734 765 1782 ab
799 1735 982 1782 unitate
1016 1735 1191 1782 divinae
1224 1733 1522 1794 substantiae,
1558 1747 1707 1797 quam
1741 1732 1879 1797 quasi
1912 1731 2281 1780 fundamentum
2315 1732 2428 1779 sub-

272 1812 503 1876 jecimus,
544 1814 607 1863 ad
646 1815 987 1863 discretionem
1026 1816 1174 1862 trium
1207 1830 1554 1880 personarum,
1589 1830 1696 1878 quae
1732 1812 1887 1861 eidem
1922 1813 2089 1860 insunt
2119 1811 2424 1873 substantiae,

276 1892 400 1941 ordo
423 1904 494 1941 est
517 1910 816 1957 commeare,
843 1905 890 1943 et
914 1895 976 1943 de
999 1894 1165 1943 divina
1189 1894 1430 1960 potentia,
1456 1893 1534 1941 vel
1562 1893 1818 1959 sapientia,
1853 1910 1938 1941 seu
1959 1893 2272 1957 benignitate,
2295 1894 2426 1957 juxta

273 1990 398 2038 quae,
426 1985 479 2022 ut
504 1975 689 2023 dictum
708 1987 795 2036 est,
819 1986 915 2024 tres
939 1976 1300 2039 distinguuntur
1321 1991 1557 2040 personae,
1595 1975 1657 2022 ad
1682 1974 1943 2040 perfectam
1967 1985 2015 2022 et
2037 1975 2274 2038 integram
2304 1974 2427 2021 illius

273 2056 451 2102 summi
487 2051 608 2103 Boni
642 2057 1137 2117 commendationem,
1176 2065 1396 2121 superest
1431 2055 1648 2119 diligenti
1682 2055 2037 2102 examinatione
2074 2054 2307 2102 disserere
2334 2073 2345 2099 τ
2375 2065 2425 2102 ut

273 2152 372 2199 quo
395 2136 620 2202 amplius,
647 2146 701 2183 ut
719 2153 867 2202 supra
888 2137 1217 2198 meminimuS,
1242 2136 1387 2199 hujus
1410 2135 1530 2182 boni
1554 2135 1787 2200 perfectio
1810 2135 2005 2198 cognita
2018 2135 2177 2194 fuerit,
2197 2135 2348 2199 magis
2365 2135 2426 2183 ad

272 2231 489 2263 amorem
514 2217 587 2263 sui
610 2233 853 2281 quemque
874 2216 1068 2278 alliciat,
1095 2216 1358 2282 praesertim
1381 2232 1495 2263 cum
1522 2215 1682 2262 multae
1709 2232 1854 2281 super
1880 2214 1956 2262 his
1982 2214 2200 2262 fidelium
2229 2231 2425 2279 quoque

272 2296 462 2343 animos
500 2295 720 2344 difficiles
755 2314 953 2346 movere
990 2298 1178 2363 possint
1210 2296 1527 2361 quaestiones,
1562 2305 1610 2343 et
1635 2306 1772 2344 tanto
1805 2295 1989 2343 facilius
2022 2297 2184 2343 minus
2211 2295 2425 2343 eruditos

270 2376 333 2424 ad
358 2377 566 2425 maxima
589 2377 779 2426 trahere
803 2378 1050 2438 scandala,
1077 2388 1221 2443 atque
1246 2375 1465 2424 infideles
1483 2377 1670 2441 juvare,
1696 2386 1882 2442 quanto
1912 2375 2207 2424 difficiliores
2232 2376 2295 2424 ad
2327 2378 2423 2424 sol-

270 2456 484 2504 vendum
537 2457 780 2506 videntur.
834 2462 902 2507 Ac
951 2460 1111 2524 primo
1155 2457 1296 2506 nobis
1340 2457 1402 2506 de
1448 2458 1802 2523 omnipotentia
1845 2458 1935 2505 Dei
1989 2457 2312 2505 consideratio
2343 2458 2418 2504 sit.

334 2537 662 2595 Quaerendum
684 2540 845 2604 itaque
869 2540 1027 2606 primo
1050 2538 1259 2598 videtur,
1288 2537 1539 2602 quomodo
1562 2554 1674 2585 vere
1697 2538 1885 2586 dicatur
1910 2538 2236 2603 omnipotens,
2260 2538 2300 2584 si
2322 2554 2422 2584 non

268 2618 420 2681 possit
444 2619 609 2666 omnia
642 2619 861 2682 efficere3
891 2630 974 2668 aut
1008 2619 1262 2685 quomodo
1297 2619 1462 2666 omnia
1492 2619 1660 2685 possit,
1695 2619 1734 2666 si
1765 2618 1986 2683 quaedam
2021 2634 2111 2665 nos
2144 2633 2418 2683 possumus,

269 2714 374 2761 quae
393 2698 495 2763 ipse
516 2716 618 2747 non
640 2701 806 2765 possit.
829 2704 1088 2749 Possumus
1112 2710 1272 2748 autem
1291 2698 1533 2763 quaedam,
1556 2709 1610 2745 ut
1628 2698 1898 2760 ambulare,
1925 2698 2078 2762 loqui,
2102 2698 2294 2759 sentire,
2317 2715 2422 2763 quae

268 2793 296 2823 a
327 2787 499 2826 natura
535 2779 796 2828 divinitatis
831 2782 1024 2846 penitus
1058 2781 1212 2828 aliena
1249 2789 1387 2840 sunt,
1424 2795 1537 2826 cum
1573 2780 1839 2826 necessaria
1867 2779 2072 2826 istorum
2107 2778 2423 2826 instrumenta

266 2856 541 2906 nullatenus
561 2859 741 2907 habere
769 2861 1055 2926 incorporea
1079 2869 1227 2924 queat
1254 2858 1535 2906 substantia.
1564 2857 1752 2916 Quibus
1774 2858 1973 2923 quidem
1997 2857 2197 2922 objectis
2229 2858 2278 2906 id
2303 2876 2422 2925 prae-

267 2937 529 2986 dicendum
549 2939 774 3001 arbitror,
797 2941 932 3006 quod
948 2942 1084 3005 juxta
1101 2941 1232 3006 ipsos
1252 2955 1450 3004 quoque
1466 2938 1803 3004 philosophos,
1824 2949 1872 2986 et
1894 2940 2170 2987 communis
2187 2942 2422 2988 sermonis

265 3035 426 3081 usum,
452 3036 723 3085 numquam
746 3022 965 3087 potentia
988 3020 1223 3085 cujusque
1245 3020 1316 3067 rei
1332 3020 1584 3085 accipitur,
1612 3019 1705 3067 nisi
1725 3020 1773 3067 in
1799 3019 1874 3067 his
1890 3037 1996 3085 quae
2019 3019 2083 3068 ad
2106 3020 2422 3068 commodum

265 3103 337 3149 vel
375 3102 658 3167 dignitatem
680 3105 830 3169 ipsius
852 3105 921 3152 rei
951 3104 1210 3170 pertinent.
1242 3106 1395 3151 Nemo
1426 3104 1558 3151 enim
1588 3103 1685 3151 hoc
1713 3104 1941 3170 potentiae
1970 3103 2183 3152 hominis
2202 3104 2416 3171 deputat,

264 3183 399 3246 quod
433 3183 511 3231 ille
544 3185 761 3250 superari
796 3184 933 3233 facile
966 3194 1153 3250 potest,
1192 3185 1342 3231 immo
1366 3184 1662 3250 impotentiae
1694 3194 1742 3232 et
1776 3183 2010 3232 debilitati
2036 3184 2138 3249 ejus
2169 3185 2302 3250 quod
2331 3186 2420 3231 mi-

264 3262 394 3310 nime
430 3281 519 3312 suo
556 3265 774 3313 resistere
808 3275 968 3332 potest
1000 3264 1336 3327 incommodo,
1370 3274 1419 3312 et
1453 3264 1685 3330 quicquid
1721 3264 1784 3313 ad
1812 3265 1980 3313 vitium
2013 3265 2225 3313 hominis
2247 3267 2415 3328 vergit,
