2638 3866
358 209 451 258 464
1158 209 1330 257 parm
1366 207 1707 269 ABAELARDIV

356 308 670 357 mundantem
693 309 825 373 prius
850 317 897 356 et
916 309 1294 358 sanctificantem
1310 325 1339 356 a
1354 318 1551 374 peccato
1576 317 1781 355 matrem
1803 307 1904 371 ejus
1920 343 1933 367 ,
1962 317 2015 356 ut
2035 307 2096 356 de
2118 310 2298 357 semine
2317 326 2491 375 pecca->

356 390 470 437 toris
489 388 643 436 David
665 399 1018 436 sacrosanctam
1052 406 1246 437 carnem
1267 398 1544 436 assumeret.
1574 387 1647 436 Ad
1666 387 1784 434 illud
1802 403 1917 435 vero
1941 387 2072 436 aliud
2108 390 2240 455 quod
2275 391 2488 438 secundo

357 469 642 533 promiserat
667 485 677 513 ε
700 469 833 525 «Qui
855 469 1217 534 praedestinatus
1239 479 1309 516 est
1327 469 1470 515 Filius
1489 468 1577 515 Dei
1599 468 1647 514 in
1682 467 1873 528 virtute,
1898 487 1921 511 n
1948 468 2075 516 istud
2105 471 2315 518 annectit
2346 489 2357 517 ε
2384 473 2491 519 «Ex

357 548 699 595 resurrectione
722 558 1022 596 mortuorum
1044 553 1150 596 Jesu
1169 548 1363 596 Christi.
1380 569 1402 592 n
1421 551 1485 595 Ac
1502 548 1541 595 si
1559 547 1737 594 diceret
1759 565 1769 593 :
1791 550 1856 594 Ex
1869 556 1985 595 tunc
2001 548 2179 596 factum
2201 559 2273 597 est
2286 549 2347 597 'ut
2369 560 2490 598 esset

354 629 503 674 virtus
528 644 608 674 seu
637 627 866 676 fortitudo
898 630 1117 676 omnium
1142 646 1228 694 per
1263 627 1410 675 fidem
1430 629 1473 676 ei
1491 627 1853 687 cohaerentium,
1877 644 1936 675 ex
1959 646 2058 694 quo
2082 630 2183 694 ejus
2204 622 2490 678 resurrectio

355 706 593 772 completa
624 717 710 769 est,
747 708 994 756 testificata
1017 726 1102 774 per
1126 708 1525 756 resurrectionem
1559 718 1863 755 mortuorum
1894 708 2066 756 eodem
2101 710 2178 757 die
2206 710 2396 772 factam,
2429 710 2490 758 de

355 787 527 852 quibus
567 788 797 853 scriptum
835 800 905 836 est
942 790 1053 853 quia
1072 792 1084 815 ¹
1122 810 1144 833 ι(
1177 798 1413 836 venerunt
1454 789 1502 836 in
1543 798 1758 837 sanctam
1789 789 2029 837 civitatem
2072 800 2121 838 et
2167 801 2492 856 apparuerunt

356 869 530 915 multis.
563 887 586 912 »
621 871 753 915 Tunc
785 870 914 916 enim
948 870 1104 916 omnis
1134 868 1426 917 infidelitatis
1461 869 1697 917 dubitatio
1738 869 1987 931 abscessit,
2025 888 2129 935 quae
2170 871 2230 918 de
2271 872 2492 937 passione

354 965 548 1012 quoque
585 947 826 1013 discipulis
855 948 1122 1006 acciderat,
1156 965 1368 1012 quorum
1404 949 1730 1014 quidam.jam
1765 949 2003 1015 desperati
2031 950 2281 998 dicebant’
2308 969 2318 998 :
2347 971 2371 997 «
2395 954 2492 999 Nos

354 1036 512 1074 autem
537 1021 846 1093 sperabamus
879 1028 1011 1092 quod
1042 1029 1143 1092 ipse
1168 1039 1291 1076 esset
1319 1028 1655 1095 redempturus
1693 1029 1852 1077 Israel.
1878 1050 1900 1073 n
1938 1031 2153 1077 Mortuos
2179 1033 2290 1078 Jesu
2319 1030 2493 1095 Christi

353 1107 483 1170 dicit,
503 1108 553 1154 id
575 1118 661 1167 est,
689 1108 750 1156 ad
767 1108 1003 1155 honorem
1027 1109 1190 1174 ipsiuS,
1214 1109 1297 1174 qui
1320 1109 1381 1157 ad
1401 1110 1496 1157 hoc
1516 1110 1694 1156 mortui
1715 1110 1921 1170 fuerant,
1938 1119 1993 1157 ut
2010 1127 2120 1158 eum
2135 1106 2493 1159 resurrectionis

353 1205 446 1234 suae
472 1189 744 1236 testimonio
778 1189 1115 1252 glorificarent.
1150 1191 1405 1237 Possumus
1442 1200 1489 1238 et
1524 1192 1924 1255 resurrectionem
1961 1191 2222 1256 spiritalem
2263 1192 2437 1240 animae'
2466 1209 2494 1240 a

353 1268 523 1315 virtute
553 1269 653 1332 ejus
676 1269 917 1334 accipere,
942 1269 1003 1316 de
1022 1286 1118 1334 qua
1139 1270 1334 1317 Simeon
1366 1271 1432 1317 ait
1451 1271 1591 1336 quia³
1614 1291 1636 1314 ι(
1664 1271 1847 1337 positus
1871 1281 1941 1318 est
1962 1271 2042 1318 hic
2066 1272 2116 1319 in
2141 1273 2330 1320 ruinam
2354 1282 2403 1320 et
2419 1288 2494 1320 re-

352 1349 695 1396 surrectionem
720 1350 1000 1397 multorum.
1024 1371 1045 1393 »
1073 1351 1213 1397 Solus
1232 1351 1412 1417 quippe
1434 1361 1506 1399 est
1525 1351 1738 1399 Christus
1761 1352 1846 1416 qui
1875 1367 1900 1399 a
1924 1360 2080 1399 morte
2097 1353 2267 1399 animae
2287 1352 2494 1402 liberare

352 1437 525 1492 potest,
551 1431 711 1493 Agnus
735 1429 955 1477 videlicet
972 1431 1060 1478 Dei
1078 1431 1162 1495 qui
1183 1431 1307 1479 tollit
1325 1442 1520 1497 peccata
1543 1432 1731 1479 mundi.
1754 1431 2033 1482 Notandum
2049 1449 2165 1480 vero
2179 1432 2331 1497 quod,
2358 1442 2413 1480 ut
2432 1434 2496 1482 ait

352 1507 516 1555 beatus
546 1511 874 1572 Augustinus
863 1528 910 1556 1n
943 1510 1274 1572 Εηοῆἰνιάίοη,
1299 1529 1409 1559 cum
1434 1512 1622 1566 dicatur
1639 1512 1854 1560 Christus
1877 1523 2018 1560 natus
2043 1530 2101 1560 ex
2131 1514 2309 1578 Spiritu
2330 1518 2495 1561 sancto

354 1597 399 1634 et
422 1590 587 1651 Maria,
610 1606 710 1637 non
731 1599 892 1638 tamen
918 1591 1027 1639 ideo
1051 1591 1195 1640 Filius
1215 1593 1416 1658 Spiritus
1434 1594 1587 1640 sancti
1610 1593 1786 1641 dicitur
1808 1594 1929 1641 sicut
1952 1594 2127 1654 Mariae,
2147 1610 2260 1641 cum
2279 1593 2495 1643 videlicet

352 1685 450 1715 non
480 1671 537 1716 sit
566 1660 706 1718 natus
730 1681 812 1718 aut
828 1683 1090 1738 conceptus
1127 1691 1183 1721 ex
1217 1673 1484 1721 substantia
1524 1674 1726 1739 Spiritus
1769 1674 1938 1732 sancti,
1981 1674 2100 1721 sicut
2136 1691 2192 1722 ex
2234 1673 2496 1750 substantia

348 1749 521 1809 Mariae,
555 1751 638 1797 sed
667 1752 824 1816 potius
858 1769 942 1817 per
976 1755 1310 1818 operationem
1336 1755 1555 1819 Spiritus,
1581 1754 1630 1801 id
1649 1764 1735 1814 est,
1763 1754 1937 1802 divinae
1956 1755 2117 1820 gratiae
2139 1755 2373 1803 excellens
2396 1755 2496 1818 ejus

354 1830 605 1895 conceptio
627 1831 725 1878 sive
740 1832 959 1879 nativitas
979 1834 1100 1882 facta
1121 1844 1207 1896 est,
1237 1844 1285 1883 et
1309 1835 1421 1882 ideo
1444 1852 1502 1882 ex
1524 1835 1607 1882 illo
1624 1851 1819 1900 quoque
1838 1844 1996 1895 natus,
2020 1835 2118 1883 hoc
2139 1846 2209 1883 est
2232 1837 2496 1901 'conceptus

352 1925 438 1974 per
460 1909 592 1956 illum
619 1910 807 1958 dicitur.
836 1915 942 1960 Non
967 1915 1096 1961 enim
1115 1931 1261 1963 omne
1285 1915 1420 1979 quod
1442 1932 1498 1963 ex
1521 1916 1683 1981 aliquo
1710 1916 1920 1963 nascitur
1944 1914 2069 1963 filius
2098 1916 2199 1980 ejus
2228 1915 2421 1976 dicitur,
2446 1925 2498 1962 ut

352 1989 508 2054 capilli
527 2006 584 2037 ex
607 1992 781 2056 capite,
803 1993 875 2039 vel
898 1993 1106 2058 pediculi
1126 2012 1182 2042 ex
1199 1995 1339 2043 nobis
1359 2006 1623 2044 nascentes.
1651 1998 1717 2043 Ex
1737 2012 1863 2061 aqua
1881 1986 2075 2061 quoque
2089 2005 2136 2043 et
2151 1995 2321 2061 spiritu
2334 1995 2497 2045 denuo

352 2079 669 2133 renascenteS,
694 2088 1001 2136 nequaquam
1025 2074 1109 2123 filii
1131 2092 1265 2140 aquae
1299 2076 1521 2125 dicimur.
1562 2076 1728 2124 Solent
1752 2087 1798 2124 et
1826 2076 1911 2123 filii
1931 2076 2246 2138 dicieorum,
2273 2092 2302 2124 a
2323 2073 2498 2141 quibus

355 2165 454 2196 non
473 2161 755 2213 nascuntur,
773 2153 925 2201 utfilii
943 2153 1177 2220 adoptivi,
1200 2155 1284 2204 filii
1307 2157 1507 2218 diaboli,
1533 2157 1618 2206 filii
1639 2158 1886 2221 gehennae,
1907 2158 1980 2205 vel
1999 2157 2082 2204 filii
2105 2174 2190 2223 per
2207 2157 2494 2205 doctrinam.

353 2230 399 2275 Si
421 2231 527 2293 quis
552 2241 713 2279 tamen
733 2232 972 2281 Christum
997 2236 1266 2284 secundum
1291 2237 1541 2286 hominem
1557 2237 1728 2286 Filium
1751 2239 1839 2285 Dei
1859 2248 1940 2286 aut
1958 2239 2160 2304 Spiritus
2182 2239 2334 2286 sancti
2350 2238 2495 2298 dicat,

355 2325 411 2355 eo
433 2310 629 2373 quidem
653 2312 802 2360 modo
829 2330 927 2377 quo
947 2325 1143 2363 caeteros
1165 2316 1329 2364 fideles
1351 2335 1438 2382 per
1460 2317 1652 2366 filialem
1681 2319 1725 2366 ei
1743 2335 1970 2366 ‘amorem
1995 2319 2255 2383 subjectos,
2290 2335 2390 2366 non
2415 2319 2499 2367 ab·

354 2389 552 2437 surdum
575 2392 798 2440 arbitror.
823 2396 930 2441 Non
953 2405 1114 2442 tamen
1139 2396 1249 2444 ideo
1282 2397 1443 2462 plures
1472 2398 1655 2445 habent
1685 2408 1844 2463 patres
1880 2409 2079 2464 propter
2105 2402 2279 2456 Deum,
2323 2399 2500 2447 scilicet

358 2471 542 2517 Patrem
579 2481 626 2518 et
661 2472 892 2536 Spiritum
923 2484 1166 2535 sanctum;
1210 2492 1322 2523 cum
1351 2478 1613 2541 praesertim
1636 2494 1726 2524 nec
1749 2478 1905 2525 caeteri
1931 2478 2066 2525 electi
2092 2479 2252 2543 plures
2270 2488 2428 2543 patres
2449 2479 2498 2526 in

356 2551 457 2595 Deo
481 2549 691 2598 habeant
714 2561 911 2618 propter
932 2569 1248 2618 personarum
1272 2556 1609 2604 diversitatem.
1638 2560 1802 2621 Neque
1828 2557 1958 2604 enim
1975 2558 2043 2605 ibi
2068 2559 2228 2623 plures
2251 2568 2409 2624 patres
2426 2557 2499 2606 di-

357 2628 565 2676 cendum
592 2640 678 2691 est,
713 2631 835 2678 sicut
852 2649 941 2680 nec
960 2633 1123 2698 plures
1152 2638 1279 2683 Deos
1314 2646 1396 2683 aut
1423 2638 1685 2696 Dominos,
1713 2654 1824 2685 cum
1850 2637 1983 2685 nulla
1998 2639 2055 2685 sit
2078 2638 2144 2685 ibi
2164 2655 2327 2686 rerum
2343 2638 2500 2686 diver-

359 2708 484 2767 sitas,
522 2720 605 2756 aut
633 2712 889 2760 nominum
914 2713 1200 2763 differentia.
1236 2717 1285 2762 Si
1319 2733 1436 2764 vero
1461 2726 1700 2781 quaeratur
1725 2727 1887 2764 utrum
1910 2717 2061 2765 homo
2085 2718 2162 2765 ille
2186 2719 2235 2765 in
2261 2717 2450 2784 Christo
2473 2734 2499 2766 a

359 2787 519 2834 Verbo
548 2800 834 2856 assumptus,
863 2793 922 2841 sit
946 2793 1203 2860 adoptivus
1238 2797 1327 2844 Dei
1358 2797 1518 2856 Filius,
1545 2799 1664 2845 sicut
1702 2798 1858 2846 caeteri
1880 2798 2034 2859 electi,
2061 2815 2174 2847 cum
2196 2798 2293 2846 hoc
2314 2798 2498 2846 bonum

362 2882 553 2930 quoque
572 2886 657 2932 per
681 2872 880 2933 gratiam
898 2873 1093 2935 habeat,
1117 2893 1217 2923 non
1239 2886 1357 2942 puto
1382 2877 1769 2926 concedendum.
1793 2867 1890 2937 Qui
1903 2880 2033 2925 enim
2060 2878 2353 2944 adoptantur
2369 2878 2499 2925 etsie

362 2943 445 2991 filii
464 2945 750 3011 efficiuntur,
773 2952 937 3015 utique
957 2955 1090 3018 prius
1114 2966 1250 3004 erant
1275 2973 1376 3004 non
1392 2973 1452 3004 eo
1471 2957 1621 3005 modo
1636 2957 1719 3006 filii
1738 2948 1835 3023 quo
1854 2959 1964 3006 sacti
1983 2968 2109 3006 sunt.
2140 2962 2196 3005 At
2218 2974 2332 3004 vero
2348 2956 2499 3004 homo

360 3023 438 3070 ille
459 3040 483 3070 a
501 3026 660 3073 Verbo
675 3042 962 3095 assumptus,
984 3036 1185 3082 omnino
1207 3037 1307 3084 sine
1330 3047 1528 3102 peccato
1546 3048 1593 3084 et
1613 3047 1753 3085 natus
1772 3048 1820 3086 et
1841 3048 2119 3103 conceptus,
2140 3038 2299 3084 statim
2321 3054 2376 3084 ex
2399 3053 2498 3100 quo

361 3104 557 3163 exstitit,
584 3106 727 3153 Filius
745 3110 833 3156 Dei
855 3128 941 3174 per
964 3116 1161 3176 gratiam
1182 3116 1283 3163 suit.
1314 3120 1409 3165 Nos
1433 3132 1547 3164 vero
1577 3117 1656 3164 alii
1684 3118 1767 3181 qui
1795 3134 1907 3164 cum
1941 3126 2138 3182 peccato
2166 3118 2425 3177 nascimur,
2453 3126 2498 3163 et

405 3286 410 3302 ¹
427 3284 552 3325 Matth..
566 3295 636 3328 cap.
655 3297 757 3328 xxvii,
778 3299 803 3322 v.
826 3293 877 3324 53.
895 3310 931 3315 -
947 3295 958 3312 ²
975 3293 1150 3337 Luc.,cap.
1169 3307 1261 3339 xxiv,
1280 3309 1307 3332 v.
1328 3302 1380 3333 21.
1395 3282 1553 3338 -3Luc.,
1567 3310 1638 3341 cap.
1658 3309 1693 3341 ιι,
1708 3309 1736 3332 v.
1758 3301 1807 3333 34.
