2638 3866
850 208 910 258 ΙΝ
944 207 1278 256 EPISTOLAM
1312 207 1394 255 AD
1431 207 1731 257 ROMANOS.
2273 212 2370 258 275

213 321 326 360 tres.
354 328 378 354 »
405 307 815 374 Quandoquidem
848 309 931 374 qui
968 308 1018 356 in
1044 324 1189 357 carne
1219 318 1333 357 sunt
1355 311 1460 357 Deo
1492 308 1684 375 placere
1718 325 1819 357 non
1855 319 2076 376 possunt,
2115 327 2232 375 ergo
2268 328 2369 360 non

213 407 380 440 sumus
413 389 658 438 debitores
691 390 842 452 carni,
868 389 919 438 id
948 398 1020 437 est
1044 388 1292 437 desideriis
1315 388 1589 438 carnalibus
1612 388 1812 438 obedire
1842 407 1943 439 non
1974 391 2226 454 debemus,
2259 392 2369 456 quia

213 471 334 521 nihil
353 472 583 536 cuiquam
608 481 781 520 contra
802 473 960 519 Deum
982 470 1235 533 debemus,
1269 472 1353 536 qui
1383 471 1526 519 etiam
1550 480 1750 537 propter
1773 474 1930 520 Deum
1950 473 2164 521 animam
2188 490 2370 539 ponere

213 562 342 602 recte
362 553 607 618 jubemur.
646 555 750 601 Hoc
783 553 1022 602 seculares
1056 552 1309 600 attendant
1340 555 1617 613 Potestates,
1654 551 1840 601 nullam
1873 552 1964 601 sibi
1988 555 2169 602 scilicet
2200 571 2229 603 a
2264 553 2372 602 sub-

209 634 347 699 jectis
371 634 700 684 obedientiam
723 634 906 697 deberi,
930 651 1041 682 cum
1066 633 1248 699 aliquid
1272 633 1404 699 quod
1431 637 1561 682 Deus
1583 632 1813 700 prohibet
1837 634 1905 681 eis
1929 635 2204 699 injungunt,
2227 636 2372 684 etiam

213 717 253 764 si
272 715 369 765 fide
385 717 462 765 vel
478 727 779 766 sacramento
798 733 882 765 eos
906 716 996 765 sibi
1015 717 1064 764 in
1091 715 1188 764 hoc
1210 717 1534 764 astrinxerint.
1556 719 1654 764 «Ut
1673 715 1853 764 scilicet
1875 732 2070 764 carnem
2096 727 2318 766 vestram.
2346 739 2367 762 »

214 797 425 862 Exponit
446 797 580 862 quod
597 799 842 864 promisit,
871 797 1123 864 quomodo
1153 797 1377 845 videlicet
1398 796 1764 861 intelligendum
1787 796 1848 844 sit
1870 813 1962 845 nos
1985 814 2087 844 non
2113 814 2215 845 esse
2237 797 2373 846 debi—

212 886 343 925 tores
363 879 521 940 carni,
555 896 618 928 ne
640 880 763 928 forte
795 879 892 928 hoc
920 879 1093 946 aliquis
1114 878 1176 927 de
1200 878 1467 927 substantia
1491 878 1650 927 carnis
1673 877 1859 926 dictum
1883 878 2139 943 acciperet,
2165 880 2242 926 cui
2266 880 2374 943 qui-

214 957 327 1006 dem
358 959 602 1008 debitores
637 978 806 1009 sumus
836 971 1074 1027 quantum
1118 959 1182 1008 ad
1212 960 1532 1008 necessariam
1565 960 1667 1025 ejus
1698 975 1866 1007 curam
1900 960 2127 1025 pertinet,
2164 959 2213 1007 in
2247 960 2373 1008 victu

214 1038 436 1088 videlicet
457 1050 505 1088 et
527 1041 717 1104 vestitu,
741 1052 794 1090 ut
812 1041 915 1091 haec
931 1042 976 1090 ei
993 1041 1339 1090 ministremus.
1361 1042 1472 1089 Tale
1493 1050 1565 1089 est
1585 1057 1702 1105 ergo
1723 1057 1779 1088 ac
1801 1040 1840 1088 si
1861 1040 1991 1088 dicat
2014 1058 2024 1087 :
2055 1043 2162 1088 Non
2187 1057 2371 1102 sumus,

214 1120 431 1186 inquam,
460 1121 703 1172 debitores
723 1124 875 1186 carni,
902 1124 969 1172 ita
990 1133 1041 1171 ut
1059 1122 1329 1172 secundum
1349 1139 1547 1171 carnem
1567 1122 1805 1183 vivamus,
1831 1122 1944 1170 licet
1970 1122 2019 1169 in
2044 1138 2207 1181 carne,
2238 1122 2287 1169 id
2307 1132 2378 1170 est

214 1210 269 1249 ut
289 1203 501 1252 carnalia
520 1213 759 1253 sectemur
781 1205 1036 1253 desideria.
1067 1225 1090 1251 «
1113 1205 1161 1253 Si
1186 1205 1333 1253 enim.
1360 1223 1384 1249 »
1411 1203 1463 1252 ld
1487 1214 1575 1265 est,
1603 1220 1704 1252 non
1731 1204 1843 1251 estis
1865 1203 2065 1251 obnoxii
2089 1204 2240 1265 carni,
2263 1204 2379 1269 quia

215 1283 319 1346 ejus
343 1282 624 1333 obedientia
646 1302 734 1334 vos
753 1285 1026 1335 damnaret.
1056 1290 1115 1334 Et
1133 1285 1230 1334 hoc
1249 1295 1337 1348 est,
1368 1304 1392 1331 «
1412 1285 1708 1344 moriemini,
1731 1306 1753 1329 »
1780 1284 1831 1332 id
1857 1294 1928 1332 est
1952 1294 2159 1332 mortem
2184 1285 2373 1345 animae,

215 1378 321 1427 quae
357 1375 427 1412 est
462 1376 735 1431 peccatum,
761 1367 1016 1416 incurretis
1054 1369 1099 1416 ei
1135 1366 1510 1428 consentiendO,
1549 1367 1589 1414 si
1627 1383 1683 1414 ea
1703 1365 1981 1413 stimulante
2013 1381 2114 1413 non
2142 1375 2378 1430 quantum

215 1446 415 1509 potestis
440 1447 761 1497 reluctemini.
789 1450 877 1497 «Si
897 1460 1059 1498 autern
1079 1449 1268 1516 spiritu,
1290 1467 1314 1493 »
1337 1447 1388 1495 id
1411 1457 1483 1495 est
1501 1447 1636 1495 dono
1661 1446 1824 1512 aliquo
1847 1446 2022 1495 divinae
2050 1447 2208 1511 gratiae
2231 1447 2379 1512 magis

216 1541 365 1590 quam
394 1538 551 1576 vestra
578 1529 755 1579 virtute
778 1550 802 1577 «
822 1530 1226 1579 mortificaveritis
1257 1529 1383 1577 facta
1413 1530 1589 1590 carnis,
1614 1548 1636 1574 »
1664 1529 1703 1576 si
1735 1527 1958 1576 nondum
1988 1529 2180 1594 penitus
2215 1544 2382 1592 sugge-

216 1607 396 1655 stiones
426 1610 664 1675 extirpare
695 1611 921 1676 potestis,
959 1631 982 1656 «
1012 1611 1183 1659 vivetis
1207 1631 1229 1654 >³
1260 1627 1287 1658 e
1315 1610 1561 1658 contrario
1583 1625 1696 1657 vera
1730 1609 1902 1657 animae
1933 1609 2055 1670 vita,
2092 1609 2192 1656 sive
2221 1607 2302 1655 hic
2332 1608 2380 1654 in

216 1686 487 1750 virtutibus,
515 1690 616 1737 sive
637 1690 687 1737 in
715 1700 893 1740 aeterna
918 1691 1234 1740 beatitudine.
1259 1694 1405 1739 Facta
1430 1689 1804 1749 mortificantur,
1830 1699 2062 1754 tanquam
2085 1689 2126 1736 si
2152 1688 2381 1754 parvulus

217 1768 266 1815 in
285 1777 425 1816 utero
443 1780 709 1836 conceptus
742 1782 1004 1837 antequam
1034 1782 1261 1821 nascatur
1283 1772 1609 1836 extinguatur,
1644 1770 1764 1818 dum
1789 1770 1915 1818 mala
1939 1787 2045 1835 quae
2072 1779 2235 1817 mente
2264 1785 2383 1817 con·-

215 1848 439 1914 cipimus,
477 1866 540 1898 ne
568 1867 724 1916 usque
759 1851 822 1900 ad
851 1869 1000 1919 opera
1026 1852 1290 1920 prodeant,
1317 1853 1662 1919 praevenimus,
1687 1868 1885 1899 omnem
1912 1852 1980 1899 eis
2011 1860 2249 1916 quantum
2267 1867 2380 1916 pos—

215 1946 381 1978 sumus
417 1932 724 1981 occasionem
763 1934 1049 1982 auferentes.
1087 1936 1220 1983 Sicut
1258 1935 1490 2000 scriptum
1527 1936 1627 1982 est¹
1658 1951 1668 1980 :
1703 1953 1726 1977 «
1760 1936 1932 1982 Beatus
1966 1933 2051 1998 qui
2088 1931 2296 1993 tenebit,
2336 1941 2381 1979 et

215 2007 378 2057 allidet
413 2010 643 2075 parvulos
680 2029 795 2061 suos
833 2013 894 2061 ad
929 2023 1135 2080 petram,
1159 2033 1184 2060 »
1219 2013 1267 2061 id
1307 2022 1378 2061 est
1400 2021 1638 2078 concepta
1660 2028 1749 2078 per
1785 2011 1998 2076 aliquam
2028 2011 2381 2076 suggestionem

215 2099 378 2137 mente
393 2101 594 2157 peccata
617 2092 795 2156 adhuc,
814 2096 953 2160 quasi
975 2095 1179 2162 parvula
1201 2094 1314 2157 sint,
1341 2092 1652 2143 mortificabit
1675 2102 1819 2158 atque
1843 2091 2115 2154 interficiet,
2135 2090 2380 2139 allidendo

216 2169 279 2217 ad
299 2181 506 2236 petram,
547 2173 598 2220 id
631 2184 703 2223 est
740 2176 1096 2241 confringendo
1135 2192 1193 2224 ea
1229 2186 1276 2224 et
1307 2173 1590 2240 dissipando
1628 2173 1692 2221 ad
1721 2172 1842 2221 illud
1875 2172 2124 2221 bonorum
2158 2172 2380 2220 omnium

216 2249 387 2300 stabile
420 2252 821 2319 fundamentum,
860 2256 997 2322 quod
1027 2255 1245 2304 Christus
1262 2320 1264 2324 ,
1283 2265 1382 2318 est,
1416 2255 1535 2302 dum
1565 2253 1702 2320 quod
1737 2270 1827 2321 per
1860 2253 2190 2302 infirmitatem
2225 2253 2381 2301 carnis

218 2345 356 2379 mens
385 2332 603 2383 humana
634 2337 952 2403 concupiscit,
988 2354 1080 2403 per
1114 2353 1334 2386 amorem
1371 2336 1547 2384 Christi
1586 2336 1711 2383 ratio
1745 2334 1974 2384 roborata
2008 2352 2071 2384 ne
2105 2334 2380 2402 perficiatur

216 2413 400 2477 satagit.
437 2414 571 2464 Sicut
607 2416 721 2465 alibi
755 2417 886 2466 idem
923 2419 1182 2486 Apostolus
1212 2426 1567 2467 commemorat
1605 2416 1798 2465 dicens’
1835 2435 1844 2463 :
1877 2436 1902 2462 «
1921 2419 2045 2465 Caro
2083 2416 2381 2483 concupiscit

216 2490 445 2542 adversus
468 2496 711 2562 spiritum,
746 2499 942 2564 spiritus
969 2499 1200 2548 adversus
1234 2516 1490 2562 carnem,»
1521 2497 1572 2545 id
1607 2506 1679 2546 est
1704 2498 1831 2545 ratio
1862 2498 2020 2546 carnis
2051 2499 2377 2563 suggestiones

217 2574 512 2638 reprimenS,
552 2594 616 2627 ne
654 2578 834 2627 scilicet
877 2597 1032 2646 usque
1074 2581 1138 2630 ad
1178 2597 1329 2648 opera
1372 2577 1661 2647 procedant.
1705 2581 1765 2626 Et
1807 2579 2038 2627 Salomon
2061 2580 2074 2603 ³
2110 2597 2119 2624 :
2154 2599 2177 2623 «
2210 2578 2378 2626 Melior

216 2662 318 2716 est,
349 2675 372 2699 >›
399 2655 583 2722 inquit,
616 2678 640 2706 t<
672 2661 858 2725 patiens
886 2662 992 2710 viro
1016 2662 1129 2710 forti
1159 2680 1169 2709 z
1205 2672 1252 2710 et
1274 2662 1360 2727 qui
1387 2660 1667 2708 dominatur
1698 2659 1862 2707 animo
1897 2675 2015 2720 suo,
2051 2667 2378 2724 expugnatore

218 2732 430 2783 urbium.
465 2755 488 2782 n
1541 2787 1544 2790 -

288 2833 313 2860 «
337 2816 626 2883 Quicunque
664 2822 814 2869 enim.
839 2843 863 2866 »
902 2826 1044 2884 Bene,
1083 2825 1302 2888 inquam,
1329 2821 1516 2881 vivetis,
1556 2822 1595 2868 si
1634 2821 1804 2887 spiritu
1844 2820 2023 2869 scilicet
2062 2820 2186 2868 sacta
2221 2821 2378 2870 carnis

218 2895 637 2961 mortificaveritis,
655 2902 770 2965 quia
794 2921 816 2948 α
837 2904 1119 2969 quicunque
1141 2911 1387 2967 aguntur»
1408 2903 1572 2967 potius
1596 2918 1746 2967 quam
1768 2911 2025 2967 coguntur,
2042 2900 2094 2949 id
2119 2910 2190 2949 est
2210 2916 2378 2950 amore

218 2975 492 3026 alliciuntur
531 2982 681 3047 magis
718 3000 867 3048 quam
905 2985 1081 3043 timore
1119 2982 1498 3050 compelluntur,
1543 3002 1566 3028 «
1604 2983 1774 3049 spiritu
1813 2983 1922 3043 Dei,
1960 3001 1984 3028 υ
2022 2982 2106 3030 filii
2141 2993 2255 3031 sunt
2289 2984 2377 3032 Dei

220 3055 381 3118 potius
414 3074 562 3123 quam
595 3061 738 3124 servi,
774 3061 826 3109 id
856 3072 925 3110 est
956 3079 1044 3128 per
1076 3078 1296 3111 amorem
1326 3062 1372 3110 ei
1394 3062 1548 3126 magis
1583 3077 1733 3126 quam
1765 3078 1855 3128 per
1888 3062 2116 3111 timorem
2153 3061 2373 3128 subjecti.

223 3153 247 3179 α
270 3138 378 3185 Non
398 3139 544 3189 enim.
566 3161 602 3185 »v
618 3143 684 3191 Ac
706 3142 745 3191 si
768 3141 1198 3210 aliquisquaereret
1224 3142 1486 3193 t-Habetne
1507 3146 1641 3192 Deus
1661 3143 1825 3210 plures
1846 3143 1989 3206 filios,
2014 3160 2129 3192 cum
2148 3144 2253 3209 ejus
2274 3143 2378 3191 uni-

263 3322 270 3340 ¹
288 3320 417 3356 Psalm.
437 3331 571 3368 cxxxvt,
588 3335 618 3360 v.
638 3328 721 3362 9.—
736 3329 748 3348 ²
762 3328 895 3371 Gabar,
913 3338 984 3371 cap.
1013 3338 1061 3371 111,
1083 3339 1113 3363 v.
1134 3330 1182 3364 19.
1208 3347 1246 3355 -
1262 3330 1274 3350 ³
1292 3330 1412 3370 Prov„
1434 3338 1507 3371 cap.
1533 3337 1600 3368 xvi,
1615 3337 1646 3360 v.
1667 3330 1719 3362 32.
