2638 3866
256 157 356 207 278
1068 149 1244 198 PETRI
1277 151 1596 200 ABAELARDI

260 260 443 307 tionem
477 256 566 304 Dei
597 255 647 302 in
679 253 845 319 seipsis
867 253 1198 318 incorruptam
1228 261 1450 316 satagunt
1478 251 1742 312 custodire,
1770 268 1826 301 ac
1858 251 2119 301 reformare
2140 254 2399 320 imaginem

258 339 347 387 Dei
384 339 432 385 in
457 352 553 401 qua
576 335 723 383 creati
747 343 876 394 sunt,
906 333 1113 399 peccatis
1137 349 1243 397 quae
1274 348 1382 380 eam
1406 332 1570 381 delent
1590 332 1666 381 vel
1690 332 1934 381 maculant
1967 343 2208 398 quantum
2241 334 2401 384 valent

259 417 545 466 resistendo.
583 418 641 462 Et
670 431 783 462 vere
820 413 948 461 hanc
985 413 1331 460 revelationem
1370 401 1655 478 exspectant·
1679 412 1870 474 fideles,
1911 414 2025 479 quia
2058 424 2258 480 propter
2293 430 2402 463 eam

260 505 580 546 contemnunt
603 496 712 543 vitae
736 495 979 561 praesentis
1002 494 1280 555 vanitatem,
1310 503 1357 542 et
1386 493 1608 541 nolentes
1630 511 1738 543 eam
1763 495 2029 557 sustinent3
2059 495 2403 561 concupientes

260 579 404 626 etiam
427 577 528 641 jam
552 576 712 642 potius
737 575 933 623 dissolvi
959 585 1006 623 et
1036 591 1137 622 esse
1165 592 1277 622 cum
1309 574 1517 623 Christ0.
1551 577 1610 622 Et
1635 575 1732 623 hoc
1756 585 1827 623 est
1855 575 1990 640 quod
2013 576 2079 624 ait
2102 593 2112 623 :
2139 578 2405 624 «Creatura

260 660 362 723 ipsa
391 657 606 722 subjecta
630 666 702 704 est
729 657 917 718 nolens,
953 675 976 701 »
1003 655 1053 703 id
1081 666 1150 703 est
1172 655 1300 704 hanc
1323 672 1497 704 vanam
1531 656 1680 703 vitam
1709 665 1815 721 q'uae
1843 666 1890 704 et
1923 656 2195 704 transitoria
2229 665 2319 716 est,
2357 665 2406 704 et

260 739 486 786 aerumnis
517 739 690 804 plena,
718 738 919 785 sustinet
941 737 1107 796 invita,
1139 746 1379 802 quantum
1404 737 1453 784 in
1487 753 1537 784 se
1561 746 1651 784 est.
1686 736 1822 784 «Sed
1843 746 2042 803 propter
2063 753 2199 799 eum,
2226 736 2406 785 scilicet

261 834 368 867 eam
401 818 591 879 tolerat,
625 818 751 883 «qui
775 817 979 882 subjecit
1012 834 1118 865 eam
1145 818 1196 865 in
1229 834 1313 884 spe
1349 817 1493 879 illius,
1516 837 1538 861 2>
1578 817 1758 866 scilicet
1791 817 1958 865 futurae
1990 817 2315 878 revelationis,
2355 816 2407 865 id

262 909 333 947 est
359 900 410 947 in
440 899 533 948 hac
556 916 664 947 eam
692 898 951 963 affligendo
982 898 1223 959 humiliat,
1259 908 1312 946 ut
1345 899 1394 945 in
1418 898 1499 946 illa
1530 915 1636 963 quoe
1659 908 1878 964 speratur
1902 898 2092 946 exaltet.
2120 897 2269 956 Quod
2290 913 2407 946 vero

262 980 320 1027 sit
354 996 464 1046 spes
496 979 576 1028 illa
607 989 851 1040 creaturae,
878 979 928 1026 id
960 989 1030 1026 est
1057 978 1192 1044 quod
1215 989 1408 1044 sperent
1432 979 1512 1027 hic
1542 978 1707 1026 afflicti
1730 978 1914 1039 fideles,
1942 979 2177 1044 supponit
2205 977 2404 1026 dicens:

266 1061 431 1118 «Quia
462 1069 511 1108 et
539 1061 660 1126 ipsa,
692 1070 806 1120 etc.,
829 1079 851 1105 »
883 1059 934 1108 id
958 1069 1030 1107 est
1053 1059 1132 1107 hic
1164 1069 1360 1125 sperant
1391 1060 1474 1125 qui
1509 1059 1846 1107 liberabuntur
1878 1059 1948 1107 ibi
1979 1075 2006 1106 a
2033 1059 2152 1123 jugo
2177 1057 2412 1124 passibilis

263 1150 310 1188 et
337 1140 662 1207 corruptibilis
694 1142 877 1203 carnis,
912 1157 1011 1205 quo
1035 1140 1114 1187 hic
1140 1141 1486 1206 opprimuntur
1507 1140 1662 1188 inviti.
1695 1140 1984 1189 Libertatem
2016 1139 2132 1187 dicit
2160 1139 2286 1186 illius
2307 1138 2414 1186 vitae

267 1221 498 1284 gloriam,
539 1222 589 1269 in
622 1236 718 1286 qua
754 1221 888 1269 nulla
923 1221 1013 1269 erit
1047 1222 1318 1287 oppressio,
1343 1238 1457 1269 cum
1492 1237 1639 1269 nemo
1679 1221 1862 1287 aliquid
1905 1230 2078 1269 contra
2115 1219 2416 1268 voluntatem

266 1318 401 1349 suam
438 1302 711 1349 incurrerit.

335 1401 359 1427 «
392 1383 580 1441 Scimus
602 1382 749 1430 enim.
775 1403 798 1426 >2
825 1381 1049 1431 Ostendit
1070 1399 1158 1449 per
1185 1393 1345 1449 partes
1377 1393 1649 1432 creaturam
1670 1382 1752 1431 hic
1774 1383 2003 1432 afflictam
2024 1383 2085 1431 ad
2110 1382 2242 1430 illam
2268 1396 2416 1446 quam

268 1462 334 1510 ibi
359 1472 542 1529 sperat,
578 1462 852 1511 libertatem
884 1464 1045 1527 gloriae
1067 1473 1172 1512 toto
1197 1463 1437 1512 desiderio
1463 1464 1718 1526 anhelare,
1753 1464 1867 1529 quia
1887 1463 2112 1512 videlicet
2135 1472 2235 1510 tam
2258 1461 2311 1509 hi
2333 1461 2417 1526 qui

269 1544 394 1591 inter
416 1543 581 1591 fideles
613 1553 726 1591 sunt
747 1545 980 1604 minores,
1014 1561 1162 1609 quam
1186 1545 1253 1592 illi
1277 1546 1361 1610 qui
1385 1546 1609 1610 majores.
1636 1545 1851 1592 Minores
1874 1554 2037 1592 autem
2059 1542 2308 1606 distinguit
2329 1557 2418 1607 per

270 1617 366 1665 hoc
405 1618 541 1683 quod
582 1618 715 1679 dicit,
759 1639 782 1662 «
803 1620 972 1666 Omnis
1013 1628 1249 1667 creatura.
1272 1640 1294 1663 »
1335 1620 1539 1684 Majores
1567 1637 1685 1668 vero
1724 1636 1811 1685 per
1847 1619 1943 1667 hoc
1984 1618 2120 1684 quod
2156 1615 2416 1683 supponit,

276 1698 545 1764 «primitias
579 1699 770 1764 spiritus
803 1699 1052 1747 habentes.
1082 1718 1105 1744 »
1138 1699 1283 1758 Quod
1317 1700 1480 1763 itaque
1511 1700 1704 1760 dicitur,
1752 1720 1774 1744 c<
1797 1700 1957 1747 omnis
1990 1708 2232 1759 creatura,
2260 1715 2282 1742 n
2326 1695 2420 1744 tale

273 1789 344 1827 est
366 1795 422 1827 ac
450 1780 490 1827 si
512 1778 694 1827 diceret
722 1797 732 1826 ε
768 1780 828 1827 Η1
853 1780 938 1844 qui
961 1780 1165 1827 omnino
1191 1789 1304 1828 sunt
1329 1790 1572 1843 creatura,
1597 1780 1674 1828 vel
1697 1781 1781 1845 qui
1809 1781 1899 1828 toti
1922 1790 2035 1827 sunt
2057 1788 2293 1837 creatura,
2316 1793 2419 1825 non

274 1870 531 1923 creatores,
557 1860 719 1908 nullos
741 1860 965 1908 videlicet
988 1877 1151 1909 creare
1170 1861 1246 1909 vel
1271 1877 1500 1925 generare
1529 1864 1634 1909 Deo
1656 1878 1744 1927 per
1764 1860 2158 1927 praedicationem
2180 1859 2415 1907 volentes.

276 1940 490 2005 Apostoli
506 1957 622 1989 vero
645 1951 692 1988 et
715 1957 884 1988 eorum
904 1941 1069 1989 vicarii
1090 1951 1322 2007 tanquam
1346 1942 1571 2004 aliorum,
1594 1952 1650 1990 ut
1670 1942 1898 2004 diximus,
1920 1950 2160 1990 creatores
2182 1937 2420 2004 quodam·

276 2020 426 2068 modo
454 2030 591 2081 sunt,
615 2021 752 2085 juxta
773 2021 909 2086 quod
933 2021 1048 2069 alibi
1070 2023 1171 2088 ipse
1197 2022 1312 2070 dicit
1344 2023 1599 2088 Apostolus
1616 2026 1657 2069 ¹:
1689 2043 1712 2067 ι(
1739 2026 1791 2070 In
1825 2022 2016 2070 Christo
2047 2022 2178 2070 enim
2203 2022 2315 2068 Jesu
2333 2034 2421 2085 per

276 2100 589 2165 Evangelium
602 2118 691 2166 ego
708 2118 797 2149 vos
816 2103 976 2166 genui.
988 2123 1010 2146 »
1029 2105 1088 2150 Et
1106 2103 1328 2150 iterum²z
1348 2122 1371 2148 α
1390 2103 1545 2151 Filioli
1563 2104 1674 2166 mei,
1695 2120 1820 2169 quos
1835 2104 2013 2151 iterum
2030 2101 2246 2168 parturio
2263 2099 2422 2148 donec

278 2180 512 2229 formetur
532 2181 747 2229 Christus
769 2182 820 2229 in
839 2182 996 2230 vobis.
1013 2203 1036 2227 >2
1056 2203 1078 2229 ι(
1097 2184 1372 2248 Ingemiscit
1387 2194 1434 2232 et
1448 2185 1669 2250 parturit,
1685 2204 1707 2229 >2
1727 2184 1774 2232 id
1794 2194 1866 2232 est
1881 2180 2241 2249 ingemiscendo
2257 2188 2422 2246 partu-

277 2262 354 2309 rit.
383 2263 600 2310 Gemitus
624 2273 785 2310 autem
807 2262 1024 2311 fidelium
1047 2264 1100 2312 hi
1123 2264 1198 2313 vel
1222 2265 1283 2313 de
1306 2276 1495 2313 terrena
1520 2265 1781 2314 afflictione
1803 2265 2122 2332 proveniunt,
2154 2259 2423 2310 secundum

277 2341 428 2390 istud³
455 2361 465 2390 :
497 2363 520 2386 «
540 2346 720 2391 Euntes
742 2343 878 2391 ibant
900 2353 947 2391 et
975 2344 1175 2406 flebant,
1202 2347 1444 2394 mittentes
1475 2347 1659 2394 semina
1679 2361 1783 2409 sua,
1801 2366 1823 2391 υ
1849 2345 1925 2393 vel
1947 2345 2009 2393 de
2031 2343 2234 2392 coelestis
2260 2340 2425 2407 patriae

280 2421 538 2483 desiderio,
565 2423 689 2471 sicut
711 2433 782 2472 est
804 2424 972 2472 illud⁴2
1002 2446 1026 2468 «
1040 2428 1148 2473 Heu
1174 2426 1294 2473 mihi
1317 2427 1431 2490 quia
1452 2427 1692 2474 incolatus
1714 2442 1850 2474 meus
1871 2426 2185 2491 prolongatus
2210 2431 2298 2470 est.
2322 2441 2346 2466 >2
2366 2423 2426 2468 Et

279 2505 490 2550 rursum⁵
505 2521 515 2550 z
536 2523 560 2549 ει
577 2505 731 2570 Super
745 2504 947 2552 flumina
961 2505 1220 2571 Babylonis
1234 2506 1330 2554 illic
1345 2507 1558 2555 sedimus
1573 2516 1620 2554 et
1636 2506 1873 2568 flevimus,
1890 2505 2049 2553 donec
2060 2502 2426 2551 recordaremur

280 2582 349 2628 tui
383 2583 520 2631 Sion.
546 2602 570 2630 »
597 2585 874 2632 Parturiunt
903 2595 1084 2648 autem,
1111 2586 1163 2634 id
1187 2596 1258 2634 est
1283 2586 1450 2635 labore
1472 2587 1686 2635 maximo
1716 2586 1926 2634 fructum
1952 2584 2198 2632 bonorum
2221 2576 2426 2648 operum

279 2662 494 2724 proferre
527 2664 850 2726 meditantur3
885 2675 932 2713 et
965 2676 1186 2732 satagunt
1218 2685 1371 2733 usque
1406 2667 1583 2724 adhuc,
1610 2667 1660 2715 id
1682 2676 1754 2715 est
1783 2683 1883 2714 non
1915 2665 2128 2725 horarie,
2151 2661 2237 2710 sed
2261 2677 2430 2727 quam·

282 2740 364 2789 diu
391 2743 578 2792 vivunt.
610 2746 826 2793 Parturio
849 2746 981 2793 enim
1003 2747 1206 2796 verbum
1234 2758 1305 2796 est
1324 2748 1609 2797 meditativae
1628 2747 1810 2808 formae,
1839 2762 1939 2793 non
1962 2743 2183 2811 perfectae
2210 2760 2220 2789 :
2248 2751 2295 2790 et
2316 2739 2427 2788 ideo

283 2821 407 2869 bene
443 2825 713 2874 minoribus
735 2836 878 2892 atque
900 2827 1191 2894 imperfectis
1221 2839 1432 2896 aptatur,
1465 2829 1548 2894 qui
1571 2831 1708 2894 quasi
1731 2837 1844 2876 sunt
1865 2827 1916 2875 in
1939 2826 2078 2874 initio
2101 2821 2426 2889 cogitationis,

286 2917 385 2949 non
408 2903 457 2950 in
481 2905 776 2969 perfectione
800 2910 1112 2973 operationis.
1139 2913 1250 2958 Haec
1273 2920 1434 2958 autem
1459 2909 1674 2975 Apostoli
1695 2908 1843 2957 verba
1864 2924 1978 2956 cum
1999 2907 2094 2954 ait:
2113 2925 2136 2950 «
2158 2900 2430 2970 Ingemiscit

286 2990 334 3028 et
357 2984 591 3046 parturit,
624 3004 648 3030 »
678 2987 769 3034 illis
797 2989 1064 3037 Dominicis
1088 2990 1391 3038 concordant
1423 2989 1582 3038 verbis
1615 2989 1792 3055 quibus
1825 2988 2045 3047 dicitur⁸,
2068 3005 2092 3032 «
2111 2986 2281 3034 Mulier
2317 2998 2429 3030 cum

333 3188 367 3223 ¹1
385 3190 555 3233 Corinth„
570 3201 643 3234 cap.
660 3201 712 3235 lv,
727 3202 757 3226 v.
774 3195 823 3228 15.
840 3212 878 3219 -
892 3196 902 3215 ²
917 3195 1049 3237 Galat.,
1070 3205 1143 3239 cap.
1161 3205 1206 3238 iv,
1223 3206 1254 3231 v.
1274 3197 1325 3231 19.
1344 3215 1382 3224 -
1395 3199 1407 3219 ³
1422 3197 1552 3231 Psalm.
1573 3207 1674 3239 cxxv,
1687 3206 1717 3231 v.
1734 3198 1765 3232 6.
1781 3214 1822 3222 —-
1835 3198 1846 3217 ⁴
1859 3195 1989 3230 Psalm.
2008 3202 2083 3228 cxix
2097 3218 2106 3234 ,
2129 3202 2161 3226 v.
2175 3195 2205 3227 5.
2223 3209 2260 3217 -
2275 3193 2286 3212 ⁵
2299 3189 2431 3225 Psalm-

290 3252 428 3286 cxuvi,
445 3253 476 3279 v.
495 3248 524 3279 1.
542 3262 581 3274 --
596 3247 608 3267 ⁶
623 3245 733 3289 ἔσεαι,
751 3256 823 3289 cap.
840 3257 910 3290 xvi,
927 3258 956 3282 v.
977 3250 1031 3283 21.
