2638 3866
355 216 452 263 220
1169 210 1335 257 PETRI
1367 207 1672 256 ABAELARDI

359 332 384 359 «
403 317 462 362 Et
482 314 578 361 hoc
603 322 673 360 est
697 301 1036 359 testamentum
1068 312 1192 358 inter
1214 326 1301 357 vos
1324 319 1371 356 et
1399 326 1494 370 me,
1518 318 1565 356 et
1585 309 1709 356 inter
1729 324 1808 355 me
1837 317 1885 355 et
1908 307 2032 355 inter
2054 308 2266 356 medium
2290 313 2485 360 seminis

356 413 379 440 α
402 394 471 441 tui
493 402 603 458 post
626 401 690 439 te.
710 390 1093 439 Circumcidetur
1112 405 1256 437 omne
1280 388 1598 436 masculinum
1614 397 1847 448 vestrum,
1868 397 1915 435 et
1933 403 2054 452 puer
2077 398 2247 438 octava
2265 390 2359 439 die.
2387 392 2485 439 Cir-

356 493 379 517 «
399 472 695 522 cumcidetur
713 472 761 518 in
784 471 922 519 vobis
945 471 1102 518 omnis
1128 469 1420 516 masculinus
1440 469 1488 515 in
1514 467 1903 532 generationibus
1922 468 2106 528 vestris,
2131 470 2415 519 vernaculus
2438 482 2486 520 et

356 572 378 597 «
401 553 607 617 pecunia
635 561 842 617 emptus.
869 571 892 595 »
917 551 1236 598 Discutiamus
1260 557 1424 595 utrum
1458 548 1741 595 mandatum
1772 548 1915 595 etiam
1938 564 2038 606 eos,
2062 549 2146 614 qui
2169 566 2226 597 ex
2249 551 2484 600 Gentibus

349 631 672 692 crediderunt,
708 631 1015 694 constringat.
1053 632 1306 692 Nunquam
1338 627 1449 674 fecit
1474 627 1702 693 proselyti
1736 628 2049 690 mentionem,
2079 629 2131 676 id
2153 640 2240 690 est,
2266 631 2477 693 advenae,

347 712 432 760 sed
467 711 780 760 vernaculum
813 727 1005 758 servum
1033 709 1106 757 vel
1134 708 1290 773 pretio
1323 717 1590 755 mercatum
1621 708 1901 756 circumcidi
1926 706 2085 772 jubet,
2120 726 2221 757 non
2255 710 2480 761 liberum.

349 797 705 843 Perscrutemur
727 795 870 841 etiam
887 794 1079 840 Levc‘tc'cc'
1095 792 1249 855 legem
1266 792 1295 837 ¹.
1321 810 1343 835 «
1362 794 1600 856 Loquere,
1619 810 1642 836 »
1663 792 1838 857 inquit,
1855 812 1877 837 «
1898 790 2006 839 filiis
2027 792 2187 856 Israel,
2205 803 2253 842 et
2270 794 2400 843 dices
2419 797 2481 844 ad

351 896 372 919 <c
394 892 503 923 eos:
527 875 696 923 Mulier
715 876 754 922 si
775 873 1014 940 pepererit
1034 872 1320 931 masculum,
1339 881 1513 919 octavo
1536 872 1847 921 circumcidet
1869 873 1963 923 die.
1986 893 2012 920 ³>
2031 876 2221 922 Intuere
2238 875 2383 923 etiam
2399 876 2481 925 hic

345 955 754 1023 quemadmodum
778 954 839 1002 de
861 954 963 1017 lege
984 952 1361 1000 circumcisionis
1380 962 1568 1001 tantum
1589 953 1653 1001 ad
1675 954 1799 1002 filios
1821 957 1965 1005 lsrael
1984 959 2170 1021 Moyses
2190 955 2325 1020 loqui
2343 955 2483 1020 jube·

345 1048 439 1097 tur,
464 1046 510 1083 et
532 1036 905 1099 alienigenarum
930 1032 1062 1080 nulla
1095 1033 1155 1080 sit
1184 1033 1386 1095 mentio,
1413 1050 1526 1081 cum
1551 1035 1599 1081 in
1623 1035 1911 1100 quibusdam
1936 1037 2174 1086 mandatis
2197 1052 2298 1083 non
2321 1036 2480 1085 solum
2520 1079 2526 1086 .

342 1116 449 1163 filiis
469 1117 626 1175 lsrael,
649 1115 734 1163 sed
758 1113 1027 1179 proselytiS,
1050 1112 1100 1160 id
1126 1122 1197 1160 est
1218 1112 1416 1161 advenis
1434 1115 1679 1178 loquatur.
1702 1118 1974 1165 Necessario
1991 1118 2159 1182 utique
2179 1115 2479 1166 observanda

341 1195 582 1244 distinctio
606 1204 696 1255 est;
726 1194 838 1258 quia
860 1187 981 1239 sicut
1003 1192 1086 1239 ubi
1106 1192 1297 1255 dicitur,
1325 1194 1566 1259 «loquere
1587 1195 1650 1243 ad
1680 1198 1857 1259 Aaron,
1879 1217 1902 1242 »
1930 1207 1977 1246 et
1998 1196 2128 1258 alibi,
2155 1196 2218 1244 ad
2236 1197 2438 1258 Levitas,
2454 1217 2477 1241 »

339 1285 523 1323 certum
541 1284 609 1321 est
631 1290 731 1321 non
757 1272 1003 1337 subjacere
1022 1271 1233 1337 reliquos
1251 1273 1325 1321 his
1343 1273 1546 1337 legibus,
1569 1276 1635 1323 ita
1658 1277 1801 1324 etiam
1818 1294 1923 1342 quae
1941 1277 2048 1326 filiis
2060 1277 2292 1342 jubentur
2314 1278 2474 1340 Israel,

338 1372 426 1403 nec
473 1355 747 1418 alienigenae
785 1353 1019 1401 memoria
1055 1353 1150 1401 ulla
1192 1354 1272 1416 fit,
1319 1371 1419 1402 non
1459 1356 1728 1421 putandum
1768 1369 1840 1406 est
1878 1359 1927 1406 in
1972 1358 2047 1406 his
2079 1375 2339 1406 commune
2375 1375 2478 1407 esse

336 1435 632 1496 mandatum,
659 1434 742 1482 ubi
762 1434 1094 1500 appellationis
1111 1434 1318 1483 habetur
1338 1438 1571 1503 exceptio,
1600 1439 1677 1486 Sic
1701 1456 1816 1504 ergo
1842 1456 1933 1488 nec
1956 1439 2075 1488 alius
2103 1439 2358 1504 quisquam
2381 1440 2478 1487 cir-

336 1516 638 1564 cumcisionis
668 1517 772 1581 lege
801 1516 1161 1581 constringitur,
1197 1519 1363 1567 nisiex
1396 1518 1637 1568 Abraham
1674 1521 1910 1585 originem
1944 1520 2157 1580 trahens,
2195 1519 2271 1567 vel
2304 1536 2476 1569 verna-

333 1600 469 1657 culus
489 1615 676 1659 eorum,
694 1599 770 1647 vel
782 1601 938 1664 pretio
955 1608 1162 1665 emptus.
1185 1620 1207 1643 »
1230 1603 1349 1648 Item
1368 1619 1378 1647 ε
1402 1622 1422 1646 «
1439 1603 1549 1649 Haec
1565 1601 1692 1650 dicta
1706 1612 1818 1650 sunt
1829 1619 1856 1650 a
1867 1601 2027 1663 nobis,
2046 1611 2100 1648 ut
2113 1598 2477 1650 ostenderemus

334 1681 568 1745 praecipue
595 1679 655 1727 de
678 1680 1054 1727 circumcisionis
1077 1692 1336 1747 praecepto,
1364 1682 1498 1746 quod
1522 1700 1622 1730 non
1655 1684 1757 1730 aliis
1779 1699 1925 1748 quam
1943 1683 2020 1730 his
2049 1683 2132 1748 qui
2155 1698 2210 1729 ex
2236 1681 2476 1731 Abraham

335 1777 482 1824 genus
503 1759 702 1820 ducunt,
726 1759 1091 1826 vernaculisque
1110 1755 1281 1809 eorum
1297 1763 1374 1809 vel
1391 1763 1546 1827 pretio
1564 1765 1817 1829 coemptis,
1837 1773 1959 1811 esset
1977 1763 2273 1827 injunctum3
2298 1760 2477 1811 liberos

334 1858 448 1888 vero
466 1858 566 1888 esse
583 1841 644 1888 ab
663 1841 944 1906 hujusmodi
962 1842 1148 1907 legibus
1169 1860 1252 1891 eos
1271 1844 1354 1909 qui
1375 1861 1462 1909 per
1477 1844 1722 1892 Christum
1743 1848 1847 1892 Deo
1872 1861 1930 1892 ex
1951 1843 2186 1892 Gentibus
2205 1842 2425 1891 credunt.
2447 1865 2470 1888 »

333 1926 450 1969 ltem
468 1938 479 1968 :
502 1941 523 1966 «
546 1924 616 1968 De
636 1923 1003 1970 circumcisione
1027 1923 1144 1988 quid
1166 1924 1311 1971 etiam
1330 1924 1595 1989 allegoricis
1610 1924 1796 1989 legibus
1811 1924 2116 1972 sentiendum
2129 1924 2188 1970 sit
2206 1923 2472 1974 videamus,

332 2002 682 2050 Circumcidere
709 2013 779 2051 est
810 2020 867 2051 ex
906 2004 1098 2067 genitali
1128 2005 1375 2065 membro,
1402 2022 1489 2070 per
1512 2006 1647 2070 quod
1678 2006 1882 2054 carnalis
1916 2021 2132 2072 propago
2156 2005 2472 2066 ministratur,

331 2093 578 2148 amputare
600 2083 807 2148 aliquam
832 2094 1035 2148 partem.
1059 2087 1146 2132 Per
1167 2084 1264 2132 hoc
1284 2085 1485 2133 indicari
1509 2086 1770 2151 figuraliter
1788 2103 1899 2134 reor
1917 2084 2264 2152 amputandam
2286 2100 2388 2132 esse
2409 2085 2473 2133 ab

331 2164 516 2223 anima,
545 2164 583 2210 si
611 2180 706 2228 qua
730 2180 786 2211 ex
809 2165 1052 2211 consortio
1087 2166 1132 2212 ei
1166 2166 1323 2212 carnis
1352 2166 1564 2214 adhaeret
1597 2167 1863 2232 impuritas.
1902 2166 2088 2213 Idcirco
2126 2165 2216 2212 ista
2251 2164 2472 2213 dissectio

331 2243 613 2307 genitalibus
637 2244 884 2309 infligitur,
909 2245 1044 2308 quod
1073 2245 1355 2310 hujusmodi
1377 2248 1492 2295 vitia
1528 2248 1701 2295 animae
1733 2263 1833 2294 non
1866 2263 1924 2294 ex
1947 2245 2145 2311 propria
2173 2243 2437 2293 substantia
2454 2282 2471 2305 ,

330 2323 414 2370 sed
454 2340 512 2372 ex
550 2325 794 2372 incentivo
833 2327 988 2372 carnis
1028 2325 1303 2374 adveniant.
1331 2328 1555 2375 Praesenti
1592 2328 1766 2375 saeculo
1804 2327 2071 2392 septimana
2111 2325 2341 2390 deputata
2378 2335 2465 2373 est.

331 2406 538 2451 Octavus
568 2404 668 2452 dies
692 2415 851 2453 autem
884 2405 1032 2453 futuri
1057 2407 1204 2453 seculi
1233 2408 1515 2471 mysterium
1539 2414 1684 2456 tenet.
1712 2407 1911 2454 Illorum
1935 2423 2049 2470 ergo
2076 2415 2146 2452 est
2167 2405 2468 2452 circumcisio

330 2484 581 2548 spiritualis
609 2486 692 2549 qui
717 2485 877 2533 futuro
901 2487 1073 2533 saeculo
1097 2486 1323 2547 militant,
1349 2488 1399 2534 in
1423 2505 1524 2552 quo
1552 2504 1711 2552 neque
1734 2487 1923 2535 nubent
1947 2502 2107 2550 neque
2128 2483 2391 2541 nubentur,
2423 2495 2469 2532 et

329 2581 495 2611 eorum
530 2566 613 2629 qui
641 2566 820 2632 seipsos
853 2574 1184 2614 castraverunt
1216 2578 1414 2633 propter
1442 2585 1646 2633 regnum
1674 2568 1780 2630 Dei,
1815 2577 1863 2615 et
1884 2584 2097 2632 quorum
2125 2567 2174 2612 in
2205 2565 2341 2612 terris
2362 2580 2467 2612 am·-

327 2644 593 2692 bulantium
617 2647 667 2692 in
691 2645 822 2693 coelis
850 2656 922 2693 est
942 2648 1262 2695 conversatio.
1291 2648 1385 2695 Sed
1408 2648 1540 2714 apud
1563 2648 1781 2695 Ezechiel
1806 2647 1922 2695 dicit
1943 2647 2232 2694 Dominus⁵z
2255 2663 2277 2690 «
2296 2645 2468 2692 Omnis

333 2745 354 2767 α
371 2723 493 2771 filius
515 2726 778 2791 alienigena
802 2727 1163 2775 incircumcisus
1184 2728 1331 2776 corde
1350 2738 1397 2776 et
1419 2745 1562 2777 carne
1579 2746 1679 2776 non
1703 2728 1920 2777 introibit
1944 2730 1994 2775 in
2015 2735 2179 2775 sancta
2200 2741 2357 2772 mea.»
2372 2725 2472 2779 Sed

327 2803 571 2851 videamus
601 2823 660 2853 ne
690 2807 811 2855 forte
834 2809 998 2856 referri
1021 2819 1164 2873 queat
1188 2808 1250 2856 ad
1276 2809 1377 2856 duo
1401 2809 1639 2874 generalia
1660 2819 1922 2875 praecepta,
1948 2819 2002 2856 ut
2023 2809 2084 2856 sit
2105 2805 2466 2858 incircumcisus

328 2883 471 2930 corde
500 2885 585 2948 qui
607 2902 706 2932 non
733 2887 879 2935 habet
913 2889 1076 2950 fidem,
1106 2890 1470 2938 incircumcisus
1502 2907 1646 2939 carne
1677 2890 1761 2955 qui
1790 2907 1893 2938 non
1926 2889 2073 2938 habet
2105 2904 2268 2954 opera.
2308 2887 2466 2934 Altera

329 2978 534 3026 namque
566 2965 666 3011 sine
702 2966 847 3014 altera
876 2969 1179 3033 reprobatur,
1218 2971 1333 3035 quia
1365 2981 1412 3018 et
1447 2970 1567 3018 fides
1597 2972 1700 3019 sine
1727 2970 1956 3037 operibus
1984 2978 2175 3016 mortua
2197 2967 2390 3026 dicitur,
2418 2975 2469 3016 et.

328 3040 429 3087 sine
461 3041 556 3089 fide
586 3060 729 3091 nemo
752 3046 1036 3096 vivificatur.
1063 3068 1085 3093 υ
1112 3053 1231 3097 item
1253 3069 1262 3096 ε
1289 3053 1390 3098 «Et
1413 3051 1588 3099 dicitur
1610 3051 1890 3100 circumcidi
1917 3049 2129 3110 auribus,
2157 3063 2269 3094 cum
2291 3061 2465 3092 secun-

370 3250 376 3268 ¹
395 3248 466 3280 Lib.
486 3247 529 3289 ll,
561 3249 664 3291 Opp.,
684 3256 709 3283 t.
727 3251 781 3291 lv,
799 3261 832 3293 p.
852 3255 909 3287 491
930 3261 961 3287 et
977 3265 1049 3297 sqq.
1067 3258 1207 3291 Textum
1223 3261 1263 3291 ab
1281 3260 1354 3292 Am-
1428 3262 1516 3292 tione
1541 3259 1682 3301 Operum
1708 3258 1866 3299 Origenis.
1900 3274 1940 3281 —
1968 3256 2112 3296 'Levit.,
2135 3263 2206 3295 cal>-
2236 3261 2280 3286 ΧΠ
2294 3278 2302 3292 2
2320 3262 2351 3284 V·
2369 3255 2400 3285 2·
2419 3268 2461 3279 ⁴·

327 3304 438 3335 hoesio
458 3304 568 3336 datum
586 3305 735 3345 pluribus
751 3307 830 3339 locis
848 3310 996 3342 mutilum
1014 3314 1215 3346 restituimus
1230 3324 1270 3346 ex
1286 3315 1355 3347 edi-
1427 3314 1438 3332 ²
1452 3314 1584 3352 Ezech.,
1610 3322 1682 3354 cap.
1701 3321 1789 3352 κων,
1807 3320 1837 3342 v.
1859 3312 1890 3343 9-
