2638 3866
345 200 440 247 174
1151 200 1322 247 PETRI
1355 199 1529 247 ABAEL
1536 199 1672 247 ARDI

343 310 512 362 statua,
539 316 643 364 quae
685 301 735 347 in
771 317 863 348 aere
895 301 1001 366 ipso
1036 300 1112 347 vel
1146 317 1204 347 ex
1235 316 1325 347 aere
1358 300 1479 347 facta
1517 310 1603 362 est,
1639 295 1808 348 eadem
1830 317 1906 349 res
1925 303 2019 349 sint
2053 301 2362 350 essentialiter
2383 302 2480 349 sive

343 398 563 443 numero,
591 380 675 428 sed
697 390 855 428 tamen
877 371 1247 446 proprietatibus
1271 380 1368 427 suis
1392 379 1579 427 diversa
1599 380 1694 427 sint
1709 418 1720 439 ,
1747 398 1859 428 cum
1879 381 2101 431 videlicet
2124 382 2255 431 aliud
2276 383 2336 430 sit
2359 398 2480 447 pro-

342 462 502 527 prium
539 461 658 518 aeris,
698 461 829 508 aliud
865 478 994 509 aereae
1030 471 1210 509 statuae.
1252 463 1309 507 Et
1344 460 1563 524 quamvis
1598 460 1729 508 idem
1764 463 1858 509 sint
1880 462 2188 511 essentialiter
2209 480 2270 511 aes
2293 473 2340 510 et
2360 479 2482 510 aerea

342 551 512 603 statua,
540 557 660 587 aerea
691 550 852 587 tamen
884 550 1037 588 statua
1066 558 1122 588 ex
1151 556 1242 587 aere
1263 550 1351 601 est,
1393 557 1495 587 non
1534 557 1596 588 aes
1632 558 1691 588 ex
1718 558 1840 590 aerea
1877 553 2047 591 statua.
2086 543 2163 591 Sic
2181 553 2230 591 et
2250 544 2300 591 in
2320 542 2482 591 divina

340 621 563 668 Trinitate
587 637 699 667 cum
723 621 782 667 sit
804 620 973 668 eadem
995 620 1258 667 substantia
1289 620 1435 666 trium
1467 636 1804 684 personarum,
1838 621 1889 669 id
1924 632 1994 671 est
2021 624 2191 683 Patris,
2220 633 2267 671 et
2287 623 2408 681 Filii,
2435 632 2482 670 et

341 701 541 767 Spiritus
563 702 731 758 sancti,
758 701 956 748 diversae
971 710 1131 747 tamen
1155 709 1265 746 sunt
1280 700 1327 745 in
1354 700 1451 746 suis
1471 701 1850 766 proprietatibus
1869 719 2083 768 personae
2101 723 2112 763 3
2133 721 2248 751 cum
2266 704 2325 752 sit
2349 702 2482 751 aliud

341 782 592 846 proprium
628 782 791 838 Patris,
830 781 958 828 aliud
994 779 1114 838 Filii,
1149 778 1279 827 aliud
1311 781 1514 845 Spiritus
1543 782 1713 829 sancti.
1753 785 1807 830 Et
1841 785 2058 847 quamvis
2089 784 2148 831 sit
2181 799 2481 848 unaquaeque

339 862 681 927 personaidem
697 861 1003 909 essentialiter
1019 877 1130 907 cum
1144 860 1342 922 caeteris,
1358 861 1500 909 Filius
1517 871 1677 926 tamen
1693 880 1749 911 ex
1769 866 1922 925 Patre,
1941 874 2171 929 tanquam
2185 881 2306 913 aerea
2321 865 2479 929 imago

341 959 398 989 ex
421 958 529 1002 aere,
554 959 654 988 non
677 944 814 988 Pater
835 958 890 988 ex
914 941 1048 999 Filio,
1077 941 1198 987 sicut
1223 957 1312 987 nec
1334 941 1495 1006 ipsum
1517 959 1578 990 aes
1607 953 1678 990 est
1701 960 1759 990 ex
1781 960 1901 991 aerea
1935 944 2142 1008 imagine
2166 964 2179 1005 3
2207 954 2255 993 et
2279 945 2481 1010 Spiritus

341 1031 532 1069 sanctus
555 1039 583 1069 a
605 1021 790 1069 duabus
814 1021 915 1068 aliis
943 1020 1088 1068 habet
1113 1037 1214 1068 esse
1233 1022 1468 1086 personis,
1488 1039 1590 1070 non
1611 1023 1701 1070 illae
1717 1024 1779 1071 ab
1801 1040 1877 1071 eo.
1902 1025 1996 1072 Sed
2019 1035 2067 1073 et
2085 1025 2243 1073 dehis
2260 1024 2477 1090 quidem,

341 1112 574 1166 quantum
607 1101 843 1166 oportuit,
880 1101 929 1148 in
959 1104 999 1147 II
1037 1101 1297 1166 'l'lzeologz'ae
1327 1112 1501 1150 nostrae
1534 1119 1624 1150 nos
1652 1113 1875 1152 tractasse
1907 1104 2216 1154 arbitramur.
2254 1108 2391 1153 Nunc
2421 1105 2482 1153 ad

341 1182 544 1230 litteram
569 1192 878 1228 revertamur.

406 1282 430 1306 «
450 1265 486 1309 A
509 1272 719 1309 creatura
748 1261 916 1308 mundi
938 1278 1026 1327 per
1046 1278 1103 1309 ea
1122 1278 1226 1326 quae
1250 1263 1372 1311 facta
1395 1273 1508 1310 sunt
1527 1263 1576 1310 in
1603 1280 1676 1325 ea,
1697 1284 1719 1308 2>
1747 1264 1798 1312 id
1820 1275 1906 1325 est,
1927 1283 2013 1332 per
2045 1268 2258 1332 aliquam
2289 1277 2479 1314 creatu-

338 1359 442 1390 ram
466 1341 652 1404 mundi,
675 1343 811 1389 sicuti
834 1359 921 1408 per
944 1343 1100 1406 ipsum
1116 1360 1195 1403 aes,
1221 1352 1269 1390 et
1291 1360 1378 1409 per
1396 1343 1476 1391 illa
1504 1361 1609 1409 quae
1632 1345 1682 1392 in
1707 1345 1815 1410 ipso
1837 1363 1929 1395 aere
1955 1347 2075 1395 facta
2099 1357 2227 1409 sunt,
2258 1347 2380 1394 sicut
2415 1355 2485 1394 est

336 1425 492 1487 imago
516 1439 636 1470 aerea
656 1424 729 1470 vel
754 1422 935 1487 aliquid
956 1422 1127 1470 simile.
1155 1426 1334 1472 Caetera
1356 1425 1405 1471 in
1425 1425 1726 1491 expositione
1745 1442 1847 1475 non
1869 1437 2132 1475 mutantur.
2181 1448 2203 1471 c<
2226 1431 2295 1475 lta
2319 1437 2372 1475 ut
2390 1427 2485 1474 sint

336 1506 695 1568 inexcusabiles,
719 1525 739 1551 »
763 1506 812 1553 id
836 1516 924 1567 est,
948 1505 1048 1570 jam
1070 1523 1168 1554 non
1196 1508 1383 1573 possint
1404 1525 1454 1556 se
1478 1509 1690 1558 Gentiles
1712 1527 1799 1576 per
1818 1511 2141 1575 ignorantiam
2152 1527 2397 1572 excusare,
2423 1510 2485 1558 de

338 1588 502 1635 notitia
525 1588 703 1634 scilicet
721 1587 860 1634 unius
884 1587 989 1649 Dei,
1016 1588 1236 1652 quamvis
1272 1588 1427 1653 legem
1461 1590 1690 1655 scriptam
1727 1607 1827 1638 non
1852 1591 2129 1640 habuerint.
2160 1595 2218 1640 Et
2242 1591 2372 1639 unde
2391 1591 2485 1639 sint

337 1667 680 1715 inexcusabiles
712 1668 908 1733 exponit
939 1686 949 1714 :
984 1668 1149 1726 «Quia
1183 1685 1295 1716 cum
1334 1670 1674 1733 cognovissent
1707 1672 1993 1731 Dominum,
2030 1691 2054 1717 »
2093 1690 2180 1739 per
2219 1672 2485 1719 humanam

337 1749 514 1797 scilicet
537 1749 796 1809 rationem,
819 1765 924 1812 quae
942 1748 1016 1795 lex
1041 1748 1269 1796 naturalis
1293 1749 1485 1812 dicitur,
1512 1767 1653 1798 «non
1679 1752 1803 1799 sicut
1830 1755 1987 1800 Deum
2019 1753 2426 1818 glorificaverunt,
2457 1770 2479 1796 ι

338 1828 388 1877 id
414 1840 499 1887 est,
520 1829 738 1876 debitum
770 1830 1046 1877 reverentiae
1086 1830 1268 1877 cultum
1293 1830 1336 1877 ei
1374 1847 1462 1895 per
1487 1830 1809 1880 humilitatem
1844 1850 1945 1881 non
1981 1833 2321 1895 exhibuerunt,
2351 1851 2375 1878 «
2396 1849 2487 1905 nec

338 1911 509 1974 gratias
531 1920 747 1974 egerunt,
765 1930 788 1955 »
817 1919 1220 1974 recognoscentes
1249 1911 1428 1958 scilicet
1455 1928 1514 1958 ex
1535 1911 1669 1960 dono
1694 1914 1855 1978 gratiae
1880 1915 1981 1978 ejus
2000 1931 2100 1962 esse
2121 1914 2248 1962 hanc
2265 1913 2485 1961 notitiam

337 1991 397 2038 de
418 1992 521 2056 ipso
540 1991 757 2039 habitam
782 2009 927 2056 quam
959 2008 1056 2056 prae
1090 1992 1269 2039 caeteris
1302 1991 1567 2053 habebant,
1600 2003 1648 2040 et
1681 1993 1748 2041 ob
1789 1994 1887 2042 hoc
1914 2012 2027 2042 eum
2050 1994 2319 2042 laudantes,
2345 1993 2484 2041 «Sed

336 2074 693 2120 evanueruntin
703 2071 1078 2136 cogitationibus
1096 2073 1208 2120 suis.
1235 2075 1409 2121 »More
1430 2073 1653 2121 videlicet
1667 2074 1802 2135 fumi,
1817 2076 1900 2139 qui
1915 2092 2013 2141 quo
2027 2075 2167 2124 altius
2183 2074 2482 2136 conscendit,

336 2154 484 2218 magis
506 2154 666 2201 deficit
689 2164 832 2218 atque
858 2153 1132 2201 annulatur.
1159 2154 1236 2201 Sic
1260 2163 1307 2201 et
1329 2154 1406 2201 isti
1429 2171 1527 2219 quo
1551 2155 1703 2218 magis
1730 2172 1787 2203 ex
1810 2157 2084 2221 arrogantia
2102 2154 2487 2204 intumescebant

335 2244 532 2299 propter
555 2235 802 2282 scientiam
826 2250 974 2299 quam
996 2234 1158 2299 adepti
1184 2244 1339 2294 erant,
1364 2252 1452 2282 suo
1477 2235 1636 2282 studio
1661 2235 1734 2283 vel
1757 2237 1970 2302 ingenio,
2005 2254 2104 2285 non
2129 2237 2303 2285 divinae
2323 2237 2484 2302 gratiae

337 2331 442 2362 eam
465 2315 779 2376 ascribentes,
806 2315 954 2379 magis
980 2316 1204 2362 excaecari
1235 2325 1531 2376 meruerunt,
1564 2325 1613 2362 et
1643 2316 1692 2362 in
1726 2334 1939 2365 errorem
1964 2319 2171 2383 amplius
2191 2317 2399 2366 devolvi.
2429 2319 2487 2364 Et

337 2396 431 2443 hoc
458 2406 528 2443 est
549 2396 683 2461 quod
707 2412 954 2461 exponens
976 2395 1139 2442 subdit
1160 2413 1170 2442 :
1204 2416 1226 2438 «
1245 2398 1303 2442 Et
1328 2395 1639 2443 obscuratum
1661 2407 1731 2444 est
1750 2399 1982 2464 insipiens
2013 2415 2098 2446 cor
2125 2415 2313 2446 eorum.
2347 2418 2372 2442 ›>
2406 2401 2486 2445 In-

337 2477 512 2542 sipiens
529 2477 634 2537 fuit,
655 2476 788 2541 quod
808 2475 917 2534 sibi,
935 2492 1035 2522 non
1046 2478 1150 2522 Deo
1174 2475 1430 2540 proprium
1447 2475 1595 2539 ipsius
1613 2476 1800 2524 donum
1822 2477 2095 2525 tribuerunt
2115 2497 2125 2525 z
2154 2488 2202 2526 et
2218 2495 2275 2525 ex
2295 2494 2362 2539 se,
2384 2494 2483 2525 non

338 2557 398 2604 ab
423 2558 528 2622 ipso
554 2558 650 2605 hoc
674 2574 722 2604 se
743 2556 922 2604 habere
945 2554 1272 2603 crediderunt.
1301 2555 1438 2604 Unde
1457 2557 1629 2603 merito
1654 2567 1724 2605 est
1747 2574 1832 2605 cor
1853 2557 2187 2619 obscuratum,
2225 2569 2270 2605 et
2303 2559 2406 2624 ipsa
2435 2559 2485 2606 in

337 2638 403 2684 eis
418 2638 645 2686 naturalis
668 2638 793 2685 ratio
817 2636 1149 2684 obtenebrata.
1175 2639 1298 2683 Vere
1317 2635 1650 2697 obscuratum,
1674 2658 1697 2682 <c
1713 2639 1838 2696 Quia
1862 2638 1993 2686 stulti
2009 2638 2120 2686 facti
2139 2649 2270 2698 sunt,
2294 2658 2318 2684 »
2341 2648 2389 2687 et
2407 2638 2487 2687 illa

339 2717 488 2764 nobili
510 2719 786 2783 cognitione
810 2717 1000 2784 privati.
1039 2737 1061 2760 α
1078 2716 1303 2764 Dicentes
1324 2732 1374 2764 se
1394 2733 1497 2764 esse
1520 2718 1776 2783 sapientes,
1810 2739 1833 2763 n
1856 2718 1908 2766 id
1929 2729 2019 2780 est,
2042 2720 2277 2784 jactantes
2312 2736 2364 2767 se
2386 2735 2487 2767 esse

340 2797 497 2861 potius
519 2800 754 2863 sapientes
774 2815 827 2846 ex
850 2798 1032 2863 seipsiS,
1059 2813 1205 2862 quam
1225 2797 1463 2862 sapientes
1480 2813 1582 2844 esse
1606 2797 1755 2845 factos
1776 2815 1805 2846 a
1827 2800 2061 2847 Domino.
2100 2803 2160 2848 Et
2181 2800 2232 2847 in
2255 2808 2486 2865 quantam

340 2876 600 2936 stultitiam,
637 2879 735 2924 imo
766 2879 1003 2925 insaniam
1029 2877 1365 2943 proruperint,
1400 2886 1498 2924 tam
1529 2894 1616 2943 per
1647 2878 1942 2927 infidelitatis
1976 2896 2193 2927 errorem
2223 2895 2370 2944 quam
2401 2894 2488 2944 per

340 2955 654 3019 ignorantiam
676 2958 804 3019 vitae,
842 2956 1089 3020 subjungit
1109 2956 1273 3003 dicens
1292 2975 1303 3004 z
1335 2959 1432 3004 «Et
1452 2968 1761 3006 mutaverunt
1785 2959 2005 3023 gloriam,
2026 2978 2049 3004 »
2072 2959 2122 3007 id
2155 2968 2226 3006 est
2246 2959 2486 3008 honorem

341 3043 388 3080 et
419 3035 649 3082 sacrificia
684 3053 788 3098 quae
828 3036 1104 3083 debuissent
1140 3052 1257 3083 vero
1285 3038 1400 3085 Deo
1441 3036 1692 3098 exhibere,
1739 3040 1822 3103 qui
1863 3039 2082 3087 videlicet
2122 3038 2370 3103 corrumpi
2405 3048 2487 3086 aut

342 3115 514 3161 mutari
537 3116 586 3161 in
613 3116 774 3179 aliquo
797 3131 896 3162 non
918 3125 1091 3181 potest,
1118 3116 1440 3164 exhibuerunt
1469 3117 1585 3165 falso
1609 3117 1817 3178 homini,
1845 3119 1893 3166 id
1921 3129 1993 3166 est
2031 3119 2321 3184 imaginariae
2354 3119 2485 3166 simi-

339 3194 530 3242 litudini
548 3194 758 3241 hominis
782 3196 1105 3260 corruptibilis
1130 3206 1178 3244 et
1200 3196 1435 3258 mortalis,
1462 3197 1727 3245 idololatrae
1750 3198 1927 3246 scilicet
1961 3198 2069 3246 facti
2094 3218 2105 3258 ;
2130 3208 2177 3247 et
2197 3216 2298 3247 non
2326 3199 2487 3247 solum

342 3277 390 3322 in
413 3274 774 3324 similitudinem
801 3274 1030 3337 hominis,
1063 3292 1231 3324 verum
1265 3278 1410 3325 etiam
1442 3277 1768 3342 quorumlibet
1798 3278 2148 3327 irrationalium
2185 3278 2481 3337 animalium,
