2638 3866
1112 222 1424 272 DlALOGUS.
2251 227 2343 273 703

196 325 558 391 distinguuntur
583 324 774 383 animae,
810 333 1056 388 tamquam
1089 340 1147 371 ex
1179 324 1359 372 meritis
1393 324 1491 371 suis
1524 324 1799 389 superiores
1829 333 1877 371 et
1902 324 2170 373 inferiores.
2201 329 2341 374 Bonae

196 407 356 470 itaque
391 406 580 466 animae,
619 414 851 469 tanquam
887 403 1121 469 templum
1158 404 1260 468 ejus
1288 421 1372 453 seu
1411 403 1589 452 coelum
1626 403 1870 466 dicuntur,
1903 404 2038 467 juxta
2071 405 2190 454 illud
2218 407 2344 455 Psal-

200 487 388 548 mistae¹,
418 485 696 533 «Dominus
717 484 767 532 in
780 483 963 549 templo
986 494 1151 532 sancto
1174 500 1282 545 suo,
1310 486 1547 542 Dominus
1564 485 1613 532 in
1635 484 1758 532 coelo
1782 485 1918 533 sedes
1932 486 2052 550 ejus,
2075 507 2098 530 >³
2125 503 2184 534 eo
2211 488 2344 552 quod

198 567 311 632 ipsis
345 567 429 632 qui
452 576 567 615 sunt
595 565 775 614 meritis
806 563 1047 626 celsiores,
1083 565 1332 630 praesideat
1356 575 1404 613 et
1435 566 1572 630 quasi
1595 566 1644 613 in
1675 566 1874 631 propria
1906 565 2054 614 domo
2081 577 2129 615 et
2164 568 2344 632 templo

198 647 289 695 sibi
329 646 626 696 sanctificato
672 661 760 713 per
799 645 998 709 gratiam
1041 645 1292 693 inhabitet.
1344 647 1570 695 Carnales
1605 662 1720 695 vero
1755 647 1940 695 animas
1982 665 2088 712 quae
2127 648 2345 697 videlicet

200 729 400 776 terrenis
433 737 482 776 et
512 726 691 776 infimis
721 726 907 774 inhiant
934 725 1204 787 desideriis,
1236 727 1370 791 quasi
1403 725 1664 776 scabellum
1694 726 1897 792 pedibus
1919 728 2195 790 conculcat,
2235 730 2346 794 quia

199 825 283 856 eos
314 825 438 873 quos
461 807 663 874 despicit
693 824 783 856 nec
818 807 879 856 ad
907 824 958 856 se
984 806 1353 855 misericorditer
1375 807 1566 868 attollit,
1597 818 1826 872 tanquam
1863 808 2060 857 inferius
2095 809 2348 857 derelictos

200 889 374 953 premit
408 898 456 937 et
492 888 827 937 conculcando
850 889 1058 937 conterit
1088 897 1137 936 et
1167 888 1302 952 quasi
1337 888 1387 935 in
1415 888 1664 954 pulverem
1688 888 1977 936 dissolutum
2012 889 2198 953 redigit.
2227 894 2345 938 Cum

200 985 315 1034 ergo
347 969 504 1034 inquit
534 969 811 1017 Dominus:
839 970 934 1028 Qui
969 969 1018 1016 in
1053 984 1199 1016 manu
1234 968 1366 1016 factis
1403 984 1502 1016 non
1537 968 1731 1030 habito,
1771 978 1817 1015 et
1854 969 1919 1016 ita
1954 970 2265 1018 excellentem
2300 973 2345 1017 in

201 1049 377 1097 sanctis
405 1049 659 1098 animabus
690 1049 936 1098 habitare²
964 1049 1153 1109 sedem,
1188 1058 1236 1097 et
1263 1058 1396 1096 tanto
1427 1049 1672 1115 despectui
1704 1049 1919 1097 carnales
1949 1059 1995 1097 et
2017 1059 2232 1098 terrenos
2264 1051 2348 1099 ha-

202 1128 344 1177 beam
367 1129 610 1192 homines,
642 1147 730 1179 cur
758 1131 876 1179 mihi
907 1131 1084 1178 terreni
1107 1129 1295 1178 aedificii
1330 1130 1468 1195 quasi
1498 1130 1815 1178 necessariam
1849 1140 2127 1179 construere
2150 1132 2349 1179 domurn

203 1211 429 1275 quaeritis,
466 1220 512 1258 et
543 1227 646 1259 non
672 1210 835 1277 potius
853 1203 999 1277 *apud
1026 1221 1216 1259 vosmet
1242 1211 1374 1276 ipsos
1397 1211 1600 1258 domum
1631 1210 1750 1257 mihi
1780 1210 2042 1276 spiritalem
2074 1211 2350 1260 aedificatis?

204 1290 428 1355 Alioquin
449 1307 583 1340 cassa
614 1301 686 1340 est
718 1291 1003 1357 significatio
1037 1291 1204 1357 templi
1237 1291 1454 1350 visibilis,
1491 1292 1530 1338 si
1568 1290 1819 1338 invisibilis
1853 1290 1992 1339 desit.
2031 1294 2155 1340 Cum
2193 1293 2353 1357 itaque

204 1370 379 1419 coelum
395 1371 472 1419 vel
496 1388 698 1437 regnum
716 1372 951 1420 coelorum
972 1373 1181 1420 futuram
1204 1372 1554 1420 beatitudinem
1576 1371 1715 1419 audis
1734 1371 1981 1437 appellari,
2008 1372 2351 1421 sublimitatem

203 1450 372 1499 futurae
408 1452 516 1500 vitae
552 1454 704 1517 magis
739 1470 888 1518 quam
924 1453 1230 1519 corporalem
1265 1451 1374 1500 coeli
1421 1452 1712 1518 positionem
1748 1451 1985 1516 intellige,
2025 1469 2171 1517 quam
2209 1455 2350 1501 etiam

206 1548 563 1598 nonnunquam
599 1534 799 1582 nomine
837 1544 973 1581 terrae
1009 1543 1208 1599 propter
1255 1533 1561 1581 stabilitatem
1613 1532 1715 1596 ejus
1752 1532 1872 1580 sicut
1922 1543 1969 1580 et
2008 1534 2208 1582 nomine
2247 1534 2352 1582 coeli

205 1622 403 1678 propter
427 1613 577 1679 ipsius
594 1612 879 1678 dignitatem
900 1623 1088 1662 constat
1114 1613 1370 1678 designari.
1398 1613 1537 1660 Unde
1562 1622 1610 1660 et
1637 1612 1902 1661 Psalmista³
1927 1631 1937 1659 ε
1967 1633 1989 1657 «
2010 1614 2167 1662 Credo
2193 1614 2354 1662 videre

205 1691 336 1741 bona
360 1694 555 1742 Domini
580 1695 630 1742 in
657 1704 782 1744 terra
803 1696 1085 1743 viventium.
1109 1713 1131 1740 »
1158 1698 1218 1742 Et
1239 1711 1326 1760 per
1349 1693 1667 1742 Ezechielem‘
1690 1694 1789 1759 ipse
1812 1694 2050 1741 Dominus
2070 1705 2179 1760 post
2202 1711 2354 1742 resur-

205 1773 471 1822 rectionem
506 1775 668 1823 electis
702 1776 799 1823 suis
827 1776 1038 1823 suturam
1066 1775 1418 1823 beatitudinem
1448 1774 1767 1839 promittens:
1797 1794 1820 1818 c<
1844 1777 1965 1822 Ecce
1993 1791 2101 1839 ego,
2126 1794 2149 1819 υ
2180 1776 2350 1839 inquit,

211 1874 232 1896 «
253 1854 465 1918 aperiam
496 1856 708 1904 tumulos
740 1865 927 1904 vestros
959 1866 1007 1904 et
1039 1856 1244 1904 educam
1266 1872 1354 1903 vos
1383 1854 1444 1902 de
1476 1854 1733 1920 sepulturis
1756 1855 1940 1916 vestris,
1969 1855 2178 1921 populus
2202 1873 2353 1913 meus,

207 1943 255 1980 et
284 1934 511 1983 inducam
546 1952 632 1983 vos
660 1937 708 1983 in
742 1947 919 1985 terram
945 1936 1088 1984 Israel
1105 1974 1117 1998 ,
1156 1946 1204 1984 et
1228 1936 1527 2000 requiescere
1553 1952 1639 1982 vos
1671 1936 1843 1983 faciam
1877 1953 2021 2000 super
2047 1936 2250 1983 liu‘mum
2275 1954 2359 1983 ve-

207 2023 421 2063 stram.»
464 2017 610 2074 Quod
641 2028 802 2065 autem
837 2019 1076 2065 Dominus
1113 2026 1278 2064 noster
1302 2016 1519 2064 Christus
1547 2016 1824 2081 corporales
1862 2016 2008 2063 coelos
2045 2016 2360 2081 corporaliter

209 2105 256 2142 et
287 2095 535 2144 visibiliter
564 2097 795 2157 ascendit,
824 2113 926 2144 non
952 2098 1055 2161 ejus
1080 2096 1259 2160 gloriae,
1289 2096 1338 2142 in
1366 2112 1463 2160 quo
1489 2095 1739 2160 plenitudo
1762 2096 2024 2144 divinitatis
2046 2095 2360 2161 corporaliter

210 2175 473 2235 inhabitat,
500 2176 584 2224 sed
614 2176 727 2224 fidei
756 2187 929 2224 nostrae
959 2176 1182 2242 profuit⁵.
1213 2176 1309 2234 Qui
1337 2192 1452 2240 ergo
1472 2176 1606 2241 prius
1625 2176 1799 2223 clausis
1822 2175 1982 2239 januis
2014 2176 2076 2224 ad
2103 2176 2361 2242 discipulos

211 2256 437 2304 intrando
475 2257 918 2304 resuscitandorum
954 2273 1218 2323 corporum
1250 2256 1585 2316 subtilitatem,
1625 2272 1723 2320 qua
1754 2256 1977 2304 videlicet
2007 2266 2180 2304 cuncta
2215 2273 2360 2321 pene-

210 2346 336 2384 trare
359 2346 556 2402 queant,
584 2354 643 2385 ex
666 2338 768 2403 ipsa
790 2355 876 2386 sua
899 2337 1250 2385 resurrectione
1270 2346 1640 2396 monstraverat,
1665 2336 1979 2402 postmodum
2001 2338 2103 2402 ipse
2125 2338 2174 2384 in
2200 2354 2361 2385 ascen-

211 2417 347 2465 sione
382 2434 470 2466 sua
507 2427 688 2466 tantam
727 2420 945 2484 ipsorum
981 2418 1191 2466 futuram
1225 2418 1467 2465 levitatem
1508 2416 1751 2475 exhibuit,
1791 2427 1845 2464 ut
1879 2417 2164 2465 terrenitatis
2201 2416 2357 2474 mole,

212 2515 309 2562 qua
340 2499 474 2564 prius
512 2500 854 2564 gravabantur,
892 2501 1018 2547 sicut
1047 2500 1279 2566 scriptum
1308 2500 1406 2546 est⁸
1432 2516 1442 2544 ε
1472 2518 1494 2541 «
1515 2501 1703 2564 Corpus
1732 2498 1867 2562 quod·
1901 2499 2245 2563 corrumpitur,
2280 2513 2360 2561 ag-

214 2589 378 2641 gravat
412 2580 654 2640 animam,
682 2599 704 2624 »
735 2596 982 2645 quoquam
1011 2580 1233 2628 ulterius⁷
1257 2578 1605 2645 propediantur
1639 2578 1915 2638 ascendere,
1952 2579 2036 2626 sed
2069 2595 2362 2643 quocunque
2420 2593 2430 2607 ⁴

217 2659 390 2706 animae
423 2660 570 2708 velint
595 2661 697 2707 sine
733 2641 1140 2708 ullssdifficultate
1172 2659 1333 2707 statim
1367 2675 1426 2706 eo
1456 2659 1717 2707 transferri.
1745 2659 1891 2717 Quod
1922 2669 2081 2707 tamen
2115 2659 2178 2706 ad
2201 2658 2362 2706 dexte-

221 2754 323 2785 ram
343 2739 495 2786 Patris
526 2756 715 2787 sursum
749 2740 1085 2788 conscendisse
1118 2748 1439 2799 memoratur,
1477 2740 1544 2786 sic
1578 2756 1668 2787 nec
1707 2739 1873 2786 dextra
1910 2740 2056 2787 Patris
2090 2739 2365 2801 intelligitur

217 2819 501 2883 corporalis,
530 2819 595 2866 ita
619 2836 708 2867 nec
730 2821 818 2867 ista
841 2822 1005 2881 sessio,
1038 2837 1134 2885 qua
1164 2821 1265 2886 ipse
1295 2822 1434 2867 Pater
1460 2818 1639 2876 sedeat,
1664 2828 1735 2866 est
1766 2818 1928 2867 localis
1947 2820 2139 2885 positio,
2171 2818 2255 2866 sed
2280 2835 2365 2884 per

218 2899 311 2945 hoc
344 2899 524 2963 pariter
553 2916 665 2946 cum
691 2903 828 2948 Patre
854 2900 1141 2948 dominandi
1164 2908 1375 2965 potestas
1400 2908 1446 2947 et
1472 2899 1663 2964 aequalis
1691 2898 1898 2963 dignitas
1926 2899 2226 2964 exprimitur,
2253 2915 2364 2946 cum

218 2980 260 3026 ei
290 2978 624 3027 collateraliter
652 2995 680 3026 a
702 2979 910 3028 dexteris
941 2980 1217 3029 consedisse
1240 2979 1432 3042 dicitur,
1458 2979 1593 3045 quod
1618 2979 1815 3044 quidem
1837 2979 2003 3028 sedere
2031 2979 2094 3028 ad
2120 2979 2365 3028 dexteram

218 3077 328 3107 cum
367 3059 681 3126 corporaliter
712 3060 774 3108 ad
809 3060 996 3109 literam
1027 3071 1150 3110 stare
1177 3078 1277 3110 non
1309 3062 1478 3127 possit,
1519 3061 1569 3109 id
1606 3077 1828 3126 quoque,
1867 3060 2002 3126 quod
2038 3060 2099 3109 de
2128 3061 2365 3126 corporali

261 3213 407 3245 'Psalm.
420 3223 460 3255 x,
477 3223 507 3246 v.
525 3215 607 3248 4--2
621 3213 714 3255 Conj.
734 3214 935 3256 Rheinwald,
955 3216 1050 3257 male,
1063 3221 1099 3248 ut
1111 3217 1252 3257 opinor:
1327 3217 1410 3249 wald
1426 3216 1578 3259 proel'uit.
1599 3234 1637 3240 -
1653 3217 1665 3237 ⁶
1677 3218 1780 3259 Sap.,
1803 3226 1874 3257 cap.
1903 3224 1952 3255 lx,
1979 3225 2007 3248 v.
2031 3217 2080 3249 15.
2099 3233 2137 3239 —
2155 3217 2163 3235 ⁷
2179 3214 2275 3247 Forte
2300 3216 2362 3254 teg.

220 3267 379 3300 Habitem
405 3277 463 3300 seu
487 3268 633 3302 habeam
654 3278 716 3310 pro
735 3269 904 3303 habitare.
924 3287 964 3294 -
980 3271 992 3291 ³
1007 3270 1138 3304 Psalm.
1154 3279 1256 3310 xxvii,
1329 3279 1398 3302 ποπ
1430 3271 1709 3313 propediantur,
1756 3275 1812 3303 aut
1852 3278 2024 3311 nusquam
2063 3269 2208 3302 ulterius
2242 3277 2360 3310 propc—

222 3330 251 3352 v.
273 3322 323 3354 13.
341 3339 382 3345 —
397 3322 407 3342 ⁴
423 3321 539 3356 Ezecli.
553 3347 562 3365 ,
595 3332 666 3364 cap.
694 3332 828 3367 xxxvii,
845 3333 876 3358 v.
893 3325 944 3364 11,
963 3324 1013 3358 12.
1044 3340 1082 3351 v
1114 3326 1125 3345 ⁵
1140 3322 1259 3357 Rhein-
1332 3323 1486 3357 diamur.
