2638 3866
321 194 414 242 640
1127 197 1297 243 PETRI
1331 197 1643 244 ABAELARDl

319 315 402 345 eos
431 298 688 346 aedificetur
713 297 921 345 Ecclesia
952 298 1146 357 Christi,
1182 298 1221 346 si
1244 308 1392 363 portae
1417 299 1679 347 inferorum
1707 318 1804 349 non
1840 305 2093 368 praevalent
2116 307 2200 354 eis.
2228 308 2447 372 Alioquin

317 377 573 425 ridiculum
595 387 688 435 est,
713 386 768 423 ut
790 376 1004 424 dicamus
1027 394 1138 424 eum
1171 378 1255 442 qui
1278 378 1480 426 vinculis
1510 390 1818 444 peccatorum
1849 400 2045 431 suorum
2079 385 2249 450 ligatus
2279 397 2375 445 est,
2405 399 2450 435 et

317 457 459 503 trahit
481 467 677 521 peccata
699 473 784 504 sua
805 457 927 504 sicut
949 458 1114 505 sunem
1133 458 1353 521 longum,
1371 470 1418 506 et
1437 469 1666 524 tanquam
1684 462 1798 526 juge
1820 463 1979 511 lorum
1998 466 2155 513 vitulae
2180 468 2450 532 iniquitates

319 553 442 597 suas,
460 546 656 602 propter
678 536 773 584 hoc
799 537 955 584 solum
978 538 1209 601 quoniam
1235 538 1408 586 dicitur
1430 540 1711 606 Episcopus,
1737 542 1916 591 habere
1938 544 2217 609 hujusmodi
2242 558 2449 612 potesta-

316 627 410 663 tem
427 653 438 674 ,
474 627 528 663 ut
548 617 690 664 soluti
712 616 774 664 ab
799 634 857 664 eo
883 634 1025 682 super
1047 628 1249 678 terram,
1282 620 1376 666 sint
1408 621 1550 668 soluti
1575 622 1622 668 in
1656 623 1778 670 coelo
1809 641 1819 670 ε
1848 635 1928 671 aut
1951 624 2077 688 ligati
2104 627 2152 674 in
2178 628 2332 688 terris,
2357 629 2450 675 sint

316 696 442 759 ligati
466 698 512 743 in
538 696 676 744 coelo.
701 698 770 744 Sit
796 714 909 760 ergo
936 697 1198 763 Episcopus
1222 700 1649 765 irreprehensibilis
1666 740 1678 763 ,
1705 703 1788 767 qui
1812 703 2011 752 alterum
2036 705 2148 770 ligat
2170 717 2253 754 aut
2273 709 2444 767 solvit,

316 777 486 841 dignus
509 778 655 840 ligare
679 778 751 824 vel
776 778 958 825 solvere
979 779 1027 824 in
1051 779 1203 839 coelo;
1228 780 1289 827 sit
1312 780 1453 828 unius
1474 783 1635 829 uxoris
1657 783 1746 840 vir,
1778 784 1984 845 sobrius,
2011 797 2190 846 castus,
2221 799 2444 848 ornatus,

315 857 637 922 hospitabilis,
667 858 910 916 docibilis,
947 875 1045 905 non
1074 859 1340 918 violentus,
1370 878 1469 908 non
1496 878 1778 927 percussor,
1806 864 1888 910 sed
1924 866 2167 914 modestus
2184 905 2195 927 ‚
2232 885 2332 916 non
2357 869 2448 916 liti·

316 940 490 1001 giosus,
517 955 618 986 non
648 942 934 1005 concupitor
957 941 1296 1005 pecuniarum,
1329 942 1452 990 bene
1480 943 1737 1008 praesidens
1765 944 1935 992 domui
1961 963 2079 1006 suae,
2115 947 2238 995 filios
2264 949 2449 997 habens

314 1019 530 1066 subditos
558 1037 669 1067 cum
700 1021 834 1068 omni
861 1022 1090 1068 castitate.
1119 1023 1167 1068 Si
1199 1022 1302 1070 talis
1326 1023 1487 1080 fuerit,
1517 1040 1617 1070 non
1640 1024 1811 1087 injuste
1836 1025 2002 1089 ligabit
2034 1044 2177 1092 super
2204 1039 2380 1078 terram
2403 1040 2448 1077 et

315 1117 470 1164 neque
484 1101 585 1147 sine
594 1100 777 1164 judicio
801 1102 979 1161 solvet;
1008 1111 1232 1167 praeterea
1255 1120 1569 1167 quaecumque
1583 1105 1778 1152 solverit
1797 1107 1878 1170 qui
1902 1107 2003 1170 ejus
2021 1107 2154 1155 modi
2175 1118 2269 1170 est,
2295 1110 2446 1158 soluta

312 1192 451 1228 erunt
480 1191 527 1228 et
547 1182 597 1228 in
616 1181 766 1241 coelo;
795 1193 842 1229 et
863 1200 1179 1248 quaecumque
1197 1184 1410 1249 ligaverit
1432 1202 1575 1250 super
1597 1195 1791 1246 terram,
1821 1186 1961 1251 ligata
1985 1199 2126 1236 erunt
2147 1199 2194 1236 et
2216 1191 2264 1237 in
2289 1191 2410 1238 coelo
2433 1210 2443 1236 ε

311 1263 345 1307 si
372 1263 500 1309 enirn
530 1262 670 1309 fuerit
692 1264 816 1327 quis,
847 1273 898 1310 ut
922 1264 987 1311 ita
1011 1264 1188 1324 dicam,
1215 1269 1402 1324 Petrus,
1435 1275 1483 1313 et
1505 1282 1605 1312 non
1630 1265 1853 1314 habuerit
1883 1284 1988 1332 quae
2017 1270 2066 1315 in
2100 1269 2195 1316 hoc
2229 1272 2339 1318 loco
2373 1272 2446 1318 di-

309 1352 483 1389 cuntur
509 1343 645 1407 quasi
669 1343 728 1390 ad
756 1347 969 1403 Petrum,
999 1354 1044 1391 et
1068 1346 1304 1410 putaverit
1329 1363 1378 1393 se
1413 1363 1553 1411 posse
1585 1347 1730 1409 ligare
1770 1357 1822 1394 ut
1855 1348 1950 1395 sint
1971 1348 2113 1412 ligata
2135 1351 2183 1396 in
2217 1352 2340 1398 coelo
2358 1390 2369 1411 ,
2399 1364 2446 1399 et

308 1422 491 1470 solvere
513 1433 565 1470 ut
586 1424 681 1470 sint
702 1424 857 1473 soluta
878 1426 926 1472 in
947 1425 1088 1485 coelo,
1112 1427 1213 1490 ipse
1236 1443 1286 1473 se
1310 1425 1426 1474 fallit
1452 1443 1551 1473 non
1573 1427 1841 1490 intelligens
1863 1429 2156 1476 voluntatem
2171 1432 2440 1496 Scripturae,

306 1513 352 1549 et
378 1504 567 1551 inflatus
591 1504 759 1552 incidit
779 1505 827 1552 in
851 1505 1086 1568 judicium
1111 1505 1305 1554 diaboli.
1331 1527 1352 1551 n

370 1585 591 1631 Patenter
614 1585 774 1649 itaque
797 1587 1025 1649 Origenes
1048 1588 1274 1648 ostendit,
1303 1589 1424 1636 sicut
1451 1599 1498 1636 et
1520 1590 1769 1638 manifesta
1795 1592 1914 1638 ratio
1940 1591 2110 1652 habet,
2138 1593 2274 1650 quod
2298 1594 2345 1640 in
2370 1593 2444 1640 his

305 1682 409 1727 quae
434 1665 640 1712 diximus
673 1669 809 1713 Petro
845 1683 1128 1715 concessum
1153 1678 1248 1723 est,
1287 1686 1593 1733 nequaquam
1629 1671 1857 1719 omnibus
1891 1673 2135 1738 Episcopis
2167 1690 2197 1720 a
2231 1674 2443 1720 Domino

305 1744 533 1792 collatum
557 1762 687 1805 esse3
715 1746 797 1794 sed
822 1747 896 1793 his
918 1748 1029 1795 solis
1053 1749 1133 1812 qui
1171 1752 1359 1795 Petrum
1384 1767 1482 1797 non
1507 1767 1562 1797 ex
1590 1751 1882 1799 sublimitate
1905 1753 2158 1810 cathedrae,
2186 1754 2269 1801 sed
2293 1757 2444 1801 meri-

306 1835 465 1872 torum
488 1826 736 1874 imitantur
759 1826 1005 1891 dignitate.
1030 1830 1137 1875 Non
1161 1830 1289 1875 enim
1317 1845 1452 1876 suam
1472 1830 1769 1878 voluntatem
1787 1843 2057 1896 sequentes,
2083 1843 2130 1880 et
2149 1850 2177 1880 a
2199 1833 2444 1881 voluntate

304 1907 391 1951 Dei
423 1923 473 1952 se
509 1917 776 1955 avertentes
805 1917 974 1955 contra
1005 1907 1177 1955 divinae
1207 1909 1505 1957 rectitudinis
1538 1910 1769 1973 justitiam
1802 1913 2059 1976 quicquam
2095 1923 2324 1976 possunt;
2354 1930 2443 1960 nec

304 2003 412 2032 cum
437 1987 600 2051 inique
616 1987 799 2052 aliquid
815 1997 979 2052 agunt,
1006 1988 1068 2036 ad
1090 1989 1389 2052 iniquitatem
1412 1993 1570 2037 Deum
1592 1992 1821 2039 inclinare
1845 2002 2072 2057 possunt,
2101 2002 2151 2039 ut
2173 2009 2286 2039 eum
2307 1996 2441 2057 quasi

302 2067 507 2114 similem
539 2069 612 2115 sui
648 2068 872 2116 efficiant.
911 2069 1076 2126 Qualis
1109 2070 1307 2134 quidem
1339 2072 1440 2135 ipse
1477 2071 1784 2119 vehementer
1818 2089 2022 2135 arguens
2057 2083 2104 2120 et
2139 2075 2343 2136 graviter
2377 2075 2444 2121 eis

302 2152 602 2196 comminans
621 2149 710 2197 ait¹
740 2169 750 2196 ε
780 2170 801 2192 (ι
825 2150 1108 2198 Existimasti
1130 2151 1292 2216 inique
1316 2151 1451 2216 quod
1470 2168 1554 2198 ero
1578 2153 1647 2198 tui
1672 2152 1851 2200 similis.
1868 2157 2076 2216 Arguam
2099 2163 2146 2200 te
2168 2163 2215 2200 et
2237 2164 2439 2203 statuam

301 2238 469 2276 contra
502 2229 672 2276 faciem
701 2240 833 2277 tuam
861 2248 871 2276 :
906 2231 1152 2294 intelligite
1179 2231 1281 2279 haec
1309 2232 1393 2295 qui
1427 2231 1764 2279 obliviscimini
1797 2236 1972 2293 Deum,
1999 2243 2090 2281 etc.
2113 2254 2135 2277 >2
2163 2234 2281 2291 Quis
2313 2235 2442 2281 enim

301 2310 448 2371 magis
471 2312 626 2356 Deum
649 2309 883 2369 oblivisci,
910 2319 957 2356 et
980 2311 1029 2358 in
1050 2311 1313 2376 reprobum
1333 2329 1527 2359 sensum
1545 2312 1649 2359 dari
1673 2313 1907 2360 dicendus
1929 2324 2016 2374 est,
2043 2330 2189 2378 quam
2212 2315 2296 2378 qui
2316 2313 2440 2361 hanc

300 2388 387 2435 sibi
410 2399 599 2452 arrogat
622 2399 931 2454 potestatem,
963 2401 1014 2437 ut
1036 2391 1085 2438 in
1110 2391 1333 2456 subjectis
1355 2409 1445 2457 pro
1475 2393 1672 2439 arbitrio
1696 2410 1784 2440 suo
1807 2394 2010 2458 ligandis
2032 2404 2175 2458 atque
2200 2394 2441 2441 solvendis

299 2469 511 2517 divinam
543 2470 631 2517 sibi
666 2469 911 2535 subjacere
949 2473 1235 2519 sententiam
1269 2472 1426 2531 dicat;
1460 2482 1513 2519 ut
1538 2473 1671 2536 quod
1696 2474 1840 2521 etiam
1869 2474 2043 2537 injuste
2065 2476 2434 2538 praesumpserit,

299 2566 536 2597 summam
566 2551 654 2597 Dei
671 2551 901 2615 justitiam
922 2562 1193 2616 pervertere
1222 2562 1382 2617 queat,
1410 2554 1545 2616 quasi
1569 2570 1676 2600 reos
1698 2553 1770 2600 vel
1798 2554 2083 2600 innocentes
2108 2554 2262 2600 facere
2295 2555 2441 2618 possit

297 2648 418 2693 quos
439 2632 660 2678 voluerit.
691 2632 837 2690 Quod
872 2648 933 2679 ne
957 2649 1172 2696 unquam
1209 2643 1514 2698 praesumant,
1550 2649 1750 2697 magnus
1782 2633 1861 2680 ille
1883 2637 2065 2680 Doctor
2094 2634 2313 2681 Ecclesiae
2336 2639 2439 2681 Au*-

297 2713 530 2773 gusfinus,
553 2722 602 2758 et
624 2712 751 2759 inter
772 2713 902 2776 ipsos
935 2712 1194 2778 Episcopos
1216 2713 1489 2778 praeclarus,
1516 2714 1726 2760 occurrit
1756 2723 1888 2761 sexto
1919 2714 2108 2761 decimo
2131 2731 2354 2761 sermone
2376 2714 2438 2760 de

298 2791 452 2838 verbis
477 2793 672 2839 Domini
703 2792 870 2840 dicens
900 2811 909 2839 :
941 2813 964 2838 «
991 2794 1185 2858 Coepisti
1212 2794 1390 2841 habere
1428 2794 1620 2841 fratrem
1657 2803 1792 2840 tuum
1825 2804 2054 2858 tanquam
2087 2794 2435 2859 publicanum3

297 2872 411 2933 ligas
447 2890 556 2919 eum
592 2874 640 2919 in
675 2883 823 2932 terra,
859 2873 943 2920 sed
979 2883 1031 2920 ut
1059 2874 1186 2937 juste
1218 2874 1379 2937 alliges
1411 2875 1522 2921 vide
1555 2893 1565 2920 :
1604 2891 1716 2922 nam
1750 2875 1924 2938 injusta
1958 2875 2149 2922 vincula
2184 2875 2438 2939 disrumpit

292 2951 484 3011 justitia.
510 2972 532 2995 »
556 2956 725 3000 Beatus
745 2970 940 3018 quoque
961 2954 1222 3016 Gregorius
1239 2964 1459 3019 patenter
1481 2955 1646 3002 asserit
1665 2965 1713 3001 et
1728 2955 1990 3002 Dominicis
2006 2955 2250 3002 convincit
2272 2969 2430 3001 exem·

296 3029 385 3093 plis
420 3031 537 3077 nihil
563 3033 929 3080 ecclesiasticam
961 3043 1244 3098 potestatem
1272 3034 1322 3080 in
1347 3034 1541 3097 ligando
1573 3034 1647 3081 vel
1678 3034 1913 3081 solvendo
1939 3051 2096 3099 posse,
2126 3035 2164 3081 si
2195 3034 2350 3081 deviet
2375 3033 2435 3080 ab

296 3111 512 3172 aequitate
542 3112 748 3174 justitiae,
787 3123 834 3159 et
867 3130 966 3161 non
998 3114 1162 3161 divino
1191 3114 1455 3161 concordet
1487 3113 1687 3176 judicio.
1719 3114 1858 3162 Unde
1883 3114 2002 3162 illud
2032 3124 2100 3161 est
2129 3113 2261 3176 quod
2293 3114 2358 3160 ait
2386 3114 2433 3160 in

342 3294 494 3326 1Ρεαῑτη.
512 3304 605 3335 xmx,
626 3303 655 3328 v·
675 3298 725 3328 21.
