2638 3866
303 179 401 230 780
1214 183 1532 233 APPENDlX.

734 327 809 367 Sed
826 340 906 366 non
922 335 966 366 ut
983 325 1145 379 placidis
1163 337 1301 367 coeant
1318 328 1495 377 immitia,
1513 344 1595 369 non
1617 340 1661 371 ut

734 393 939 443 Serpentes
957 390 1095 430 avibus
1115 400 1364 444 generentur,
1385 392 1547 446 tigribus
1566 394 1671 448 agni.

299 532 428 576 Velut
451 532 552 593 aegri
571 532 738 575 somnia
761 533 902 593 operis
923 534 987 576 tui
1007 550 1130 577 vanae
1151 535 1312 595 species
1333 535 1552 597 finguntur
1590 552 1601 581 ε

734 705 923 718 .....
953 678 1006 715 Ut
1022 689 1095 715 nec
1113 690 1198 728 pes,
1218 690 1291 716 nec
1309 687 1426 731 caput
1443 679 1512 719 uni

728 739 928 778 Reddatur
948 740 1084 778 forinae
1088 769 1279 782 .....

728 805 952 854 Purpureus
973 803 1046 841 late
1065 803 1133 855 qui
1155 803 1370 856 splendeat,
1387 818 1489 844 unus
1506 814 1543 844 et
1559 805 1656 844 alter

727 866 907 905 Assuitur
921 879 1073 918 pannus
1079 896 1271 909 .....

294 1000 353 1042 At
372 1014 428 1042 ne
450 1000 543 1059 quis
563 1000 784 1043 fautorum
806 1011 980 1043 tuorum
1004 1000 1269 1060 obloquatur
1282 1000 1297 1023 ¹
1323 1016 1334 1045 z

722 1143 871 1184 Scimus
885 1143 1121 1182 inurbanum
1137 1144 1268 1197 lepido
1288 1156 1477 1196 seponere
1498 1142 1620 1194 dicto,

721 1206 1034 1260 Legitimumque
1051 1220 1192 1246 sonum
1212 1206 1340 1260 digitis
1363 1207 1548 1246 callemus
1568 1215 1605 1246 et
1622 1220 1732 1247 aure.

287 1338 405 1394 Quid
425 1338 580 1399 plura?
607 1341 720 1383 Tota
743 1357 810 1384 ars
830 1342 1000 1401 poetica
1029 1343 1170 1398 jurata
1193 1353 1344 1384 contra
1366 1353 1408 1386 te
1428 1342 1543 1385 bella
1574 1343 1773 1402 suscepit.
1799 1343 1988 1387 Deberes
2019 1358 2168 1387 revera
2195 1343 2359 1404 ingenii
2381 1343 2446 1386 tui

286 1421 590 1480 puerperium,
620 1423 743 1478 juxta
771 1422 965 1479 ejusdem
997 1434 1137 1483 poetae
1170 1424 1507 1479 institutionem,
1534 1440 1700 1467 nonum
1720 1439 1916 1484 premere
1950 1424 1997 1466 in
2026 1437 2216 1478 annum3
2251 1435 2300 1466 ut
2329 1423 2443 1467 male

287 1511 509 1544 tornatum
532 1519 640 1562 opus
661 1519 805 1545 rursus
825 1502 974 1546 liceret
1001 1503 1149 1547 incudi
1172 1490 1378 1559 reddere,
1403 1515 1447 1547 et
1467 1521 1615 1549 curare
1638 1521 1694 1548 ne
1716 1516 1760 1549 te
1781 1505 1895 1549 limae
1921 1505 2049 1548 labor
2072 1504 2329 1548 offenderet.
2355 1505 2444 1548 De-

285 1581 409 1626 beres
430 1584 576 1642 utique
599 1583 891 1627 festinantiam
911 1585 1153 1627 emissionis
1175 1583 1364 1640 differre,
1389 1602 1488 1629 cum
1510 1587 1714 1647 scriptum
1740 1587 1794 1630 sit
1831 1602 1842 1630 z

722 1755 911 1766 .....
942 1726 1071 1764 Nescit
1088 1740 1168 1766 vox
1189 1727 1305 1766 missa
1323 1727 1482 1770 reverti.

283 1852 527 1896 Laudamus
560 1855 608 1897 in
636 1865 696 1910 te,
733 1855 882 1910 Pater,
914 1872 1072 1899 venam
1102 1856 1286 1917 ingenii,
1323 1857 1400 1900 sed
1434 1858 1534 1900 artis
1565 1857 1784 1917 culpamus
1818 1859 2047 1901 inscitiam.
2083 1857 2193 1900 Inde
2227 1867 2290 1900 est
2324 1854 2443 1915 quod

281 1945 446 1978 veteres
470 1935 734 1979 diffinierunt
755 1937 975 1997 ingenium
999 1953 1088 1980 esse
1111 1937 1327 1992 mutilum,
1351 1938 1434 1980 nisi
1455 1954 1585 1998 opem
1607 1939 1707 1981 artis
1725 1939 1806 1982 sibi
1822 1938 2048 1982 adsciscat.
2063 1937 2313 1980 Laudantur
2335 1935 2442 1979 sales

278 2015 445 2072 Lucilii,
471 2028 514 2060 et
535 2027 682 2060 tamen
704 2017 929 2061 mordetur
949 2018 1071 2077 quod
1096 2005 1383 2077 incomposito
1405 2030 1548 2062 currat
1573 2019 1686 2079 pede
1724 2034 1734 2063 :

687 2166 911 2216 Incomptos
930 2178 1066 2203 versus
1084 2165 1284 2218 componit
1311 2174 1350 2204 et
1369 2174 1453 2204 arte
1472 2174 1647 2205 carentes

821 2228 969 2267 Ennius
986 2228 1145 2282 ingenio
1166 2229 1292 2278 dives,
1314 2237 1353 2267 et
1373 2238 1455 2268 arte
1474 2228 1598 2271 rudis.

279 2350 316 2393 E
353 2350 508 2409 quibus
554 2362 618 2394 est
657 2352 729 2395 ille
764 2368 774 2395 z

710 2485 855 2523 Omnes
876 2484 1057 2523 mortales
1080 2498 1165 2524 sese
1184 2485 1335 2525 laudari
1356 2493 1559 2538 exoptant.

277 2627 361 2670 Sed
382 2627 588 2686 quoniam
609 2626 734 2688 lippis
757 2638 801 2671 et
821 2628 1068 2671 tonsoribus
1087 2628 1241 2684 claret,
1268 2627 1389 2687 quod
1410 2635 1501 2671 lion
1528 2637 1644 2671 recte
1663 2626 1853 2670 lamenta
1874 2624 2153 2686 epithalamio
2180 2623 2434 2683 conjugasti,

274 2707 380 2751 libet
402 2708 543 2767 aliqua
565 2708 619 2752 de
642 2710 735 2769 ipso
757 2711 893 2753 boatu
915 2711 1078 2771 tragico
1111 2710 1341 2771 speculari.
1365 2710 1485 2752 Inter
1513 2695 1686 2762 cetera,
1702 2708 1749 2751 ni
1770 2707 1912 2762 fallor,
1938 2706 2126 2750 oratoris
2148 2700 2284 2748 nostri
2306 2703 2435 2763 lugu-

274 2789 362 2831 bris
395 2805 515 2832 musa
547 2791 606 2833 sic
628 2791 809 2834 calculat
832 2808 841 2834 z
874 2812 891 2829 α
911 2792 1102 2835 Decessit
1125 2792 1260 2834 frater
1288 2806 1314 2833 a
1344 2791 1454 2844 vita,
1479 2791 1586 2845 imo,
1610 2800 1659 2832 ut
1682 2790 1837 2832 rectius
1866 2788 2020 2842 fatear,
2053 2797 2239 2830 mortem
2263 2784 2438 2843 reliquit

274 2885 353 2928 pro
374 2871 477 2913 vita.
504 2871 668 2927 Frater,
690 2873 867 2932 inquam
882 2908 892 2927 ,
920 2872 1115 2928 decessit,
1140 2884 1267 2916 tenor
1293 2872 1570 2916 continentiae
1584 2904 1595 2924 ,
1619 2887 1789 2914 morum
1812 2868 2033 2930 speculum
2047 2901 2059 2923 ,
2084 2866 2304 2911 vinculum
2331 2864 2437 2908 reli-

273 2948 426 3008 gionis.
481 2951 586 3005 Quis
630 2952 809 2996 ulterius
838 2954 1057 3014 vegetabit
1086 2969 1156 2996 me
1205 2953 1262 2997 ad
1292 2952 1517 2996 laborem?
1549 2952 1656 3007 Quis
1687 2950 1868 3011 amplius
1898 2950 2031 2994 leniet
2085 2943 2382 2991 moerentem?
2409 2963 2427 2981 υ

270 3032 326 3074 Et
357 3043 454 3090 post
490 3033 633 3093 aliqua
659 3051 669 3078 :
703 3038 818 3079 «Bos
845 3037 1005 3081 bovem
1037 3038 1242 3096 requirit3
1281 3054 1327 3081 se
1357 3036 1476 3097 quod
1509 3036 1650 3080 solum
1678 3045 1822 3095 putat,
1856 3033 2069 3093 [requenti
2101 3031 2271 3091 mugitu
2308 3027 2432 3087 pium

269 3124 448 3157 testatur
470 3114 689 3159 affectum.
710 3118 810 3171 Bos,
834 3117 1027 3176 inquam,
1049 3118 1208 3161 bovem
1222 3119 1416 3178 requirit,
1442 3134 1542 3161 cum
1560 3133 1648 3178 quo
1669 3116 1826 3160 ducere
1846 3114 1959 3158 collo
1979 3123 2119 3157 aratra
2141 3107 2383 3155 consuevit.
2404 3124 2422 3143 »

314 3283 322 3302 ¹
340 3279 470 3323 Horat..
487 3281 527 3314 de
541 3281 616 3315 Art.
633 3281 745 3323 Poet„
769 3290 802 3316 v.
822 3283 896 3315 273.
