2638 3866
344 203 360 245 -1
377 202 435 247 48
1146 198 1317 245 PETRI
1352 196 1667 246 ABAELARDl

341 304 597 368 particulae.
644 305 698 349 Et
732 301 806 349 his
840 301 1035 367 quidem
1066 302 1141 350 vel
1172 301 1502 349 consimilibus
1536 298 1820 365 rationibus,
1854 297 2018 346 omnia
2052 311 2159 361 quae
2197 296 2248 344 in
2285 294 2470 344 mundo

339 394 450 431 sunt
476 382 777 431 conditorem
812 383 911 430 sive
943 392 1179 430 rectorem
1203 382 1382 430 habere
1414 382 1717 430 manifestum
1749 377 1985 438 arbitror,
2020 392 2166 442 quem
2190 393 2282 425 nos
2314 379 2471 424 Deum

339 464 557 511 dicimus.

406 547 476 590 De
497 543 634 608 cujus
671 560 803 591 nunc
840 544 1020 592 unitate
1054 553 1268 609 superest
1292 542 1554 609 disputare,
1579 552 1634 590 ut
1662 541 1810 606 magis
1832 539 2052 588 videlicet
2075 555 2227 590 unum
2249 536 2471 586 condito-

340 639 440 671 rem
465 640 521 671 ac
550 632 787 671 rectorem
822 623 1007 672 mundo
1035 640 1236 690 praeesse
1273 624 1528 690 conveniat
1554 639 1701 688 quam
1733 622 1923 687 plures,
1950 631 2093 686 atque
2126 636 2280 668 unum
2313 618 2473 685 potius

339 706 494 751 Deum
517 720 574 752 ac
603 703 856 753 dominum
885 706 1123 764 omnium,
1159 721 1304 770 quam
1332 705 1494 770 plures
1524 704 1655 752 credi
1683 711 1919 769 oporteat.
1958 703 2154 749 Certum
2181 700 2361 766 quippe
2381 707 2468 760 est,

339 785 502 832 omnia
524 794 660 833 tanto
684 786 855 850 majori
883 785 1145 833 concordia
1171 786 1286 851 regi,
1314 795 1495 850 quanto
1531 782 1839 851 paucioribus
1873 799 1988 831 cura
2023 781 2268 848 regiminis
2303 797 2474 830 eorum

339 867 592 918 commissa
629 876 716 914 est.
752 866 878 914 Nihil
912 876 1072 914 autem
1110 867 1280 915 melius
1316 877 1400 915 aut
1437 866 1608 931 majori
1642 864 1902 913 concordia
1932 864 2032 929 regi
2065 879 2212 929 quam
2235 861 2475 911 mundum

339 955 526 994 constat
543 947 839 1006 universum,
866 947 988 994 sicut
1013 963 1155 1012 supra
1172 947 1388 995 Tulliana
1418 947 1638 1013 exposuit
1663 946 1803 994 ratio.
1841 945 1935 993 Uni
1955 945 2096 1010 igitur
2114 942 2335 1008 regimini
2355 941 2475 990 sub-

333 1026 514 1089 jectum
537 1036 624 1074 est.
654 1026 779 1075 Nihil
805 1027 1000 1093 quippe,
1024 1037 1077 1074 ut
1093 1027 1278 1075 dictum
1303 1038 1392 1090 est,
1421 1028 1593 1093 majori
1615 1025 1875 1075 concordia
1889 1042 2038 1092 quam
2055 1022 2472 1086 mundusregitur‚

339 1122 429 1153 nec
447 1107 591 1155 etiam
615 1123 689 1154 res
713 1123 768 1154 ea
790 1106 1013 1172 quaelibet
1034 1109 1112 1155 cui
1136 1125 1261 1156 unus
1291 1118 1479 1156 tantum
1517 1107 1737 1174 praesidet
1765 1116 1940 1156 rector.
1971 1104 2112 1153 Nullo
2140 1104 2304 1169 itaque
2326 1101 2476 1151 modo

338 1185 555 1250 pluribus
577 1187 844 1236 rectoribus
875 1188 1087 1237 mundus
1119 1188 1361 1253 subjacet,
1390 1189 1474 1238 sed
1507 1190 1593 1237 uni
1624 1198 1826 1237 tantum.
1851 1191 2005 1236 Tanto
2028 1186 2208 1251 quippe
2232 1183 2388 1248 major
2426 1183 2474 1231 in

340 1266 564 1313 omnibus
587 1267 854 1315 custoditur
875 1267 1153 1330 concordia,
1190 1280 1373 1334 quanto
1399 1269 1552 1335 major
1570 1280 1759 1318 tenetur
1779 1269 2020 1332 identitas,
2046 1276 2093 1315 et
2116 1275 2251 1314 tanto
2273 1264 2479 1330 amplius

339 1362 366 1393 a
402 1348 665 1396 concordia
695 1348 957 1412 receditur,
1002 1360 1184 1415 quanto
1221 1351 1283 1398 ab
1334 1352 1518 1401 unitate
1552 1351 1702 1417 magis
1745 1350 2003 1400 receditur.
2045 1351 2109 1396 Ut
2143 1363 2258 1412 ergo
2290 1360 2479 1394 summa

339 1427 399 1474 sit
441 1428 719 1491 concordia,
767 1446 957 1479 summa
1002 1440 1223 1480 teneatur
1268 1431 1517 1495 identitas,
1568 1449 1624 1481 ac
1664 1433 1904 1499 praecipua
1944 1438 2255 1478 conservetur
2302 1427 2478 1475 unitas.

339 1507 411 1554 Nil
460 1517 620 1557 autem
671 1526 783 1558 cum
832 1510 995 1575 aliquo
1040 1512 1107 1560 ita
1156 1522 1208 1559 ut
1257 1530 1421 1561 secum
1466 1514 1596 1563 idem
1634 1513 1710 1562 vel
1747 1529 1902 1561 unum
1948 1520 2124 1577 potest,
2163 1526 2254 1557 nec
2289 1509 2359 1556 ita
2400 1506 2479 1556 alii

339 1588 634 1637 concordare
671 1599 723 1637 ut
753 1590 866 1652 sibi,
896 1608 1007 1639 cum
1055 1609 1083 1640 a
1120 1593 1276 1658 seipso
1313 1593 1434 1642 nihil
1457 1593 1683 1642 dissimile
1715 1595 1791 1642 sit.
1818 1592 1890 1640 Ad
1911 1608 2065 1640 unum
2103 1590 2264 1655 itaque
2307 1598 2480 1637 cuneta

339 1677 550 1732 spectare
588 1686 643 1717 ac
676 1671 840 1719 referri
879 1672 1123 1735 convenit,
1162 1683 1214 1721 ut
1247 1674 1381 1739 quod
1425 1661 1587 1722 rerum
1624 1674 1896 1722 diversitate
1933 1673 2104 1737 agitur,
2155 1687 2253 1718 una
2297 1668 2481 1716 ratione

340 1748 641 1797 concorditer
666 1750 1044 1813 administretur,
1078 1753 1229 1801 modo
1263 1771 1409 1819 quem
1445 1755 1495 1802 in
1535 1753 1762 1802 omnibus
1795 1759 2007 1819 oportet,
2037 1759 2246 1799 servato.
2273 1749 2369 1797 Sed
2391 1764 2480 1796 nec

340 1827 498 1892 plures
531 1830 593 1877 ad
629 1847 785 1879 rerum
820 1833 1113 1890 creationem
1145 1835 1295 1898 magis
1334 1851 1480 1899 quam
1515 1834 1579 1883 ad
1606 1834 1825 1899 generale
1859 1849 2025 1882 earum
2055 1831 2269 1895 regimen
2303 1845 2480 1878 conve-

341 1909 443 1955 nire
466 1909 761 1959 credendum
781 1922 869 1973 est,
893 1912 979 1961 sed
996 1912 1058 1961 ab
1078 1931 1177 1962 uno
1202 1924 1397 1963 naturas
1415 1931 1585 1963 omnes
1605 1914 1707 1963 fieri
1725 1916 1846 1963 sicut
1860 1923 1910 1961 et
1921 1913 2020 1977 regi
2039 1920 2313 1978 opportune
2328 1904 2497 1957 credi-⁸

342 1997 433 2049 tur,
473 2000 527 2037 ut
566 1999 699 2038 tanto
732 1993 1026 2042 concordius
1059 1995 1160 2060 regi
1199 1994 1408 2058 valeant,
1451 2004 1633 2061 quanto
1674 1995 1847 2059 majori
1890 2009 2118 2042 connexae
2139 2001 2251 2040 sunt
2278 2005 2482 2038 concor-

339 2068 432 2116 dia.
454 2072 603 2118 Tanto
628 2082 787 2120 autem
811 2074 964 2137 major
987 2084 1059 2121 est
1080 2091 1249 2123 earum
1270 2075 1554 2136 concordia,
1577 2085 1761 2141 quanto
1780 2074 1985 2140 amplius
2008 2073 2069 2122 ab
2090 2089 2192 2121 uno
2211 2070 2484 2135 eodemque

340 2144 529 2213 penitus
543 2167 731 2217 semper
748 2154 987 2219 principio
1011 2165 1228 2217 manant,
1258 2166 1306 2204 et
1331 2172 1497 2204 earum
1518 2156 1686 2205 artifex
1709 2172 1737 2204 a
1759 2154 2109 2221 multiplicitate
2130 2169 2186 2201 ac
2209 2151 2484 2199 diversitate

314 2274 318 2277 ⁴
340 2230 534 2278 recedit.
564 2234 705 2280 Facta
724 2243 884 2281 autem
903 2245 1014 2282 sunt
1037 2236 1278 2301 primitus,
1306 2246 1358 2284 ut
1381 2238 1564 2303 optime
1587 2245 1756 2303 postea
1778 2244 2077 2300 regerentur,
2106 2243 2156 2282 et
2178 2248 2285 2298 quae
2301 2229 2483 2281 fiebant

342 2318 394 2355 ut
416 2321 709 2373 regerentur,
734 2313 796 2359 ad
820 2314 1085 2378 regendum
1107 2317 1272 2381 utique
1289 2316 1408 2364 dum
1433 2317 1619 2377 fierent,
1645 2315 2054 2383 praeparabantur.
2082 2317 2145 2361 Ut
2167 2329 2284 2377 ergo
2303 2312 2485 2378 optime

340 2400 616 2453 regerentur
637 2391 777 2452 facta,
794 2395 993 2458 optime,
1015 2395 1133 2443 dum
1154 2396 1343 2458 fierent,
1362 2396 1424 2444 ad
1447 2397 1712 2461 regendum
1725 2407 1861 2445 erant
1871 2394 2200 2462 praeparanda.
2221 2391 2485 2452 Quomodo

341 2478 499 2517 autem
522 2473 703 2537 optime
719 2485 1100 2540 praepararentur
1114 2476 1231 2524 dum
1245 2476 1432 2537 fierent,
1460 2488 1513 2525 'ut
1523 2477 1646 2525 facta
1660 2476 1975 2542 postmodum
1989 2475 2169 2541 optime
2184 2483 2480 2538 regerentur,

342 2551 431 2597 nisi
451 2568 642 2600 summa
665 2554 870 2601 invicem
887 2556 1166 2616 concordia,
1193 2567 1239 2605 et
1261 2558 1365 2623 ipsa
1388 2558 1460 2605 sui
1485 2559 1727 2606 creatione
1746 2556 2104 2622 colligarentur,
2125 2563 2179 2602 ut
2199 2569 2259 2602 eo
2277 2551 2485 2618 amplius

342 2632 645 2680 concorditer
666 2644 812 2698 atque
834 2635 1002 2684 melius
1019 2647 1263 2700 regantur,
1283 2648 1467 2702 quanto
1492 2638 1785 2686 concordius
1807 2638 1857 2685 in
1887 2637 1991 2703 ipsa
2012 2652 2183 2685 eorum
2205 2633 2487 2682 conditione

344 2720 522 2759 naturae
562 2713 776 2778 ipsorum
818 2725 930 2763 sunt
968 2718 1176 2766 invicem
1216 2719 1474 2784 colligatae?
1498 2719 1568 2767 Ad
1606 2735 1755 2784 quam
1781 2719 1925 2767 etiam
1960 2716 2255 2766 conditionis
2288 2728 2489 2762 concor-

345 2788 472 2837 diam
491 2827 503 2850 ,
529 2794 650 2841 sicut
689 2804 736 2842 et
772 2796 1038 2860 regiminis,
1067 2798 1222 2847 unitas
1259 2800 1362 2865 ipsa
1397 2809 1541 2865 atque
1576 2799 1800 2848 identitas
1837 2800 2046 2847 maxima
2083 2795 2346 2846 conditoris
2366 2809 2487 2861 pro-

345 2868 467 2930 ficit,
499 2882 552 2920 ut
570 2872 685 2922 hinc
709 2893 904 2941 quoque
927 2895 1079 2926 unum
1103 2879 1426 2945 eumdemque
1454 2881 1646 2947 penitus
1678 2880 1982 2929 conditorem
2015 2880 2139 2927 sicut
2172 2888 2220 2926 et
2249 2885 2486 2925 rectorem

347 2952 565 2998 omnium
609 2971 709 3001 esse
747 2967 958 3019 constet,
998 2975 1146 3023 quem
1179 2976 1269 3008 nos
1304 2963 1460 3008 Deum
1506 2962 1738 3022 dicimus,
1774 2978 1831 3010 ac
1871 2976 2118 3010 summum
2145 2959 2254 3023 jure
2291 2953 2483 3022 profite-

346 3046 454 3077 mur
475 3031 678 3080 bonum.
709 3036 802 3092 Qui
822 3038 1072 3100 quomodo
1092 3055 1336 3087 summum
1360 3041 1615 3103 diceretur,
1639 3043 1730 3090 nisi
1748 3042 1927 3090 caeteris
1949 3038 2175 3088 omnibus
2197 3034 2486 3103 praecelleret

346 3110 519 3159 bonis?
535 3113 679 3171 Quod
710 3131 825 3162 vero
850 3117 1074 3165 omnibus
1097 3119 1199 3167 aliis
1232 3119 1473 3185 praecellit,
1512 3139 1664 3169 unum
1700 3122 1917 3187 profecto
1940 3130 1987 3168 et
2011 3119 2208 3166 unicum
2243 3132 2345 3164 esse
2368 3131 2484 3163 con-

348 3192 498 3251 venit,
526 3203 573 3240 et
600 3194 733 3258 quod
763 3197 811 3241 in
849 3213 900 3244 se
924 3198 1189 3263 perfectum
1209 3216 1327 3264 „esse
1366 3201 1664 3263 conceditur,
1690 3213 1832 3267 atque
1857 3202 1918 3249 ad
1953 3199 2115 3248 omnia
2139 3214 2245 3264 quae
2269 3194 2486 3245 facienda

348 3281 458 3319 sunt
483 3290 535 3320 ex
557 3275 750 3339 propria
773 3276 1017 3325 voluntate
1049 3297 1134 3343 per
1157 3297 1206 3328 se
1228 3282 1471 3330 sufficiens
1485 3318 1499 3343 ,
1528 3299 1584 3333 ex
1609 3299 1708 3347 quo
1731 3292 1779 3330 et
1801 3282 2109 3347 omnipotens
2131 3278 2323 3338 dicitur,
2349 3292 2482 3325 com-
