2638 3866
288 209 318 251 [ι
1077 205 1242 252 PETRI
1277 204 1519 251 ABAELAR
1525 205 1580 250 DI

288 307 388 351 Deo
414 314 593 351 tantam
617 304 935 367 eloquentiam
969 320 1024 351 ac
1047 306 1326 369 sapientiam
1349 314 1589 352 assecutus
1611 312 1749 361 esset,
1781 302 1919 367 plura
1948 309 2109 346 tamen
2135 297 2187 345 in
2222 296 2407 360 scriptis

285 383 380 430 suis
398 399 595 430 erronee
619 384 772 448 posita
795 383 1096 431 retractando
1118 394 1260 448 atque
1283 383 1567 448 corrigendo
1590 382 1828 447 professus
1853 388 1939 440 est,
1965 377 2176 425 dicens¹z
2196 395 2219 421 «
2242 379 2406 440 Neque

286 463 411 510 enim
438 465 686 527 quisquam
707 499 718 520 ‚
744 463 833 509 nisi
865 463 1168 529 imprudenS,
1198 464 1308 511 ideo
1331 465 1444 527 quia
1477 473 1633 511 errata
1655 478 1761 509 mea
1783 458 2086 526 reprehendo
2103 494 2115 517 ,
2144 473 2221 504 me
2243 472 2405 521 repre—

285 542 492 590 hendere
514 541 723 589 audebit.
751 546 813 589 Ut
835 543 979 605 volet,
1002 544 1202 608 quisque
1223 544 1422 609 accipiat
1442 543 1539 591 hoc
1563 543 1696 608 quod
1718 542 1862 603 faci03
1883 556 1961 587 me
1981 549 2142 586 tamen
2165 534 2403 601 Apostoli-

284 637 388 668 cam
410 622 538 669 illam
561 622 844 670 sententiam
867 624 1042 670 intueri
1051 633 1098 670 et
1110 624 1160 670 in
1181 623 1271 671 hac
1290 641 1341 671 re
1364 624 1595 689 oportuit,
1619 622 1702 670 uhi
1721 622 1838 669 ait²:
1857 620 1942 666 «Si
1965 635 2054 665 nos
2072 618 2200 682 ipsos
2220 615 2405 679 judica-

283 715 456 759 remus,
477 717 505 748 a
519 701 730 748 Domino
750 718 848 749 non
865 703 1204 765 judicaremur.
1225 723 1247 746 2>
1268 703 1389 750 lllud
1404 703 1545 750 etiam
1568 702 1701 766 quod
1718 702 1945 766 scriptum
1963 699 2084 746 est³:
2109 717 2132 740 c<
2151 699 2216 742 Ex
2242 694 2403 742 multi-

281 778 444 844 loquio
468 797 566 828 non
590 781 784 845 effugies
805 793 1071 847 peccatum.
1094 805 1115 826 »
1138 786 1255 829 Item
1277 800 1288 828 z
1307 802 1329 828 ι(
1349 785 1503 841 Quem
1521 799 1637 830 vero
1658 781 1885 829 filiorum*
1903 794 2101 826 suorum
2116 793 2216 823 non
2236 775 2404 822 terruit

282 860 509 922 Christus,
528 859 613 907 ubi
633 861 698 908 ait
716 864 757 908 ⁵:
788 881 808 905 α
838 865 994 909 Omne
1015 862 1218 909 verbum
1241 863 1449 910 otiosum
1484 863 1812 928 quodcunque
1835 859 2004 907 dixerit
2024 858 2177 904 homo
2191 893 2204 917 ,
2233 854 2402 902 reddet

285 959 306 982 «
331 940 562 987 rationem
583 957 740 1004 proco
754 942 801 987 in
817 941 892 988 die
900 941 1083 1005 judicii.
1103 962 1125 985 2>
1144 941 1282 989 Unde
1292 953 1339 989 et
1353 942 1605 1008 Apostolus
1625 940 1831 989 Jacobus
1851 958 1861 986 :
1884 939 2014 997 «Sit,
2035 936 2225 1000 inquit⁶‚
2245 935 2403 982 omnis

284 1029 306 1061 ι’(
331 1019 479 1066 homo
502 1019 638 1066 velox
661 1020 723 1067 ad
745 1020 1057 1079 audiendum,
1082 1021 1245 1068 tardus
1269 1032 1430 1069 autem
1454 1022 1515 1070 ad
1535 1020 1852 1086 loquendum.
1873 1038 1897 1064 »ι
1920 1021 1979 1065 Et
1996 1017 2090 1065 alio
2111 1016 2247 1063 loco⁷
2267 1034 2277 1061 :
2302 1033 2325 1058 «
2352 1015 2400 1060 Si

283 1118 304 1140 «
328 1098 433 1162 quis
455 1098 504 1144 in
529 1098 675 1145 verbo
693 1116 790 1146 non
816 1100 1039 1158 offendit,
1065 1100 1143 1147 hic
1164 1101 1401 1165 perfectus
1425 1112 1495 1149 est
1513 1102 1634 1148 vira)
1651 1103 1751 1164 Ego
1770 1100 1897 1147 hanc
1918 1097 2260 1163 perfectionem
2283 1094 2402 1141 mihi

278 1194 366 1225 nec
403 1194 532 1225 nunc
560 1194 731 1241 arrogo
762 1195 873 1226 cum
905 1180 993 1226 sim
1026 1197 1187 1242 senex,
1216 1191 1398 1245 quanto
1429 1182 1586 1228 minus
1604 1198 1716 1228 cum
1745 1178 1935 1244 juvenis
1965 1176 2088 1241 coepi
2111 1174 2348 1222 scribere?
2374 1193 2397 1218 n

276 1256 408 1304 Tanti
427 1258 585 1321 itaque
604 1258 692 1304 viri
714 1258 973 1306 instructus
997 1261 1233 1325 exemplo,
1260 1261 1299 1307 si
1317 1277 1411 1324 qua
1433 1261 1553 1308 forte
1575 1277 1661 1326 per
1681 1275 1893 1307 errorem
1915 1256 2173 1323 proferam,
2199 1253 2332 1302 nulla
2348 1254 2397 1301 in

276 1337 348 1382 his
370 1353 456 1401 per
477 1338 884 1401 contemptionem
903 1339 1158 1386 defendam
1174 1376 1187 1401 ,
1214 1350 1296 1386 aut
1328 1357 1414 1405 per
1439 1340 1695 1388 elationem
1715 1353 2018 1404 praesumam,
2042 1345 2095 1382 ut
2117 1335 2156 1382 si
2179 1333 2398 1381 nondum

274 1416 551 1479 ignorantiae
569 1417 683 1462 vitio
708 1433 918 1479 caream,
946 1418 1134 1465 haeresis
1161 1428 1319 1466 tamen
1342 1420 1523 1466 crimen
1550 1437 1650 1466 non
1683 1420 1940 1466 incurram.
1970 1419 2074 1463 Non
2101 1415 2229 1462 enim
2255 1414 2398 1476 igno-

275 1495 425 1542 rantia
461 1495 735 1542 haereticum
772 1496 903 1558 facit,
931 1497 1014 1544 sed
1051 1498 1199 1560 magis
1229 1498 1461 1563 superbiae
1498 1498 1806 1546 obstinatio⁸z
1835 1512 1947 1543 cum
1970 1495 2076 1558 quis
2097 1493 2318 1541 videlicet
2341 1510 2398 1540 ex

274 1575 484 1622 novitate
506 1575 662 1639 aliqua
689 1592 863 1623 nomen
895 1577 983 1624 sibi
1016 1594 1293 1642 comparare
1329 1577 1631 1639 desiderans,
1657 1575 1838 1641 aliquid
1871 1575 2145 1622 inusitatum
2185 1573 2399 1638 proferre

274 1654 526 1716 gloriatur,
555 1654 686 1718 quod
715 1654 940 1702 adversus
974 1673 1141 1703 omnes
1173 1657 1430 1705 defendere
1465 1658 1791 1723 inopportune
1824 1655 2008 1714 nititur,
2039 1663 2093 1700 ut
2122 1652 2198 1699 vel
2232 1653 2398 1700 ceteris

274 1734 507 1797 superior,
531 1734 606 1780 vel
628 1733 769 1780 nullis
790 1734 1023 1782 habeatur
1044 1736 1257 1783 inferior.
1282 1737 1420 1784 Unde
1437 1736 1714 1784 Gennadius
1731 1734 2034 1783 Massiliensis
2050 1733 2317 1797 Episcopus
2340 1732 2399 1778 de

279 1812 550 1860 Orthodoxa
574 1812 674 1878 fide
700 1814 1134 1862 Ecclesiasticoram
1168 1816 1454 1881 αόςηῑαῑιιιη9
1472 1836 1486 1864 .·
1513 1835 1536 1863 «
1550 1816 1776 1875 Quolibet
1798 1815 1905 1880 quis
1929 1813 2200 1877 acquiescat
2224 1811 2392 1871 modo,

274 1907 373 1938 non
392 1902 461 1939 est
482 1893 744 1954 haereticUS,
766 1894 856 1941 nisi
867 1897 892 1919 ¹⁰
909 1895 957 1941 in
978 1897 1287 1943 contentione
1309 1896 1555 1944 haereticus
1577 1896 1709 1944 fiat.»
1730 1895 2020 1960 Augustinus
2041 1892 2091 1938 in
2101 1890 2319 1955 Epistola
2334 1891 2402 1938 ad

275 1975 532 2036 Optatam¹¹
553 1991 567 2019 .·
593 1993 615 2016 «
641 1973 688 2019 Si
713 1972 773 2020 de
798 1976 956 2021 anima
979 1975 1192 2023 falsitatis
1210 1977 1404 2024 assertio
1430 1977 1721 2042 proferatur,
1752 1985 1798 2023 et
1827 1974 2000 2022 falsitas
2026 1970 2326 2030 mendacem,
2349 1982 2396 2019 et

271 2051 479 2100 falsitatis
502 2053 828 2117 inopportuna
853 2054 1069 2102 defensio
1091 2056 1370 2103 haereticum
1393 2056 1559 2104 facit.»
1582 2059 1758 2103 Rursus
1779 2054 1910 2103 idem
1932 2069 2078 2118 saper
2106 2053 2328 2099 Genesim
2338 2054 2387 2097 ¹²:

275 2151 297 2173 «
327 2134 431 2178 Non
464 2131 529 2179 ob
555 2131 683 2179 aliud
712 2143 823 2180 sunt
849 2133 1073 2196 haeretici,
1102 2133 1192 2182 nisi
1218 2135 1350 2200 quod
1382 2137 1641 2202 scripturas
1663 2135 1921 2184 canonicas
1940 2149 2040 2180 non
2065 2141 2193 2179 recte
2221 2131 2394 2179 intelli-

271 2220 448 2273 gentes,
476 2228 583 2258 suas
609 2211 744 2260 salsas
765 2214 1017 2277 opiniones
1037 2225 1206 2262 contra
1226 2232 1391 2262 earum
1416 2216 1662 2263 veritatem
1677 2215 1981 2280 pertinaciter
2003 2220 2237 2260 asserunt.
2257 2230 2280 2255 υ
2298 2213 2394 2269 Qui

271 2300 316 2336 et
339 2293 385 2336 in
409 2290 531 2338 libro
556 2290 612 2338 de
647 2292 859 2338 Utilitate
886 2293 1121 2354 credendi,
1160 2293 1434 2342 haereticum
1457 2295 1708 2359 diligenter
1739 2294 2052 2342 describens¹³
2077 2308 2087 2336 z
2116 2291 2387 2350 Haereficus,

270 2371 445 2433 inquit,
473 2391 496 2414 «
518 2381 610 2431 est,
642 2381 693 2418 ut
716 2387 822 2418 mea
854 2372 942 2420 fert
972 2374 1164 2438 opinio,
1191 2376 1276 2437 qui
1299 2375 1498 2422 alicuius
1521 2374 1798 2440 temporalis
1821 2371 2091 2431 commodi,
2117 2380 2164 2417 et
2187 2371 2392 2418 maxime

271 2449 428 2512 gloriae
449 2466 590 2497 causa
606 2487 617 2508 ‚
643 2450 780 2498 falsas
813 2468 868 2499 ac
894 2468 1044 2500 novas
1069 2454 1321 2518 opiniones
1345 2456 1418 2502 vel
1445 2455 1621 2519 gignit,
1644 2454 1721 2501 vel
1744 2453 1973 2516 sequitur.
1999 2471 2021 2495 >2
2047 2452 2163 2497 Item
2189 2448 2317 2496 idem
2340 2452 2389 2497 in

272 2545 401 2574 xvni.
429 2528 485 2575 de
513 2531 709 2576 Ciuitate
730 2533 854 2576 Deist
874 2550 887 2577 .-
917 2552 938 2575 c<
957 2534 1049 2589 Qui
1076 2534 1125 2580 in
1150 2534 1348 2581 ecclesia
1366 2535 1525 2598 aliqua
1545 2549 1694 2598 prava
1715 2533 1923 2597 sapiunt,
1942 2532 1982 2578 si
2000 2529 2201 2577 correcti
2218 2539 2390 2576 contu-

272 2608 462 2654 maciter
495 2610 742 2669 resistunt,
769 2619 816 2657 et
837 2627 921 2658 sua
945 2612 1162 2676 pestifera
1184 2613 1410 2677 dogmata
1433 2613 1691 2661 emendare
1718 2611 1913 2672 nolunt,
1947 2609 2031 2657 sed
2063 2618 2110 2656 et
2133 2607 2390 2655 defendere

273 2687 541 2749 persistunt,
568 2688 777 2735 haeretici
799 2688 936 2736 fiunt.
967 2710 989 2733 »
1011 2693 1187 2739 Rursus
1208 2693 1336 2740 idem
1359 2693 1419 2740 de
1446 2695 1594 2740 Unico
1611 2692 1860 2756 baptismO,
1880 2689 1964 2737 lib.
1990 2705 2038 2736 iv
2060 2706 2071 2734 :
2092 2706 2116 2732 «
2134 2691 2280 2734 Istum
2297 2687 2389 2735 hae-

270 2765 468 2812 reticum
490 2767 706 2814 nondum
729 2769 858 2827 dico,
874 2770 964 2817 nisi
980 2772 1279 2821 manifestata
1299 2772 1390 2820 sibi
1413 2772 1633 2820 doctrina
1651 2771 1897 2819 Catholica
1918 2768 2031 2817 fidei
2052 2768 2267 2816 resistere
2284 2784 2388 2815 ma-

269 2843 422 2903 luerit,
448 2854 494 2891 et
515 2845 631 2894 illud
659 2848 787 2910 quod
813 2849 1005 2897 tenebat
1035 2851 1242 2914 elegerit.
1274 2873 1296 2896 »
1317 2852 1410 2900 Sed
1431 2852 1532 2901 baec
1555 2853 1803 2900 hactenus.
1844 2853 1981 2898 Nunc
1998 2849 2061 2897 ad
2086 2848 2386 2913 propositum

269 2923 561 2971 accedamus.

310 3097 316 3114 ¹
333 3093 469 3129 Remet-
496 3097 534 3130 ΡΙ·
537 3099 599 3138 01η
625 3101 724 3142 Opp.‚
747 3108 770 3134 t.
796 3102 821 3143 l,
845 3104 906 3136 col.
930 3107 957 3137 1.
977 3122 1014 3127 —
1034 3106 1044 3124 ²
1057 3106 1222 3147 Corinth„
1249 3106 1281 3145 1,
1357 3116 1427 3149 cap.
1457 3117 1512 3147 ιιι,
1535 3117 1565 3140 v.
1584 3110 1616 3140 2.
1635 3125 1672 3130 —
1687 3109 1699 3127 ⁸
1712 3104 1930 3144 obstinacia,
1951 3104 2033 3136 Cod.
2053 3102 2135 3135 vict.
2156 3119 2193 3125 -
2212 3100 2300 3141 ⁹Cap
2326 3109 2383 3133 vn.

266 3157 336 3188 cap.
357 3158 389 3182 xi
402 3173 411 3189 ‚
428 3160 456 3182 v.
478 3153 647 3186 31.—³In
657 3155 870 3198 multiloquio
887 3168 954 3190 non
974 3159 1076 3192 deerit
1087 3165 1282 3202 peccatum,
1357 3178 1395 3184 -
1407 3162 1429 3182 ¹⁰
1442 3161 1520 3194 Nisi
1533 3160 1609 3202 quis
1619 3160 1656 3191 in
1669 3159 1892 3198 contentione,
1910 3157 1990 3190 Cod.
2010 3157 2156 3189 vien—¹¹
2169 3155 2270 3196 0pp.,
2285 3159 2308 3187 t.
2326 3153 2382 3191 Ill,

265 3201 385 3242 ΡΥθυη
403 3212 473 3244 ⁰³1³·
493 3214 525 3242 Χ,
543 3214 573 3238 V·
600 3205 650 3240 19.
668 3226 705 3231 -
723 3210 734 3230 ⁴
749 3210 849 3243 Aliter
870 3211 1051 3244 Fidelium.
1074 3231 1112 3236 —
1128 3216 1139 3234 ⁵
1154 3214 1281 3253 Matth.,
1354 3215 1416 3247 col.
1435 3217 1508 3247 216.
1530 3233 1567 3237 —
1580 3216 1601 3236 ¹²
1617 3215 1721 3255 Opp.‚
1738 3218 1762 3246 t.
1781 3212 1852 3245 vul
1865 3236 1875 3253 ,
1899 3213 1962 3245 col.
1981 3213 2032 3244 45.
2053 3229 2090 3234 -
2111 3211 2130 3230 ¹³
2147 3210 2245 3251 Opp.,
2265 3214 2288 3240 t.
2309 3207 2380 3246 vn,

265 3263 336 3293 ⁰³1)-
363 3263 428 3294 1¹¹,
447 3266 475 3288 v.
505 3260 555 3291 36.
575 3278 610 3282 -
628 3261 640 3281 ‘⁷'
654 3260 785 3302 Jacob„
810 3273 881 3304 cap.
902 3273 926 3302 1,
942 3273 971 3295 v.
993 3265 1041 3298 19.
1065 3284 1101 3289 —
1120 3269 1128 3286 ⁷
1149 3267 1280 3306 Jacob.‚
1356 3269 1416 3300 col.
1436 3270 1507 3301 533.
1527 3286 1564 3291 —
1578 3270 1598 3289 Η
1615 3268 1712 3309 Opp.,
1738 3272 1757 3298 t,
1789 3265 1843 3306 lX,
1860 3265 1920 3297 col.
1947 3265 2019 3297 197.
