2638 3866
234 201 329 250 668
630 251 634 254 ,
1041 203 1210 250 PETRI
1246 203 1558 251 ABAELARDI

233 320 288 351 ac
322 302 632 369 postmodum
665 318 836 366 magna
861 302 1064 350 concilia
1094 302 1350 364 celebrata,
1387 320 1584 350 omnem
1616 303 1730 351 inde
1762 303 2001 351 mundum
2037 304 2290 370 repleverit
2319 312 2366 350 et

233 384 475 431 universas
496 383 696 429 haereses
718 383 1009 447 represserit.

300 467 486 511 PfflLos.
520 466 916 526 Nonnnunquam
948 455 1176 511 conviciis
1198 473 1245 511 et
1273 464 1561 530 inproperiis
1590 465 1771 513 facilius
1797 465 2019 514 homines
2042 473 2366 530 provocantur

232 558 374 606 quam
409 541 835 606 supplicationibus
867 553 913 590 et
950 542 1369 592 obsecrationibus
1411 545 1688 608 flectuntur,
1725 556 1772 594 et
1806 547 1889 611 qui
1927 546 1995 593 sic
2020 553 2363 611 provocantur,

229 622 486 668 studiosius
505 631 724 685 satagunt
745 622 808 670 de
830 639 1006 687 pugna,
1035 640 1182 687 quam
1205 624 1290 689 qui
1311 635 1527 688 orantur,
1552 636 1808 674 moventur
1830 643 1886 674 ex
1909 626 2075 690 gratia.

292 704 561 749 CfflusrmN.
598 702 952 765 Ignoscendum
981 703 1069 750 tibi
1100 714 1185 763 est,
1222 705 1262 752 si
1284 705 1377 754 hac
1400 706 1666 755 intentione
1698 706 1793 754 hoc
1823 707 1976 770 egisti.
2003 709 2141 754 Nunc
2162 719 2278 752 vero
2303 718 2366 750 ne

228 798 282 829 ex
309 781 575 830 diffidentia
605 800 816 847 pugnam
838 783 966 831 hanc
991 784 1183 834 differre
1205 786 1388 847 videar,
1412 797 1512 834 tam
1534 788 1654 835 mihi
1684 804 1830 852 quam
1851 787 1940 836 tibi
1960 786 2175 835 orandus
2196 794 2289 845 est,
2313 792 2366 830 ut

226 862 339 925 quid
376 862 461 909 tibi
496 863 827 927 quaerendum,
865 864 981 929 quid
1016 865 1134 913 mihi
1168 866 1564 931 respondendum
1600 868 1684 930 sit,
1725 868 1828 933 ipse
1864 867 2102 915 Dominus
2133 865 2360 929 inspiret,

224 943 305 1006 qui
329 942 431 990 vult
461 959 630 991 omnes
662 943 884 992 homines
913 945 1069 994 salvos
1093 945 1197 994 fieri
1218 956 1266 994 et
1287 947 1352 995 ad
1380 947 1706 1012 cognitionem
1735 948 1808 995 sui
1831 947 2010 995 venire.
2042 949 2179 994 Nunc
2202 945 2362 1008 igitur,

223 1023 260 1069 si
285 1023 462 1087 placet,
491 1040 603 1070 cum
630 1023 692 1071 ad
726 1024 1071 1089 perfectionem
1101 1037 1274 1075 nostrae
1301 1029 1419 1092 legis
1441 1038 1539 1075 tam
1567 1028 1851 1092 evangelicae
1872 1028 2050 1075 scilicet
2077 1042 2224 1091 quam
2246 1040 2364 1090 apo-

222 1103 397 1150 stolicae
434 1103 663 1151 doctrinae
697 1106 760 1151 sis
791 1121 983 1165 exsors,
1021 1107 1148 1155 hanc
1184 1109 1396 1173 primum
1430 1108 1741 1174 inspiciamus
1777 1118 1824 1156 et
1855 1125 1969 1156 cum
2001 1107 2171 1155 ceteris
2202 1104 2365 1153 confe-

221 1199 383 1231 ramus
410 1184 636 1232 omnibus
663 1185 919 1245 doctrinis,
952 1197 1005 1235 ut
1036 1188 1075 1235 si
1105 1188 1232 1236 hanc
1261 1190 1310 1236 in
1340 1189 1567 1254 illisfquoe
1598 1188 1860 1253 justificant
1898 1188 2147 1254 praeceptis
2176 1185 2253 1234 vel
2280 1201 2365 1233 ex-

220 1263 576 1316 hortationibus
609 1266 945 1330 perfectiorem
979 1268 1183 1331 videris,
1221 1285 1329 1317 eam
1366 1270 1490 1317 sicut
1523 1279 1716 1335 oportet
1756 1270 1906 1334 magis
1942 1269 2102 1333 eligas·
2141 1265 2287 1326 Quod
2318 1274 2367 1313 et

220 1361 365 1409 supra
389 1356 684 1394 memoratus
707 1346 874 1395 rhetor
898 1359 1053 1397 vester
1072 1350 1133 1397 de
1156 1350 1427 1409 contrariis,
1452 1360 1507 1397 ut
1539 1350 1721 1409 dixisti,
1755 1350 1942 1415 legibus
1965 1365 2124 1413 agenS‚
2159 1346 2366 1395 consulit

220 1423 404 1472 dicens¹
432 1444 442 1472 :
475 1447 497 1470 «
518 1428 567 1473 Si
589 1427 717 1491 leges
736 1427 842 1475 duae
861 1430 937 1476 vel
959 1429 1122 1495 plures
1146 1431 1322 1478 servari
1344 1447 1446 1478 non
1472 1440 1691 1496 possunt,
1719 1432 1832 1496 quia
1854 1430 2130 1495 discrepant
2151 1428 2276 1475 inter
2294 1442 2361 1486 se,

219 1520 273 1550 ea
298 1506 505 1554 maxime
528 1508 859 1556 conservanda
887 1519 1100 1574 putetur,
1127 1527 1232 1575 quae
1255 1511 1318 1559 ad
1344 1512 1574 1559 maximas
1596 1528 1672 1559 res
1696 1512 1935 1577 pertinere
1958 1510 2166 1558 videtur.
2191 1528 2214 1551 n

286 1587 471 1634 PfflLos.
509 1587 635 1634 Nihil
664 1587 760 1635 hoc
786 1590 990 1638 consilio
1016 1590 1330 1655 probabilius,
1366 1601 1414 1638 et
1442 1591 1563 1638 nihil
1583 1591 1770 1638 stultius
1798 1606 1944 1655 quam
1976 1590 2037 1638 ab
2065 1587 2275 1653 antiquis
2304 1586 2366 1634 ad

219 1681 370 1711 novas
403 1666 628 1714 recedere
665 1667 815 1732 leges,
855 1670 946 1717 nisi
980 1670 1205 1719 doctrina
1242 1672 1474 1736 potiores.
1511 1675 1643 1730 Quas
1678 1671 1900 1719 videlicet
1940 1686 2091 1719 novas
2122 1668 2249 1733 leges
2283 1667 2366 1731 qui

218 1757 620 1809 composuerunt,
660 1758 793 1795 tanto
816 1765 896 1797 eas
927 1753 1113 1799 cautius
1139 1768 1193 1799 ac
1214 1751 1469 1815 perfectius
1500 1753 1710 1800 scribere
1733 1761 2019 1818 potuerunt,
2053 1759 2238 1815 quanto
2264 1747 2365 1811 jam

216 1826 436 1889 priorum
450 1827 611 1891 legum
628 1828 880 1894 disciplina
897 1831 1060 1896 etipsa
1074 1832 1450 1879 necessariarum
1470 1849 1632 1880 rerum
1650 1833 1941 1897 experientia
1954 1830 2192 1889 instructi,
2209 1828 2361 1888 facile,

216 1922 321 1969 quae
343 1905 568 1969 deerant,
604 1924 660 1955 ex
689 1911 888 1974 proprio
913 1910 1091 1959 addere
1114 1921 1379 1976 potuerunt
1409 1913 1621 1975 ingenio,
1647 1913 1770 1960 sicut
1800 1913 1946 1960 etiam
1977 1912 2026 1958 in
2057 1910 2228 1957 ceteris
2254 1924 2365 1955 con·

218 1985 353 2049 tingit
388 1986 706 2053 philosophiae
740 1989 1020 2055 disciplinis.
1050 1994 1172 2039 Tum
1198 2002 1359 2039 autem
1393 1992 1454 2040 de
1485 1992 1779 2058 perfectione
1809 1991 2130 2057 posteriorum
2163 1988 2365 2053 scripto-

216 2082 324 2112 rum
347 2067 554 2115 maxime
580 2079 652 2115 est
682 2069 1062 2132 confidendum,
1091 2073 1130 2119 si
1161 2073 1383 2120 moderni
1405 2074 1664 2138 scriptores
1688 2089 1876 2137 aequare
1906 2071 2111 2135 ingeniis
2140 2069 2364 2133 antiquos

215 2149 478 2209 potuerint.
521 2149 615 2195 Sed
657 2150 776 2214 quid
815 2151 853 2197 si
888 2151 1010 2198 forte
1046 2153 1176 2217 ipsos
1209 2153 1350 2200 etiam
1389 2153 1532 2217 longe
1567 2152 1906 2201 transcendere
1938 2149 2232 2217 sperandum
2266 2148 2364 2196 est?

216 2227 360 2284 Quod
386 2228 604 2292 profecto
635 2229 695 2277 de
728 2231 997 2295 legislatore
1018 2232 1240 2280 videlicet
1271 2233 1478 2294 Christo,
1507 2252 1654 2299 quem
1676 2235 1830 2300 ipsam
1864 2232 1954 2281 Dei
1982 2230 2263 2297 sapientiam
2287 2229 2365 2276 di-

215 2306 337 2367 citis,
362 2324 671 2374 nequaquam
694 2311 938 2360 dubitatis.
962 2315 1035 2360 De
1053 2330 1152 2378 quo
1177 2314 1320 2362 etiam
1344 2316 1436 2363 Job
1457 2326 1680 2363 nostrum
1704 2325 1845 2363 antea
1862 2313 2090 2362 cecinisse
2112 2310 2359 2358 asseritis’:

218 2405 242 2430 «
262 2389 384 2434 Ecce
418 2391 546 2436 Deus
577 2391 627 2437 in
658 2391 940 2439 fortitudine
972 2410 1058 2441 sua
1094 2403 1141 2441 et
1168 2394 1331 2442 nullus
1363 2396 1407 2442 ei
1433 2396 1600 2443 similis
1631 2397 1680 2442 in
1711 2393 2075 2458 legislatoribuS.
2093 2411 2115 2436 »
2141 2391 2287 2453 Cujus
2315 2399 2362 2436 et

214 2468 462 2531 apostolus
484 2480 640 2518 vester
663 2472 917 2536 praeferens
942 2473 1217 2522 doctrinam
1233 2511 1246 2536 ,
1265 2485 1319 2522 et
1343 2476 1509 2540 primae
1532 2477 1648 2540 legis
1672 2474 2088 2540 imperfectionem
2112 2470 2361 2518 manifeste

212 2547 446 2611 profitens
469 2550 554 2598 ait³
582 2569 591 2595 :
625 2572 646 2594 «
662 2552 917 2601 Multifarie
949 2554 1205 2619 multisque
1228 2555 1386 2603 modis
1409 2559 1537 2603 Deus
1566 2556 1682 2603 olim
1705 2556 1910 2619 loquens
1929 2552 2146 2618 patribus
2168 2551 2216 2597 in
2241 2566 2362 2614 pro-—

213 2627 386 2690 phetis,
408 2631 668 2679 novissime
688 2632 858 2681 diebus
880 2635 978 2681 istis
996 2634 1185 2682 locutus
1199 2646 1269 2683 est
1285 2636 1429 2683 nobis
1450 2637 1500 2683 in
1522 2635 1641 2696 filio,
1657 2646 1750 2683 etc.
1773 2654 1795 2679 »
1819 2637 1877 2681 Et
1891 2633 2067 2681 iterum
2089 2631 2219 2678 idem
2237 2630 2362 2677 infra

213 2707 272 2755 de
296 2711 468 2758 veteris
494 2721 541 2758 et
566 2729 703 2760 novae
726 2715 842 2778 legis
873 2715 1162 2764 discretione
1190 2717 1412 2765 indicans
1427 2719 1457 2778 ⁴,
1496 2737 1518 2762 «
1546 2716 1862 2782 Reprobatio,
1896 2714 2083 2778 inquit,
2111 2712 2163 2759 fit
2187 2727 2362 2776 praece-

212 2787 369 2836 dentis
392 2792 607 2840 mandati
630 2805 828 2860 propter
848 2795 1177 2845 infirmitatem
1195 2799 1296 2862 ejus
1312 2807 1361 2845 et
1380 2798 1703 2846 inutilitatem.
1728 2796 1855 2845 Nihil
1874 2795 2003 2843 enim
2016 2794 2079 2842 ad
2098 2793 2359 2859 perfectum

211 2867 410 2916 adduxit
440 2871 532 2918 lex.
568 2875 868 2924 Introductio
892 2894 1008 2925 vero
1039 2878 1251 2926 melioris
1273 2880 1391 2944 spei,
1412 2895 1498 2944 per
1526 2895 1673 2943 quam
1696 2878 2027 2944 proximamus
2049 2874 2111 2922 ad
2133 2876 2306 2920 Deum.
2331 2889 2355 2915 υ

278 2949 547 2999 CHRISTIAN.
575 2955 731 3016 Certe,
754 2966 808 3003 ut
830 2956 992 3017 video,
1014 2974 1115 3005 non
1141 2967 1187 3006 te
1210 2959 1481 3022 ignorantia
1505 2958 1618 3007 fidei
1637 2968 1828 3019 nostrae,
1854 2956 1939 3004 sed
1962 2955 2112 3018 magis
2131 2963 2225 3000 tuae
2248 2949 2357 2998 infi-

212 3025 418 3076 delitatis
454 3031 715 3081 obstinatio
740 3035 955 3085 damnat.
982 3039 1078 3095 Qui
1102 3048 1149 3086 et
1180 3048 1356 3086 nostrae
1387 3039 1502 3104 legis
1525 3039 1869 3105 perfectionem
1901 3053 1958 3084 ex
1990 3033 2178 3100 scriptis
2208 3030 2356 3096 ipsius

211 3106 419 3156 didicisti
444 3119 491 3156 et
515 3111 692 3174 adhuc,
719 3115 853 3178 quod
879 3118 1111 3180 sequaris,
1144 3118 1364 3182 iuquiriS,
1393 3120 1527 3184 quasi
1557 3119 1822 3184 perfectum
1847 3117 1912 3164 ibi
1935 3126 1983 3163 et
2005 3112 2232 3162 omnibus
2252 3109 2354 3156 aliis

248 3294 253 3309 ¹
273 3290 354 3332 Cic„
372 3292 503 3327 Invent.
519 3294 628 3335 Rhet.,
646 3293 693 3337 11,
709 3297 761 3329 49.
782 3314 821 3321 —
835 3297 954 3340 ²Job·,
973 3308 1044 3340 cap.
1060 3308 1180 3342 xxxvi,
1201 3311 1231 3334 v.
1245 3304 1297 3336 22.
1319 3320 1357 3326 —
1377 3304 1388 3324 ³
1404 3302 1517 3344 Hebr„
1535 3311 1606 3343 cap.
1628 3312 1655 3343 1,
1675 3311 1705 3334 v.
1726 3303 1758 3334 1.
1774 3301 1838 3325 -4
1855 3299 1971 3339 Hebr.,
1992 3306 2065 3337 cap.
2083 3305 2145 3337 vu,
2169 3304 2198 3327 v.
2220 3296 2275 3335 18,
2294 3295 2344 3327 19.
