2638 3866
376 157 470 203 232
1178 155 1348 203 PETRI
1383 155 1699 204 ABAELARDI

376 258 505 304 irrita
529 256 788 316 videretur,
810 257 933 302 sicut
952 255 1012 303 de
1032 255 1188 321 impiis
1210 255 1427 317 dicitur-¹,
1448 274 1471 301 «
1491 272 1598 321 spes
1620 264 1782 304 autem
1807 254 2069 320 impiorum
2091 252 2279 319 peribit,
2302 272 2323 300 n
2352 253 2503 315 addit,

378 358 398 379 «
417 353 524 401 spes
540 346 716 397 autem,
732 354 754 380 »
784 335 962 383 scilicet
982 335 1100 396 haec,
1127 351 1262 382 ‹tnon
1279 334 1553 397 confundit,
1575 354 1600 380 υ
1626 334 1676 382 id
1698 344 1786 395 est,
1821 333 2202 382 erubescentiam
2232 331 2374 380 nobis
2405 349 2507 380 non
2526 395 2530 399 ῃ

374 415 574 478 acquirit
597 415 646 461 in
672 414 851 477 futuro,
883 416 995 480 quia
1016 425 1258 481 speratum
1282 413 1635 474 obtinebimus3
1663 422 1710 460 et
1733 414 1869 478 quasi
1890 413 1997 479 quis
2024 413 2235 477 requirat
2256 411 2386 460 unde
2412 411 2508 461 hoc

375 496 494 541 scire
524 510 799 559 possumus,
826 493 1045 559 adjungit
1070 512 1080 541 :
1120 494 1287 552 «Quia
1318 493 1600 542 charitatem
1628 492 1866 541 habemus
1899 510 1986 560 per
2016 509 2163 558 quam
2192 509 2456 558 speramus,
2483 511 2506 536 »

376 590 722 638 promeremur.
758 576 816 622 Et
851 575 946 622 hoc
977 584 1062 637 est,
1100 596 1123 619 c<
1152 575 1264 639 quia
1300 573 1505 621 charitas
1537 573 1643 634 Dei,
1680 582 1772 620 etc.
1806 593 1829 618 2>
1870 573 1958 621 Dei
1987 573 2178 633 dicitur,
2203 572 2256 620 id
2275 582 2362 634 est,
2388 588 2510 637 pure

374 664 571 718 propter
590 655 856 701 Dominum
873 653 1054 714 habita,
1082 653 1143 701 ad
1166 654 1487 701 differentiam
1504 653 1706 701 carnalis
1728 652 2014 702 dilectionis.
2040 653 2313 713 Caritatem,
2346 651 2399 699 id
2419 661 2508 709 est,

374 733 680 782 dilectionem
703 735 926 783 diffusam
949 735 1081 794 dicit,
1099 751 1204 799 quae
1226 734 1475 781 inimicum
1499 750 1696 798 quoque
1709 734 2061 799 complectitur.
2078 737 2149 781 De
2164 748 2261 798 qua
2279 732 2511 797 scriptum

374 820 492 864 est²:
512 837 535 863 «
557 818 726 866 Omnis
748 818 1177 866 consummationis
1195 817 1297 866 vidi
1314 816 1478 879 finem,
1499 817 1650 865 latum
1669 817 1952 866 mandatum
1972 827 2112 866 tuum
2127 818 2287 876 nimis,
2310 815 2401 863 »id
2418 824 2507 877 est,

374 894 607 963 perpendi
628 907 771 962 atque
800 898 1009 946 intellexi
1044 898 1194 946 latum
1230 908 1368 945 tuum
1401 898 1462 945 de
1493 898 1687 946 caritate
1722 898 2007 947 mandatum
2036 897 2184 946 finem
2215 913 2317 944 esse
2352 895 2512 944 omnis

374 978 825 1039 consummationis,
862 978 912 1026 id
932 989 1020 1040 est,
1050 979 1166 1026 illud
1195 995 1296 1026 esse
1329 979 1391 1027 ad
1410 978 1545 1044 quod
1575 979 1911 1027 universorum
1941 988 2139 1027 tuorum
2174 976 2512 1025 mandatorum

375 1059 577 1105 intentio
601 1058 834 1124 dirigitur.
862 1061 1098 1125 «Propter
1113 1059 1343 1125 Spiritum
1366 1069 1587 1107 sanctum
1608 1060 1691 1124 qui
1720 1059 1859 1108 datus
1889 1070 1961 1108 est
1985 1058 2144 1120 nobis,
2168 1078 2191 1102 n
2230 1056 2281 1104 id
2301 1058 2389 1118 est,
2426 1072 2513 1122 per

376 1139 705 1202 operationem
728 1140 887 1203 gratiae
919 1140 1091 1188 divinae
1132 1140 1272 1188 nobis
1303 1140 1503 1189 collatae.
1544 1141 1836 1205 Augustinus
1870 1140 1928 1187 de
1950 1140 2185 1187 Doctrina
2210 1137 2510 1198 Christiana,

375 1218 457 1265 lib.
482 1221 594 1267 1v³:
618 1239 642 1264 «
661 1220 941 1268 Patientiam
963 1231 1188 1287 operatur
1208 1221 1455 1270 tribulatio
1467 1223 1499 1282 ⁸,
1517 1231 1631 1284 etc.,
1653 1242 1676 1266 n
1695 1221 1971 1286 agnoscitur
1993 1220 2145 1285 figura
2169 1235 2275 1284 quae
2298 1217 2464 1265 Latine
2484 1232 2512 1264 a

373 1298 664 1361 quibusdam
686 1310 756 1348 est
777 1302 1013 1367 appellata
1037 1302 1280 1367 gradatio,
1320 1320 1433 1351 cum
1470 1302 1618 1350 verba
1655 1303 1732 1351 vel
1760 1319 1899 1351 sensa
1922 1309 2277 1351 connectuntur
2311 1297 2515 1346 alterum

373 1396 428 1424 ex
457 1380 624 1440 altero,
660 1381 781 1428 sicut
805 1381 887 1430 hic
921 1399 979 1430 ex
1015 1383 1325 1432 tribulatione
1362 1383 1665 1450 patientiam,
1700 1401 1757 1433 ex
1792 1383 2019 1451 patientia
2055 1380 2416 1459 probationem,
2457 1394 2515 1425 ex

375 1459 660 1523 probatione
684 1479 820 1527 spem
843 1481 1112 1514 connexam
1140 1465 1427 1515 videmus.»

444 1561 466 1583 «
490 1545 550 1588 Ut
570 1542 687 1606 quid
711 1545 912 1592 enim.»
951 1547 1122 1594 Merito
1153 1546 1252 1594 dixi
1281 1548 1528 1595 caritatem
1560 1546 1784 1595 diffusam
1815 1547 1864 1594 in
1903 1543 2131 1594 cordibus
2163 1519 2516 1589 nostriS.Na1i1

375 1630 573 1685 piopter
601 1623 719 1686 quid
740 1624 887 1686 aliud,
915 1625 1005 1673 nisi
1022 1625 1244 1674 videlicet
1264 1637 1316 1674 ut
1339 1628 1387 1676 in
1411 1627 1554 1676 nobis
1583 1628 1860 1675 dilataretur
1893 1627 2064 1675 caritas
2090 1623 2214 1672 Dei?
2246 1640 2269 1666 <t
2301 1619 2517 1668 Christus

376 1711 596 1748 mortuus
618 1711 688 1749 est
708 1662 977 1751 secundum
1001 1714 1209 1770 tempus,
1232 1726 1254 1750 >2
1284 1706 1335 1753 id
1365 1717 1451 1767 est,
1487 1708 1623 1773 quasi
1657 1707 1720 1754 ad
1751 1707 1926 1754 horam
1961 1715 2008 1755 et
2042 1706 2092 1752 in
2122 1702 2323 1751 transitu
2352 1699 2520 1748 mortis

375 1781 614 1842 detentus,
641 1782 724 1846 qui
743 1783 839 1830 cito
862 1785 1136 1832 resurrexit.
1169 1806 1191 1830 ι(
1211 1789 1303 1833 Ρ1·0
1326 1787 1485 1852 impiis
1504 1797 1724 1835 mortuus
1743 1797 1831 1848 est,
1857 1807 1879 1830 n
1906 1795 1960 1833 ut
1988 1801 2072 1833 eos
2092 1783 2313 1830 videlicet
2332 1798 2362 1828 a
2384 1779 2519 1827 dam·

375 1862 571 1909 natione
586 1861 826 1911 liberaret.
857 1884 879 1907 «
893 1867 1017 1912 Cum
1035 1864 1195 1914 adhuc
1216 1866 1394 1914 infirmi
1418 1884 1649 1915 essemus.
1677 1888 1700 1911 >³
1726 1866 2004 1914 Notandum
2021 1880 2136 1913 vero
2150 1873 2220 1911 est
2238 1861 2519 1928 Apostolum

375 1940 468 1988 hoc
489 1942 599 1989 loco
618 1943 823 1990 modum
846 1954 1022 1992 nostrae
1057 1945 1403 2011 redemptionis
1432 1964 1519 2012 per
1551 1957 1758 1994 mortem
1794 1946 1970 1995 Christi
1989 1953 2209 2010 patenter
2232 1941 2516 2007 exprimere,

376 2038 486 2067 cum
499 2021 720 2070 videlicet
739 2040 852 2070 eum
875 2041 967 2089 pro
991 2024 1134 2072 nobis
1158 2043 1257 2072 11011
1281 2026 1346 2074 ob
1365 2027 1495 2074 aliud
1521 2038 1769 2075 mortuum
1793 2027 1926 2087 dicit,
1958 2025 2050 2072 nisi
2080 2041 2168 2089 per
2201 2038 2363 2070 veram
2390 2020 2521 2068 illam

373 2101 579 2148 caritatis
602 2102 871 2151 libertatem
896 2105 945 2151 in
966 2104 1107 2153 nobis
1131 2107 1516 2172 propagandam,
1537 2125 1623 2174 per
1641 2108 1768 2156 hanc
1789 2107 2012 2154 videlicet
2031 2122 2128 2170 qua
2146 2103 2288 2151 nobis
2309 2099 2522 2150 exhibuit

374 2198 613 2229 summam
626 2182 950 2246 dilectionem,
969 2185 1206 2251 sicutipse
1220 2187 1284 2233 ait
1295 2189 1309 2212 ⁸
1324 2206 1333 2234 :
1351 2207 1374 2232 κ
1389 2188 1622 2252 Majorem
1635 2188 1727 2236 hac
1738 2187 2043 2235 dilectionem
2058 2201 2203 2233 nemo
2214 2182 2378 2242 habet,
2392 2191 2484 2230 etc.
2494 2201 2518 2225 »

374 2262 444 2306 De
458 2278 555 2325 quo
570 2262 763 2326 quidem
775 2264 1122 2330 redemptionis
1134 2267 1284 2315 modo
1299 2284 1443 2333 supra
1454 2285 1544 2315 nos
1555 2269 1667 2316 satis
1681 2268 1888 2315 arbitror
1902 2266 2195 2332 disseruisse.
2205 2284 2227 2309 «
2240 2264 2326 2311 Vix
2337 2262 2483 2310 enim.
2496 2281 2519 2307 υ

375 2341 481 2386 Dixi
505 2340 745 2391 Christum
766 2339 855 2409 pro
877 2336 1037 2411 impiis
1060 2357 1307 2394 mortuum
1327 2364 1445 2409 esse,
1468 2358 1522 2395 ut
1545 2349 1716 2396 caritas
1731 2349 1779 2395 in
1798 2347 2027 2396 cordibus
2046 2345 2220 2393 nostris
2234 2342 2522 2391 diffundere-

377 2430 468 2480 tur,
482 2424 618 2485 quasi
640 2423 736 2471 hoc
758 2441 986 2489 magnum
1013 2437 1135 2474 esset
1149 2427 1285 2492 quod
1308 2428 1487 2475 fecerit.
1506 2432 1565 2475 Et
1577 2445 1689 2476 vere
1710 2445 1942 2492 magnum
1952 2427 2049 2475 hoc
2060 2436 2107 2473 et
2120 2425 2399 2473 salutarium
2413 2423 2517 2484 fuit,

375 2502 529 2547 Deum
548 2503 724 2551 scilicet
738 2522 828 2569 pro
851 2507 1010 2571 impiis
1026 2508 1170 2569 mori,
1197 2509 1310 2572 quia
1329 2509 1407 2555 vix
1431 2525 1521 2574 pro
1535 2509 1734 2555 homine
1757 2508 1843 2555 iste
1864 2507 2017 2554 homo
2041 2505 2168 2552 mori
2179 2504 2396 2552 sustinet.
2414 2503 2524 2550 Dixi
2577 2492 2582 2499 ’

374 2581 468 2641 vix,
492 2597 547 2628 ex
570 2592 673 2630 toto
688 2586 874 2649 negavi,
890 2587 1002 2650 quia
1025 2587 1220 2635 fortasse
1237 2588 1323 2635 etsi
1341 2589 1580 2635 rarissime
1602 2596 1759 2653 potest
1779 2587 1996 2652 reperiri,
2013 2585 2097 2650 qui
2112 2601 2203 2650 pro
2217 2599 2383 2632 amore
2404 2581 2523 2630 boni

377 2660 600 2724 hominis,
628 2663 678 2710 id
708 2675 777 2711 est
794 2665 909 2729 justi
936 2668 1209 2715 moriatur⁶.
1239 2671 1298 2715 Et.
1327 2667 1423 2714 hoc
1448 2678 1534 2726 est,
1566 2687 1588 2712 α
1611 2670 1731 2714 Nam
1758 2683 1849 2732 pro
1873 2667 2023 2724 bono,
2050 2684 2072 2710 »
2100 2665 2280 2712 scilicet
2302 2662 2519 2723 homine,

379 2740 613 2788 «forsitan
630 2744 754 2807 quis,
771 2745 859 2792 »id
875 2755 944 2792 est
954 2747 1142 2811 aliquis,
1160 2747 1372 2795 «audeat
1384 2749 1527 2809 mori,
1549 2748 1740 2795 »sciens
1754 2763 1803 2794 se
1821 2763 1848 2794 a
1862 2747 2075 2794 Domino
2092 2741 2518 2793 remunerandum.

377 2822 497 2865 Cum
519 2821 632 2868 dicit
669 2843 690 2865 <c
710 2824 922 2886 forsitan,
941 2845 962 2871 1>
991 2837 1038 2874 et
1065 2827 1298 2886 «audeat,
1325 2849 1347 2872 »
1376 2827 1709 2875 difficultatem
1732 2827 1961 2874 insinuat.
1992 2825 2208 2873 Christus
2237 2833 2397 2871 autem
2419 2838 2519 2881 11011

378 2899 532 2945 solum
552 2917 693 2948 ausus
713 2905 855 2963 mori,
877 2906 958 2952 sed
976 2916 1022 2953 et
1038 2917 1257 2955 mortuus
1278 2918 1348 2955 est
1365 2925 1454 2973 pro
1475 2906 1827 2974 peccatoribus,
1849 2917 1896 2955 et
1908 2923 1995 2972 per
2013 2905 2359 2954 exhibitionem
2378 2911 2518 2950 tantae

380 2978 555 3038 gloriae,
584 3001 606 3022 α
634 2984 942 3032 commendat
963 2988 1110 3046 Deus,
1139 3005 1162 3031 »
1193 2987 1243 3033 id
1269 2998 1339 3034 est
1364 2988 1567 3036 aedificat
1592 2989 1691 3036 sive
1716 2987 1974 3035 confirmat
2000 3001 2176 3034 «suam
2200 2983 2445 3032 caritatem
2470 2982 2517 3028 in

426 3186 567 3226 ‘Po-ov.,
589 3197 659 3229 cap.
677 3197 714 3220 x.
741 3198 769 3219 v.
789 3191 839 3222 28.
856 3208 891 3212 —
930 3192 1080 3229 Psalm,
1101 3201 1219 3225 cxvm.
1244 3203 1272 3224 v.
1292 3196 1397 3227 911-
1415 3196 1426 3215 ³
1441 3195 1521 3235 Cap.
1539 3205 1599 3230 vu.
1618 3196 1720 3237 opp„
1737 3200 1761 3228 t.
1780 3195 1841 3236 ΙΙΙ,
1859 3196 1922 3227 col.
1949 3194 2018 3227 117.
2040 3210 2077 3216 -
2096 3194 2104 3211 ⁴
2122 3193 2235 3230 Rom„
2255 3199 2327 3231 cap.
2346 3199 2377 3229 v,
2397 3198 2427 3227 v.
2446 3190 2515 3222 3—5.

385 3249 440 3269 «⁵
457 3247 565 3288 Joan.‚
589 3259 661 3289 cap.
680 3259 738 3282 xv.
760 3260 788 3283 v.
810 3254 860 3284 13.
878 3269 917 3275 --
937 3252 1038 3285 ⁶Male
1053 3253 1147 3286 Amb.
1165 3255 1384 3287 Mentiuntur.
