2638 3866
870 259 1213 310 THEOLOGIA
1260 262 1609 313 efflusTlANA
1619 300 1629 311 .
2225 269 2313 318 471

178 369 307 412 terea
336 360 618 429 philosophi
656 360 921 410 accidentia
956 361 1279 411 determinant
1311 381 1412 413 esse
1450 365 1727 432 posterioris
1760 366 1945 431 generis
1977 376 2025 415 et
2053 366 2322 418 adventitia».

178 452 375 494 naturae.
405 441 547 490 Unde
579 451 627 490 et
660 441 971 508 PorphyriuS‚
1003 444 1256 508 proprium
1291 462 1486 511 quoque
1509 446 1685 513 ipsum,
1711 447 1845 512 quod
1880 448 1930 494 in
1961 457 2130 497 natura
2147 451 2322 515 speciei

178 524 376 573 insitum
396 540 500 572 esse
518 521 726 584 videtur,
749 522 989 589 posterius
1012 523 1172 588 specie
1192 526 1471 573 naturaliter
1493 543 1595 575 esse
1615 525 1887 589 confirmat,
1914 544 1973 575 eo
1993 528 2173 577 scilicet
2187 530 2322 595 quod

180 604 495 653 substantiam
534 604 711 671 speciei
734 602 933 652 minime
962 602 1204 664 conficiat,
1233 605 1353 653 sicut
1375 605 1726 668 substantiales,
1751 607 1800 654 id
1823 616 1894 654 est
1915 608 2145 673 specificae
2179 609 2320 657 diffe-

179 686 360 734 rentiae.
407 685 479 732 Ait
518 684 647 732 enim
676 700 688 731 ε
731 682 961 749 «Species
990 692 1103 730 ante
1140 683 1382 747 subsistit,
1420 703 1567 752 quam
1601 687 1883 754 proprium3
1918 689 2170 754 proprium
2207 707 2322 738 vero

179 775 344 832 postea
383 764 437 812 fit
465 765 514 812 in
546 762 722 831 specie.
750 764 957 829 Oportet
993 763 1123 811 enim
1157 764 1407 814 hominem
1437 783 1556 829 esse,
1594 777 1648 814 ut
1680 768 1738 815 sit
1769 767 1965 816 risibile.
1994 789 2015 812 »
2055 770 2149 827 Qui
2180 770 2323 818 etiam

179 863 290 894 cum
322 844 545 893 accidens
568 844 853 909 generaliter
876 842 1099 892 definiret
1131 844 1296 893 dicens
1322 864 1333 892 :
1372 847 1642 895 «Accidens
1681 858 1750 895 est
1780 848 1916 913 quod
1948 848 2084 896 adest
2118 859 2164 896 et
2190 849 2325 898 abest

180 935 351 993 praeter
380 924 583 990 sthecti
618 924 1009 991 corruptionem,
1033 942 1055 969 »
1084 934 1304 990 patenter
1341 926 1507 975 docuit
1537 944 1683 975 omne
1719 928 1942 976 accidens
1976 928 2193 993 subjecto
2227 939 2323 977 tam

180 1004 344 1054 adesse
366 1021 514 1071 quam
550 1004 715 1061 abesse
749 1021 893 1071 posse
925 1013 1099 1070 praeter
1130 1006 1492 1072 corruptionem
1527 1008 1675 1074 ipsius
1712 1007 1932 1072 subjecti.
1967 1011 2023 1056 At
2059 1025 2174 1057 vero
2210 1025 2326 1073 quo-

139 1112 143 1115 *
182 1086 332 1134 modo
367 1086 663 1152 Sapientiam
686 1087 775 1134 Dei
797 1086 845 1134 in
870 1087 994 1153 ipso,
1020 1086 1096 1134 vel
1118 1087 1396 1152 posterioris
1418 1089 1621 1152 generis,
1653 1088 1730 1136 vel
1756 1088 2027 1137 adventitiae
2046 1099 2227 1138 naturae
2250 1089 2327 1138 di-

180 1184 346 1215 cemus
376 1184 497 1230 esse,
531 1176 613 1215 aut
635 1183 743 1215 eam
777 1166 821 1215 ei
855 1177 1030 1233 praeter
1051 1168 1415 1233 corruptionem
1444 1184 1585 1234 posse
1615 1168 1797 1231 abesse,
1830 1186 1942 1217 cum
1973 1169 2107 1217 nullo
2136 1171 2326 1235 penitus

181 1248 330 1296 modo
351 1248 396 1296 ei
415 1248 567 1314 possit
589 1247 788 1296 abesse?
810 1247 1026 1295 Omnino
1047 1247 1176 1296 enim
1196 1251 1351 1295 Deum
1371 1265 1564 1297 necesse
1587 1259 1659 1298 est
1681 1266 1783 1298 esse
1805 1251 2085 1316 sapientem,
2114 1267 2202 1298 nec
2226 1251 2324 1299 ullo

180 1327 333 1376 modo
368 1337 450 1377 aut
482 1345 583 1377 non
616 1345 719 1376 esse
741 1338 919 1394 potest,
954 1337 1038 1377 aut
1070 1344 1171 1375 non
1206 1344 1309 1376 esse
1339 1329 1548 1394 sapiens,
1583 1338 1667 1377 aut
1696 1329 1907 1395 aliquam
1943 1331 2184 1396 suscipere
2216 1323 2349 1378 cor?

181 1410 474 1475 ruptionem,
508 1419 562 1457 ut
587 1410 631 1457 ei
661 1408 842 1474 aliquid
867 1408 1086 1457 accidere
1113 1409 1280 1475 possit.
1313 1409 1504 1475 Quippe
1539 1426 1652 1456 cum
1684 1409 1910 1458 definitur
1939 1410 2159 1459 accidens
2191 1412 2325 1476 quod

182 1490 318 1539 adest
348 1500 396 1538 et
432 1489 568 1537 abest
596 1499 768 1555 praeter
798 1488 1002 1554 subjecti
1036 1489 1432 1555 corruptionem,
1468 1498 1690 1555 patenter
1727 1490 1945 1538 innuitur
1970 1490 2193 1538 accidens
2224 1507 2324 1538 non

184 1571 341 1619 inesse
373 1570 464 1617 nisi
488 1569 787 1636 corruptibili
814 1570 900 1630 rei,
930 1585 1132 1635 quaeque
1161 1569 1384 1617 videlicet
1405 1570 1556 1636 possit
1578 1586 1678 1618 non
1699 1586 1821 1631 esse,
1855 1579 1940 1618 aut
1967 1571 2235 1636 corrumpi3
2274 1581 2327 1618 ut

184 1651 277 1699 tale
309 1652 387 1712 sit,
418 1667 475 1699 ac
497 1651 536 1699 si
559 1651 626 1699 ita
649 1650 834 1699 dicatur
861 1669 872 1698 ε
901 1651 1131 1699 Accidens
1153 1661 1223 1699 est
1245 1651 1400 1699 forma
1431 1650 1758 1717 corruptibilis
1786 1652 1874 1712 rei,
1900 1651 2002 1699 sine
2027 1667 2125 1714 qua
2153 1651 2232 1698 illa
2251 1668 2328 1699 res

183 1741 230 1780 et
263 1749 366 1780 esse
397 1741 445 1780 et
475 1749 576 1780 non
607 1749 709 1780 esse
741 1741 898 1797 potest
929 1741 1101 1797 praeter
1123 1732 1503 1797 corruptionem,
1534 1730 1582 1779 id
1613 1741 1684 1779 est
1713 1748 1958 1796 egressum
1987 1747 2017 1778 a
2045 1730 2323 1790 substantia,

184 1828 333 1878 quam
351 1829 439 1878 per
462 1812 591 1860 illam
615 1812 823 1859 formam
845 1812 1076 1860 incurrat.
1096 1811 1207 1860 Tale
1225 1812 1407 1878 quippe
1426 1820 1497 1858 est
1518 1811 1653 1876 quod
1674 1812 1757 1872 ait,
1779 1821 1950 1878 praeter
1968 1812 2328 1877 corruptionem

184 1892 407 1958 subjecti,
434 1908 490 1940 ac
513 1893 552 1940 si
581 1893 791 1958 apertius
813 1892 958 1955 dicat,
996 1891 1132 1956 quod
1164 1908 1271 1941 eam
1300 1892 1663 1957 corruptionem
1694 1894 1864 1958 quam¹
1885 1893 1983 1958 pati
2014 1901 2171 1958 potest
2206 1892 2330 1939 sub-

179 1976 379 2039 jectum,
412 1972 594 2020 nullam
616 1989 703 2038 per
732 1972 993 2020 adventum
1018 1972 1095 2021 vel
1128 1989 1367 2021 recessum
1397 1971 1679 2036 hujusmodi
1703 1972 1868 2020 formae
1890 1972 2105 2019 incurrit.
2133 1975 2205 2019 De
2229 1989 2327 2036 quo

183 2053 297 2102 alibi
328 2053 518 2120 plenius
552 2052 694 2100 nobis
726 2052 1064 2100 disserendum
1085 2052 1188 2100 fuit.
1218 2056 1325 2100 Non
1355 2053 1518 2116 itaque
1546 2052 1779 2117 sapientia
1798 2053 1848 2099 in
1871 2055 1975 2100 Deo
1995 2051 2070 2099 vel
2096 2051 2328 2099 substan-

184 2134 308 2182 tialis
342 2135 387 2182 ei
423 2134 579 2181 forma
611 2132 687 2180 vel
722 2132 1055 2194 accidentalis,
1093 2133 1192 2180 imo
1227 2133 1458 2197 sapientia
1491 2131 1595 2195 ejus
1633 2132 1736 2197 ipse
1780 2134 1910 2180 Deus
1954 2140 2041 2179 est.
2097 2131 2230 2178 Idem
2263 2130 2326 2178 de

185 2214 401 2281 potentia
435 2215 536 2278 ejus
567 2212 873 2261 sentiendum
898 2222 986 2272 est,
1026 2222 1074 2259 et
1106 2212 1167 2259 de
1196 2212 1376 2260 caeteris
1408 2227 1514 2275 quae
1540 2227 1597 2258 ex
1633 2211 1888 2259 nominum
1911 2210 2139 2258 affinitate
2164 2210 2326 2258 forma:

187 2311 288 2343 esse
322 2294 548 2342 videntur
585 2293 635 2340 in
671 2296 776 2340 Deo
818 2308 1015 2357 quoque
1050 2291 1173 2339 sicut
1205 2292 1255 2338 in
1291 2292 1537 2339 creaturis.
1572 2291 1656 2338 His
1692 2291 1854 2356 itaque
1894 2290 2160 2339 rationibus
2197 2300 2327 2355 patet

186 2375 402 2423 divinam
427 2373 741 2422 substantiam
767 2373 970 2420 omnino
989 2371 1307 2429 individuam,
1333 2372 1536 2420 omnino
1557 2371 1814 2420 informem
1833 2388 2156 2437 perseverare,
2183 2380 2328 2436 atque

186 2454 297 2503 ideo
327 2471 434 2503 eam
469 2463 598 2502 recte
623 2454 887 2520 perfectum
914 2453 1104 2501 bonum
1140 2453 1261 2515 dici,
1288 2462 1337 2500 et
1358 2451 1490 2499 nulla
1521 2451 1613 2499 alia
1642 2467 1695 2499 re
1722 2451 1970 2516 indigens,
1998 2452 2082 2500 sed
2111 2468 2140 2499 a
2171 2452 2327 2516 seipso

185 2534 390 2595 habens,
415 2550 515 2584 non
539 2533 734 2582 aliunde
757 2533 890 2599 quod
911 2532 1060 2581 habet
1077 2531 1335 2598 accipiens.
1358 2534 1596 2579 Creaturae
1617 2541 1778 2579 autem
1798 2531 2148 2596 quantumlibet
2165 2531 2323 2589 bonae,

189 2615 497 2679 adjunctione
522 2624 664 2678 egent
688 2614 898 2676 alterius,
926 2630 982 2661 ex
1005 2628 1100 2679 qua
1125 2612 1322 2677 quidem
1344 2612 1607 2676 indigentia
1630 2611 2041 2677 imperfectionem
2063 2627 2198 2658 suam
2222 2626 2328 2675 pro·

192 2693 404 2742 fitentur.
432 2695 642 2742 Virtutes
676 2695 858 2760 quippe
893 2711 1000 2759 quae
1034 2693 1245 2741 animam
1277 2692 1460 2743 bonam
1493 2691 1695 2751 faciunt,
1729 2691 1944 2754 subJecto
1977 2690 2191 2754 indigent
2228 2706 2327 2754 quo

188 2783 537 2834 sustententur3
572 2774 684 2838 quia
707 2774 859 2838 pietas
891 2790 992 2821 esse
1016 2789 1116 2820 non
1140 2771 1333 2838 poterit,
1366 2771 1404 2817 si
1427 2786 1528 2818 non
1551 2770 1729 2818 habeat
1757 2770 2125 2818 fundamentum
2155 2770 2203 2817 in
2227 2786 2327 2834 quo

189 2855 264 2902 sit.
303 2857 408 2920 lpsa
434 2862 594 2902 autem
627 2854 787 2901 anima
817 2862 872 2900 ut
891 2853 1023 2900 bona
1054 2854 1132 2914 sit,
1160 2852 1391 2899 virtutum
1414 2850 1595 2913 indiget
1618 2851 1928 2898 ornamentis.
1962 2853 2034 2897 De
2061 2849 2152 2898 hac
2184 2851 2328 2897 etiam

189 2936 480 2983 informitate
502 2952 559 2983 ac
580 2935 849 2983 sinceritate
874 2952 959 2982 seu
984 2933 1287 2998 simplicitate
1310 2932 1489 2979 divinae
1514 2931 1788 2981 substantiae
1815 2932 2002 2979 Boetius
2025 2932 2073 2978 in
2097 2948 2156 2979 eo
2184 2947 2328 2995 quem

189 3015 249 3062 de
275 3018 510 3064 Trim'tate
531 3015 859 3081 composuisse
880 3014 1003 3062 libro
1027 3013 1218 3073 dicitur,
1247 3012 1314 3060 ait
1337 3029 1348 3059 x
1379 3033 1402 3056 «
1423 3012 1567 3071 Quod
1590 3029 1690 3060 non
1715 3022 1787 3061 est
1808 3012 1904 3060 hoc
1929 3022 2070 3077 atque
2093 3012 2206 3074 hoc,
2245 3012 2329 3060 sed

189 3105 379 3144 tantum
415 3107 486 3144 est
520 3096 636 3157 hoc,
677 3095 795 3143 illud
825 3111 939 3143 vere
971 3103 1058 3155 est,
1095 3093 1145 3140 id
1178 3093 1313 3158 quod
1349 3103 1435 3156 est,
1474 3103 1521 3142 et
1552 3093 1649 3141 hoc
1683 3094 1992 3142 fortissimum
2024 3092 2158 3158 quod
2194 3092 2328 3139 nullo

193 3177 377 3224 nititur.
407 3177 644 3236 Quocirca
666 3175 763 3224 hoc
782 3184 853 3226 est
873 3191 986 3223 vere
1009 3191 1162 3222 unum
1185 3175 1233 3221 in
1256 3190 1355 3239 quo
1375 3174 1534 3223 nullus
1556 3190 1804 3238 numerus,
1831 3175 2016 3223 nullum
2043 3175 2092 3222 in
2116 3190 2175 3221 eo
2199 3172 2328 3221 aliud

237 3361 245 3380 ⁸
261 3358 315 3391 Sic
330 3359 439 3393 forsan
457 3360 642 3401 legendum.
669 3359 706 3393 ln
722 3360 819 3393 edttts
833 3367 953 3392 earum
970 3357 1219 3400 corruptionem
1235 3364 1334 3398 quas.
