2638 3866
311 194 406 240 200
1114 193 1286 240 PETRI
1320 192 1635 241 ABAELARDI

311 294 487 341 caeteris
508 294 662 359 poenis
685 301 881 341 testatur
903 309 1005 341 esse
1027 293 1345 351 mortiferum,
1371 293 1637 340 criminalia
1665 301 1860 357 peccata
1892 292 2142 357 siguificat,
2175 311 2280 359 quae
2310 296 2445 360 quasi

311 390 551 421 venenum
574 374 669 421 suis
688 365 1078 439 persuasionibus
1094 374 1316 437 infligunt
1338 373 1456 420 aliis.
1478 376 1588 421 Haec
1605 383 1767 422 autem
1789 373 2010 422 videlicet
2032 385 2244 440 peccata,
2261 377 2322 424 ad
2340 393 2446 442 quae

310 454 614 519 persuadent,
645 454 734 501 sub
757 454 892 503 labiis
915 471 1085 502 eorum
1108 471 1208 502 esse
1225 453 1470 512 dicuntur,
1493 453 1543 500 id
1567 463 1636 500 est
1658 453 1840 501 callidis
1862 471 2031 502 eorum
2058 456 2362 504 sermonibus
2383 458 2448 505 ita

311 535 554 592 occultari,
576 544 628 581 ut
653 535 966 583 animadverti
986 535 1047 583 ab
1070 533 1374 582 audientibus
1397 550 1497 581 non
1524 534 1727 599 possint.
1754 535 2014 584 Possumus
2032 545 2079 584 et
2101 552 2186 601 per
2206 553 2446 584 venenum

310 615 530 679 aspidum
551 615 835 677 insanabile,
862 616 980 664 illud
1010 617 1057 662 in
1087 615 1315 680 Spiritum
1342 624 1562 662 sanctum
1586 614 1906 664 irremissibile
1934 626 2187 682 peccatum
2210 618 2442 682 accipere,

309 695 505 760 quando
528 696 635 760 quis
658 696 878 743 videlicet
902 713 984 761 per
1011 694 1241 742 invidiam
1261 694 1336 741 vel
1357 695 1668 761 cupiditatem
1697 695 1907 761 aliquam
1929 713 2078 762 opera
2101 697 2313 756 illorum,
2342 714 2446 761 quae

308 791 335 822 a
359 778 464 823 Deo
485 775 586 823 fieri
611 793 710 823 non
728 776 932 837 dubitat,
952 774 1146 822 diabolo
1171 773 1359 821 tribuit:
1385 776 1509 823 sicut
1530 776 1754 823 nonnulli
1784 769 2058 825 Ju'daeorum
2087 774 2340 835 faciebant,
2363 779 2444 842 qui

309 865 359 902 ut
383 856 620 921 populum
648 873 675 903 a
698 855 884 903 Christo
910 864 1194 912 averterent,
1222 871 1370 920 opera
1402 856 1503 920 ejus
1532 866 1764 921 tanquam
1799 857 2037 906 diabolica
2070 857 2405 923 vituperabant
2430 876 2441 904 ε

306 954 410 1001 quae
433 947 592 985 tamen
633 937 810 1002 Spiritu
853 936 958 993 Dei,
1002 935 1051 982 id
1096 946 1184 994 est,
1235 935 1399 984 divina
1434 938 1583 1001 gratia
1604 936 1708 985 fieri
1732 954 1831 985 non
1867 937 2169 999 dubitabant,
2195 947 2242 985 et
2263 938 2374 985 ideo
2397 939 2446 985 in

308 1017 535 1082 Spiritum
575 1018 679 1077 Dei,
713 1016 762 1063 id
798 1026 885 1076 est,
931 1015 1105 1063 divinae
1145 1018 1305 1080 gratiae
1335 1017 1524 1064 donum
1554 1034 1754 1083 peccare
1784 1018 2086 1078 dicebantur,
2113 1035 2225 1065 cum
2246 1018 2449 1066 scienter

307 1097 501 1145 diabolo
519 1097 798 1156 tribuerent,
821 1096 949 1144 unde
974 1096 1239 1160 glorificare
1254 1101 1411 1145 Deum
1431 1098 1682 1159 deberent,
1710 1109 1879 1147 contra
1894 1100 2140 1165 propriam
2164 1099 2448 1147 mentientes

306 1179 663 1226 conscientiam.
694 1178 838 1235 Quod
862 1178 1059 1241 quidem
1096 1188 1350 1244 peccatum
1384 1179 1471 1227 etsi
1501 1196 1588 1245 per
1622 1181 1953 1245 poenitentiam
1985 1180 2133 1227 deleri
2165 1189 2348 1245 posset,
2367 1180 2447 1227 -ita

306 1269 463 1305 tamen
504 1259 668 1305 divino
708 1259 943 1306 sancitum
981 1258 1183 1323 judicio,
1223 1269 1273 1307 ut
1301 1259 1463 1307 nullus
1491 1260 1539 1307 in
1570 1260 1666 1308 hoc
1698 1260 1858 1325 lapsus
1898 1260 2225 1326 resipiscendo
2264 1259 2445 1319 redeat,

305 1348 445 1403 atque
469 1339 579 1386 ideo
605 1339 926 1387 irremissibile
951 1339 1145 1387 dicitur.
1168 1342 1272 1388 Hoc
1297 1350 1456 1388 autem
1486 1351 1740 1407 peccatum
1771 1341 1861 1388 sub
1899 1341 2036 1389 labiis
2058 1357 2229 1389 eorum
2249 1340 2442 1402 latebat,

303 1420 465 1466 nonin
481 1419 619 1467 labiis
642 1420 929 1486 apparebat;
958 1421 1071 1486 quia
1095 1421 1213 1468 dum
1246 1423 1313 1469 sic
1336 1432 1504 1469 contra
1537 1422 1785 1487 propriam
1821 1422 2164 1469 conscientiam
2197 1421 2447 1486 delinque-

303 1509 424 1560 rent,
446 1494 576 1548 aliud
598 1500 648 1547 in
671 1501 819 1548 corde
841 1500 1087 1549 habebant
1107 1518 1255 1566 quam
1280 1519 1364 1549 ore
1386 1501 1714 1567 proferebant.
1743 1523 1766 1547 ι(
1783 1505 2006 1560 Quorum
2035 1519 2108 1564 os,
2129 1522 2151 1547 n
2180 1502 2231 1550 id
2255 1511 2325 1550 est
2349 1512 2446 1549 tam

301 1581 390 1628 sibi
413 1583 525 1647 ipsis
539 1598 682 1646 quam
708 1581 1143 1647 acquiescentibus,
1179 1582 1568 1631 maledictionem
1602 1583 1806 1648 acquirit
1836 1599 1865 1630 a
1896 1583 2129 1642 Domino,
2150 1593 2197 1630 et
2218 1583 2446 1630 amaritu-

300 1662 462 1709 dinem
486 1662 631 1724 illam,
657 1662 880 1710 videlicet
903 1662 964 1710 de
991 1679 1086 1727 qua
1111 1680 1197 1728 per
1226 1663 1519 1728 Prophetam
1543 1664 1744 1711 dicitur¹
1766 1682 1775 1710 ε
1809 1683 1832 1708 «
1860 1666 1964 1710 Vox
1990 1663 2085 1710 diei
2110 1663 2235 1710 illius
2264 1678 2443 1722 amara,

300 1742 602 1790 tribulabitur
618 1743 683 1790 ibi
704 1743 856 1790 fortis.
876 1763 898 1788 »
930 1743 1040 1790 Tale
1065 1754 1135 1791 est
1163 1764 1186 1788 α
1214 1743 1555 1791 maledictione
1577 1754 1625 1791 et
1648 1743 1988 1800 amaritudine,
2014 1762 2036 1787 υ
2070 1760 2125 1790 ac
2146 1743 2185 1790 si
2209 1742 2448 1790 diceretur

299 1839 458 1870 amara
481 1823 559 1871 illa
588 1824 945 1885 maledictione,
981 1840 1077 1889 qua
1110 1823 1297 1871 dicetur
1324 1823 1546 1890 reprobis
1575 1825 1630 1871 in
1649 1823 2011 1872 damnationem
2039 1825 2236 1870 eorum'
2261 1840 2270 1868 :
2302 1842 2324 1867 «
2352 1825 2442 1884 lte,

300 1904 554 1964 maledicti,
574 1905 621 1951 in
638 1906 796 1969 ignem
816 1915 1066 1952 aeternum.
1089 1923 1110 1948 »
1130 1907 1210 1951 Est
1223 1904 1420 1969 quidem
1440 1904 1530 1952 alia
1551 1904 1823 1951 maledictio
1838 1903 1975 1968 quasi
1989 1902 2142 1950 dulcis
2160 1912 2207 1950 et
2225 1913 2442 1968 paterna,

300 1984 495 2047 quando
522 1985 760 2050 aliquibus
794 1985 1109 2034 anathematis
1136 1984 1524 2033 maledictionem
1558 1985 1807 2032 inferimus
1826 1983 1888 2032 ad
1910 1984 2262 2031 correctionem
2285 1983 2448 2048 potius

298 2081 442 2128 quam
464 2064 526 2113 ad
549 2066 932 2115 damnationem.

368 2147 607 2195 «Veloces
629 2165 798 2196 eorum
831 2147 996 2215 pedes,
1019 2170 1040 2192 >³
1080 2149 1125 2196 id
1152 2159 1240 2209 est,
1277 2149 1476 2197 affectus
1510 2148 1908 2214 habent'pronos
1947 2148 2008 2195 ad
2042 2146 2322 2204 homicidia,
2361 2146 2447 2193 etsi

300 2243 444 2290 opere
468 2245 565 2275 non
586 2231 924 2294 permittantur
940 2230 1156 2296 implere.
1191 2233 1276 2277 Pes
1298 2230 1446 2287 enim,
1482 2247 1581 2295 quo
1605 2229 1892 2289 incedimus,
1926 2229 2170 2287 affectum,
2193 2227 2244 2274 id
2267 2236 2339 2274 est
2360 2243 2446 2274 vo·
2471 2267 2474 2270 .

299 2306 527 2355 luntatem
548 2310 799 2373 significat,
823 2328 921 2375 quo
943 2312 1003 2358 ad
1023 2312 1357 2376 operationem
1381 2311 1713 2376 perducimur.
1744 2330 1767 2355 «
1785 2311 2023 2358 Contritio
2055 2319 2100 2356 et
2127 2308 2393 2367 infelicitas,
2419 2326 2442 2351 »

298 2386 344 2432 id
371 2398 439 2439 est
461 2390 619 2437 infelix
647 2392 875 2438 contritio
896 2402 984 2447 est,
1016 2411 1037 2436 «
1058 2393 1106 2438 in
1130 2393 1216 2438 viis
1238 2409 1427 2453 eorum,
1448 2410 1471 2436 »
1490 2391 1542 2438 id
1567 2400 1637 2438 est
1660 2391 1707 2437 in
1727 2390 1973 2456 operibus,
2003 2406 2089 2455 per
2108 2405 2215 2452 quae
2231 2388 2294 2435 ad
2314 2403 2445 2435 mor-

298 2477 392 2514 tem
414 2482 740 2535 praeparantur
762 2482 1007 2533 aeternam,
1036 2472 1155 2519 alios
1178 2473 1322 2519 etiam
1346 2488 1512 2518 secum
1534 2480 1858 2530 conterenteS,
1883 2487 1939 2517 ac
1962 2486 2049 2535 per
2062 2467 2281 2533 exempla
2301 2468 2443 2515 etiam

297 2562 676 2615 corrumpentes,
706 2563 755 2600 ut
782 2553 877 2600 sint
900 2553 1036 2617 quasi
1063 2553 1220 2618 pulvis
1244 2551 1465 2599 dissoluti
1491 2567 1637 2615 quem
1663 2551 1853 2615 projicit
1878 2560 2051 2597 ventus
2083 2566 2111 2596 a
2145 2549 2262 2595 facie
2289 2557 2441 2607 terrae,

299 2629 346 2675 id
372 2641 456 2690 est,
483 2632 720 2681 diabolica
739 2634 956 2690 tentatio,
981 2650 1086 2697 quae
1109 2634 1204 2680 huc
1227 2644 1274 2681 et
1293 2633 1405 2681 illuc
1427 2633 1629 2698 impellit
1651 2642 1698 2679 et
1716 2632 1878 2696 dejicit
1900 2648 1928 2678 a
1947 2631 2202 2678 stabilitate
2226 2639 2361 2676 terrae
2374 2629 2446 2675 vi-

302 2712 530 2758 ventium.
562 2733 582 2755 «
603 2717 657 2760 Et
674 2715 801 2761 viam
823 2714 971 2779 pacis,
994 2734 1015 2757 >2
1044 2714 1094 2761 id
1113 2724 1201 2775 est,
1231 2713 1435 2761 omnino
1460 2714 1510 2760 in
1534 2713 1622 2759 viis
1643 2712 1740 2759 suis
1773 2711 2087 2759 damnatione
2112 2718 2441 2768 conterentur,

301 2790 409 2852 quia
435 2792 561 2838 viam
580 2795 669 2840 Dei
692 2812 791 2841 non
811 2805 1164 2858 cognoverunt,
1186 2794 1233 2841 id
1254 2804 1324 2841 est
1336 2793 1598 2852 Christum,
1616 2809 1703 2858 per
1721 2809 1867 2856 quem
1882 2802 2114 2856 tanquam
2128 2789 2445 2837 mediatorem

302 2870 386 2915 Dei
409 2880 455 2916 et
475 2870 728 2921 hominum
751 2877 855 2921 Deo
879 2874 1113 2939 pacificati
1135 2885 1182 2922 et
1204 2873 1500 2921 reconciliati
1526 2890 1712 2934 sumus,
1730 2874 1815 2937 qui
1838 2882 1909 2920 est
1931 2888 2023 2937 pax
2047 2879 2229 2928 nostra,
2247 2878 2300 2916 ut
2315 2869 2445 2916 idem

302 2950 366 2996 ait
391 2952 661 3015 Apostolus,
688 2964 733 3000 et
757 2955 864 3001 facit
888 2965 1147 3020 utrumque
1168 2972 1337 3002 unum.
1362 2955 1457 3012 Qui
1476 2963 1521 3001 et
1545 2954 1605 3001 de
1625 2954 1883 3018 semetipso
1902 2953 1965 3000 ait
1980 2954 1994 2977 ³
2014 2970 2023 2998 :
2051 2971 2073 2995 «
2095 2954 2195 3015 Ego
2213 2965 2317 2996 sum
2345 2948 2439 3006 via,

300 3045 388 3093 ego
411 3047 518 3076 sum
542 3033 741 3092 ostium3
766 3051 851 3097 per
868 3051 946 3081 me
968 3036 1006 3081 si
1029 3035 1138 3099 quis
1157 3035 1411 3094 introierit,
1432 3033 1711 3080 salvabitur.
1740 3052 1762 3077 »
1789 3036 1923 3080 Hanc
1959 3031 2155 3096 quidem
2179 3029 2306 3075 viam
2342 3043 2442 3074 non

301 3121 650 3172 cognoverunt,
668 3112 715 3158 id
735 3123 803 3159 est
823 3113 1084 3177 Christum,
1104 3116 1187 3180 qui
1211 3132 1299 3181 pro
1323 3114 1598 3162 infirmitate
1621 3114 1776 3160 carnis
1792 3129 1905 3159 eum
1925 3117 2342 3175 contempserunt,
2360 3116 2443 3154 aut

343 3296 348 3313 ¹
365 3292 508 3334 Sophon.
523 3318 531 3334 ‚
549 3305 620 3336 cap.
642 3303 670 3335 ι,
687 3304 716 3329 r.
739 3297 788 3329 14.
811 3314 847 3319 —
863 3296 876 3315 ²
890 3297 1025 3338 Manu„
1047 3308 1118 3339 cap.
1134 3307 1211 3339 xxv,
1229 3309 1259 3331 v.
1278 3301 1329 3334 41.
1345 3300 1405 3323 —³
1420 3299 1529 3340 Joan.‚
1546 3307 1616 3339 cap.
1640 3307 1672 3339 x,
1690 3307 1720 3331 v.
1739 3300 1769 3332 9.
