2638 3866
230 280 326 329 408
1036 277 1208 326 PETRI
1251 277 1567 328 ABAELARDI

230 382 430 441 cisione,
458 390 541 428 aut
576 380 624 426 in
664 378 934 445 praeputio?
967 397 1067 428 non
1105 380 1154 427 in
1191 380 1580 443 circumcisione,
1609 379 1694 429 sed
1726 380 1776 428 in
1809 381 2064 447 praeputio,
2105 389 2152 428 et
2184 380 2372 446 signum

231 463 415 527 accepit
443 461 821 508 circumcisionis
845 461 1143 526 signaculum
1157 461 1350 525 justitiae
1370 461 1479 509 fidei
1505 479 1609 527 quae
1635 471 1704 510 est
1732 462 1781 509 in
1804 461 2057 528 praeputio,
2083 471 2136 509 ut
2158 462 2217 509 sit
2240 471 2375 528 pater

232 543 451 590 omnium
474 542 774 590 credentium
798 559 885 607 per
904 543 1208 608 praeputium.
1233 562 1257 587 »
1290 545 1344 590 Et
1363 543 1538 590 iterum
1565 561 1575 590 :
1606 564 1627 587 t<
1646 544 1695 590 Si
1719 543 1849 591 enim
1874 544 1958 608 qui
1981 559 2039 590 ex
2053 542 2158 606 lege
2169 542 2378 590 heredes

231 632 360 683 sunt,
395 622 654 671 exinanita*
672 632 742 670 est
771 622 907 685 fides,
942 623 1123 671 abolita
1154 633 1223 671 est
1252 624 1524 689 promissio.
1559 627 1650 672 Lex
1688 624 1818 672 enim
1847 623 1968 671 iram
1999 632 2227 689 operatur
2254 641 2264 670 ε
2291 622 2377 670 ubi

232 703 359 750 enim
385 719 484 750 non
511 712 581 750 est
608 703 705 763 lex,
733 721 823 751 nec
850 705 1193 770 praevaricatio.
1222 723 1244 749 υ
1271 707 1330 751 Et
1358 705 1405 751 in
1430 704 1789 770 sequentibus¹:
1820 724 1842 748 c<
1859 707 2132 766 Peccatum,
2154 724 2177 748 >³
2201 704 2374 769 inquit,

236 800 376 831 «non
432 785 640 849 cognovi
678 785 770 832 nisi
818 802 906 851 per
950 785 1121 849 legem.
1177 788 1299 834 Nam
1337 786 1776 851 concupiscentiam
1814 784 2112 845 nesciebam,
2160 785 2252 832 nisi
2300 784 2380 832 lex

231 864 411 912 diceret
438 883 449 911 z
480 868 583 912 Non
620 866 948 931 concupisces.
989 866 1255 914 Occasione
1286 883 1402 914 vero
1441 876 1654 932 accepta,
1697 876 1946 931 peccatum
1975 882 2062 931 per
2094 865 2375 913 mandatum

231 955 482 1011 operatum
516 955 587 993 est
619 946 667 993 in
705 963 782 994 me
812 963 1008 994 omnem
1038 947 1500 1013 concupiscentiam.
1530 947 1641 994 Sine
1672 946 1775 1011 lege
1804 946 1934 994 enim
1962 955 2218 1011 peccatum
2249 962 2377 993 mor-

231 1036 368 1074 tuum
405 1036 535 1087 erat3
563 1044 652 1091 ego
687 1036 848 1075 autem
883 1027 1104 1075 vivebam
1138 1029 1241 1076 sine
1268 1029 1372 1092 lege
1404 1027 1692 1093 aliquando,
1730 1027 1814 1076 sed
1848 1044 1959 1075 cum
1995 1027 2203 1075 venisset
2242 1043 2379 1074 mau-

231 1107 430 1168 datum,
472 1117 726 1173 peccatum
770 1108 966 1170 revixit3
1007 1126 1097 1173 ego
1135 1119 1298 1157 autem
1337 1119 1555 1156 mortuus
1594 1125 1731 1170 sum,
1775 1118 1823 1156 et
1861 1108 2113 1156 inventum
2151 1116 2222 1155 est
2261 1106 2380 1154 mihi

232 1188 518 1237 mandatum
553 1189 687 1254 quod
721 1199 823 1237 erat
856 1190 918 1237 ad
955 1190 1125 1247 vitam,
1164 1190 1261 1238 hoc
1293 1207 1400 1238 esso
1431 1190 1492 1237 acl
1532 1199 1761 1249 mortem,
1797 1198 1849 1237 ut
1879 1188 1963 1237 fiat
1996 1205 2142 1255 supra
2175 1187 2378 1236 modum

231 1285 438 1333 peccans
479 1277 731 1335 peccatum
766 1286 853 1335 per
887 1270 1189 1318 mandatum.
1214 1290 1238 1314 »
1277 1274 1345 1318 Ex
1383 1270 1559 1336 quibus
1594 1270 1792 1335 quidem
1826 1269 1985 1318 verbis
2019 1270 2236 1336 Apostoli
2268 1278 2379 1335 apte

232 1359 531 1398 monstratur
553 1350 788 1414 justitiam
818 1366 845 1398 a
868 1351 1075 1398 naturali
1110 1351 1214 1416 lege
1236 1351 1488 1417 incepisse,
1521 1361 1567 1399 et
1598 1351 1800 1399 omnino
1826 1351 1928 1399 sine
1960 1351 2065 1415 lege
2094 1351 2269 1416 scripta
2294 1366 2379 1415 per

232 1429 380 1477 fidem
403 1430 626 1478 homines
650 1431 937 1495 justificatos
965 1448 1086 1493 esse,
1115 1431 1199 1479 ubi
1225 1433 1369 1480 etiam
1399 1432 1688 1491 adnectitur,
1720 1432 1835 1497 quia
1857 1432 1992 1480 facile
2017 1430 2077 1479 ad
2105 1431 2382 1496 gravissima

233 1522 431 1575 peccata
467 1522 577 1577 post
610 1513 725 1576 legis
775 1513 963 1578 scriptae
1010 1512 1366 1579 prohibitiones
1402 1513 1749 1562 inclinarentur
1795 1513 2046 1568 homines,
2094 1513 2229 1576 juxta
2264 1510 2382 1558 illud

234 1593 543 1656 poeticum²:
588 1618 608 1636 u
637 1594 846 1640 Nitimur
888 1594 936 1640 in
972 1594 1172 1642 vetitum
1208 1611 1416 1660 semper,
1455 1595 1773 1660 cupimusque
1814 1603 2005 1657 negata.
2029 1614 2052 1637 ³>
2094 1597 2148 1641 At
2186 1593 2382 1640 fortasse

234 1673 423 1737 inquies
453 1690 552 1720 non
587 1691 727 1739 posse
761 1675 935 1721 cassari
971 1674 1087 1721 illud
1114 1674 1492 1723 circumcisionis
1532 1675 1778 1723 decretum
1810 1684 2068 1740 postquam
2100 1674 2269 1722 datum
2296 1673 2383 1720 suit

235 1752 436 1801 Abrahae
473 1755 684 1819 primum
708 1756 723 1779 ⁸
752 1772 762 1800 ε
794 1774 815 1799 «
838 1755 1075 1802 Masculus
1110 1757 1248 1819 cujus
1279 1756 1566 1822 praeputium
1604 1772 1718 1803 caro
1754 1756 2037 1803 circumcisa
2070 1771 2169 1803 non
2211 1754 2378 1811 fuerit,

234 1833 474 1881 delebitur
507 1835 669 1882 anima
700 1834 781 1882 illa
817 1834 878 1882 de
914 1835 1099 1900 populo
1136 1853 1244 1893 suo,
1286 1836 1399 1899 quia
1434 1846 1627 1901 pactum
1662 1852 1823 1882 meum
1860 1836 2046 1882 irritum
2083 1836 2207 1882 fecit.
2233 1855 2256 1878 »
2290 1833 2382 1882 Sed

234 1914 272 1961 si
311 1914 564 1979 diligenter
601 1914 965 1962 consideremus
1011 1916 1358 1981 praecedentia,
1395 1917 1695 1964 inveniemus
1730 1915 1828 1963 hoc
1862 1915 2057 1962 nonnisi
2101 1914 2300 1973 Abrahae
2337 1923 2384 1961 et

234 1995 404 2043 semini
439 1995 541 2059 ejus
564 1996 705 2043 fuisse
727 1996 1019 2059 injunctum,
1049 1996 1143 2043 hoc
1167 2006 1237 2044 est
1258 1997 1333 2044 his
1360 1997 1444 2062 qui
1467 1996 1529 2044 de
1553 2000 1701 2054 lsaac,
1736 2011 1834 2042 nou
1865 1995 1926 2042 de
1951 1995 2120 2042 lsmael
2150 1994 2384 2058 egressuri
2407 2035 2409 2037 .

234 2085 386 2122 erant.
419 2075 558 2123 Unde
584 2086 630 2123 et
663 2075 863 2124 Abrahae
889 2075 1074 2124 dictum
1104 2078 1209 2138 est'·,
1241 2080 1332 2125 «ln
1365 2080 1494 2125 Isaac
1518 2076 1771 2125 vocabitur
1800 2075 1887 2123 tibi
1913 2092 2093 2123 semen.
2116 2095 2138 2118 >³
2165 2076 2385 2139 Legimus

234 2157 379 2204 etiam
417 2157 467 2203 in
505 2166 642 2204 utero
666 2156 987 2204 sanctificatos
1016 2174 1118 2205 esse
1150 2158 1403 2206 Jeremiam
1438 2168 1483 2205 et
1514 2157 1806 2218 Johannem,
1833 2166 2091 2221 antequam
2115 2156 2385 2222 corporalia

234 2237 537 2302 perciperent
572 2247 887 2285 sacramenta.
929 2236 1059 2285 Absit
1096 2238 1258 2302 itaque
1297 2249 1347 2286 ut
1383 2239 1447 2286 ita
1483 2238 1703 2302 generale
1737 2255 1839 2286 esse
1875 2237 2189 2304 profiteamur
2223 2253 2386 2284 sacra—

233 2327 454 2364 mentum
481 2319 860 2367 circumcisionis
879 2319 1001 2367 sicut
1024 2329 1071 2367 et
1094 2319 1340 2386 baptismi,
1366 2320 1451 2368 sed
1471 2320 1606 2384 juxta
1633 2319 1959 2381 Ambrosium,
1985 2319 2176 2385 potiora
2195 2334 2387 2384 semper

235 2398 453 2446 dicamus
493 2409 540 2446 et
573 2400 860 2465 perfectiora
897 2411 1195 2448 sacramenta
1233 2402 1451 2449 Ecclesiae
1490 2417 1638 2466 quam
1673 2403 1961 2465 Synagogae,
1998 2417 2112 2448 cum
2146 2399 2248 2465 haec
2279 2416 2386 2446 om-

235 2478 396 2541 nibus,
433 2479 510 2527 illa
541 2480 854 2544 quibusdam,
882 2490 935 2527 ut
967 2481 1151 2528 dictum
1187 2492 1275 2541 est,
1307 2482 1419 2529 data
1442 2482 1554 2540 sint,
1590 2490 1637 2528 et
1671 2481 1773 2528 sine
1796 2481 1871 2529 his
1889 2482 1988 2546 jam
2013 2479 2145 2527 nulla
2169 2479 2385 2526 remissio

234 2561 310 2608 vel
346 2561 661 2610 sanctificatio
703 2567 943 2627 speranda
980 2563 1057 2610 sit.
1103 2565 1214 2610 Haec
1260 2562 1441 2611 idcirco
1484 2563 1789 2622 induximus,
1830 2578 1892 2608 ne
1939 2561 2047 2626 quis
2087 2569 2195 2626 post
2233 2558 2385 2623 legem

234 2642 380 2689 etiam
413 2642 575 2690 datam
602 2659 752 2708 usque
781 2643 843 2690 ad
874 2643 1136 2691 adventum
1161 2643 1336 2691 Christi
1360 2643 1421 2691 de
1447 2643 1599 2691 salute
1623 2641 1837 2689 fidelium
1865 2641 2114 2706 gentilium
2146 2641 2382 2705 desperet,

234 2723 272 2768 si
303 2722 406 2770 sine
433 2724 744 2790 perceptione
765 2734 1178 2773 sacramentorum
1202 2724 1364 2772 sobrie
1394 2740 1450 2772 ac
1476 2724 1602 2789 juste
1625 2723 1830 2771 vixerint
1853 2740 1864 2769 ε
1892 2723 2015 2770 inter
2040 2737 2164 2787 quos
2187 2720 2386 2786 quidem

236 2795 511 2865 philosophi
554 2811 650 2849 tam
685 2803 783 2850 vita
820 2819 969 2867 quam
1007 2802 1228 2850 doctrina
1273 2803 1498 2851 claruisse
1535 2811 1818 2849 noscuntur.
1858 2804 2050 2860 Quanta
2085 2815 2201 2847 vero
2240 2797 2388 2846 absti-

238 2882 418 2940 nentia,
455 2892 633 2946 quanta
666 2884 982 2943 continentia,
1018 2884 1208 2948 quantis
1243 2884 1498 2932 virtutibus
1533 2900 1633 2931 non
1674 2882 1831 2930 solum
1867 2881 2185 2948 philosophos
2220 2895 2388 2927 verum

237 2969 284 3005 et
321 2961 565 3008 saeculares
602 2973 747 3028 atque
782 2964 1045 3011 illitteratos
1081 2964 1305 3012 homines
1343 2965 1420 3012 lex
1457 2964 1685 3012 naturalis
1716 2979 1950 3027 amorque
1985 2962 2086 3027 ipse
2122 2958 2385 3007 honestatis

239 3039 356 3086 olim
395 3040 748 3103 sublimaverit,
790 3045 1053 3092 multorum
1109 3045 1365 3093 didicimus
1406 3045 1717 3106 testimoniis,
1750 3060 1876 3109 quos
1913 3054 2282 3105 nonnumquam
2322 3037 2383 3086 ad

239 3121 618 3186 increpationem
658 3124 955 3188 negligentiae
994 3134 1167 3172 nostrae
1216 3125 1366 3173 sancti
1412 3141 1609 3190 quoque
1647 3124 1898 3182 doctores,
1937 3122 2057 3169 sicut
2103 3129 2151 3167 et
2186 3118 2384 3166 beatum

238 3199 331 3248 Job
368 3200 597 3249 inducere
626 3212 933 3262 curaverunt,
970 3213 1017 3251 et
1046 3214 1305 3270 utrumque
1333 3223 1503 3253 eorum
1536 3221 1700 3253 sexum
1732 3203 1867 3268 quasi
1900 3202 1950 3249 in
1976 3199 2248 3265 exemplum
2278 3199 2385 3246 imi-

285 3387 416 3428 ¹Rom.‚
433 3395 505 3428 cap.
532 3395 590 3425 vn,
611 3397 641 3420 v.
661 3389 691 3421 7.
710 3405 752 3412 -
766 3389 776 3406 ²
792 3387 891 3422 Ovid.
917 3391 1048 3430 Amor„
1072 3390 1133 3432 111,
1152 3398 1201 3430 iv,
1228 3400 1257 3424 v.
1281 3393 1330 3425 17.
1343 3409 1379 3415 —
1394 3394 1406 3413 ³
1424 3393 1551 3431 Genes„
1564 3399 1635 3432 cap.
1656 3398 1733 3431 xvn,
1750 3398 1780 3423 v.
1802 3390 1852 3423 14.
1870 3404 1911 3413 —
1932 3389 1942 3407 ⁴
1961 3387 2092 3426 (ἕρπω,
2106 3393 2177 3425 cap.
2196 3392 2271 3424 xxi,
2288 3393 2317 3416 v.
2337 3385 2387 3416 12.
