2638 3866
247 259 348 308 462
1072 255 1234 303 PETRI
1270 255 1577 302 ABAELARDI

245 358 398 421 gratia
424 356 535 403 data
557 365 643 414 est,
671 354 774 402 aliis
799 353 1093 418 intelligendi
1112 364 1397 416 reservatur,
1423 369 1677 418 quousque
1701 369 1825 419 opus
1848 354 1908 400 sit
1930 355 2196 402 secundum
2221 355 2394 405 divinae

242 437 503 484 consilium
541 435 881 499 providentiae,
925 445 971 481 et
1007 435 1283 499 aliquorum
1331 435 1518 481 sincera
1557 433 1751 481 devotio
1777 444 1882 480 tum
1915 435 2235 499 orationibus,
2286 447 2391 485 tum

247 517 388 564 bonis
412 516 640 580 operibus
663 514 713 560 id
735 516 1072 579 promeruerit.
1098 515 1296 561 Interim
1321 524 1482 561 autem
1505 513 1624 560 dum
1651 515 1772 560 ratio
1795 515 1927 574 latet,
1957 516 2210 564 satisfaciat
2231 528 2393 565 aucto-

186 619 190 625 ·
247 598 375 654 ritas,
416 605 463 642 et
499 612 556 642 ea
591 595 841 642 notissima
874 605 1018 660 atque
1054 595 1262 642 maxima
1285 595 1556 660 propositio
1591 594 1651 641 de
1671 595 1838 658 vigore
1873 596 2165 643 auctoritatis
2198 597 2248 643 in
2283 597 2389 662 ipso

236 692 449 740 corpore
483 675 596 722 artis
629 691 657 721 a
691 675 993 740 philosophis
1027 675 1202 723 tradita
1234 685 1544 723 conservetur
1573 693 1583 721 ε
1614 678 1754 733 Quon
1788 693 2013 735 ommnus,
2039 677 2115 723 vel
2141 676 2386 741 pluribus,

242 756 317 802 vel
350 755 506 802 doctis
546 754 736 802 videtur
768 755 1067 816 hominibus,
1098 757 1143 803 ei
1174 756 1443 804 contradici
1478 772 1578 802 non
1608 765 1852 820 oportere.
1891 756 2032 803 Credi
2066 757 2229 820 itaque
2263 757 2390 805 salu-

238 835 389 883 briter
412 835 555 883 debet
578 836 713 899 quod
735 836 958 901 explicari
982 854 1082 884 non
1105 832 1247 895 valet,
1270 837 1532 902 praesertim
1557 853 1668 883 cum
1687 853 1779 883 nec
1798 852 1888 900 pro
1911 853 2087 901 magno
2102 837 2382 885 habendum

239 917 314 976 sit,
354 915 486 980 quod
510 915 726 963 humana
757 915 1009 963 infirmitas
1034 916 1266 964 disserere
1295 915 1486 976 sufficit,
1517 932 1608 962 nec
1637 933 1724 981 pro
1753 915 1847 962 fide
1877 916 2223 980 reputandum,
2252 918 2387 982 quod

236 996 299 1043 de
322 997 583 1044 manifestis
615 997 888 1061 recipimus,
929 997 1144 1044 humana
1178 998 1418 1062 compulsi
1455 997 1659 1058 ratione,
1685 1014 1777 1044 nec
1808 996 1939 1062 apud
1970 999 2127 1043 Deum
2160 998 2386 1046 meritum

233 1076 399 1138 habet,
427 1077 477 1124 in
502 1094 600 1142 quo
622 1094 722 1124 non
746 1080 848 1125 Deo
873 1078 1085 1140 creditur
1103 1079 1187 1142 qui
1209 1078 1258 1124 in
1282 1077 1457 1125 sanctis
1483 1077 1716 1142 loquitur,
1743 1077 1828 1124 sed
1850 1077 2130 1124 ratiunculis
2160 1077 2386 1125 humanis

234 1173 339 1220 quae
363 1158 634 1220 frequenter
658 1157 903 1216 falluntur,
934 1168 980 1206 et
1003 1160 1082 1206 vix
1105 1157 1403 1223 deprehendi
1430 1164 1630 1222 po'ssunt
1649 1157 1846 1221 quando
1869 1157 1964 1204 sint
1989 1157 2215 1204 rationes.
2243 1157 2384 1206 Unde

233 1238 493 1300 Gregorius
520 1237 569 1283 in
603 1237 803 1285 homilia
841 1256 901 1284 xx
935 1241 1089 1302 Super
1113 1237 1397 1303 Evangelia¹
1444 1256 1455 1284 :
1503 1236 1830 1296 «Sciendum,
1870 1237 2055 1301 inquit,
2100 1237 2242 1284 nobis
2282 1247 2381 1298 est,

233 1317 367 1381 quod
393 1317 557 1365 divina
581 1319 800 1382 operatio
824 1319 864 1365 si
895 1319 1082 1366 ratione
1103 1317 1551 1383 comprehenditur,
1582 1328 1785 1364 non-est
1806 1317 2118 1378 admirabilis,
2147 1334 2236 1365 nec
2264 1317 2384 1366 fides

229 1398 378 1445 habet
410 1399 662 1458 meritum,
702 1399 781 1446 cui
819 1400 1034 1447 humana
1069 1399 1191 1446 ratio
1223 1398 1407 1464 praebet
1441 1398 1891 1463 experimentum.»
1931 1398 2000 1444 Ad
2037 1398 2135 1445 hoc
2174 1407 2222 1445 et
2259 1398 2381 1446 illud

231 1478 467 1525 Ambrosii
499 1475 711 1526 occurrit
737 1479 996 1527 consilium
1027 1479 1084 1526 de
1107 1478 1224 1526 Fide
1253 1479 1316 1526 ad
1344 1480 1628 1527 Gratianum
1654 1479 1995 1544 imperatorem
2026 1478 2278 1526 scribentis
2305 1478 2380 1526 his

226 1558 386 1605 verbis
417 1577 427 1605 z
473 1579 496 1603 (ε
531 1559 649 1606 Mihi
679 1560 975 1625 impossibile
1007 1570 1077 1608 est
1109 1560 1432 1623 generationis
1467 1560 1591 1607 scire
1629 1569 1893 1620 secretum3
1923 1574 2069 1624 supra
2101 1561 2378 1619 Potestates,

224 1654 372 1703 supra
408 1638 630 1702 angelos,
669 1657 813 1705 supra
847 1640 1127 1701 Cherubim,
1167 1656 1312 1705 supra
1345 1640 1616 1704 Seraphim,
1645 1655 1790 1704 supra
1827 1655 2026 1685 omnem
2060 1655 2254 1685 sensum
2285 1649 2371 1687 est.

224 1719 439 1765 Scrutari
468 1735 570 1766 non
601 1720 712 1767 licet
734 1737 944 1786 superna
970 1721 1217 1785 mysteria;
1247 1720 1358 1767 licet
1379 1721 1501 1767 scire
1533 1719 1669 1784 quod
1693 1728 1851 1778 natus,
1878 1735 1980 1765 non
2002 1717 2113 1765 licet
2141 1717 2380 1766 discutere

228 1799 660 1862 quemadmodum.
680 1819 703 1845 »
730 1803 849 1847 Item
873 1800 1002 1847 idem
1022 1819 1032 1847 ε
1054 1820 1076 1845 «
1095 1800 1302 1847 Credere
1322 1801 1512 1863 jussum
1535 1811 1622 1860 est,
1650 1816 1751 1846 non
1774 1800 2012 1846 discutere
2035 1799 2376 1863 permissum.»

229 1883 293 1925 Ac
317 1896 479 1926 rursus
498 1880 674 1943 adjecit
706 1899 718 1927 :
758 1901 780 1924 <c
803 1881 1080 1944 Mysterium
1114 1881 1265 1928 Patris
1297 1897 1387 1927 nec
1422 1879 1579 1944 angeli
1614 1888 1878 1944 potuerunt
1901 1879 2333 1943 comprehendere.
2352 1899 2375 1923 »

228 1960 349 2006 Hinc
383 1970 431 2007 et
463 1963 516 2006 B.
554 1961 844 2024 Augustinus
872 1960 929 2007 de
962 1965 1008 2008 F
1010 1960 1085 2007 ide
1111 1959 1327 2024 Symboli
1358 1960 1420 2008 ad
1452 1960 1763 2007 Laurentium
1795 1975 1972 2025 papam
2008 1958 2221 2006 scribens
2255 1959 2380 2007 inter

225 2050 385 2087 cetera
423 2041 490 2087 ait
519 2059 530 2087 :
563 2060 585 2085 «
615 2041 857 2105 Propheta
892 2041 1033 2088 dicit’
1061 2060 1073 2088 ς
1116 2061 1139 2085 c<
1163 2041 1261 2088 Nisi
1298 2040 1613 2099 credideritis,
1653 2057 1755 2087 non
1796 2039 2084 2102 intelligetis.
2110 2059 2134 2083 >2
2175 2042 2293 2086 Item
2327 2040 2378 2087 in

224 2120 399 2167 eodem
445 2138 468 2165 z,
504 2141 526 2163 «
547 2120 811 2178 Quomodo
837 2136 951 2168 sane
974 2123 1103 2168 Deus
1139 2124 1279 2168 Pater
1318 2122 1534 2183 genuerit
1569 2120 1740 2167 Filium
1778 2119 1894 2166 nolo
1933 2120 2186 2179 discutias,
2231 2135 2294 2166 ne
2331 2129 2377 2168 te

223 2200 457 2247 curiosius
481 2201 654 2248 inferas
683 2201 734 2247 in
766 2199 995 2266 profundi
1024 2201 1170 2264 hujus
1192 2217 1441 2259 arcanum,
1473 2217 1534 2247 ne
1567 2201 1689 2247 forte
1722 2199 1842 2247 dum
1864 2200 2117 2247 inaccessae
2140 2200 2265 2247 lucis
2287 2200 2375 2248 ful-

224 2296 390 2342 gorem
424 2281 715 2345 pertinacius
750 2282 1089 2346 perscrutaris,
1120 2281 1346 2344 exiguum
1378 2282 1537 2346 ipsum
1568 2280 1704 2345 quod
1740 2279 2024 2327 mortalibus
2061 2280 2228 2327 divino
2269 2297 2375 2328 mu-

222 2377 338 2408 nere
372 2377 656 2408 concessum
685 2372 755 2408 est
785 2362 959 2427 perdas
991 2371 1258 2426 aspectum.
1294 2361 1434 2408 Unde
1469 2371 1516 2408 et
1554 2361 1634 2408 illa
1668 2361 1983 2408 comminatio
2023 2361 2258 2426 Sapientis
2289 2377 2374 2408 seu

222 2440 515 2500 consilium³,
547 2460 570 2486 «
593 2443 842 2488 Scrutator
875 2442 1134 2504 majestatis
1170 2442 1472 2505 opprimetur
1497 2458 1525 2488 a
1548 2441 1717 2504 gloria.
1743 2460 1766 2485 »
1799 2443 1856 2487 Et
1888 2441 2210 2504 Hieronymus
2231 2457 2375 2505 super

220 2523 482 2567 Jeremiam
520 2520 645 2568 libro
670 2524 733 2567 VI
764 2539 774 2568 :
809 2541 831 2564 <c
852 2521 983 2579 Quid
1018 2520 1135 2578 sibi,
1173 2520 1353 2583 inquit,
1394 2522 1442 2567 in
1474 2521 1583 2568 loco
1616 2521 1713 2567 hoc
1751 2521 1955 2567 voluerit
1988 2520 2145 2566 Editio
2168 2519 2372 2582 Vulgata

222 2618 414 2666 possem
450 2601 628 2663 dicere,
666 2611 712 2650 et
734 2618 929 2648 sensum
953 2601 1164 2666 aliquem
1194 2601 1423 2665 reperire,
1458 2601 1551 2648 nisi
1576 2601 1637 2647 de
1661 2600 1818 2648 verbis
1851 2600 1940 2646 Dei
1971 2599 2189 2647 humano
2225 2616 2372 2648 sensu

221 2683 542 2745 argumentari
569 2692 692 2730 esset
720 2682 1024 2745 sacrilegum.
1048 2701 1071 2726 »
1102 2684 1281 2728 Rursus
1311 2681 1370 2729 de
1409 2682 1657 2745 Bapcismo
1687 2679 2004 2745 parvulorum
2030 2680 2322 2743 Augustinus
2352 2700 2363 2727 ε

225 2780 246 2804 (ι
278 2761 388 2820 Ubi,
428 2763 613 2826 inquit,
659 2762 719 2809 de
760 2780 812 2809 re
852 2762 1190 2809 obscurissima
1230 2761 1524 2826 disputatur,
1570 2777 1672 2807 non
1713 2760 2052 2824 adjuvantibus
2094 2760 2366 2807 divinarum

219 2842 564 2905 scripturarum
602 2844 743 2890 certis
782 2843 1017 2907 clarisque
1058 2842 1388 2900 documentis,
1436 2842 1665 2890 cohibere
1712 2858 1763 2888 se
1802 2840 1947 2887 debet
1989 2840 2204 2889 humana
2245 2856 2365 2905 prae-

219 2922 411 2980 sumtio,
440 2922 558 2969 nihil
585 2923 762 2970 faciens
783 2924 833 2969 in
857 2924 1056 2971 alteram
1078 2933 1265 2988 partem
1288 2921 1596 2970 declinando.
1623 2940 1647 2966 »
1676 2921 1747 2968 Ad
1777 2930 2046 2968 extremum
2067 2919 2187 2967 illud
2219 2919 2362 2967 nobis

223 3002 571 3063 opponendum
606 3002 829 3064 arbitror,
866 3013 918 3050 ut
950 3004 1109 3050 dicere
1141 3003 1207 3049 illi
1236 3002 1352 3049 tales
1382 3002 1562 3062 velint,
1601 3019 1651 3049 se
1689 3018 1792 3048 non
1825 3000 1936 3047 ideo
1969 3000 2116 3048 fidem
2149 3009 2363 3047 nostram

222 3079 497 3144 reprobare,
533 3082 645 3144 quia
677 3083 874 3146 probari
898 3083 972 3131 vel
995 3084 1164 3130 disseri
1199 3099 1299 3129 non
1323 3082 1465 3142 valet,
1503 3082 1588 3130 sed
1615 3082 1763 3145 magis
1793 3082 1906 3146 quia
1937 3080 2131 3128 defendi
2155 3096 2254 3126 non
2277 3096 2362 3143 po-

222 3169 329 3216 test,
367 3175 480 3205 cum
511 3176 618 3207 eam
647 3163 839 3224 penitus
868 3163 1128 3210 manifestae
1166 3164 1375 3210 rationes
1408 3172 1530 3209 stare
1561 3178 1661 3208 non
1689 3162 1986 3226 permittant.
2027 3163 2062 3206 A
2103 3158 2278 3223 quibus
2313 3159 2363 3206 id

274 3332 387 3364 'Hom
407 3331 444 3363 in
460 3332 603 3372 Erany„
615 3331 721 3369 nau,
734 3333 823 3365 hom.
833 3334 885 3366 26.
903 3349 940 3355 -—
950 3333 1062 3373 ²1sai.‚
1078 3343 1148 3374 cap.
1162 3344 1217 3370 vu,
1229 3344 1257 3367 v.
1271 3336 1302 3367 9.
1320 3352 1363 3359 -
1377 3335 1389 3354 ³
1400 3335 1516 3371 Prov.,
1529 3342 1600 3374 cap.
1610 3341 1687 3370 xxv,
1698 3341 1728 3363 v.
1737 3334 1790 3365 2¹1.
