2638 3866
931 214 1276 264 THEOLOGIA
1311 215 1659 264 cnmsTtANA
1669 249 1681 262 .
2292 215 2388 263 427

241 328 386 378 super
440 318 614 364 Jonam
649 314 955 382 prophetam,
997 331 1056 363 eo
1092 316 1290 381 quidem
1320 318 1449 378 loco,
1478 333 1576 382 quo
1620 316 1851 382 scriptum
1882 325 1970 378 est,
2003 319 2126 364 Jona
2156 315 2346 364 dicente
2374 334 2384 363 ε

245 410 268 435 ι
291 393 460 444 Tollite
493 413 590 458 me,
633 407 682 445 et
720 396 893 445 mittite
919 395 968 442 in
1001 412 1149 456 mare,
1191 406 1239 445 et
1275 398 1479 447 cessabit
1515 414 1647 445 mare
1671 414 1700 446 a
1722 396 1906 458 vobis',
1934 419 1956 441 n
1991 397 2128 458 illud,
2167 397 2385 462 inquam,

242 473 522 542 Hieronymi
557 493 657 544 quo
693 477 869 525 dicitur
894 495 904 524 :
937 496 959 522 α
985 479 1088 524 Non
1114 487 1185 526 est
1213 480 1340 526 enim
1360 489 1578 527 nostrum
1605 488 1812 527 mortem
1835 480 2063 544 arripere,
2089 477 2174 527 sed
2208 478 2387 526 illatam

241 551 447 606 libenter
478 560 696 627 accipere
726 577 738 607 ι
768 557 900 606 unde
927 567 971 605 et
999 558 1048 604 in
1075 561 1489 624 persecutionibus
1521 577 1621 608 non
1654 560 1765 607 licet
1798 561 1996 626 propria
2029 577 2178 609 manu
2208 560 2384 626 perire,

242 634 425 703 absque
457 640 541 688 ubi
571 641 761 689 castitas
784 638 1094 706 periclitatur.
1118 661 1140 684 2>
1167 643 1287 688 Item
1323 642 1371 689 in
1411 641 1586 689 eodem
1609 640 1668 688 de
1689 642 1886 688 Ciuitate
1906 643 1998 688 Dei
2014 641 2166 688 libro’
2194 660 2204 687 ι
2246 662 2267 685 «
2295 643 2389 687 Nec

244 717 477 781 Samson,
516 721 690 787 inquit,
733 720 870 768 aliter
907 730 1176 783 excusatur,
1216 722 1349 787 quod
1389 723 1600 787 seipsum
1637 738 1749 770 cum
1784 721 2005 769 hostibus
2039 723 2176 769 ruina
2214 721 2390 769 domus

245 803 497 864 oppressit,
535 802 628 849 nisi
657 801 793 867 quod
825 802 1029 850 latenter
1058 802 1261 867 Spiritus
1289 802 1385 850 hoc
1410 804 1633 868 jusserat,
1666 803 1749 868 qui
1779 802 2022 868 perillum
2058 803 2286 850 miracula
2321 801 2392 849 fa·

244 878 425 930 ciebats
443 902 467 929 υ
494 886 615 932 Item
646 885 696 932 in
720 883 918 932 eodem⁸
947 902 958 931 ε
990 886 1100 931 «De
1133 885 1366 932 Samsone
1393 884 1520 932 aliud
1546 884 1688 933 nobis
1719 885 1787 931 sas
1808 900 1910 931 non
1936 894 2005 932 est
2029 883 2244 932 credere.
2270 887 2391 933 Cum

245 971 407 1010 autem
429 965 560 1013 Deus
576 964 730 1031 jubet,
757 981 905 1029 seque
924 964 1094 1029 jubere
1121 965 1225 1013 sine
1250 965 1358 1013 ullis
1388 966 1670 1031 ambagibus
1692 965 1881 1013 intimat
1898 1001 1910 1025 ,
1937 966 2045 1030 quis
2070 965 2392 1013 obedientiam

246 1041 294 1090 in
318 1045 500 1093 crimen
523 1056 683 1108 vocet,
713 1047 820 1112 quis
845 1046 1133 1112 obsequium
1158 1047 1347 1113 pietatis
1373 1047 1598 1095 accuset?
1624 1050 1743 1094 Nam
1783 1056 1831 1094 et
1863 1045 1999 1094 miles
2024 1063 2135 1094 cum
2162 1046 2395 1094 obediens

246 1127 491 1188 potestati,
517 1127 609 1176 sub
638 1145 734 1193 qua
759 1127 968 1193 legitime
991 1128 1280 1176 constitutus
1304 1138 1392 1188 est,
1419 1129 1669 1176 hominem
1700 1127 1896 1189 occidit,
1922 1128 2056 1176 nulla
2078 1128 2281 1175 civitatis
2303 1145 2396 1175 suae

248 1203 352 1270 lege
367 1223 477 1255 reus
497 1218 567 1257 est
586 1208 858 1267 homicidii,
884 1210 1035 1257 immo
1058 1210 1149 1258 nisi
1171 1210 1354 1271 fecerit,
1371 1227 1482 1258 reus
1495 1220 1565 1258 est
1581 1210 1769 1275 imperii
1787 1209 1961 1258 deserti
1981 1219 2124 1274 atque
2146 1210 2395 1258 contemti.

247 1287 393 1345 Quod
431 1290 471 1336 si
503 1290 570 1339 ita
607 1301 704 1353 est,
736 1290 936 1356 jubente
967 1291 1275 1358 imperatore,
1315 1301 1498 1356 quanto
1523 1292 1673 1355 magis
1693 1290 1895 1355 jubente
1929 1290 2225 1338 creatore?»
2253 1292 2304 1337 ln
2326 1290 2400 1338 his

247 1367 409 1433 itaque
450 1371 539 1419 ista
578 1372 729 1420 animi
766 1371 1051 1437 magnitudo
1086 1381 1230 1438 atque
1272 1373 1543 1421 constantia
1578 1374 1731 1419 virtus
1762 1370 2055 1419 fortitudinis
2089 1388 2192 1419 esse
2221 1371 2396 1437 potuit,

249 1450 384 1514 quod
411 1451 462 1499 in
492 1454 721 1518 Diogene,
742 1454 943 1501 minime
969 1454 1313 1519 comperimus.
1338 1453 1431 1501 Ubi
1461 1454 1591 1502 enim
1622 1469 1724 1500 non
1752 1462 1822 1500 est
1853 1452 2151 1500 considerata
2179 1452 2401 1500 laborum

249 1534 515 1596 perpessio,
547 1534 645 1582 hoc
673 1545 743 1582 est
768 1535 975 1601 provida
1004 1544 1052 1583 et
1074 1534 1375 1583 rationabilis
1408 1552 1508 1583 non
1543 1534 1706 1582 subest
1737 1533 2002 1581 tolerantiae
2024 1550 2186 1593 causa,
2219 1543 2402 1582 certum

249 1622 321 1659 est
350 1613 684 1663 fortitudinem
714 1633 815 1663 non
844 1633 964 1677 esse,
997 1633 1110 1664 cum
1132 1617 1230 1664 hoc
1255 1617 1317 1664 ad
1343 1616 1717 1683 descriptionem
1742 1614 2036 1662 fortitudinis
2065 1614 2280 1662 attineat.
2309 1618 2404 1663 Nec

250 1709 342 1741 nos
371 1695 571 1759 quidem
594 1697 643 1744 in
673 1696 769 1745 hoc
801 1698 1026 1746 virtutem
1051 1699 1280 1762 Diogenis
1308 1700 1422 1746 satis
1449 1696 1796 1746 commendare
1819 1696 2060 1758 volumuS,
2087 1695 2220 1760 quod
2254 1698 2402 1744 ratio-

250 1774 473 1824 nabiliter
515 1777 696 1826 factum
728 1795 831 1826 esse
864 1796 966 1827 non
1001 1796 1345 1843 agnoscamus;
1381 1779 1464 1827 sed
1501 1779 1568 1827 illi
1603 1779 1753 1842 magis
1787 1781 1837 1824 B.
1875 1777 2125 1842 Augustini
2160 1779 2403 1826 sententiae

250 1857 555 1921 assentimus,
582 1875 679 1923 qua
701 1860 750 1906 in
775 1859 949 1908 eodem
974 1861 1186 1926 capitulo
1212 1861 1356 1926 primi
1380 1860 1492 1908 libri
1518 1859 1575 1907 de
1598 1861 1796 1907 Ciuitate
1819 1860 1912 1906 Dei
1936 1858 1998 1906 de
2021 1858 2405 1907 interfectoribus

251 1936 325 1984 sui
342 1937 654 2003 subjunctum
678 1950 748 1988 est
763 1942 777 1966 ⁸
804 1959 814 1988 ε
848 1942 1196 2007 «Quicumque
1221 1941 1316 1989 hoc
1339 1942 1388 1989 in
1412 1942 1578 2008 seipsis
1600 1949 2015 2007 perpetraverunt,
2042 1941 2191 1987 animi
2215 1941 2406 2005 magni-

251 2018 419 2067 tudine
453 2015 681 2081 mirandi,
716 2038 817 2090 non
854 2023 1097 2088 sapientiae
1123 2024 1323 2071 sanitate
1343 2023 1577 2070 laudandi
1608 2031 1735 2070 sunt.
1761 2026 2068 2086 Quamquam
2099 2022 2139 2068 si
2169 2022 2406 2069 rationem

251 2098 525 2164 diligentius
558 2102 803 2163 consulas,
836 2120 927 2151 nec
958 2104 1059 2169 ipsa
1095 2104 1294 2168 quidem
1317 2104 1466 2151 animi
1510 2102 1795 2167 magnitudo
1825 2112 1955 2150 recte
1986 2102 2283 2162 nominatur,
2325 2101 2408 2149 ubi

252 2180 457 2246 quisque
491 2198 592 2230 non
626 2182 834 2231 valendo
856 2184 1077 2242 tolerare,
1116 2184 1192 2232 vel
1229 2201 1432 2249 quaeque
1466 2200 1651 2250 aspera,
1689 2182 1765 2230 vel
1802 2183 1958 2230 aliena
1977 2191 2189 2247 peccata,
2232 2183 2408 2247 seipse

253 2260 570 2310 interemerit.
597 2264 746 2327 Magis
770 2264 900 2311 enim
923 2281 1059 2312 mens
1083 2265 1272 2313 infirma
1297 2264 1696 2331 deprehenditur,
1735 2280 1842 2329 quae
1871 2263 1994 2311 ferre
2026 2279 2126 2310 non
2152 2272 2310 2329 potest
2334 2263 2408 2311 vel

253 2340 427 2390 duram
462 2344 535 2391 sui
566 2346 786 2411 corporis
814 2346 1112 2406 servitutem,
1138 2348 1213 2395 vel
1245 2346 1441 2395 stultam
1466 2346 1600 2411 vulgi*
1618 2346 1916 2412 opinionem.
1942 2364 1964 2389 »
1987 2345 2119 2391 Sicut
2142 2343 2202 2391 de
2226 2347 2407 2393 Catone

255 2422 330 2470 vel
355 2425 572 2473 Lucretia
594 2425 814 2490 legimuS,
839 2443 953 2475 cum
974 2426 1054 2475 ille
1076 2427 1276 2493 quidem
1300 2429 1383 2494 qui
1408 2428 1530 2476 tanti
1553 2427 1767 2475 nominis
1789 2442 1846 2474 ac
1867 2425 2038 2489 rigoris
2065 2424 2405 2485 aestimabatur,

254 2504 465 2570 seipsum
502 2507 650 2555 Uticae
690 2508 944 2569 occiderit,
983 2526 1045 2556 ne
1083 2508 1174 2557 sub
1215 2512 1399 2558 Caesare
1435 2508 1707 2557 libertatem
1745 2508 2012 2567 amitteret;
2050 2516 2097 2553 et
2133 2505 2213 2554 illa
2254 2507 2409 2555 laudis

255 2585 462 2633 nimium
494 2587 653 2650 avida,
678 2589 833 2637 verita
863 2590 924 2637 sit
952 2607 1015 2638 ne
1048 2600 1319 2656 putaretur,
1354 2590 1488 2656 quod
1524 2589 1759 2637 violenter
1786 2597 1857 2636 est
1887 2603 2026 2653 passa
2061 2603 2172 2633 cum
2205 2587 2404 2650 viveret,

256 2664 463 2715 libenter
492 2686 631 2734 passa
661 2671 700 2717 si
725 2671 924 2719 viveret.
950 2690 974 2716 »
998 2674 1118 2720 Item
1148 2673 1199 2719 in
1231 2671 1432 2719 eodem‘
1458 2689 1469 2718 :
1501 2691 1523 2715 «
1545 2672 1594 2718 Si
1618 2686 1796 2734 magno
1821 2670 1985 2716 animo
2012 2666 2114 2714 fieri
2137 2668 2407 2732 putandum

255 2756 343 2808 est,
381 2765 492 2796 cum
526 2750 618 2798 sibi
649 2751 802 2799 homo
836 2753 1009 2817 ingerit
1037 2763 1263 2814 mortem,
1293 2752 1373 2800 ille
1400 2752 1562 2817 potius
1584 2750 1912 2799 Theobrotus⁶
1934 2750 1984 2796 in
2016 2748 2108 2823 haic
2136 2749 2283 2795 animi
2306 2765 2408 2796 ma·

256 2825 508 2888 gnitudine
547 2828 804 2892 reperitur,
844 2846 992 2894 quem
1034 2830 1192 2878 ferunt
1229 2830 1355 2877 lecto
1395 2828 1608 2876 Platonis
1642 2827 1794 2888 libro,
1834 2825 1917 2874 ubi
1956 2826 2018 2873 de
2056 2826 2410 2874 immortalitate

257 2905 428 2953 animae
456 2906 754 2973 disputatum
789 2919 883 2969 est,
914 2926 964 2957 se
999 2909 1293 2975 praecipitem
1327 2908 1518 2957 dedisse
1545 2908 1608 2956 de
1639 2924 1805 2968 muro,
1844 2917 1991 2973 atque
2020 2907 2085 2955 ita
2116 2907 2292 2956 dehac
2315 2908 2411 2956 vita

258 2986 486 3050 migrasse
518 2988 582 3036 ad
606 3005 715 3037 eam
744 3006 892 3054 quam
921 2989 1128 3039 credidit
1150 3006 1255 3039 esse
1272 2990 1542 3038 meliorem.
1566 2989 1714 3048 Quod
1737 2999 1897 3038 tamen
1922 3005 2096 3053 magne
2126 2989 2289 3056 potius
2311 3005 2413 3037 esse

259 3066 465 3131 factum,
506 3085 655 3134 quam
677 3070 825 3133 bene,
850 3071 982 3120 testis
1011 3087 1115 3119 esse
1133 3071 1292 3138 potuit
1320 3070 1455 3119 Plato
1478 3071 1581 3137 ipse
1609 3087 1758 3137 quem
1779 3070 1982 3135 legerat,
2011 3070 2097 3136 qui
2121 3070 2338 3137 profecto
2364 3069 2411 3116 id

307 3276 417 3317 ¹Jon.,
435 3287 506 3319 cap.
528 3286 551 3319 1,
574 3288 601 3311 v.
632 3283 684 3314 ¹2.
716 3298 754 3304 —
780 3282 791 3300 ²
807 3280 879 3313 Lib.
894 3281 923 3320 1,
940 3290 1012 3323 cap.
1032 3290 1100 3314 xxi.
1120 3298 1157 3304 -
1172 3282 1301 3322 ³lbid.,
1375 3284 1387 3304 ⁸
1402 3282 1491 3315 Ibid.
1513 3299 1547 3305 --
1565 3281 1639 3315 ⁸11³
1654 3290 1769 3315 omnes
1785 3291 1868 3324 pene
1886 3282 2059 3323 Augustini
2077 3281 2150 3315 Mss.
2171 3283 2302 3322 tegnam
2322 3282 2414 3321 vulgo

260 3336 335 3369 cap.
359 3338 451 3363 xxvi.
469 3348 507 3356 —·
526 3333 633 3372 ⁴Aug.
653 3333 693 3366 de
716 3334 817 3368 civit.
844 3335 921 3375 Dei,
945 3336 1000 3369 nb.
1020 3335 1045 3376 t,
1066 3344 1138 3378 cap.
1163 3344 1242 3369 xxii.
1262 3354 1299 3361 —
1375 3335 1603 3370 Cleombrotus
1617 3337 1748 3378 iegitur.
