2638 3866
462 230 494 242 κ
659 206 871 255 ETHlCA
908 207 1017 254 SEU
1052 207 1227 254 LIBER
1261 207 1467 255 DlCTUS
1497 226 1507 253 :
1534 208 1697 255 SClTO
1733 208 2000 256 TElPSUM.
2309 210 2402 257 607

265 317 425 356 autem
447 309 577 354 Deus
604 307 687 370 qui
711 323 811 354 non
832 308 1038 373 patietur
1060 325 1147 356 vos
1170 309 1342 356 tentari
1364 326 1509 374 supra
1529 309 1578 356 id
1602 309 1737 374 quod
1759 310 1958 375 potestis
1981 327 1991 354 ε
2019 309 2102 357 sed
2136 309 2272 356 saciet
2294 325 2405 356 cum

265 388 525 436 tentatione
550 397 841 453 preventum
875 397 929 434 ut
951 388 1142 451 possitis
1164 389 1414 436 sustinere.
1443 408 1465 431 »
1493 390 1709 437 Tentatio
1736 400 1898 438 autem
1919 388 2202 454 generaliter
2233 388 2409 436 dicitur

266 484 577 533 quaecumque
601 467 848 515 inclinatio
878 467 1026 514 animi
1051 467 1113 514 ad
1144 467 1326 535 aliquid
1358 468 1600 532 agendum
1630 469 1766 533 quod
1790 486 1888 517 non
1921 469 2171 529 convenit,
2198 469 2298 516 sive
2333 468 2410 515 illa

266 548 485 596 voluntas
517 548 594 610 sit,
630 548 728 595 sive
757 563 1037 595 consensuS.
1073 550 1294 596 Humana
1322 564 1439 596 vero
1473 550 1673 597 tentatio
1703 549 1904 607 dicitur,
1933 549 2035 597 sine
2063 565 2157 613 qua
2184 548 2286 611 jam
2322 548 2410 595 hu-

266 643 408 675 mana
431 626 682 675 infirmitas
714 627 794 674 vix
815 636 898 674 aut
916 643 1167 691 nunquam
1193 627 1450 676 subsistere
1475 637 1655 693 potest,
1686 638 1738 676 ut
1761 629 2152 694 concupiscentia
2186 628 2408 686 carnalis,

265 707 339 755 vel
375 707 668 755 delectabilis
697 707 792 755 cibi
828 707 1139 768 desiderium,
1168 724 1195 755 a
1223 707 1400 772 quibus
1427 725 1478 755 se
1501 708 1691 758 liberari
1725 708 1998 774 postulabat
2031 709 2115 772 qui
2149 708 2364 756 dicebat¹
2396 728 2405 752 :

269 806 291 832 α
312 790 383 834 De
397 787 756 835 necessitatibus
772 787 890 835 meis
906 803 1020 835 erue
1042 803 1137 844 me,
1155 788 1390 847 Domine;
1413 807 1437 832 »
1465 787 1563 836 hoc
1585 798 1672 847 est,
1698 788 1759 835 de
1780 788 1856 835 his
1873 788 2217 836 tentationibus
2229 805 2408 836 concu-

267 867 630 932 piscentiarum,
665 885 772 933 quae
794 868 931 932 quasi
953 867 1194 915 naturales
1217 884 1273 915 ac
1296 869 1570 915 necessariae
1593 869 1693 932 jam
1716 867 1848 915 factae
1870 877 2006 927 sunt,
2035 884 2096 915 ne
2119 868 2180 916 ad
2210 884 2410 916 consen-

266 963 375 994 sum
406 947 710 1012 pertrahant‚
741 947 816 995 vel
847 947 944 994 vita
970 947 1076 1008 ista,
1114 948 1259 1013 plena
1292 947 1658 1007 tentationibus,
1696 947 1848 1008 finita,
1886 963 2084 1012 prorsus
2108 947 2176 994 eis
2200 963 2405 995 caream.

267 1026 413 1084 Quod
435 1044 550 1091 ergo
572 1028 639 1075 ait
659 1026 942 1093 Apostolus:
965 1047 987 1070 «
1004 1027 1222 1075 Tentatio
1245 1043 1332 1074 vos
1354 1044 1454 1075 non
1479 1027 1809 1093 apprehendat
1833 1027 1924 1073 nisi
1945 1026 2177 1085 humana,
2201 1047 2224 1071 n
2250 1030 2412 1075 consi-

267 1107 391 1154 milis
404 1108 639 1155 sententia
662 1117 733 1156 est
755 1123 812 1155 ac
835 1108 874 1155 si
894 1106 1103 1155 diceret:
1122 1107 1171 1154 Si
1194 1107 1455 1156 inclinatur
1478 1108 1667 1155 animus
1686 1124 1744 1154 ex
1769 1106 2086 1155 delectatione
2111 1123 2217 1170 quae
2237 1118 2325 1166 est,
2358 1119 2410 1163 ut

266 1186 490 1246 diximus,
513 1187 726 1235 humana
750 1188 969 1249 tentatio,
993 1204 1094 1235 non
1114 1204 1267 1252 usque
1287 1187 1346 1236 ad
1371 1183 1660 1236 consensum
1684 1187 1945 1253 pertrahat,
1971 1188 2020 1234 in
2042 1204 2141 1252 quo
2161 1199 2409 1253 peccatum

266 1268 496 1315 consistit.
524 1268 669 1326 Quod
708 1268 845 1332 quasi
874 1268 1045 1332 aliquis
1074 1277 1320 1332 quaereret,
1357 1285 1454 1333 qua
1485 1278 1652 1316 nostra
1675 1268 1851 1315 virtute
1882 1269 2283 1332 concupiscentiis
2314 1270 2410 1316 istis

266 1364 520 1412 possumus
555 1347 804 1395 resistere?
842 1348 1034 1410 Fidelis,
1079 1349 1251 1413 inquit,
1284 1351 1414 1395 Deus
1449 1349 1532 1412 qui
1567 1363 1667 1395 non
1701 1348 1908 1412 patietur
1940 1364 2029 1394 vos
2067 1350 2257 1395 tentari.
2291 1352 2411 1396 Tan-

203 1468 207 1472 .
266 1444 413 1492 quam
451 1429 489 1475 si
530 1427 710 1475 diceret
748 1447 757 1474 :
802 1431 873 1475 De
911 1428 1017 1493 ipso
1056 1429 1219 1493 potius
1260 1439 1329 1476 est
1367 1428 1735 1487 confidendum,
1765 1444 1911 1491 quam
1950 1428 2011 1476 de
2051 1428 2195 1476 nobis
2234 1446 2412 1493 praesu-

266 1507 519 1566 mendum,
561 1509 646 1573 qui
681 1508 825 1555 nobis
868 1508 1095 1555 auxilium
1138 1509 1443 1573 promittens,
1487 1509 1535 1555 in
1582 1508 1809 1554 omnibus
1850 1524 1991 1556 verax
2031 1518 2102 1555 est
2144 1510 2408 1573 promissis,

267 1588 401 1651 quod
444 1598 531 1649 est,
577 1604 688 1635 eum
731 1587 924 1635 fidelem
959 1605 1079 1648 esse,
1116 1597 1170 1635 ut
1215 1588 1260 1636 ei
1291 1589 1468 1635 scilicet
1512 1588 1573 1635 de
1614 1587 1842 1635 omnibus
1869 1588 2144 1635 adhibenda
2187 1590 2248 1635 sit
2274 1587 2407 1635 fides.

266 1669 399 1714 Tunc
430 1685 545 1715 vero
571 1684 671 1715 non
698 1669 878 1733 patitur
900 1684 991 1714 nos
1024 1668 1197 1715 tentari
1233 1684 1378 1733 supra
1413 1667 1463 1714 id
1493 1667 1628 1732 quod
1659 1684 1937 1732 possumus,
1967 1685 2079 1715 cum
2103 1685 2189 1732 per
2227 1669 2415 1715 miseri-

268 1747 485 1795 cordiam
527 1764 663 1796 suam
708 1749 773 1795 ita
818 1747 945 1795 hanc
983 1748 1299 1795 tentationem
1345 1736 1611 1795 humanam
1643 1757 1908 1812 temperat,
1960 1758 2013 1794 ut
2059 1764 2159 1794 non
2202 1748 2309 1812 plus
2353 1749 2413 1794 ad

265 1837 516 1892 peccatum
558 1837 772 1893 premat,
805 1843 950 1891 quam
989 1826 1200 1892 perferre
1230 1827 1487 1892 possimus,
1528 1828 1572 1875 ei
1602 1827 1825 1875 videlicet
1847 1827 2132 1875 resistendo.
2174 1830 2306 1875 Tunc
2331 1844 2413 1875 au-

266 1917 365 1955 tem
402 1908 599 1972 insuper
627 1907 755 1956 hanc
785 1908 940 1973 ipsam
982 1908 1298 1955 tentationem
1338 1907 1481 1955 nobis
1519 1907 1758 1955 convertit
1799 1907 1862 1954 ad
1899 1907 2216 1954 commodum
2238 1945 2250 1967 ,
2295 1907 2414 1954 dum

269 2004 356 2052 per
386 2003 493 2034 eam
529 1988 597 2034 sic
631 2004 723 2034 nos
754 1996 967 2047 exercet,
1009 1997 1059 2034 ut
1090 1987 1320 2052 deinceps
1357 2005 1469 2035 cum
1503 1988 1783 2046 occurrerit,
1813 1988 1971 2033 minus
2003 2003 2200 2050 gravare
2243 1990 2409 2052 possit,

204 2106 208 2112 .
266 2067 431 2131 etjam
454 2067 615 2114 minus
633 2067 871 2132 impetum
891 2066 1045 2113 hostis
1065 2067 1337 2128 timeamuS,
1360 2067 1422 2114 de
1445 2084 1545 2131 quo
1574 2068 1674 2130 J'am
1699 2066 2101 2131 triumphavimus
2134 2076 2181 2112 et
2204 2067 2414 2131 perferre

267 2148 508 2195 novimus.
544 2147 714 2194 Omnis
748 2147 930 2212 quippe
952 2163 1114 2211 pugna
1138 2163 1285 2211 quam
1315 2147 1537 2195 nondum
1574 2148 1755 2212 experti
1784 2163 1964 2204 sumus,
1998 2147 2187 2210 gravius
2208 2148 2412 2194 sustine·

269 2244 376 2274 mus
400 2236 449 2274 et
485 2227 690 2291 amplius
726 2226 1074 2274 formidamus’.
1103 2229 1227 2273 Cum
1255 2243 1370 2275 vero
1405 2227 1455 2274 in
1488 2226 1889 2275 consuetudinem
1907 2225 2170 2273 victoribus
2211 2228 2409 2283 venerit,

272 2307 449 2373 pariter
466 2307 616 2354 virtus
636 2305 738 2370 ejus
760 2315 808 2353 et
831 2315 985 2353 metus
1002 2306 1258 2354 evanescit.

1139 2526 1383 2587 CAPUT
1442 2528 1540 2587 IV.

1010 2673 1068 2711 De
1095 2671 1403 2724 suggestionibus
1434 2672 1666 2711 daemonum.

336 2801 458 2846 Sunt
478 2808 639 2845 autem
663 2799 991 2861 suggestiones
1009 2812 1111 2843 non
1129 2795 1285 2843 solum
1310 2795 1582 2853 hominum,
1609 2795 1691 2842 sed
1717 2805 1763 2842 et
1787 2795 2061 2842 daemonum
2091 2814 2102 2842 z
2130 2797 2241 2860 quia
2266 2805 2311 2843 et
2337 2797 2413 2844 isti

272 2895 372 2925 non
410 2894 658 2943 nunquam
692 2877 754 2925 ad
786 2886 1037 2942 peccatum
1072 2892 1163 2922 nos
1194 2862 1395 2922 incitant
1431 2891 1530 2921 non
1570 2884 1667 2922 tam
1699 2875 1857 2922 verbis
1892 2892 2039 2939 quam
2077 2875 2226 2924 factis.
2272 2878 2414 2925 Periti

271 2958 450 3023 quippe
484 2968 665 3005 naturae
698 2973 858 3004 rerum
886 2965 984 3002 tam
1014 2954 1192 3018 ingenii
1214 2954 1491 3015 subtilitate,
1522 2970 1669 3018 quam
1694 2954 1838 3018 longa
1870 2956 2182 3020 experientia,
2214 2957 2344 3004 unde
2367 2969 2413 3005 et

270 3045 535 3099 daemones,
572 3038 669 3084 hoc
706 3046 801 3095 est,
833 3035 1035 3083 scientes
1068 3044 1180 3082 sunt
1215 3033 1471 3100 appellati,
1517 3043 1758 3081 noverunt
1789 3035 1914 3081 vires
1951 3052 2109 3082 rerum
2142 3037 2406 3094 naturales,

272 3117 400 3165 unde
443 3117 504 3165 ad
547 3116 823 3176 libidinem,
865 3115 941 3163 vel
978 3114 1040 3162 ad
1079 3124 1275 3161 caeteros
1312 3114 1519 3178 impetus
1555 3113 1769 3161 humana
1806 3113 2058 3163 infirmitas
2095 3116 2229 3164 facile
2269 3133 2379 3181 poss

319 3291 324 3307 ¹
342 3289 472 3324 Psalm.
490 3299 582 3330 xxiv,
603 3299 634 3323 v.
655 3291 704 3323 17.
716 3307 753 3313 -—
771 3290 782 3308 ²
800 3288 854 3322 Sic
871 3290 903 3320 in
921 3289 1031 3320 codice
1048 3287 1231 3327 legebatur.-
