2638 3866
243 245 340 293 726
1053 241 1224 288 PETRI
1257 241 1574 289 ABAELARDI

243 344 445 410 qualiter
483 343 667 389 futurus
703 342 788 401 sit,
822 355 912 388 nec
942 340 1211 389 secundum
1242 342 1453 391 futuram
1486 343 1635 391 vitam
1672 342 1873 407 gratiam
1905 343 2080 408 cuique
2113 342 2279 391 tribuit
2304 341 2381 390 vel

243 434 406 488 negat3
442 422 525 470 sed
548 438 692 486 super
714 421 810 468 hoc
833 420 967 485 quod
990 421 1122 469 videt
1155 439 1268 469 eum
1305 423 1617 489 suscipiendae
1651 423 1809 487 gratiae
1833 434 2168 489 praeparatum.
2194 424 2379 471 Dicitur

244 514 403 552 autem
425 501 727 567 providentia
749 500 882 565 quod
903 501 1125 566 providet
1144 505 1273 550 Deus
1294 502 1433 550 illum
1455 503 1764 563 adhesurum,
1784 503 1919 551 illum
1937 519 2039 550 non
2062 503 2378 562 adhesurum3

244 581 594 648 praedestinatio
630 581 764 646 quod
797 580 928 628 videt
961 598 1074 628 eum
1119 581 1180 629 ad
1225 582 1578 648 suscipiendam
1621 583 1821 647 gratiam
1859 593 2193 648 preparatum,
2231 591 2280 629 et
2312 590 2384 629 est

244 662 598 728 praedestinatio
634 662 683 709 in
717 661 878 721 bonis,
911 661 1215 727 providentia
1237 672 1285 709 et
1319 663 1370 710 in
1405 662 1548 710 bonis
1576 672 1624 710 et
1657 664 1707 710 in
1741 662 1895 710 malis.
1929 666 2077 727 Large
2112 672 2274 711 tamen
2296 662 2384 710 ali-

245 742 440 806 quando
465 742 814 807 praedestinatio
838 741 1011 789 dicitur
1030 741 1091 789 de
1114 741 1257 790 bonis
1282 753 1330 790 et
1352 743 1503 791 malis.
1545 743 1948 791 Praedestinantur
1978 743 2091 807 justi
2124 743 2173 790 in
2210 742 2385 807 baptis·

248 832 390 883 mate,
429 822 684 869 Christiani
723 822 773 868 in
809 823 1145 887 conceptione.
1178 843 1200 866 «
1227 823 1323 880 Qui
1356 822 1717 888 praedestinatus
1740 832 1826 870 est.
1855 842 1881 868 »
1922 822 2277 871 Praedestinatio
2313 831 2385 869 est

246 902 509 950 beneficior
528 903 615 949 Dei
629 903 923 967 praescientia
946 902 1226 950 ordinatio¹.
1250 902 1395 950 Aliter
1417 902 1790 968 praedestinatio,
1811 902 1947 950 aliter
1967 903 2240 968 permissi03
2267 918 2386 968 prae-

248 983 501 1030 destinatio
526 983 575 1029 in
599 982 737 1043 velle,
764 983 1013 1047 permissio
1048 982 1098 1029 in
1133 982 1279 1030 nolle.
1314 982 1444 1041 Quid
1475 982 1619 1029 distet
1649 982 1773 1029 inter
1805 982 2149 1046 praescientiam
2186 992 2234 1030 et
2265 998 2386 1047 prae-

249 1063 648 1110 destinationem?
671 1063 967 1110 Praescientia
985 1063 1182 1127 quidem
1204 1072 1276 1110 est
1294 1080 1455 1110 rerum
1478 1062 1648 1110 notitia
1669 1062 1956 1122 futurarum,
1970 1072 2230 1127 antequam
2247 1061 2382 1121 fiant,

242 1160 297 1191 ex
336 1144 477 1191 nullis
512 1160 677 1191 earum
712 1143 927 1202 indiciis,
962 1143 1047 1191 sed
1075 1160 1133 1190 ex
1157 1143 1259 1190 sola
1294 1144 1381 1190 Dei
1417 1143 1731 1208 inspiratione
1768 1142 1993 1202 collecta3
2034 1142 2386 1208 praedestinatio

244 1241 358 1272 vero
390 1234 460 1271 est
495 1223 836 1289 praeordinatio
868 1240 1028 1271 rerum
1068 1234 1196 1271 certa
1231 1233 1543 1284 cunctarum,
1581 1233 1635 1270 ut
1667 1222 1783 1270 fiant
1817 1222 1951 1269 nullo
1975 1238 2191 1287 unquam
2212 1232 2389 1270 eventu

243 1305 490 1353 mutanda.
515 1308 573 1350 Et
589 1304 883 1370 praescientia
907 1304 1103 1369 quidem
1126 1305 1175 1351 in
1204 1307 1362 1352 Deum
1384 1313 1544 1370 potest
1568 1313 1615 1351 et
1637 1304 1686 1350 in
1709 1303 1933 1351 homines
1961 1302 2155 1362 eadem,
2186 1302 2389 1368 praedes·

243 1387 411 1433 tinatio
443 1402 543 1433 non
574 1386 666 1432 nisi
689 1385 738 1432 in
766 1384 923 1432 solum
958 1388 1115 1432 Deum
1133 1421 1146 1446 ,
1181 1402 1334 1448 quum
1357 1386 1445 1432 etsi
1475 1385 1623 1450 aliqui
1655 1384 1854 1450 perfecti
1889 1384 2067 1431 scilicet
2098 1384 2206 1444 viri,
2243 1383 2389 1446 gratia

244 1467 331 1513 Dei
353 1466 534 1530 adjuti,
571 1466 788 1530 proescire
813 1465 971 1513 futura
994 1465 1235 1525 noverint,
1263 1465 1603 1530 praedestinare
1633 1475 1796 1512 tamen
1827 1481 1884 1513 ea
1914 1465 2186 1512 nullatenus
2218 1473 2389 1528 potue-

244 1557 372 1607 runt,
400 1547 483 1611 qui
522 1562 826 1610 nequaquam
858 1562 914 1593 ea
942 1546 1161 1610 praescire
1189 1544 1426 1605 valerent,
1462 1546 1554 1593 nisi
1583 1545 1717 1610 prius
1748 1543 1809 1592 ab
1845 1544 2019 1609 opifice
2054 1547 2245 1591 summo
2270 1560 2391 1608 prae-

245 1627 480 1674 destinata
523 1627 694 1673 forent.
739 1625 876 1673 Unde
912 1626 1264 1692 praedestinatio
1300 1626 1389 1673 Dei
1435 1636 1748 1691 temporanea
1789 1625 1884 1672 dici
1917 1625 2056 1686 solet,
2095 1624 2391 1690 praescientia

244 1725 359 1755 vero
384 1707 813 1774 subtemporanea,
842 1706 925 1753 sed
955 1706 1057 1753 haec
1089 1716 1326 1770 quantum
1357 1706 1419 1753 ad
1447 1706 1688 1765 homines,
1725 1722 1825 1752 non
1849 1714 2089 1769 quantum
2119 1704 2182 1752 ad
2214 1707 2387 1751 Deum.

249 1809 271 1833 «
307 1793 373 1834 An
400 1787 586 1835 divitias
608 1786 854 1847 bonitatis,
888 1796 979 1833 etc.
1010 1805 1035 1831 »
1065 1787 1385 1849 Increpaticus
1417 1796 1503 1832 est.
1532 1786 1675 1832 Dives
1698 1795 1768 1832 est
1791 1788 1920 1832 Deus
1945 1786 1994 1832 in
2025 1785 2240 1832 bonitate
2274 1783 2392 1830 dum

249 1869 398 1915 multa
424 1868 588 1914 tribuit
606 1867 738 1914 bona
758 1866 1037 1913 hominibus
1060 1875 1107 1912 et
1142 1866 1378 1931 patienter
1404 1874 1645 1930 exspectat
1666 1875 1714 1912 et
1735 1864 2089 1928 longanimiter,
2115 1865 2167 1911 id
2193 1873 2262 1911 est
2286 1863 2388 1921 diu,

247 1959 294 1996 et
325 1943 420 1995 hoc
451 1947 562 1995 ideo
596 1957 650 1994 ut
673 1947 960 2012 poeniteant,
1001 1947 1115 2011 quia
1148 1962 1235 2011 per
1271 1945 1350 1992 illa
1373 1944 1504 1992 bona
1535 1955 1738 2010 possunt
1759 1944 1935 1992 adduci
1962 1945 2024 1992 ad
2058 1944 2387 2009 penitentiam,

248 2045 359 2075 cum
383 2038 429 2075 et
452 2028 543 2093 ipsi
566 2028 682 2075 tales
705 2027 799 2074 sint
818 2027 901 2091 qui
924 2026 1140 2091 penitere
1161 2034 1380 2090 possunt.
1412 2045 1435 2067 <c
1460 2028 1532 2071 An
1554 2025 1746 2088 ignoras
1769 2025 2018 2089 quoniam,
2045 2034 2135 2072 etc.
2166 2043 2190 2069 »

314 2151 430 2196 CAP.
455 2165 536 2194 xv.
565 2167 587 2193 α
613 2147 873 2194 Debemus.
904 2164 927 2190 »
956 2145 1044 2192 Hic
1072 2144 1216 2191 docet
1240 2143 1300 2191 de
1318 2144 1622 2209 susceptione
1648 2142 1970 2190 infirmorum.
2001 2163 2023 2186 «
2047 2145 2154 2190 Non
2179 2141 2339 2204 nobis,
2367 2163 2389 2186 >2

249 2229 299 2276 id
322 2239 391 2276 est
420 2238 594 2275 nostrae
626 2227 879 2286 voluntati,
900 2225 984 2273 sed
1008 2226 1340 2290 proximorum
1365 2223 1569 2271 utilitati.
1601 2242 1624 2268 «
1655 2223 1841 2270 Etenim
1868 2223 2075 2270 Christo.
2112 2243 2133 2268 »
2163 2223 2394 2287 Exemplo

248 2308 423 2355 Christi
443 2308 585 2354 docet
606 2323 707 2353 non
731 2323 832 2353 esse
857 2305 1147 2371 placendum
1169 2306 1318 2363 carni,
1344 2305 1427 2352 sed
1451 2303 1784 2368 proximorum
1808 2302 2013 2351 utilitati.
2039 2322 2062 2348 «
2088 2302 2156 2350 Ad
2179 2312 2395 2350 nostram

249 2389 540 2449 doctrinam,
572 2408 594 2431 2>
623 2387 671 2434 id
694 2397 765 2434 est
786 2386 850 2434 ad
869 2386 1261 2433 informationem
1291 2401 1485 2432 morum
1522 2384 1642 2431 facta
1674 2383 1848 2430 Christi
1881 2383 2059 2448 scripta
2089 2393 2215 2430 sunt.
2250 2386 2303 2432 In
2335 2400 2394 2431 eo

250 2471 378 2516 enim
405 2470 547 2535 plena
570 2468 725 2515 forma
744 2477 791 2514 et
813 2466 1091 2531 exemplum
1113 2467 1218 2513 vitae
1243 2475 1419 2512 nostrae
1442 2464 1614 2511 fuitm.

317 2591 433 2636 CAP.
460 2605 551 2635 xv1.
582 2606 605 2632 «
632 2590 695 2634 Ut
718 2596 881 2635 autem
900 2585 960 2633 sit
984 2586 1134 2649 gloria
1157 2595 1204 2633 et
1220 2585 1465 2632 bonon...
1486 2603 1508 2627 »
1540 2585 1647 2629 Non
1671 2581 1871 2645 legimus
1894 2582 2267 2629 determinatum
2289 2583 2395 2646 qui-

253 2669 343 2715 bus
364 2668 522 2715 verbis
554 2667 688 2715 fieret
716 2666 952 2731 baptisma
972 2665 1230 2727 Johannis3
1264 2664 1346 2711 sed
1371 2664 1470 2712 sive
1494 2679 1607 2709 cum
1629 2660 1803 2723 verbis,
1831 2662 1929 2709 sive
1954 2663 2057 2710 sine
2084 2661 2267 2724 verbis,
2294 2679 2395 2709 non

257 2748 460 2796 dabatur
499 2749 547 2795 in
583 2764 642 2795 eo
674 2748 909 2794 remissio.
938 2749 1051 2793 Erat
1073 2747 1202 2793 enim
1226 2744 1446 2810 quaedam
1482 2741 1764 2808 praeparatio
1788 2742 1850 2789 ad
1872 2741 2166 2808 baptismum
2201 2742 2391 2790 Christi.

257 2830 488 2894 Discipuli
522 2845 636 2876 vero
672 2827 847 2875 Christi
873 2828 957 2891 qui
987 2836 1206 2892 tempore
1237 2825 1470 2873 Johannis
1504 2823 1899 2888 baptizaverunt,
1936 2823 1986 2870 in
2016 2823 2215 2870 nomine
2248 2823 2396 2870 Patris

258 2919 304 2955 et
338 2909 440 2955 Filii
477 2919 525 2956 et
559 2909 760 2974 Spiritus
803 2908 954 2954 sancti
991 2907 1040 2954 in
1079 2907 1410 2954 remissionem
1441 2901 1770 2968 baptizabant.
1809 2905 1881 2950 De
1920 2902 2167 2968 baptizatis
2200 2902 2398 2967 quidam

259 2988 534 3052 rebaptizati
565 2998 691 3050 sunt,
720 2987 918 3052 quidam
948 3003 1066 3033 non.
1094 2987 1168 3034 Illi
1204 2987 1287 3051 qui
1310 2983 1591 3050 rebaptizati
1615 2993 1751 3044 sunt,
1785 2983 1834 3030 in
1870 2999 1994 3047 aqua
2023 2985 2196 3030 iterum
2226 2982 2394 3042 mersi,

261 3068 484 3133 spiritum
512 3068 838 3134 accipiebant;
868 3068 948 3114 alii
970 3083 1085 3114 vero
1116 3067 1416 3132 accipiebant
1443 3065 1665 3131 spiritum
1689 3063 1792 3110 sine
1820 3064 2071 3111 iteratione
2100 3079 2252 3127 aquae,
2283 3062 2398 3126 quia

262 3147 479 3197 sufficere
501 3147 755 3195 videbatur
779 3147 855 3194 illa
879 3164 1013 3211 aquae
1034 3146 1216 3194 ablutio
1240 3163 1386 3210 quam
1409 3163 1495 3211 per
1522 3143 1796 3192 Johannem
1820 3153 2185 3208 acceperant....

307 3337 314 3356 ¹
331 3334 384 3369 Sic
401 3335 504 3368 codd.
