2638 3866
856 273 918 322 IN
951 273 1280 322 EPISTOLAM
1316 275 1398 324 AD
1433 273 1739 322 ROMANOS.
2289 269 2385 320 267

218 375 435 440 Quisque
455 375 602 424 etiam
633 373 941 440 impet-sectus
964 374 1125 440 primo
1150 374 1212 423 ad
1234 373 1360 423 bene
1385 372 1711 440 operandum,
1746 372 1795 419 id
1831 382 1903 420 est
1934 371 1997 420 ad
2029 381 2267 438 praecepta
2299 374 2387 420 Dei

217 457 467 524 implenda
490 474 574 523 spe
597 455 927 505 retributionis
950 456 1173 517 allicitur,
1191 466 1239 504 et
1264 457 1437 505 timore
1451 457 1613 523 potius
1633 471 1783 520 quarn
1805 470 1989 515 amore,
2013 454 2135 502 sicut
2152 455 2387 520 scriptum

208 531 291 586 xest
314 541 325 564 ¹
344 556 354 585 z
382 558 404 584 α
425 538 621 586 Initium
638 537 884 604 sapientiae
900 538 1049 585 timor
1068 538 1284 585 Domini.
1303 539 1326 583 »'
1350 538 1497 603 Cujus
1517 536 1717 602 quidem
1737 536 1907 583 caritas
1926 545 1996 583 est
2008 536 2384 596 consummatio,

217 619 317 667 sive
351 618 476 678 finis,
510 620 559 669 id
594 628 666 667 est
697 618 946 685 perfectio,
983 619 1106 667 sicut
1139 618 1253 668 alibi
1286 618 1462 667 dicitur
1483 622 1528 667 ²:
1569 617 1790 665 «Omnis
1822 617 2254 664 consummationis
2287 616 2389 664 vidi

218 700 384 760 finem,
410 700 560 748 latum
586 699 869 747 mandatum
894 710 1034 748 tuum
1058 700 1216 747 nimis.
1238 719 1262 746 »
1289 704 1434 762 Bene,
1462 701 1681 765 inquam,
1712 697 1848 757 dixit,
1874 697 2163 759 «inclinavi,
2185 716 2208 742 n
2242 698 2291 745 id
2316 708 2389 746 est

218 781 266 828 in
289 781 426 829 initio
446 798 544 829 suae
566 781 880 847 operationis,
909 798 995 847 spe
1025 790 1074 829 et
1110 781 1353 829 desiderio
1380 780 1714 829 retributionis
1750 779 1798 826 id
1833 795 2081 843 aggressus
2116 788 2205 826 est.
2242 778 2390 837 Quod

218 878 334 910 vero
351 878 435 910 eos
459 862 644 910 Veritas
663 861 830 910 laudat
853 861 1041 922 beatos,
1065 862 1148 928 qui
1178 879 1228 910 se
1253 872 1586 911 castraverunt
1610 871 1811 928 propter
1832 877 2037 924 regnum
2062 860 2315 922 coelorum,
2339 859 2391 908 id

218 952 290 991 est
315 942 626 991 continenter
652 943 875 991 vixerunt
898 954 1099 1010 propter
1118 943 1470 993 beatitudinem
1489 954 1745 1003 aeternam3
1773 943 1840 990 ita
1863 940 2230 1006 intelligendum
2248 950 2387 1007 puto,

218 1024 352 1090 quod
375 1024 426 1071 hi
442 1042 530 1091 per
552 1025 904 1073 continentiam
924 1025 1057 1074 illam
1081 1035 1193 1073 sunt
1219 1026 1441 1086 assecuti,
1469 1025 1608 1073 sicuti
1625 1041 1739 1072 cum
1762 1023 1823 1071 de
1846 1023 2011 1087 aliquo
2035 1021 2241 1069 dicimus
2276 1039 2392 1071 eum

218 1106 368 1153 exisse
387 1115 441 1153 ut
459 1116 748 1166 moreretur,
772 1106 820 1155 id
851 1116 922 1155 est
943 1108 1112 1169 exisse,
1139 1118 1187 1156 et
1212 1107 1325 1156 ideo
1350 1117 1559 1155 mortem
1581 1105 1900 1154 cbnsecutum
1923 1121 2044 1165 esse,
2073 1120 2176 1152 non
2198 1104 2292 1153 hac
2315 1105 2391 1152 in·

217 1187 435 1234 tentione
460 1197 513 1235 ut
538 1188 582 1235 ei
604 1187 862 1236 accideret.

287 1287 311 1312 «
325 1268 513 1317 Scimus
529 1269 719 1317 enim.»
738 1269 918 1318 Probat
935 1270 1070 1335 quod
1092 1269 1294 1333 dixerat,
1317 1270 1474 1335 legem
1494 1269 1719 1318 videlicet
1738 1269 1915 1334 Moysis
1937 1267 2121 1316 bonam
2140 1284 2259 1329 esse,
2280 1267 2393 1316 licet

218 1349 525 1398 occasionem
559 1349 674 1398 inde
711 1351 762 1398 in
798 1361 1053 1417 peccatum
1079 1352 1352 1417 acceperit:
1375 1353 1490 1417 quia
1511 1351 1736 1399 videlicet
1772 1360 1842 1398 est
1865 1348 2127 1415 spiritualis
2158 1348 2252 1410 lex,
2287 1365 2391 1397 non

216 1429 458 1488 secularis,
497 1440 731 1496 tanquam
761 1432 913 1498 digito
936 1434 1026 1480 Dei
1050 1433 1244 1498 scripta,
1283 1433 1334 1480 id
1363 1443 1435 1481 est
1469 1433 1648 1499 Spiritu
1679 1441 1847 1480 sancto
1874 1430 2089 1478 dictante
2120 1430 2393 1496 composita

216 1519 263 1557 et
287 1510 417 1571 data,
445 1529 548 1559 non
571 1512 634 1560 ab
662 1513 948 1562 hominibus
972 1515 1186 1563 inventa.
1216 1534 1239 1558 (ε
1260 1517 1362 1580 Ego
1388 1525 1552 1563 autem
1574 1513 1779 1563 carnalis
1803 1506 1932 1575 sum‘,
1955 1532 1978 1556 1>
2010 1510 2061 1558 id
2082 1520 2155 1558 est
2187 1510 2392 1559 carnali-

215 1589 308 1639 bus
325 1592 658 1642 voluntatibus
681 1603 729 1642 et
749 1596 950 1644 terrenis
972 1596 1165 1644 inhians
1189 1595 1459 1659 desideriis,
1484 1606 1628 1662 atque
1646 1595 1772 1644 adeo
1795 1592 2000 1642 carnalis
2020 1609 2147 1652 sum,
2181 1613 2205 1637 «
2222 1601 2278 1639 ut
2301 1592 2392 1640 sim

216 1673 541 1722 venumdatus
567 1675 659 1723 sub
682 1687 956 1742 peccatum,
979 1698 1003 1723 2>
1030 1677 1081 1725 id
1104 1688 1175 1726 est
1201 1688 1377 1744 sponte
1395 1695 1474 1726 me
1497 1686 1699 1744 peccato
1716 1686 1764 1724 et
1779 1675 1883 1740 ejus
1904 1674 2122 1722 servituti
2133 1674 2393 1738 subjiciens

217 1755 372 1819 pretio
396 1765 703 1804 terrenorum
729 1757 995 1818 bonorum,
1024 1760 1076 1807 id
1102 1769 1175 1807 est
1218 1776 1446 1808 exercens
1484 1776 1685 1807 omnem
1714 1756 2162 1823 concupiscentiam
2193 1765 2394 1822 propter

214 1831 295 1879 illa
323 1834 620 1899 acquirenda
649 1845 696 1883 et
724 1836 1011 1900 obtinenda,
1046 1837 1124 1885 vel
1158 1839 1305 1887 etiam
1334 1839 1384 1886 in
1421 1839 1593 1904 primis
1623 1836 1907 1904 parentibus
1930 1834 2256 1884 venumdatus
2279 1852 2392 1883 cum

212 1913 328 1979 ipsis
350 1914 441 1963 sub
468 1926 688 1982 peccato,
716 1918 782 1966 ob
806 1918 1121 1968 dilectionem
1146 1921 1328 1968 scilicet
1349 1929 1397 1968 et
1415 1930 1609 1985 gustum
1634 1919 1771 1986 pomi
1794 1917 1931 1983 quod
1960 1920 2061 1964 Eva
2090 1916 2388 1981 concupivit.

215 1997 338 2044 Ecce
361 1996 493 2045 unde
511 1997 620 2046 facti
641 2015 808 2047 sumus
830 2001 1025 2067 captivi,
1051 2001 1264 2050 vendere
1285 2018 1386 2049 non
1406 2002 1676 2068 potuimus,
1702 2001 1941 2049 redimere
1975 2015 2077 2046 non
2111 2014 2388 2063 possumus.

214 2076 417 2142 Sanguis
436 2078 673 2128 innocens
691 2080 834 2130 datus
852 2093 922 2130 est
945 2100 1038 2148 pro
1057 2083 1218 2145 nobis,
1245 2100 1337 2132 nec
1361 2084 1538 2131 nostris
1571 2100 1662 2131 nos
1684 2082 1870 2130 viribus
1899 2098 1928 2129 a
1960 2079 2183 2128 dominio
2207 2078 2392 2144 peccati

212 2155 409 2206 liberari
431 2177 709 2225 possumus,
751 2162 838 2211 sed
875 2165 1026 2228 gratia
1059 2165 1414 2232 Redemptoris.
1459 2186 1484 2209 c<
1509 2164 1659 2224 Quod
1687 2165 1817 2212 enim
1848 2179 2044 2229 operor.
2079 2180 2103 2205 »
2140 2163 2392 2219 Quantum

213 2240 418 2287 carnalis
441 2251 489 2288 et
506 2241 728 2290 infirmus
751 2244 813 2291 sit
836 2244 1006 2308 factuS,
1033 2256 1081 2293 et
1101 2257 1287 2312 quanto
1310 2263 1470 2313 pravae
1500 2245 1869 2295 consuetudinis
1887 2245 2008 2309 jugo
2033 2242 2290 2308 depressus
2313 2256 2392 2288 os-

214 2319 387 2380 tendit,
414 2321 580 2371 dicens
603 2340 655 2372 se
680 2326 985 2375 committere
1009 2328 1216 2377 scienter
1237 2329 1420 2376 malum
1442 2329 1606 2394 ipsum
1630 2327 1766 2392 quod
1798 2342 1900 2374 non
1925 2324 2047 2384 vult,
2077 2323 2214 2389 quasi
2237 2322 2277 2370 si
2302 2321 2391 2369 ali-

214 2401 565 2467 quiS,-cogente
580 2406 814 2469 Domino,
834 2407 885 2455 id
902 2409 1039 2474 quod
1058 2427 1159 2458 non
1181 2411 1286 2458 vult
1300 2419 1546 2476 operetur.
1563 2412 1622 2457 Et
1633 2408 1731 2457 hoc
1747 2418 1870 2470 est,«
1886 2406 2020 2472 quod
2041 2405 2172 2453 enim
2192 2420 2388 2470 operor,

212 2498 314 2529 non
339 2483 554 2549 intelligo
575 2505 599 2531 »
627 2503 729 2536 esse
762 2491 1089 2555 operandum,
1122 2492 1174 2540 id
1197 2499 1270 2541 est
1292 2509 1395 2540 non
1419 2490 1568 2539 credo
1594 2500 1650 2538 ut
1669 2489 1775 2538 fieri
1798 2489 1993 2549 debeat,
2020 2488 2173 2535 immo
2197 2484 2392 2533 indubi-

212 2575 372 2615 tanter
393 2570 494 2616 scio
522 2587 626 2619 esse
650 2572 856 2634 malum,
880 2586 927 2624 et
947 2576 1060 2625 ideo
1084 2593 1185 2624 non
1209 2593 1312 2625 esse
1336 2576 1633 2624 faciendum.
1655 2595 1678 2621 «
1705 2578 1812 2623 Non
1838 2574 1970 2622 enim
1987 2571 2139 2636 quod.
2164 2589 2188 2615 n
2211 2569 2391 2616 Probat

214 2664 264 2695 se
282 2649 408 2696 male
425 2666 568 2714 agere
592 2663 765 2703 contra
783 2658 1036 2723 propriam
1056 2659 1423 2719 conscientiam,
1463 2658 1577 2722 quia
1611 2657 1758 2705 etiam
1786 2655 1924 2721 quod
1955 2654 2143 2702 bonum
2175 2667 2278 2699 esse
2314 2666 2390 2698 re·

213 2730 466 2791 cognoscit
488 2731 702 2796 dimittit,
729 2745 777 2782 et
793 2738 928 2801 quod
953 2756 1055 2786 non
1080 2739 1271 2786 dubitat
1294 2755 1398 2786 esse
1421 2739 1605 2786 malum
1626 2738 1756 2785 facit.
1786 2740 1844 2784 Et
1865 2736 1962 2783 hoc
1987 2744 2060 2782 est
2082 2731 2218 2799 quod
2241 2731 2386 2779 dicit:

216 2825 239 2849 «
260 2810 366 2856 Hoc
386 2826 495 2875 ago,
522 2831 544 2856 »
565 2813 616 2860 id
636 2824 709 2862 est
731 2833 834 2877 non
859 2818 983 2867 facio
999 2819 1209 2880 bonurn,
1234 2839 1257 2863 α
1275 2818 1413 2884 quod
1434 2818 1567 2878 volo,
1592 2837 1614 2863 u
1638 2818 1691 2866 id
1714 2828 1783 2865 est
1807 2816 1941 2882 quod
1965 2814 2190 2882 approbo
2213 2812 2391 2860 debere

208 2885 334 2950 fieri,
359 2900 406 2938 et
426 2892 504 2939 cui
520 2910 609 2958 per
625 2896 867 2945 rationem
889 2902 1162 2949 consentio.
1195 2920 1219 2944 c<
1240 2900 1336 2948 Sed
1355 2899 1541 2948 malum
1559 2898 1696 2964 quod
1721 2898 1823 2959 odi,
1844 2916 1869 2942 n
1899 2896 1951 2945 id
1970 2906 2041 2944 est
2063 2894 2216 2962 quod,
2241 2904 2294 2942 ut
2317 2893 2391 2942 di-

213 2978 348 3017 ctum
374 2982 462 3033 est,
496 2990 599 3022 non
634 2977 768 3039 volo,
805 2979 891 3027 sed
914 2982 1116 3029 rationis
1137 2981 1324 3047 judicio
1358 2979 1573 3047 reprobo
1608 2989 1753 3045 atque
1787 2979 1989 3027 damno.
2020 2998 2043 3022 (t
2074 2977 2124 3024 Si
2149 2986 2331 3025 autem.
2364 2996 2387 3020 2>

215 3049 356 3098 Redit
379 3051 442 3100 ad
459 3057 939 3108 commendationem
963 3061 1099 3126 legis,
1127 3072 1180 3110 ut
1202 3080 1261 3111 ex
1286 3072 1456 3110 nostro
1479 3078 1678 3128 quoque
1709 3060 1894 3125 judicio
1931 3076 2040 3108 eam
2073 3058 2257 3106 bonam
2291 3073 2393 3104 esse

214 3133 493 3198 convincat,
518 3139 632 3201 quia
655 3138 707 3185 id
725 3140 952 3190 videlicet
971 3143 1201 3209 prohibet
1217 3144 1353 3208 quod
1373 3160 1463 3192 nos
1489 3161 1579 3210 per
1592 3144 1834 3191 rationem
1870 3158 1972 3189 esse
2000 3141 2184 3189 malum
2221 3138 2393 3203 depre-

217 3209 496 3279 hendimus,
519 3218 643 3267 sicut
668 3230 741 3269 est
764 3225 1179 3290 concupiscentia,
1205 3242 1318 3274 cum
1343 3226 1408 3274 ait
1429 3243 1440 3272 z
1473 3245 1496 3269 «
1527 3228 1635 3273 Non
1665 3223 2000 3290 concupisces.
2032 3241 2057 3267 υ
2096 3224 2155 3268 Et
2176 3219 2272 3267 hoc
2299 3225 2387 3276 est,

262 3393 413 3430 'Pi-alm.
432 3407 488 3442 cx,
507 3410 539 3435 v.
562 3404 612 3438 10.
628 3422 671 3430 -
685 3407 696 3425 ²
719 3407 850 3442 Psalm.
870 3417 986 3450 cxwu,
1010 3419 1040 3445 v.
1059 3413 1114 3445 96.
