2638 3866
279 265 378 314 394
1091 258 1253 305 PETRt
1287 254 1596 305 ABAELARDI

278 382 421 415 causa
454 363 687 411 maximus
723 360 855 408 Plato
892 359 1297 426 pbilosophorum
1332 376 1427 425 prae
1459 358 1638 407 caeteris
1669 357 2038 406 commendatur
2064 357 2126 406 ab
2159 359 2415 422 omnibus,

278 464 378 494 non
416 445 569 492 solum
600 459 626 489 a
662 441 825 507 peritis
859 441 1158 489 saecularium
1193 441 1394 498 artium,
1426 456 1596 487 verum
1632 439 1774 487 etiam
1809 456 1838 487 a
1868 440 2056 511 sanctis.
2088 443 2159 487 De
2191 457 2289 504 quo
2324 443 2417 488 Au-

277 526 490 590 gustinus
529 524 578 570 in
614 523 739 570 libro
761 524 866 569 Vlll
901 520 958 568 de
994 523 1194 569 Ciuitate
1237 522 1382 568 Deffi:
1416 521 1700 578 «Mirantur,
1739 520 1920 584 inquit,
1962 520 2159 584 quidam
2194 520 2335 568 nobis
2366 522 2415 568 in

274 603 443 650 Christi
469 601 619 666 gratia
642 601 827 659 sociati,
863 617 975 647 cum
1011 598 1216 646 audiunt
1238 597 1315 646 vel
1343 597 1507 662 legunt
1532 598 1807 659 Platonem,
1833 615 1944 645 eum
1975 598 2035 645 de
2058 601 2160 645 Deo
2186 598 2275 646 ista
2307 615 2416 645 sen-

272 683 402 738 sisse,
431 699 537 745 quae
560 681 768 729 multum
787 697 1056 745 congruere
1081 679 1267 726 veritati
1291 689 1466 726 nostrae
1487 678 1731 742 religionis
1753 688 2094 743 agnoscuntur.
2123 678 2264 727 Unde
2289 695 2413 726 non-

270 762 389 809 nulli
413 772 703 828 putaverunt
738 778 868 821 eum,
906 759 1102 826 quando
1144 760 1353 826 perrexit
1387 760 1438 807 in
1471 761 1753 824 AEgyptum,
1790 759 2043 807 Jeremiam
2080 758 2299 819 audisse,
2338 759 2412 809 vel

266 843 527 908 scripturas
545 841 849 908 propheticas
862 842 911 888 in
930 840 1100 888 eadem
1125 840 1511 905 peregrinatione
1534 839 1718 904 legisse.
1746 839 1840 887 Sed
1862 839 2114 903 diligenter
2136 848 2412 905 computata

266 932 545 989 temporum
586 923 726 982 ratio,
765 939 871 987 quae
909 921 1141 969 chronica
1177 921 1377 968 historia
1410 921 1701 982 continetur,
1733 920 1983 968 Platonem
2017 920 2196 968 indicat
2232 937 2260 967 a
2290 929 2410 968 tem-

266 1020 385 1068 pore
428 1021 527 1069 quo
560 1004 867 1070 prophetavit
909 1003 1162 1064 Jeremias,
1207 1012 1403 1050 centum
1450 1002 1600 1049 ferme
1640 1018 1795 1050 annos
1830 1011 1997 1067 postea
2032 1009 2198 1048 natum
2234 1000 2405 1060 suisse3

264 1085 346 1148 qui
374 1102 485 1132 cum
508 1085 751 1149 octoginta
780 1094 827 1131 et
853 1100 1006 1131 unum
1038 1083 1248 1142 vixisset,
1281 1082 1343 1130 ab
1372 1099 1503 1129 anno
1529 1083 1696 1129 mortis
1728 1082 1828 1146 ejus
1858 1098 2111 1146 usquequo
2137 1080 2408 1132 Ptolomeus

262 1181 343 1212 rex
372 1166 565 1231 AEgypti
589 1166 847 1230 scripturas
870 1163 1175 1229 propheticas
1197 1179 1284 1228 per
1312 1163 1611 1228 septuaginta
1637 1162 1877 1222 Hebraeos,
1914 1162 1997 1226 qui
2025 1162 2167 1209 etiam
2195 1161 2406 1226 linguam

260 1260 461 1307 graecam
493 1254 727 1292 noverant
756 1243 1142 1309 interpretandas
1170 1243 1517 1307 habendasque
1546 1244 1751 1300 curavit,
1781 1243 1896 1290 anni
1925 1242 2230 1308 reperiuntur
2260 1241 2406 1290 ferme

257 1321 527 1383 sexaginta;
574 1329 869 1385 quapropter
906 1321 954 1366 in
990 1318 1070 1366 illa
1109 1319 1492 1383 peregrinatione
1527 1335 1611 1366 sua
1655 1318 1786 1366 Plato
1825 1335 1916 1366 nec
1952 1318 2206 1365 Jeremiam
2243 1317 2407 1365 videre

255 1401 414 1465 potuit
442 1410 577 1449 tanto
604 1410 715 1448 ante
742 1400 1042 1460 desunctum,
1075 1416 1167 1446 nec
1196 1399 1388 1446 easdem
1413 1399 1670 1464 scripturas
1693 1398 1849 1462 legere
1875 1398 1925 1446 in
1959 1414 2131 1462 graeco,
2168 1415 2272 1462 quae
2302 1415 2402 1446 non

256 1479 446 1528 fuerant
471 1482 519 1528 in
545 1498 752 1546 graecum
776 1480 1031 1542 translatae,
1054 1480 1145 1526 nisi
1179 1479 1318 1541 forte,
1344 1480 1458 1543 quia
1483 1479 1571 1526 fuit
1595 1479 1812 1527 acerrimi
1835 1478 1996 1538 studii,
2014 1479 2135 1526 sicut
2158 1479 2398 1544 aegyptiaS,

257 1559 319 1608 ita
354 1571 400 1608 et
436 1562 549 1609 istas
584 1579 671 1627 per
708 1562 1018 1627 interpretem
1052 1560 1287 1608 didicit.»
1326 1560 1459 1608 Adeo
1501 1570 1660 1608 autem
1698 1560 1802 1625 ipsa
1832 1559 2044 1607 Platonis
2078 1558 2206 1607 dicta
2246 1559 2402 1608 verbis

254 1642 452 1688 Domini
497 1652 641 1706 atque
683 1642 783 1706 ejus
813 1641 1142 1707 praedicationi
1178 1658 1450 1689 consonare
1487 1640 1732 1699 videntur,
1772 1650 1824 1688 ut
1861 1640 1982 1688 sicut
2021 1643 2072 1686 Β.
2115 1641 2401 1702 Augustinus

252 1720 300 1767 in
335 1722 550 1769 secundo
583 1721 640 1768 de
679 1723 910 1768 Doctrina
948 1722 1213 1768 elertlrtiana
1243 1722 1538 1788 profitentu-²,
1583 1721 1783 1784 quidam
1816 1721 2020 1769 lectores
2055 1737 2111 1767 ac
2146 1720 2400 1770 dilectores

252 1800 463 1849 Platonis
498 1803 602 1849 ausi
639 1811 752 1849 sunt
786 1803 834 1849 in
878 1812 1060 1849 tantam
1104 1819 1421 1867 prorumpere
1460 1802 1780 1863 dementiam,
1814 1802 1947 1866 quod
1982 1802 2197 1849 dicerent
2229 1819 2399 1850 omnes

249 1882 446 1928 Domini
478 1883 632 1930 nostri
669 1885 1001 1930 Jtsu-Cnmsn
1036 1883 1312 1941 sententias,
1348 1899 1468 1947 quas
1493 1883 1654 1929 mirari
1690 1892 1736 1929 et
1768 1882 2026 1947 praedicare
2050 1892 2305 1946 coguntur,
2337 1882 2396 1931 de

249 1961 458 2009 Platonis
491 1963 624 2010 libris
656 1980 768 2010 eum
803 1962 1041 2010 didicisse.
1070 1963 1193 2010 Hinc
1226 1964 1371 2010 etiam
1405 1963 1699 2011 Tholomeus
1735 1979 1816 2010 rex
1853 1963 1903 2009 in
1936 1962 2147 2010 Platonis
2190 1961 2395 2026 dogma’

246 2041 414 2089 eadem
449 2042 627 2102 videre,
664 2043 715 2090 ni
743 2043 901 2102 fal-lor,
939 2043 1095 2090 dictus
1128 2053 1215 2102 est,
1251 2044 1383 2108 quod
1416 2047 1571 2090 Deum
1604 2053 1651 2090 et
1687 2052 1914 2101 mentem,
1953 2042 2000 2089 id
2033 2052 2105 2089 est
2132 2045 2319 2089 Patrem
2348 2053 2395 2090 et

248 2122 458 2170 Verbum
500 2139 555 2170 ex
592 2122 845 2187 platonicis
879 2123 1124 2188 scripturis
1161 2123 1412 2173 didicerat.
1453 2123 1591 2171 Unde
1628 2124 1926 2188 septuaginta
1960 2125 2244 2188 Interpretes
2281 2140 2393 2171 cum

243 2202 286 2248 ei
317 2202 472 2266 legem
497 2203 826 2263 transferrent,
856 2220 1086 2251 arcanum
1119 2204 1295 2252 divinae
1328 2204 1649 2268 generationis
1671 2204 1915 2269 prudenti,
1947 2214 1998 2251 ut
2025 2203 2175 2250 Judaei
2205 2203 2388 2265 dicunt,

241 2283 443 2330 consilio
475 2284 667 2349 penitus
698 2294 971 2346 tacuerunt,
1015 2301 1076 2332 ne
1111 2286 1150 2331 si
1178 2284 1227 2332 id
1259 2301 1455 2350 quoque
1485 2284 1615 2350 apud
1648 2284 1871 2331 Hebraeos
1903 2284 2150 2349 praedicari
2182 2283 2386 2344 audiret,

241 2362 484 2428 duplicem
522 2365 823 2413 divinitatem
856 2382 958 2412 esse
993 2365 1398 2431 deprehenderet,
1428 2365 1521 2430 qui
1552 2374 1693 2413 antea
1726 2374 1912 2412 tantum
1939 2365 2203 2412 uniusDei
2233 2365 2389 2413 cultor

238 2444 471 2504 extiterat,
499 2462 589 2493 nec
613 2456 812 2511 propter
835 2446 1136 2493 Platonicum
1157 2446 1334 2510 dogma
1362 2446 1423 2492 ab
1449 2446 1629 2493 unitate
1651 2445 1847 2492 Deitatis
1865 2445 2163 2506 deviaverat,
2185 2446 2297 2492 licet
2317 2444 2386 2494 ibi

236 2524 397 2589 plures
426 2526 651 2591 distingui
679 2543 911 2592 personas
941 2527 1163 2584 audierit,
1199 2528 1342 2574 unius
1379 2536 1566 2573 tantum
1605 2526 1792 2573 deitatis
1822 2525 2146 2589 singularitate
2177 2536 2380 2574 servata.

235 2605 357 2652 Hinc
390 2607 714 2672 Hieronymus
754 2608 803 2655 in
838 2608 1044 2673 prologo
1083 2609 1367 2655 Pentateuci
1408 2606 1628 2654 meminit
1668 2605 1833 2653 dicens
1871 2626 1894 2649 ι(
1926 2622 1955 2653 a
1993 2605 2228 2672 praedictis
2264 2607 2382 2671 Sep·

232 2687 446 2748 tuaginta
481 2688 628 2735 multa
663 2688 944 2752 hujusmodi
977 2689 1192 2749 reticeri,
1221 2698 1274 2735 ut
1306 2697 1376 2735 est
1404 2687 1587 2735 issud‘:
1619 2689 1729 2734 «Ex
1761 2689 1966 2752 AEgypto
2001 2687 2172 2734 vocavi
2209 2687 2380 2735 Filium

234 2780 414 2820 meum,
439 2787 461 2811 2>
491 2777 538 2814 et
572 2769 761 2816 similia.
801 2772 862 2816 Ex
900 2786 1000 2834 quo
1035 2769 1274 2834 liquidum
1300 2779 1372 2816 est
1405 2768 1697 2815 Platonicam
1725 2777 1903 2815 sectam
1940 2766 2054 2814 fidei
2083 2777 2255 2814 sanctae
2278 2768 2378 2815 Tri·

231 2844 389 2892 nitatis
413 2847 676 2911 plurimum
709 2866 900 2914 semper
930 2851 1178 2910 assentire,
1211 2859 1258 2897 et
1286 2866 1394 2897 eam
1414 2849 1688 2914 diligentius
1719 2849 1887 2898 ceteris
1917 2848 2144 2896 omnibus
2169 2848 2378 2913 philoso-

229 2923 337 2987 phis
372 2941 399 2972 a
438 2927 636 2975 Platone
671 2939 718 2976 et
757 2931 1043 2994 sequacibus
1078 2931 1180 2995 ejus
1219 2931 1448 2994 distingui
1485 2947 1540 2978 ac
1570 2930 1791 2978 describi.
1833 2929 1973 2977 Unde
2006 2940 2053 2977 et
2087 2946 2187 2976 non
2211 2930 2376 2976 imme-

227 3003 318 3050 rito
351 3005 400 3051 in
432 3007 533 3069 ejus
562 3009 754 3057 laudem
777 3011 993 3059 Valerius
1023 3012 1257 3059 Maximus
1281 3012 1355 3058 his
1380 3013 1603 3077 prorupit
1630 3011 1816 3059 verbis⁵
1843 3029 1854 3057 :
1892 3031 1915 3057 α
1938 3010 2135 3058 Platone
2170 3009 2372 3075 parvulo

228 3082 500 3133 dormiente
536 3089 585 3134 in
622 3091 775 3149 cunis,
806 3107 920 3156 apes
956 3092 1051 3140 mel
1085 3093 1390 3140 inseruerunt
1421 3093 1522 3156 ejus
1560 3091 1753 3140 labellis.
1782 3094 1889 3150 Qua
1911 3108 1963 3139 re
1986 3091 2164 3152 audita,
2201 3089 2370 3155 prodi-

260 3293 269 3315 ῑ
288 3292 358 3326 Lib.
377 3292 545 3335 Vlchap.
563 3303 599 3327 11.
618 3294 718 3337 0pp.‚
734 3300 758 3330 t.
778 3295 849 3337 VH,
866 3298 927 3330 col.
952 3300 1021 3332 199.
1041 3317 1083 3324 —
1100 3301 1112 3319 ²
1125 3299 1195 3333 Lib.
1219 3300 1260 3344 11,
1335 3302 1508 3343 doymata.
1527 3319 1567 3326 —
1583 3301 1699 3344 ⁴osee‚
1714 3310 1786 3343 cap.
1802 3310 1838 3342 n,
1855 3309 1886 3333 v.
1905 3303 1935 3334 1.
1961 3316 1998 3324 —
2021 3299 2115 3332 6Ῡαῑ.
2132 3300 2241 3342 Ham..
2262 3301 2320 3333 tib.
2339 3300 2364 3339 1,

217 3354 288 3386 cap.
301 3354 419 3380 xxviii.
437 3347 536 3389 Opp.,
548 3347 681 3380 t.111.—-
695 3347 830 3381 ³Nonne
848 3350 1043 3390 legendum?
1060 3353 1103 3385 In
1118 3353 1263 3387 Platone
1335 3364 1408 3396 cap.
1424 3364 1467 3388 vt.
