2638 3866
260 255 353 303 584
1062 257 1235 305 PETRI
1276 257 1588 306 ABAELARDI

253 358 361 400 solet
389 358 545 415 quaeri,
571 372 626 399 an
654 357 767 398 Deus
790 357 975 416 aliquem
1007 356 1155 418 diligat
1181 357 1338 414 modo,
1373 374 1502 418 quem
1533 374 1624 401 non
1651 372 1819 419 semper
1848 360 2059 404 dilexerit.
2094 359 2178 404 Sed
2209 360 2387 404 dicimus

253 424 444 464 minime.
471 422 685 475 Quaeritur
706 422 857 475 etiam,
885 424 919 465 si
940 424 1056 466 Deus
1084 439 1233 466 omnes
1258 422 1428 484 diligat,
1453 424 1527 482 qui
1547 439 1646 467 eum
1676 424 1874 485 diligunt.
1904 425 2022 469 Non.
2055 426 2100 469 Si
2127 436 2383 486 opponatur,

253 487 370 546 quod
398 488 482 529 ait:
510 487 602 545 Ego
625 486 848 546 diligentes
870 504 940 531 me
964 488 1112 549 diligo,
1142 500 1186 532 et
1203 489 1370 542 similia,
1397 489 1598 544 dicimus,
1623 490 1743 549 quod
1764 490 1819 534 de
1845 492 2134 550 perseveranti
2158 491 2387 534 dilectione

254 553 415 594 dictum
430 562 506 594 est.
531 551 616 594 Sed
635 551 893 607 notandum,
919 554 1037 612 quod
1050 555 1097 596 in
1119 554 1350 598 dilectione
1366 555 1446 598 Dei
1468 554 1609 598 nullus
1628 555 1800 610 modus,
1824 556 1965 599 nullus
1984 555 2168 615 denique
2182 556 2388 599 terminus

252 629 315 660 est
332 627 525 660 statutus.
550 618 602 659 In
624 616 852 661 dilectione
874 634 978 662 vero
1000 620 1187 679 proximi
1211 630 1275 662 est
1295 635 1511 664 mensura.
1537 621 1709 664 Dictum
1731 632 1795 664 est
1821 623 1953 676 enim,
1976 621 2134 681 Diliges
2154 621 2389 664 Dominum

250 684 391 724 Deum
423 692 542 724 tuum
571 697 626 725 ex
657 692 748 725 toto
774 684 904 727 corde
919 716 931 738 ,
959 695 1042 727 etc.
1079 685 1145 727 Ex
1170 695 1263 727 toto
1294 685 1426 729 corde
1453 685 1614 745 diligit,
1646 687 1721 745 qui
1741 698 1914 746 paratus
1941 697 2006 730 est
2036 687 2076 730 ei
2103 686 2280 730 obedire
2310 702 2389 745 pro

251 764 372 808 posse
394 763 487 790 suo.
512 749 680 802 Cetera,
711 764 806 806 quae
835 761 1084 808 sequuntur,
1115 749 1423 794 inculcationes
1446 762 1564 805 sunt3
1594 751 1678 795 tale
1707 753 1824 795 enim
1851 763 1928 806 est,
1960 767 2009 794 ac
2030 752 2064 794 si
2092 751 2258 795 dicatur
2283 767 2293 793 ε
2319 751 2390 793 Ad

255 816 344 870 ejus
365 813 618 871 obsequium
640 814 908 872 implendum
929 826 1066 858 totam
1081 816 1365 860 intentionem
1381 827 1499 860 tuam
1522 817 1742 860 extendas.
1766 818 1818 860 In
1839 817 2066 861 dilectione
2084 833 2185 860 vero
2206 816 2391 876 proximi

253 895 454 922 mensura
476 890 555 931 est,
580 879 655 921 ubi
680 879 842 923 dictum
865 892 928 923 est
954 897 963 924 :
990 881 1150 941 Diliges
1169 882 1416 941 proximum
1438 893 1576 937 tuum,
1601 883 1707 925 sicut
1725 893 1768 925 te
1788 883 1943 941 ipsum.
1962 882 2063 925 Non
2085 883 2145 924 ait
2165 893 2388 941 quantum,

255 945 330 987 sed
356 945 478 986 sicut.
512 945 586 987 Est
606 945 735 1004 igitur
757 961 901 989 sensus
925 962 935 989 z
958 946 1065 989 illud
1091 948 1281 1001 bonum,
1310 947 1429 1005 quod
1449 947 1528 990 tibi
1549 947 1679 991 velles
1698 947 1788 990 fieri
1803 979 1814 999 ,
1837 948 1872 990 si
1901 963 2011 991 esses
2031 947 2077 989 in
2099 962 2152 990 eo
2174 947 2326 1007 gradu,
2352 947 2393 989 ei

255 1010 358 1053 velis
378 1010 423 1052 in
445 1025 497 1052 eo
521 1010 671 1070 gradu,
695 1011 740 1052 in
772 1027 859 1070 quo
888 1023 967 1055 est.
991 1013 1120 1056 Unde
1146 1012 1247 1054 alibi
1274 1028 1284 1055 :
1310 1013 1587 1071 Quaecunque
1608 1013 1748 1063 vultis,
1775 1024 1823 1055 ut
1848 1012 2006 1056 faciant
2031 1012 2155 1055 vobis
2174 1013 2390 1063 homines,

257 1075 409 1118 eadem
430 1091 506 1117 vos
536 1075 661 1118 facite
684 1075 781 1119 illis.
813 1078 971 1120 Omnia
995 1077 1205 1137 siquidem
1232 1077 1440 1121 debemus
1463 1078 1555 1120 aliis
1581 1077 1744 1130 facere,
1774 1094 1870 1137 quae
1897 1077 2102 1121 vellemus
2125 1077 2250 1120 nobis
2272 1077 2364 1120 fieri
2380 1109 2391 1130 ,

257 1144 290 1183 si
319 1156 504 1184 essemus
528 1142 573 1183 in
596 1141 752 1185 eodem
774 1143 910 1202 gradu
935 1154 977 1186 et
998 1143 1043 1185 in
1065 1142 1218 1186 eadem
1241 1142 1463 1204 dignitate.
1490 1143 1769 1202 Quaecunque
1789 1143 1914 1186 vultis
1929 1175 1940 1197 ,
1964 1142 2010 1186 id
2032 1153 2109 1198 est,
2133 1142 2390 1202 approbatis.

257 1208 299 1248 Si
323 1208 439 1249 enim
461 1206 578 1261 volo,
603 1207 709 1249 mihi
731 1207 889 1251 adduci
912 1221 1115 1263 scortum,
1138 1210 1223 1253 hoc
1244 1226 1335 1252 non
1358 1209 1570 1269 approbo.
1594 1209 1707 1252 Hinc
1732 1209 1863 1252 etiam
1884 1209 2046 1252 dictum
2068 1219 2148 1263 est,
2164 1207 2296 1262 Quod
2316 1207 2396 1250 tibi

258 1289 346 1315 non
365 1273 428 1314 vis
448 1271 556 1326 fieri,
586 1273 657 1315 alii
679 1289 768 1315 non
799 1274 964 1318 feceris.
989 1276 1185 1330 Quorum
1209 1275 1389 1319 alterum
1411 1274 1604 1317 naturale
1617 1307 1629 1327 ,
1660 1285 1708 1317 ut
1727 1275 1812 1317 hoc
1838 1290 1848 1317 :
1875 1273 2056 1317 alterum
2074 1274 2326 1333 positivum,
2349 1285 2397 1315 ut

256 1337 361 1380 illud
390 1353 399 1380 t
426 1338 703 1397 Quaecunque
732 1339 879 1394 vultis,
907 1352 956 1384 ut
977 1340 1150 1392 faciant,
1174 1352 1258 1384 etc.
1285 1340 1353 1383 Sic
1375 1355 1478 1383 vero
1508 1350 1555 1382 et
1584 1340 1700 1383 Deus
1727 1339 1966 1399 diligendus
1989 1350 2053 1382 est
2075 1351 2119 1382 et
2147 1339 2394 1398 proximus,

257 1415 303 1445 ut
315 1404 498 1446 charitas
520 1415 665 1448 nostra
687 1405 740 1448 sit
762 1406 1103 1450 ordinata.Sicut
1119 1407 1235 1449 enim
1256 1407 1371 1450 Deus
1390 1421 1481 1466 prae
1501 1404 1749 1448 hominibus
1769 1405 1910 1448 bonus
1932 1415 2015 1456 est,
2040 1405 2099 1448 sic
2120 1419 2245 1463 super
2254 1404 2397 1446 omnia

259 1469 499 1528 diligendus
521 1481 607 1517 est,
634 1481 678 1512 et
699 1471 806 1514 sicut
819 1488 908 1530 prae
933 1472 1133 1515 omnibus
1158 1471 1400 1532 diligendus
1416 1482 1502 1526 est,
1527 1471 1586 1514 sic
1605 1471 1748 1513 honor
1769 1481 1814 1514 et
1838 1470 2078 1514 reverentia
2104 1470 2240 1529 magis
2268 1479 2332 1511 est
2360 1469 2401 1512 ei

257 1534 517 1587 exhibenda,
540 1546 638 1594 post
659 1535 798 1595 ipsum
818 1538 947 1580 etiam
964 1537 1018 1581 de
1040 1537 1215 1598 singulis
1236 1539 1283 1582 in
1298 1537 1436 1598 gradu
1458 1552 1535 1580 suo
1554 1547 1618 1579 est
1633 1535 1846 1578 facienda.
1871 1535 1916 1578 Si
1931 1535 2049 1578 enim
2066 1534 2251 1594 aliquem
2272 1533 2399 1577 video

258 1602 391 1660 magis
413 1600 533 1643 bono
558 1601 737 1660 dignum
752 1635 763 1655 ,
785 1618 914 1661 quam
948 1619 1030 1664 ego
1058 1604 1160 1659 sim,
1191 1614 1235 1647 et
1266 1604 1406 1663 ipsum
1428 1603 1469 1646 ei
1489 1602 1641 1662 magiS,
1673 1616 1805 1659 quam
1833 1601 1940 1643 mihi
1972 1615 2127 1660 cupere
2150 1599 2307 1643 debeo.
2332 1599 2400 1643 Sic

260 1666 469 1725 siquidem
491 1666 599 1708 ordo
621 1667 666 1708 in
689 1668 865 1712 caritate
892 1680 1096 1722 servatur,
1118 1681 1167 1712 ut
1187 1685 1266 1729 pro
1289 1669 1450 1712 meritis
1473 1679 1517 1711 et
1535 1682 1615 1726 pro
1638 1667 1938 1711 convenientia
1959 1667 2161 1725 cujusque
2181 1665 2317 1724 magis
2334 1663 2401 1708 vel

260 1733 399 1774 minus
426 1732 472 1773 in
498 1731 671 1774 diversis
699 1733 902 1792 gradibus
924 1750 998 1778 eos
1021 1735 1263 1795 diligamus.
1287 1734 1542 1778 Notandum
1563 1743 1710 1775 tamen
1739 1732 1890 1791 (quod)
1920 1748 2021 1776 eum
2046 1731 2177 1775 talem
2205 1730 2402 1773 ordinem

259 1798 302 1840 in
329 1797 558 1840 dilectione
580 1798 763 1841 retinere
787 1799 1044 1853 debeamus,
1068 1801 1187 1859 quod
1208 1801 1343 1859 magis
1366 1800 1548 1844 debeam
1575 1797 1750 1856 diligere
1774 1798 1960 1856 aliquem
1981 1797 2250 1856 religiosum,
2274 1811 2404 1854 quam

259 1874 425 1922 patrem
454 1877 622 1917 meum,
655 1865 728 1921 qui
755 1880 844 1907 non
872 1877 935 1908 est
959 1865 1068 1908 adeo
1097 1866 1334 1925 religiosus.
1367 1867 1418 1907 In
1449 1863 1713 1907 exhibitione
1734 1863 1928 1922 profecto
1952 1863 2167 1905 charitatis
2188 1861 2310 1904 aliter
2341 1870 2403 1903 est

261 1927 526 1978 faciendum,
562 1929 686 1987 quia,
718 1930 754 1972 si
783 1946 873 1973 non
900 1947 1076 1990 possum
1111 1933 1282 1990 utrique
1319 1930 1536 1983 sufficere,
1567 1927 1630 1970 illi
1664 1943 1765 1971 sane
1801 1929 2051 1971 subtraham
2091 1938 2134 1970 et
2165 1928 2279 1986 patri
2304 1941 2404 1968 meo

260 1995 464 2037 tribuam.
496 1994 633 2055 Magis
660 1996 776 2038 enim
802 1996 848 2038 in
877 1996 1140 2043 exhibitione
1164 2012 1234 2039 me
1264 1996 1320 2039 ad
1345 2011 1420 2038 eos
1438 2008 1625 2054 quorum
1648 2009 1795 2036 curam
1817 2009 1944 2053 gero,
1972 1992 2203 2036 extendere
2232 1991 2372 2034 debeo
2389 2022 2401 2044 ,

260 2077 340 2104 nec
367 2072 512 2103 tamen
542 2071 719 2120 propter
745 2062 830 2104 hoc
856 2072 1023 2105 tantum
1049 2073 1217 2121 patrem
1243 2076 1412 2113 meum,
1446 2070 1654 2119 quantum
1687 2058 1810 2101 illum
1840 2059 1990 2119 diligo.
2022 2059 2104 2101 Hic
2137 2055 2402 2108 notandum,

260 2126 394 2184 quod,
426 2126 461 2168 si
490 2125 631 2184 aliqua
662 2125 908 2169 infirmitate
943 2138 1162 2187 superatus
1186 2128 1232 2170 in
1261 2126 1591 2169 fornicationem
1616 2124 1684 2168 vel
1712 2124 1996 2168 homicidium
2022 2122 2233 2174 incidam,
2266 2120 2335 2164 vel
2362 2121 2407 2163 in

259 2190 437 2249 aliquod
470 2191 588 2234 aliud
618 2203 856 2250 peccatum,
884 2192 1123 2236 dummodo
1154 2193 1368 2236 Christum
1397 2192 1443 2234 in
1465 2191 1750 2235 fundamento
1778 2189 1989 2243 habeam,
2014 2204 2104 2231 non
2123 2197 2299 2247 propter
2322 2187 2407 2229 hoc

260 2273 411 2299 verum
435 2268 520 2310 est,
545 2257 664 2315 quod
686 2259 827 2301 Deum
850 2275 940 2302 non
964 2258 1156 2318 diligam.
1183 2259 1299 2300 Bene
1323 2258 1438 2300 enim
1459 2272 1635 2316 possum
1657 2257 1703 2299 in
1725 2254 1868 2314 aliquo
1892 2255 2116 2298 dominum
2131 2267 2277 2295 meum
2297 2266 2406 2294 con-

258 2334 450 2364 temnere
477 2322 532 2364 ad
553 2334 737 2382 tempus,
759 2335 802 2366 et
823 2325 962 2383 ipsum
989 2340 1078 2383 prae
1103 2323 1303 2366 omnibus
1325 2322 1501 2382 diligere
1525 2334 1567 2365 et
1588 2337 1715 2382 super
1744 2320 1849 2363 alios
1879 2321 2103 2363 aestimare.
2130 2317 2271 2361 David
2293 2316 2407 2359 enim

263 2387 436 2445 quaudo
466 2387 660 2446 peccavit
686 2390 908 2432 caritatem
933 2390 1147 2443 habebat,
1182 2390 1284 2448 quia
1318 2389 1532 2431 Christum
1563 2389 1610 2433 in
1639 2386 1925 2429 fundamento
1958 2384 2164 2428 habebat.
2195 2383 2407 2424 Christum

264 2463 407 2494 autem
427 2453 471 2494 in
494 2452 777 2497 fundamento
791 2455 950 2498 habere
973 2466 1036 2498 est
1051 2455 1237 2513 aliquem
1258 2455 1317 2496 sic
1339 2469 1438 2496 eum
1463 2452 1658 2513 diligere,
1682 2451 1801 2510 quod
1823 2451 1857 2492 si
1878 2451 1919 2492 ei
1938 2450 2058 2509 optio
2082 2449 2270 2501 daretur,
2293 2447 2410 2506 prius

261 2518 525 2578 permitteret
547 2534 591 2561 se
614 2519 821 2574 interfici,
846 2536 976 2579 quam
1005 2535 1105 2562 eum
1127 2530 1319 2579 negaret.
1345 2520 1397 2560 In
1418 2518 1576 2560 talibus
1598 2532 1698 2559 cum
1718 2526 1870 2575 peccat
1891 2515 1983 2574 quis
1997 2546 2008 2568 ,
2033 2513 2139 2572 lapis
2161 2523 2223 2555 est
2247 2522 2404 2559 motus,

263 2600 353 2626 non
373 2583 556 2627 evulsus.
582 2584 721 2627 Cadat
733 2586 886 2641 justus,
908 2585 1080 2628 labatur
1099 2587 1252 2641 justus,
1277 2594 1469 2643 resurgat
1487 2585 1638 2639 justus,
1661 2581 1815 2624 melior
1830 2579 1925 2623 erit.
1949 2579 2112 2622 Sanctis
2132 2578 2248 2621 enim
2264 2576 2407 2618 omnia

263 2660 550 2709 cooperantur
565 2651 609 2692 in
631 2650 815 2694 bonum.
2239 2707 2248 2716 ⁹
2295 2707 2303 2715 .
2373 2708 2380 2714 ι

323 2716 432 2757 Cum
451 2715 579 2775 igitur
599 2716 751 2758 caritas
769 2732 935 2763 summa
957 2717 1163 2759 virtutum
1189 2717 1258 2770 sit,
1287 2727 1329 2759 et
1350 2717 1394 2758 in
1417 2731 1501 2775 qua
1523 2715 1663 2758 omnis
1685 2713 1816 2755 virtus
1838 2712 1918 2754 alia
1941 2725 2072 2772 quam
2098 2710 2191 2768 ipsa
2218 2718 2271 2749 s1t
2293 2722 2410 2751 inm-

267 2790 392 2832 tatur‚
429 2780 483 2823 de
504 2781 734 2824 virtutibus
755 2781 881 2827 latius
903 2793 946 2825 et
967 2783 1080 2825 vitiis
1101 2783 1381 2841 inquiramus.
1411 2781 1497 2824 Sed
1517 2781 1634 2840 prius
1654 2780 1739 2822 hoc
1760 2777 1814 2820 de
1835 2777 2011 2821 caritate
2033 2773 2271 2827 videamus,
2295 2770 2411 2831 quod

267 2846 524 2904 Augustinus
546 2862 722 2889 omnem
748 2848 950 2893 virtutem
972 2848 1193 2891 caritatem
1215 2863 1304 2891 esse
1325 2847 1434 2890 velle
1458 2847 1643 2889 videtur.
1663 2846 1772 2887 Cum
1795 2843 1912 2886 enim
1931 2841 2082 2885 caritas
2109 2839 2210 2881 facit
2233 2837 2411 2892 fortem,

267 2909 471 2952 fortitudo
501 2912 652 2954 caritas
681 2923 743 2955 est
770 2928 780 2955 z
814 2929 913 2956 cum
945 2913 1047 2958 facit
1074 2914 1297 2964 humilem,
1332 2912 1550 2955 humilitas
1578 2911 1827 2966 caritaslest
1853 2924 1862 2951 :
1895 2923 1994 2950 cum
2027 2905 2128 2948 facit
2153 2904 2410 2973 patientem,

268 2974 468 3030 patientia
492 2977 642 3019 caritas
663 2989 750 3032 est,
772 2989 816 3021 et
831 2979 890 3021 sic
910 2978 964 3021 de
988 2979 1095 3021 aliis.
1118 2979 1246 3022 Unde
1268 2977 1501 3038 Apostolus
1521 2993 1531 3020 ε
1556 2976 1717 3018 Caritas
1747 2974 1893 3017 omnia
1921 2972 2093 3025 suffert,
2118 2969 2265 3012 omnia
2286 2976 2412 3038 susu-

268 3049 357 3091 net,
378 3050 459 3081 etc.
484 3040 672 3094 Quidam
692 3052 839 3090 tamen
860 3044 972 3086 hane
994 3045 1294 3094 auctoritatem
1315 3042 1557 3103 Augustini,
1583 3056 1678 3100 quae
1701 3051 1763 3082 est
1787 3055 1797 3082 ι
1822 3038 1973 3082 Omnis
1998 3037 2130 3079 virtus
2152 3043 2215 3078 est
2233 3040 2383 3103 cantas
2399 3060 2410 3081 ⁷

269 3103 327 3143 sic
357 3116 593 3162 exponunt.
626 3107 776 3150 Omnis
802 3109 935 3151 virtus
958 3120 1021 3152 est
1050 3110 1227 3164 caritas,
1254 3109 1324 3152 vel
1347 3124 1400 3151 ex
1427 3108 1602 3152 caritate
1625 3122 1635 3148 ε
1659 3106 1745 3148 hoc
1775 3115 1919 3147 autem
1947 3111 2122 3162 propter
2150 3112 2221 3140 eas
2241 3103 2414 3137 virtutes

272 3181 365 3223 quae
385 3184 474 3210 non
494 3171 757 3224 voluntates,
782 3172 858 3215 sed
880 3176 1014 3234 magis
1035 3176 1240 3234 potentiae
1263 3185 1383 3226 sunt,
1408 3183 1455 3215 ut
1478 3174 1524 3215 in
1545 3171 1819 3230 sequentibus
1849 3167 2001 3211 melius
2025 3161 2262 3224 apparebit.
2288 3159 2413 3213 Quo-

269 3231 402 3274 modo
422 3233 549 3292 igitur
570 3235 805 3278 diffiniatur
830 3238 962 3280 virtus
978 3271 989 3292 ,
1009 3240 1113 3281 etin
1139 3250 1246 3298 quot
1270 3238 1528 3298 principales
1554 3247 1696 3296 partes
1727 3233 1959 3286 dividatur,
1987 3225 2312 3287 intelligendum
2335 3234 2411 3297 est.

279 3296 421 3340 Virtus
451 3309 535 3351 est,
567 3311 615 3342 ut
654 3301 772 3343 aiunt
806 3302 1074 3362 philosophi,
1107 3304 1281 3346 habitus
1307 3303 1462 3346 mentis
1501 3301 1686 3360 optimus
1713 3299 1782 3342 vel
1818 3299 1930 3341 bene
1965 3293 2204 3338 constitutae
2242 3300 2412 3333 mentis.
