2638 3866
274 230 372 277 772
1194 230 1491 280 APPENDlX
1500 266 1511 277 .

273 328 506 389 peracerba
537 326 764 370 videbatur
795 328 971 385 injuria,
1002 328 1189 388 reperire
1229 329 1415 388 aliquem
1450 329 1523 389 qui
1550 329 1643 390 pari
1674 328 1954 390 responderet
1981 328 2207 389 protervia.
2238 327 2412 371 Possem

273 402 414 461 aliqua
445 402 499 445 de
533 403 656 462 nugis
685 402 767 444 tuis
790 402 891 444 huic
919 402 1124 462 opusculo
1155 418 1210 446 ex
1244 404 1417 447 testium
1438 403 1730 464 probabilium
1761 404 2058 464 astipulatione
2094 403 2302 457 inserere,
2340 402 2415 446 sed

272 498 424 525 vereor
461 482 661 541 paginam
695 481 798 524 foedi
831 483 1064 526 commenti
1093 482 1418 542 interpositione
1452 485 1716 545 interpolari.
1750 487 1949 529 Ceterum
1982 483 2143 526 cunctis
2178 493 2281 525 nota
2308 492 2414 525 teste

272 577 361 603 non
397 561 609 621 indigent.
644 562 773 605 Illum
808 563 951 622 itaque
983 562 1306 606 commentandi
1344 575 1387 607 et
1413 564 1606 624 nugandi
1640 581 1765 609 usum
1797 565 1851 609 ad
1887 564 2079 608 divinum
2113 578 2223 622 saepe
2255 563 2414 605 instru-

269 651 463 683 mentum
491 642 690 698 accersis;
724 654 767 686 et
800 654 994 686 astruunt
1015 627 1202 703 imperiti
1236 645 1422 704 graviter
1449 655 1493 688 et
1527 642 1745 705 granditer
1780 644 1964 699 dictum,
2004 643 2123 703 quod
2157 642 2344 686 ubertim
2373 654 2416 686 et

271 720 522 780 eloquenter
548 722 708 766 effutis.
743 723 827 766 Sed
857 739 947 766 non
973 724 1033 767 sic
1061 740 1150 767 esse
1175 725 1286 768 ratio
1308 725 1544 768 necessaria
1571 725 1803 768 convincit.
1834 725 2096 783 Frequenter
2121 723 2238 767 enim
2262 722 2417 766 veritas

268 800 460 846 absolute
488 814 532 846 et
553 804 727 864 illepide
747 804 982 864 profertur,
1005 816 1048 848 et
1070 805 1227 848 falsitas
1250 805 1484 865 plausibilis
1508 805 1668 865 eloquii
1692 807 1895 849 comitate
1917 804 2260 848 commendatur.
2286 803 2416 846 Simi-

267 881 411 940 lesque
439 895 558 938 sunt,
597 895 644 927 ut
671 885 730 927 ait
757 885 1019 945 Augustinus
1033 918 1044 940 ,
1069 885 1314 945 simplicitas
1337 885 1511 929 dicendi
1539 896 1583 929 et
1608 885 1852 945 eloquentia
1881 886 1990 929 vasis
2017 884 2240 928 rusticanis
2268 894 2312 927 et
2338 899 2415 926 ur-

265 960 388 1004 banis
413 978 422 1005 :
448 963 604 1006 falsitas
627 979 730 1007 vero
748 975 792 1007 et
813 964 984 1019 veritas,
1005 963 1174 1007 ferculis
1196 963 1350 1008 vilibus
1373 975 1416 1008 et
1432 965 1649 1024 preciosis,
1670 965 1863 1024 Utraque
1881 976 2024 1008 autem
2047 963 2205 1008 fercula
2227 964 2415 1023 utrisque

265 1051 443 1097 possunt
463 1041 571 1083 vasis
592 1040 839 1083 ministrari.
859 1040 1009 1100 Neque
1032 1042 1116 1084 hoc
1138 1041 1238 1084 ideo
1263 1040 1463 1097 dixerim,
1488 1052 1538 1084 ut
1554 1053 1597 1085 te
1620 1042 1858 1085 notabilem
1882 1053 1925 1085 et
1946 1052 2189 1101 suspectum
2209 1038 2412 1095 reddam3

265 1117 341 1161 sed
364 1130 411 1161 ut
431 1120 655 1163 veritatem
685 1136 774 1162 non
798 1121 844 1162 in
867 1121 1062 1163 omnium
1095 1120 1300 1164 facundia
1329 1137 1419 1164 esse
1447 1120 1694 1181 simpliciter
1721 1132 1925 1165 astruam.
1949 1120 2035 1164 Sed
2053 1135 2179 1180 super
2200 1119 2285 1162 hoc
2306 1118 2414 1162 hac-

264 1208 388 1240 tenus
415 1215 424 1242 :
461 1199 517 1242 ad
556 1199 719 1259 reliqua
753 1200 896 1259 potius
929 1210 1208 1245 transeamus.
1249 1201 1515 1244 Iamdudum
1548 1201 1845 1244 sanctitudinis
1883 1212 1967 1244 tuae
2003 1199 2184 1243 odorem
2219 1199 2305 1242 ales
2338 1213 2415 1258 per

265 1278 416 1321 orbem
455 1279 570 1322 fama
607 1280 826 1340 dispersit,
864 1281 1166 1340 praeconizavit
1202 1282 1376 1337 merita,
1415 1281 1622 1325 miracula
1656 1280 1923 1325 declamavit.
1959 1279 2117 1324 Felicia
2147 1278 2415 1336 jactabamus

264 1357 474 1402 moderna
504 1360 646 1402 secula
675 1371 765 1402 tam
794 1361 960 1403 corusci
985 1360 1134 1404 sideris
1163 1373 1386 1406 venustata
1413 1363 1577 1415 nitore,
1606 1361 1903 1420 mundumque
1925 1362 2016 1418 jam
2043 1359 2238 1403 debitum
2265 1358 2414 1419 perdi-

262 1438 371 1481 tioni
401 1440 485 1483 tuis
513 1440 675 1483 meritis
706 1440 932 1484 subsistere
964 1441 1238 1501 putabamuS.
1277 1441 1564 1502 Sperabamus
1591 1443 1636 1485 in
1663 1442 1823 1502 linguae
1852 1452 1937 1484 tuae
1963 1439 2138 1483 arbitrio
2159 1439 2261 1482 *coeli
2289 1438 2414 1483 sitam

262 1518 556 1572 clementiam,
584 1520 691 1563 aeris
720 1521 988 1580 temperiem,
1024 1521 1265 1565 ubertatem
1294 1533 1444 1577 terrae,
1474 1523 1692 1571 fructuum
1720 1521 2086 1565 benedictionem.
2119 1520 2256 1578 Caput
2290 1529 2414 1562 tuum

261 1599 397 1642 nubes
418 1600 639 1660 tangebat.
659 1601 713 1642 Et
729 1602 850 1658 juxta
869 1601 1044 1661 vulgare
1067 1602 1359 1661 proverbium,
1384 1603 1495 1646 rami
1519 1603 1583 1645 tui
1609 1602 1783 1644 umbras
1800 1601 2015 1644 montium
2037 1598 2410 1642 transcendebant.

261 1679 329 1722 Sic
352 1679 426 1722 diu
441 1681 598 1735 vixisti,
620 1681 679 1723 sic
697 1681 933 1726 Ecclesiam
954 1684 1077 1726 castis
1099 1683 1436 1727 institutionibus
1458 1683 1722 1738 informasti,
1750 1693 1798 1726 ut
1815 1681 1872 1726 ad
1894 1680 2153 1725 semicinctia
2178 1690 2251 1724 tua
2270 1680 2412 1739 rugire

265 1759 486 1803 daemones
509 1771 844 1815 autumaremus,
868 1773 909 1805 et
927 1763 1124 1806 beatulos
1146 1779 1225 1806 nos
1244 1774 1365 1806 tanto
1388 1764 1671 1823 gloriaremur
1691 1775 1891 1823 patrono.

321 1840 447 1883 Nunc
465 1873 476 1895 ,
501 1841 613 1899 proh
636 1840 785 1883 dolor!
810 1842 949 1900 patuit
971 1841 1090 1900 quod
1118 1842 1300 1896 latebat,
1326 1853 1370 1885 et
1392 1843 1559 1885 colubri
1580 1845 1770 1902 soporati
1792 1844 1969 1886 tandem
1993 1843 2164 1885 aculeos
2185 1841 2407 1884 suscitasti.

260 1920 435 1963 Omissis
454 1921 671 1974 omnibus,
696 1921 873 1964 Petrum
894 1921 1173 1965 Abaelardum
1194 1924 1313 1982 quasi
1335 1924 1504 1983 signum
1521 1922 1577 1966 ad
1599 1923 1796 1983 sagittam
1818 1922 2009 1982 posuisti,
2029 1922 2073 1964 in
2097 1936 2225 1981 quem
2245 1920 2410 1963 acerbi·-

259 1999 356 2042 tatis
379 2010 464 2042 tuae
487 2001 601 2043 virus
634 2016 854 2044 evomeres
869 2034 880 2056 ,
906 2018 1036 2060 quem
1060 2001 1114 2046 de
1136 2013 1250 2046 terra
1279 2004 1513 2047 viventium
1534 2002 1731 2057 tolleres,
1764 2018 1895 2061 quem
1917 2002 2029 2046 inter
2051 2012 2242 2044 mortuos
2270 1999 2410 2044 collo·-

260 2096 391 2123 cares.
424 2081 668 2141 Corrogatis
690 2081 991 2141 undecumque
1014 2083 1236 2142 Episcopis
1266 2099 1366 2126 eum
1395 2083 1442 2126 in
1470 2071 1707 2126 Senonensi
1722 2082 1922 2126 Concilio
1952 2082 2189 2125 hereticum
2218 2096 2413 2141 pronun-

259 2161 378 2203 ciasti
393 2193 404 2214 ,
438 2160 493 2203 ab
524 2172 645 2204 utero
677 2163 825 2204 matris
854 2161 1053 2205 Ecclesiae
1085 2163 1203 2205 velut
1234 2163 1435 2206 aborsum
1457 2163 1702 2224 praecidisti.
1734 2164 1787 2206 In
1813 2163 1881 2207 via
1903 2163 2059 2206 Christi
2089 2161 2380 2206 ambulantem
2397 2194 2409 2216 ‚

259 2252 465 2300 tanquam
503 2242 676 2285 sicarius
710 2242 765 2286 de
803 2244 972 2286 occulto
1011 2243 1230 2303 prodiens,
1271 2244 1416 2287 tunica
1456 2243 1704 2287 inconsutili
1742 2244 1945 2304 spoliasti.
1987 2243 2321 2286 Concionabaris
2355 2242 2411 2286 ad

259 2322 492 2381 populum,
530 2333 578 2364 ut
614 2324 856 2366 orationem
892 2323 1096 2367 funderet.
1128 2324 1184 2367 ad
1214 2325 1356 2368 Deum
1388 2341 1469 2385 pro
1505 2341 1557 2368 eo
1586 2340 1596 2368 z
1630 2325 1807 2367 interius
1842 2335 1986 2367 autem
2021 2323 2276 2383 disponebas
2311 2338 2411 2366 eum

260 2402 619 2460 proscribendum
651 2403 706 2446 ab
735 2404 840 2446 orbe
872 2405 1128 2448 Christiano.
1155 2405 1273 2460 Quid
1299 2405 1450 2466 vulgus
1481 2403 1666 2449 faceret?
1696 2403 1802 2463 quid
1826 2403 1976 2464 vulgus
2009 2414 2171 2458 oraret,
2203 2419 2302 2446 cum
2331 2418 2410 2463 pro

259 2497 346 2539 quo
379 2493 488 2526 esset
516 2483 731 2526 orandum
760 2484 968 2527 nesciret?
990 2486 1057 2528 Tu
1079 2485 1143 2528 vir
1163 2486 1269 2541 Dei,
1297 2487 1371 2545 qui
1398 2485 1605 2529 miracula
1632 2485 1807 2539 feceraS‚
1839 2485 1913 2543 qui
1942 2483 1998 2527 ad
2019 2484 2151 2543 pedes
2179 2483 2278 2527 Jesu
2310 2498 2410 2526 cum

258 2561 396 2605 Maria
432 2562 637 2617 sedebas,
674 2565 748 2623 qui
783 2565 1066 2608 conservabas
1104 2567 1253 2609 omnia
1284 2567 1417 2610 verba
1450 2567 1542 2610 haec
1577 2566 1623 2608 in
1660 2564 1792 2608 corde
1827 2575 1929 2619 tuo,
1968 2564 2242 2624 purissimum
2279 2578 2408 2606 sacrae

261 2647 465 2689 orationis
494 2648 592 2690 thus
624 2663 771 2691 coram
801 2650 994 2708 supernis
1030 2649 1252 2692 obtutibus
1286 2649 1459 2694 adolere
1494 2649 1698 2703 deberes,
1732 2658 1781 2690 ut
1809 2663 1906 2691 reus
1937 2648 2087 2690 Petrus
2116 2647 2406 2707 resipisceret,

262 2736 304 2767 et
335 2726 429 2769 talis
455 2727 693 2771 efficeretur
722 2744 851 2787 quem
877 2728 995 2772 nulla
1030 2731 1212 2790 suspicio
1240 2731 1501 2790 inquinaret.
1528 2730 1615 2774 Sed
1640 2729 1819 2772 forsitan
1849 2728 2040 2771 malebas
2066 2728 2220 2781 talem,
2246 2728 2289 2769 in
2323 2741 2409 2787 quo

261 2807 600 2864 reprehensionis
630 2807 835 2851 idoneam
873 2811 1173 2854 nanciscereris
1207 2813 1494 2855 occasionem.
1528 2810 1723 2869 Denique
1758 2820 1856 2870 post
1891 2808 2123 2869 prandium
2161 2807 2311 2850 allatus
2345 2817 2409 2849 est

259 2882 368 2927 liber
389 2886 524 2940 Petri,
559 2899 603 2931 et
631 2889 803 2932 cuidam
825 2902 1089 2950 praeceptum
1113 2903 1176 2934 est
1197 2903 1245 2934 ut
1273 2908 1380 2936 voce
1403 2892 1590 2935 clamosa
1611 2891 1728 2934 Petri
1756 2889 1959 2949 opuscula
1981 2898 2246 2948 personaret.
2270 2887 2328 2929 At
2341 2885 2412 2928 ille

261 2975 304 3006 et
331 2965 447 3008 Petri
469 2967 571 3010 odio
597 2970 824 3024 animatus,
850 2981 892 3013 et
910 2971 1006 3014 vitis
1033 2972 1224 3031 germine
1247 2973 1470 3033 irrigatus;
1502 2989 1592 3016 non
1619 2971 1729 3014 illius
1753 2971 1829 3029 qui
1855 2968 1984 3013 dixit*
2013 2984 2023 3012 t
2050 2989 2066 3006 α
2087 2969 2179 3028 Ego
2202 2982 2296 3010 sum
2317 2966 2412 3008 vitis

260 3060 383 3099 vera,
407 3065 424 3083 »
461 3047 536 3089 sed
569 3046 680 3091 illius
712 3049 785 3107 qui
817 3052 1105 3109 patriarcham
1151 3052 1317 3096 nudum
1353 3054 1499 3097 stravit
1530 3054 1576 3095 in
1609 3067 1732 3106 area,
1767 3050 1962 3094 sonorius
1993 3064 2122 3108 quam
2155 3047 2413 3108 postulatum

261 3124 399 3168 fuerat
427 3127 694 3172 exclamavit.
719 3129 822 3173 Post
855 3131 995 3190 aliqua
1022 3132 1244 3191 pontifices
1279 3134 1507 3190 insultare,
1532 3133 1689 3194 pedem
1715 3131 1817 3191 pedi
1846 3129 2102 3191 applodere,
2137 3128 2297 3182 ridere,
2323 3141 2408 3168 nu-

302 3305 426 3347 ¹Joan.‚
443 3315 514 3347 cap.
532 3316 588 3348 xv,
606 3316 635 3340 v,
658 3309 686 3341 1.
