2638 3866
941 254 1286 304 THEOLOGIA
1332 256 1682 307 CHRISTIANA
1692 294 1702 304 .
2048 232 2050 234 ι
2304 261 2399 309 535

247 371 304 402 ex
328 370 379 401 se
402 363 614 418 generat,
644 364 691 402 et
712 363 824 402 ante
844 370 1039 401 omnem
1065 356 1358 404 intellectum
1378 368 1592 422 generat,
1618 370 1666 406 ut
1687 361 1817 408 Deus
1841 377 1981 408 verus
2001 362 2159 409 Deum
2176 379 2397 410 verum.»

244 435 568 499 Hieronymus
591 435 640 481 in
665 434 954 482 diffinitione
978 434 1088 482 fidei
1117 436 1363 486 catholicae
1392 440 1664 506 Nicaenique
1688 440 1901 505 Symboli
1949 459 1959 487 :
1985 462 2006 484 α
2029 441 2174 500 Quod
2204 442 2265 490 de
2285 443 2399 490 sub-

244 516 418 563 stantia
440 515 590 563 Patris
610 525 752 564 natus
773 524 843 562 est
867 532 1074 581 semper,
1102 516 1204 581 ipse
1223 519 1287 564 ait
1310 520 1528 567 Salvator
1547 521 1595 567 in
1623 521 1901 584 Evangelio¹
1921 559 1932 581 ,
1961 542 1982 565 «
1999 522 2143 580 Quod
2168 523 2403 571 nascitur¹

244 612 302 644 ex
325 611 471 644 carne
493 611 607 643 caro
641 606 736 654 est,
765 604 812 643 et
841 595 973 660 quod
999 597 1213 644 nascitur
1244 598 1304 646 de
1328 600 1506 665 Spiritu
1538 601 1731 666 spiritus
1763 610 1859 660 est,
1887 603 2118 666 quoniam
2144 606 2272 650 Deus
2304 604 2400 670 spi-

243 677 363 724 ritus
385 686 474 725 est.
498 695 522 721 »
544 676 832 741 Augustinus
850 674 910 722 de
933 677 1168 724 Tn'nz'tate
1192 677 1315 726 libro
1335 682 1394 741 V,
1423 681 1579 746 capite
1598 682 1708 727 xn1³
1731 698 1741 727 t
1774 703 1792 725 ιι
1818 682 1864 728 Si
1891 682 2088 746 gignens
2115 683 2174 730 ad
2194 684 2243 730 id
2264 683 2398 748 quod

245 757 394 821 gignit
424 757 735 823 principium,
774 759 910 804 Pater
937 756 997 804 ad
1025 757 1197 805 Filium
1225 761 1518 826 principium
1548 771 1636 823 est,
1670 762 1783 826 quia
1812 763 1960 826 gignit
1985 779 2113 810 eum.
2137 784 2160 807 n
2183 763 2316 811 Idem
2348 765 2396 811 in

242 839 477 886 Sermone
501 836 560 884 de
588 840 624 884 S
615 836 841 902 ymbolo:
875 858 898 881 «
919 837 1078 885 Multis
1107 838 1239 886 libris
1269 840 1596 889 disseruerunt
1622 842 1752 890 docti
1775 852 1822 889 et
1851 843 2087 909 spiritales
2119 844 2236 900 viri,
2265 845 2397 909 quod

242 917 321 966 ille
345 918 549 982 genitor,
577 918 656 966 ille
693 919 899 983 genitus.
935 918 1017 966 llle
1046 918 1192 984 hujus
1225 922 1535 987 principium,
1570 922 1704 970 unde
1733 932 1780 969 et
1814 934 1958 989 caput
1993 923 2167 991 Christi
2203 923 2393 985 dicitur,

243 1000 460 1063 quamvis
488 1010 536 1047 et
560 999 775 1047 Christus
794 1000 1105 1065 principium,
1142 1001 1228 1048 sed
1251 1018 1351 1049 non
1383 1004 1546 1051 Patris.
1575 1004 1662 1051 Hic
1684 1020 1800 1051 vero
1829 1003 1954 1051 illius
1979 1000 2398 1068 imago}*.'(1uamvis

240 1079 377 1128 nulla
402 1097 459 1128 ex
487 1090 623 1146 parte
646 1081 889 1129 dissimilis
908 1091 955 1128 et
976 1081 1178 1130 omnino
1207 1083 1535 1131 indifferenter
1557 1083 1751 1149 aequalis
1773 1083 1917 1131 Filius
1948 1085 2073 1132 Patri
2097 1084 2242 1132 debet
2263 1087 2396 1150 quod

241 1169 312 1208 est
341 1179 352 1208 ε
378 1160 474 1209 hoc
506 1162 652 1209 etiam
671 1161 854 1210 debens
882 1163 1052 1227 utique
1078 1163 1220 1226 Patri,
1255 1164 1388 1228 quod
1414 1165 1540 1212 Patri
1572 1164 1767 1229 aequalis
1790 1175 1860 1213 est
1888 1183 1898 1211 :
1922 1167 2059 1213 Pater
2086 1176 2247 1213 autem
2279 1167 2397 1213 nulli

241 1240 386 1289 debet
408 1241 644 1308 quidquid
669 1251 757 1290 est.
784 1265 808 1287 2>

306 1323 584 1371 Notandum
619 1340 817 1389 quoque
847 1323 981 1389 quod
1017 1324 1258 1389 Sapientia
1292 1324 1459 1383 Patris,
1485 1325 1562 1372 vel
1593 1328 1741 1372 Amor
1779 1325 1927 1372 Patris
1956 1336 2003 1373 et
2032 1326 2153 1385 Filii,
2187 1343 2300 1374 cum
2335 1326 2395 1374 ad

241 1401 598 1452 distinctionem
631 1421 950 1470 personarum
988 1405 1089 1452 Filii
1122 1415 1169 1451 et
1197 1405 1401 1471 Spiritus
1426 1406 1577 1453 sancti
1609 1405 1943 1470 proferantur,
1972 1407 2094 1454 sicut
2121 1416 2168 1454 et
2195 1407 2396 1472 Spiritus

240 1494 436 1531 sanctus
460 1485 522 1532 ad
550 1485 909 1533 distinctionem
931 1486 1079 1533 tertiae
1098 1502 1333 1551 personae,
1356 1496 1605 1551 tamquam
1624 1486 1823 1551 propria
1844 1486 2057 1551 ipsarum
2079 1503 2394 1553 personarum

239 1565 442 1613 nomina
464 1565 662 1614 relative
683 1575 953 1632 ponuntur,
984 1575 1036 1613 ut
1056 1566 1149 1614 tale
1173 1566 1233 1614 sit
1255 1566 1389 1632 quod
1410 1566 1599 1614 dicatur
1619 1566 1861 1632 Sapientia
1882 1567 2050 1629 Patris,
2077 1583 2134 1615 ac
2150 1567 2189 1614 si
2211 1567 2398 1614 dicatur

240 1661 298 1692 ex
334 1647 472 1693 Patre
502 1648 689 1712 genita,.
716 1647 851 1712 quod
880 1656 951 1694 est
969 1647 1183 1695 Verbum
1216 1648 1394 1714 ipsum,
1423 1647 1472 1694 id
1503 1657 1573 1694 est
1601 1647 1768 1705 Filius;
1802 1657 1850 1694 et
1881 1647 2014 1711 quod
2042 1647 2218 1695 dicitur
2250 1650 2397 1694 Amor

239 1726 391 1773 Patris
407 1727 483 1774 vel
502 1728 623 1789 Filii,
651 1744 709 1776 ac
731 1728 770 1775 si
796 1728 986 1775 dicatur
1007 1744 1066 1775 ex
1091 1728 1158 1775 eis
1177 1727 1466 1793 procedens,
1493 1727 1590 1774 hoc
1613 1736 1684 1774 est
1708 1729 1846 1775 tertia
1866 1728 1948 1776 illa
1970 1744 2177 1794 persona
2197 1728 2398 1793 Spiritus

236 1817 446 1854 sanctus.
474 1810 534 1855 Et
556 1810 625 1856 sic
649 1808 849 1874 quidem
873 1807 992 1855 dum
1023 1808 1219 1855 relative
1243 1817 1495 1873 ponuntur
1527 1808 1627 1854 istae
1650 1809 1911 1869 orationes,
1936 1809 2035 1855 vim
2069 1808 2251 1856 habent
2281 1824 2394 1873 pro-

235 1886 455 1952 priorum
491 1890 750 1936 nominum
784 1889 1081 1953 singularum
1114 1905 1451 1953 personarum,
1482 1889 1603 1936 sicut
1633 1898 1680 1935 et
1715 1889 1918 1954 Spiritus
1950 1898 2158 1949 sanctus,
2195 1888 2394 1953 quando

234 1983 323 2032 per
357 1970 720 2033 processionem
745 1969 939 2017 dicitur.
979 1970 1028 2016 Si
1050 1986 1166 2017 vero
1195 1970 1384 2017 dicatur
1413 1970 1619 2035 Spiritus
1652 1979 1846 2017 sanctus
1877 1970 2201 2017 communiter
2222 1979 2268 2016 et
2294 1986 2393 2015 non

234 2050 459 2114 proprie,
497 2050 594 2098 hoc
625 2061 698 2098 est
729 2051 996 2098 secundum
1023 2050 1119 2097 hoc
1142 2050 1277 2115 quod
1306 2050 1509 2115 quilibet
1540 2050 1742 2115 Spiritus
1770 2049 1930 2097 bonus
1954 2051 2159 2115 Spiritus
2187 2049 2292 2096 talis
2325 2059 2394 2096 est

235 2130 319 2194 qui
354 2131 416 2178 sit
439 2141 650 2193 sanctus,
681 2141 729 2179 et
753 2148 852 2179 non
880 2130 1150 2179 secundum
1177 2132 1525 2196 proprietatem
1559 2131 1879 2194 processionis
1915 2131 2062 2177 tertiae
2090 2130 2139 2176 in
2163 2129 2393 2176 Trinitate

235 2227 483 2275 personae,
522 2212 633 2259 licet
650 2212 786 2276 juxta
818 2211 1016 2259 beatum
1055 2227 1251 2275 quoque
1289 2211 1623 2274 Augustinum,
1662 2219 1761 2257 tam
1799 2213 1986 2258 Patrem
2024 2210 2169 2256 etiam
2200 2209 2389 2274 ipsum,

234 2307 382 2356 quam
406 2291 580 2339 Filium
600 2293 695 2340 dici
715 2293 947 2358 Spiritum
966 2302 1204 2339 sanctum.
1231 2292 1308 2338 Sic
1329 2291 1528 2338 fortasse
1549 2300 1595 2337 et
1618 2307 1730 2337 cum
1754 2290 1930 2338 dicitur
1949 2290 2194 2355 Sapientia
2220 2290 2388 2348 Patris,
2428 2344 2430 2347 ξ

234 2372 310 2420 vel
332 2376 483 2420 Amor
513 2373 679 2433 Patris,
713 2391 813 2421 non
841 2373 1039 2421 relative
1061 2373 1186 2419 inter
1208 2387 1440 2438 personas
1465 2371 1527 2418 ad
1551 2371 1758 2418 invicem
1774 2409 1786 2432 ,
1815 2381 1868 2418 ut
1891 2371 2113 2418 videlicet
2134 2371 2208 2417 vel
2243 2386 2392 2434 gene-

233 2453 472 2500 rationem
505 2454 607 2501 Filii
630 2455 704 2502 vel
734 2454 1097 2520 processionem
1123 2453 1327 2518 Spiritus
1363 2452 1757 2511 determinemus,
1794 2452 1971 2499 scilicet
2001 2452 2067 2498 ita
2090 2451 2387 2516 simpliciter,

232 2549 291 2582 ac
319 2535 358 2582 si
391 2533 661 2582 diceremus
687 2553 697 2582 :
726 2535 972 2601 Sapientia
1002 2534 1107 2599 ipsa
1130 2550 1238 2597 quae
1264 2543 1335 2580 est
1368 2533 1537 2593 Patris,
1576 2531 1650 2579 vel
1684 2535 1828 2579 Amor
1858 2533 1959 2598 ipse
1993 2532 2078 2595 qui
2107 2541 2177 2578 est
2208 2530 2387 2588 Patris,

232 2615 384 2677 immo
419 2625 468 2662 et
496 2616 598 2680 ipse
633 2625 704 2663 est
737 2619 896 2676 Pater,
933 2614 1055 2662 nihil
1089 2614 1292 2680 impedit
1324 2614 1419 2661 dici
1441 2613 1517 2661 vel
1549 2615 1711 2679 ipsum
1736 2615 1924 2660 Patrem
1959 2629 2061 2660 esse
2096 2610 2389 2676 Sapientiam

233 2696 323 2752 sui,
349 2695 446 2742 hoc
476 2703 547 2743 est
571 2713 678 2743 eam
709 2697 864 2761 ipsam
896 2696 1193 2761 Sapientiam
1222 2710 1319 2759 qua
1347 2695 1547 2759 Sapiens
1576 2704 1662 2754 est,
1689 2694 1840 2740 immo
1867 2703 1914 2739 et
1942 2709 2049 2757 quae
2070 2692 2171 2758 ipse
2199 2702 2287 2750 est,
2311 2692 2385 2738 cui

229 2776 365 2840 juxta
392 2776 710 2839 Augustinum
736 2777 898 2837 etiam,
927 2775 1056 2823 idem
1088 2785 1158 2822 est
1179 2790 1347 2839 sapere
1371 2774 1505 2838 quod
1525 2790 1654 2834 esse;
1684 2783 1731 2820 et
1752 2775 1816 2820 ita
1838 2774 1959 2820 sicut
1982 2773 2031 2819 in
2059 2773 2217 2837 seipso
2241 2771 2388 2819 habet

231 2871 401 2921 sapere
434 2872 534 2902 non
575 2854 639 2902 ad
677 2855 835 2916 aliud,
871 2854 949 2901 vel
982 2855 1144 2920 ipsum
1181 2854 1398 2901 similiter
1433 2853 1607 2900 Filium
1644 2852 1720 2900 vel
1758 2853 1992 2918 Spiritum
2031 2862 2250 2900 sanctum
2286 2869 2388 2899 esse

232 2937 387 3002 ipsam
423 2952 560 2983 suam
597 2935 915 3001 Sapientiam,
959 2944 1007 2982 et
1048 2950 1444 3000 unamquamque
1481 2949 1739 2999 personam
1774 2932 1870 2981 hoc
1903 2932 2054 2981 modo
2095 2933 2388 2998 Sapientiam

233 3034 340 3081 quae
375 3027 445 3065 est
483 3017 862 3081 uniuscujusque
898 3032 1133 3081 personoe,
1174 3015 1251 3062 vel
1285 3018 1511 3062 Amorem
1551 3013 1767 3061 similiter
1801 3014 1886 3078 qui
1920 3014 1978 3060 sit
2013 3013 2389 3077 uniuscujusque

232 3114 581 3164 personarum,
618 3114 731 3145 cum
766 3112 1067 3161 unaquaeque
1101 3112 1418 3162 personarum
1453 3105 1500 3143 et
1533 3093 1818 3145 sapientiam
1851 3093 2030 3142 habeat
2063 3104 2108 3141 et
2145 3110 2380 3152 amorem,

280 3308 286 3324 ¹
310 3305 418 3345 joam,
449 3315 522 3347 cap.
550 3315 586 3347 v,
621 3314 652 3337 v.
687 3306 719 3338 6.
748 3321 789 3329 —
808 3304 820 3323 ²
848 3304 912 3344 Ap.
936 3302 1093 3336 Joannem
1113 3314 1122 3336 ε
1143 3303 1238 3342 Quod
1270 3306 1391 3335 natum
1428 3305 1475 3335 est
1506 3310 1545 3334 ex
1584 3309 1738 3335 carna...
1774 3301 1871 3339 Quod
1901 3306 2022 3335 natum
2053 3305 2098 3334 est
2130 3302 2168 3333 de
2190 3300 2326 3341 spiritu.
2346 3317 2381 3322 -

232 3361 244 3380 ³
267 3361 350 3402 Opp.
371 3365 394 3392 t.
415 3359 498 3392 thl.
