2638 3866
303 239 400 286 332
1112 217 1282 283 mm
1319 236 1635 286 AssAELARm

303 339 497 404 quidem
538 334 830 400 glorificant,
867 335 1004 399 juxta
1040 335 1160 383 illud
1204 336 1465 398 Veritatis¹,
1515 357 1538 381 ε(
1565 339 1787 400 Luceant
1813 353 1962 402 opera
2001 349 2154 388 vestra
2189 341 2348 404 bona,
2389 330 2439 391 ut

302 418 566 484 glorificent
587 425 772 482 patrem
805 425 1014 463 vestrum
1037 415 1120 480 qui
1143 416 1192 462 in
1219 415 1348 464 coelis
1380 426 1464 463 est.
1486 435 1509 461 »
1534 418 1664 463 Mors
1688 416 1890 481 'quoque
1908 418 2148 482 justorum
2173 422 2437 470 Dominum

302 498 551 563 glorificat,
595 497 718 544 sicut
756 495 816 543 de
856 500 995 558 Petro
1032 496 1227 544 dicitur-²
1265 518 1288 542 <c
1309 496 1581 563 significans
1614 514 1709 562 qua
1748 507 1903 551 morte
1937 499 2280 549 clarificaturus
2317 514 2439 551 esset

300 567 472 640 Deum,
493 599 515 622 »
546 577 743 643 quando
774 594 863 625 nec
885 577 935 624 in
959 577 1084 625 exitu
1111 594 1306 643 quoque
1330 593 1417 624 suo
1436 577 1591 641 justus
1619 594 1647 625 a
1668 578 1810 626 bonis
1833 579 2061 644 operibus
2083 590 2131 628 et
2153 582 2371 630 oratione
2393 564 2440 631 et

300 677 327 707 a
350 658 491 706 laude
517 659 590 716 sui
610 658 836 719 creatoris
864 668 1031 719 cessat.
1056 661 1208 706 Tanto
1233 658 1362 705 enim
1394 658 1624 707 sollicitus
1651 660 1855 725 quisque
1882 677 1932 708 se
1963 647 2220 727 praeparat,
2255 674 2438 728 quanto

300 739 504 805 amplius
544 738 607 788 ad
644 756 835 787 coronae
869 756 963 787 suae
1000 739 1359 805 perceptionem
1395 740 1716 805 propinquat.
1754 740 1854 788 Sibi
1886 741 2045 789 vivere
2079 742 2155 790 vel
2189 742 2280 791 sibi
2314 745 2439 791 mori

300 821 490 882 dicitur,
514 821 597 885 qui
617 821 678 869 ad
697 821 956 868 commoda
979 837 1063 869 sua
1087 820 1163 884 vel
1185 829 1384 887 propter
1413 820 1614 885 gloriam
1636 822 1797 887 potius
1830 839 1975 890 quam
1999 822 2060 870 ad
2085 822 2326 871 honorem
2347 826 2439 874 Dei

299 900 558 967 disponere
585 901 809 949 intendit.
843 901 979 949 Multi
1013 901 1192 948 etenim
1223 910 1379 949 morte
1413 918 1610 966 quoque
1646 918 1733 950 sua
1763 903 2146 967 magnitudinem
2185 905 2333 952 animi
2365 906 2439 953 sui

299 991 609 1043 ostentantes,
637 980 839 1047 gloriam
869 982 960 1029 sibi
984 982 1231 1047 acquirere
1260 982 1531 1047 cupierunt,
1561 982 1636 1030 vel
1672 982 1764 1030 sibi
1800 984 1945 1031 etiam
1976 984 2235 1033 inferentes
2267 1002 2438 1034 manus

298 1072 452 1116 morte
475 1063 713 1111 cruciatus
736 1079 849 1109 suos
872 1061 1113 1110 finiendos
1135 1079 1235 1110 esse
1251 1062 1578 1110 crediderunt.
2434 1119 2439 1129 Ι

367 1163 390 1188 «
414 1144 520 1191 Sive
541 1161 671 1207 ergo.
697 1164 721 1187 υ
750 1143 1156 1208 Quandoquidem
1184 1144 1362 1191 scilicet
1384 1161 1473 1191 nos
1506 1143 1666 1201 electi,
1699 1146 1829 1206 Dec,
1864 1162 1962 1193 non
1987 1145 2153 1207 nobis,
2182 1155 2233 1193 ut
2255 1145 2437 1213 dictum

298 1234 389 1285 est,
423 1224 630 1272 vivimus
660 1232 744 1271 aut
770 1223 1024 1270 morimur.
1065 1227 1128 1271 Ac
1153 1240 1240 1289 per
1261 1224 1357 1271 boc
1394 1243 1418 1269 «
1444 1224 1542 1271 sive
1565 1224 1796 1285 vivimus,
1828 1233 1919 1273 etc.
1951 1247 1974 1270 2>
2014 1226 2064 1273 id
2104 1235 2174 1274 est
2209 1235 2307 1273 tam
2343 1226 2440 1275 vita

296 1314 459 1352 nostra
481 1321 628 1369 quam
659 1320 789 1351 mors
821 1306 925 1351 Deo
959 1305 1142 1369 potius,
1180 1304 1242 1352 ad
1274 1304 1410 1368 cujus
1441 1304 1681 1352 honorem
1716 1305 1796 1366 fit,
1840 1323 1987 1371 quam
2023 1306 2165 1353 nobis
2200 1316 2270 1352 est
2294 1306 2436 1353 ascri-

295 1383 472 1445 benda,
493 1385 542 1432 id
559 1395 627 1433 est
650 1385 752 1449 ejus
770 1384 931 1450 potius
954 1402 1042 1450 pro
1061 1385 1157 1433 hoc
1176 1385 1380 1433 dicenda
1397 1395 1467 1433 est
1486 1403 1633 1451 quam
1654 1397 1836 1435 nostra:
1864 1406 1885 1432 «
1908 1391 1960 1434 In
1978 1387 2074 1435 hoc
2094 1387 2241 1434 enim.
2261 1407 2282 1432 »
2309 1390 2374 1434 Ac
2401 1387 2439 1434 si

295 1465 473 1513 diceret
498 1484 508 1512 :
537 1468 589 1512 In
619 1465 715 1513 hoc
750 1464 883 1530 quod
917 1476 1137 1514 mortuus
1161 1475 1254 1529 est,
1280 1482 1369 1532 pro
1393 1466 1537 1514 nobis
1558 1467 1736 1515 scilicet
1758 1478 1806 1516 et
1828 1478 2026 1534 propter
2045 1467 2436 1532 justificationem

295 1534 526 1607 nostram,
561 1546 684 1604 sicut
712 1545 843 1593 idem
865 1546 1129 1611 supradixit
1152 1547 1423 1612 Apostolus,
1460 1548 1640 1595 meruit
1662 1558 1762 1596 tam
1791 1549 1937 1596 morti
1959 1558 2132 1596 nostrae
2158 1564 2303 1613 quam
2334 1548 2439 1612 vitae

295 1626 554 1686 dominari,
581 1636 633 1674 ut
661 1626 783 1695 sicut
811 1636 1072 1692 utrumque
1098 1628 1207 1676 fecit
1229 1645 1318 1693 pro
1350 1628 1510 1691 nobis,
1534 1630 1610 1690 *ita
1639 1639 1738 1677 tam
1773 1629 2028 1692 moriendo
2052 1645 2198 1694 quam
2229 1628 2438 1676 vivendo

295 1723 395 1754 non
420 1707 511 1757 nisi
533 1707 576 1754 ei
604 1707 801 1754 obedire
828 1716 875 1754 et
899 1708 999 1771 ejus
1024 1708 1325 1767 voluntatem
1349 1709 1548 1774 implere
1573 1727 1859 1774 quaeramus.
1890 1711 2036 1758 Aliter
2064 1710 2194 1776 enim
2221 1719 2440 1757 mortuo-

295 1803 404 1834 rum
436 1787 674 1850 Dominus
701 1804 801 1835 non
834 1798 920 1850 est,
947 1788 1033 1835 sed
1061 1789 1197 1853 quasi
1217 1788 1369 1835 hostis
1389 1789 1656 1854 puniendo,
1687 1791 1777 1837 nisi
1805 1792 1948 1838 etiarn
1971 1807 2120 1855 usque
2146 1789 2207 1837 ad
2231 1799 2437 1837 mortem

295 1854 349 1933 in>
368 1867 469 1931 ejus
493 1866 767 1916 obedientia
789 1868 1113 1933 persistamus,
1142 1869 1294 1934 parati
1318 1869 1546 1931 animam,
1574 1886 1674 1917 non
1704 1870 1861 1918 solum
1884 1880 2085 1935 propter
2113 1872 2215 1935 ejus
2247 1869 2436 1935 confes-

294 1947 499 2010 sionem,
527 1948 610 1996 sed
634 1948 777 1996 etiam
800 1966 890 2015 pro
913 1949 1136 1996 fratribus
1155 1966 1356 2014 ponere.
1383 1969 1405 1994 «
1426 1953 1495 1997 Tu
1518 1960 1682 1998 autem
1702 1951 1804 2015 qui,
1827 1969 1850 1995 »
1878 1954 2139 2015 Postquam
2157 1950 2293 2010 dixit,
2326 1969 2349 1994 «
2369 1952 2437 2011 Tu

294 2028 375 2091 qui
387 2045 437 2076 es
450 2029 532 2093 qui
538 2028 724 2093 judicas
736 2029 948 2077 alienum
961 2046 1168 2090 servum,
1181 2048 1203 2074 υ
1219 2029 1355 2077 addit
1367 2047 1516 2091 nunc,
1537 2049 1559 2075 «
1576 2030 1770 2078 fratrem
1787 2040 1944 2091 tuum,
1955 2050 1976 2074 ν
1997 2040 2047 2077 ut
2062 2031 2099 2077 si
2113 2030 2207 2077 hoc
2220 2028 2439 2092 videlicet

293 2108 464 2172 injuria
501 2126 647 2174 quam
682 2110 794 2157 facit
830 2110 1043 2165 Domino
1082 2127 1170 2157 suo
1211 2127 1308 2157 non
1341 2110 1554 2172 dimittit,
1593 2110 1760 2159 saltem
1795 2128 1886 2177 pro
1919 2111 2127 2159 fraterna
2160 2109 2434 2170 dilectione,

294 2205 353 2251 ne
383 2188 562 2236 scilicet
596 2189 788 2237 fratrem
821 2207 963 2237 suum
991 2190 1298 2251 scandalizet,
1332 2207 1446 2238 eum
1475 2191 1542 2238 sic
1564 2190 1781 2256 judicare
1809 2191 2018 2239 desistat.
2036 2206 2038 2208 ’
2055 2194 2147 2238 Aut
2179 2191 2217 2237 si
2241 2207 2340 2237 non
2360 2190 2438 2254 juss

293 2268 439 2337 dicas,
469 2286 614 2334 quare
648 2271 917 2336 «spernis»
950 2271 999 2318 in
1041 2271 1214 2318 talibus
1250 2271 1337 2319 ubi
1371 2272 1522 2335 magis
1555 2272 1759 2320 intentio
1794 2289 1942 2337 quam
1978 2272 2102 2319 actio
2140 2270 2438 2318 discutienda

292 2358 378 2409 est,
408 2365 520 2396 cum
553 2350 776 2404 nondum
798 2350 1019 2398 videlicet
1040 2351 1153 2398 inde
1179 2360 1308 2399 certa
1331 2352 1392 2399 sit
1413 2351 1607 2417 praelata
1632 2354 1883 2400 sententia.
1921 2356 2012 2399 Pro
2037 2351 2220 2416 talibus·
2236 2351 2366 2415 enim
2392 2360 2438 2398 et

292 2429 524 2496 similibus
543 2430 837 2479 diffiniendis
858 2430 990 2478 unde
1014 2432 1218 2479 Romani
1240 2432 1614 2492 altercabantur,
1637 2434 1686 2479 in
1708 2434 1813 2497 ipso
1833 2432 2058 2496 Epistolae
2081 2449 2176 2479 suae
2199 2431 2436 2496 principio

290 2510 542 2574 Apostolus
567 2511 686 2559 dixit
713 2528 762 2559 se
784 2511 847 2559 ad
870 2528 954 2558 eos
977 2511 1248 2569 desiderare
1280 2513 1471 2574 venire,
1500 2522 1552 2559 ut
1569 2512 1777 2576 aliquem
1802 2512 1852 2559 in
1876 2512 1944 2559 eis
1971 2512 2092 2558 sicut
2115 2520 2162 2558 et
2185 2511 2234 2557 in
2258 2510 2436 2572 caeteris

292 2581 513 2653 gentibus
549 2592 758 2640 fructum
790 2591 1006 2639 liaberet.
1057 2592 1219 2651 «Quis
1249 2593 1441 2639 enim.»
1467 2594 1533 2651 Ac
1572 2593 1611 2639 si
1651 2593 1829 2641 diceret
1856 2611 1866 2639 :
1899 2594 2005 2639 Non
2041 2592 2105 2639 ita
2144 2591 2437 2657 praesumatis

291 2669 436 2719 dubia
464 2672 698 2736 judicare,
731 2674 814 2738 qui
843 2673 903 2720 de
928 2673 1108 2720 caeteris
1136 2689 1163 2720 a
1193 2676 1296 2720 Deo
1327 2689 1439 2720 cum
1471 2672 1575 2720 aliis
1605 2672 1834 2720 omnibus
1864 2672 2144 2720 hominibus
2179 2671 2289 2719 estis
2314 2670 2438 2742 judi-

292 2751 432 2819 candi
459 2770 469 2798 :
500 2753 583 2800 sed
617 2754 659 2800 ei
689 2753 851 2819 potius
879 2753 976 2800 hoc
999 2752 1236 2818 judicium
1269 2763 1533 2817 reservate,
1563 2754 1646 2819 qui
1680 2753 1909 2801 omnibus
1940 2740 2088 2818 habet
2116 2752 2350 2818 Judicare.
2378 2753 2435 2797 Et

292 2830 387 2877 hoc
412 2842 479 2879 est
501 2851 511 2879 z
540 2854 562 2879 «
584 2822 765 2882 Omnes
783 2835 931 2895 enim,
953 2844 1046 2882 etc.
1068 2854 1090 2879 »
1109 2834 1249 2883 Unde
1273 2845 1323 2882 et
1344 2835 1548 2897 Veritas,
1575 2836 1757 2883 recte³z
1789 2855 1811 2878 (ε
1833 2834 1988 2896 Nolite
2005 2833 2240 2898 judicare,
2266 2842 2312 2879 et
2334 2847 2432 2879 non

288 2909 637 2974 judicabimini,
661 2933 685 2959 »
706 2914 756 2961 id
781 2924 852 2962 est
876 2932 976 2962 non
1010 2915 1247 2980 *appetatis
1271 2915 1507 2978 judicare,
1530 2932 1592 2977 ne
1617 2915 1733 2962 hinc
1763 2931 1959 2979 quoque
1977 2913 2262 2978 judicemini
2291 2921 2434 2975 atque

296 2979 607 3039 damnemini.
638 2997 695 3039 Et
729 2995 828 3058 ipse
859 2994 971 3041 alibi
994 2995 1108 3042 dicit
1126 2995 1429 3060 Apostolusss:
1464 3017 1486 3040 α
1508 2996 1663 3044 Nolite
1696 3005 1807 3059 ante
1841 3005 2028 3059 tempus
2055 2993 2272 3058 judicare
2305 3006 2431 3056 quo-

299 3068 530 3134 adusque,
553 3082 642 3118 etc.
668 3090 691 3115 »
723 3074 771 3119 Si
795 3083 955 3120 autem
977 3073 1251 3136 diligentius
1275 3075 1653 3138 consideremus,
1682 3077 1805 3123 sicut
1821 3075 1910 3123 Dei
1932 3085 2002 3122 est
2023 3074 2184 3139 potius
2213 3070 2432 3119 occidere

333 3282 337 3299 ¹
354 3279 468 3312 Matth.
481 3305 489 3321 ,
509 3289 583 3321 cap.
598 3289 636 3321 v,
654 3287 686 3312 v.
707 3282 758 3313 16.
771 3298 809 3304 -
822 3279 958 3323 ²Joan„
977 3290 1054 3323 cap.
1079 3290 1153 3324 xxi,
1179 3292 1209 3315 v.
1234 3283 1284 3317 19.
1302 3301 1343 3307 —
1359 3285 1371 3304 ³
1385 3284 1498 3319 Manli.
1519 3294 1591 3326 cap.
1607 3293 1663 3325 vn,
1683 3293 1713 3318 v.
1733 3284 1772 3318 1:
1789 3282 1894 3316 Nolite
1907 3282 2069 3324 judicare,
2088 3286 2123 3314 ut
2143 3290 2208 3313 non
2227 3279 2429 3322 judicemini.

294 3351 332 3358 -—
350 3334 360 3353 ⁴
377 3332 388 3365 1
409 3333 578 3373 Corinth„
597 3342 672 3375 cap.
690 3343 732 3375 ιν,
748 3342 780 3367 v.
798 3336 829 3368 5.
