2638 3866
925 214 1271 270 THEOLOGIA
1307 216 1680 265 CHRlSTlANA.
2296 211 2388 260 397

236 331 466 380 Cumsrus
479 327 568 372 Dm
584 326 618 371 F
619 337 740 371 lmus
756 321 1018 367 SALVATOR.
1041 316 1187 365 Infert
1209 317 1354 365 etiarn
1376 316 1651 365 Lactantius
1669 315 1865 381 quidem
1885 314 1946 364 de
1964 315 2154 363 Christo
2170 315 2391 364 vaticinia

238 406 425 472 Sybillae
438 409 467 453 ¹.

601 471 653 513 In
677 483 826 520 manu,
850 465 1003 525 inquit,
1023 463 1261 507 infidelium
1283 475 1432 524 postea
1455 464 1627 517 veniet,

596 534 778 579 Dabunt
799 533 892 575 Deo
916 529 1060 591 alapas
1082 530 1280 573 manibus
1303 530 1496 582 incestis,

596 601 652 644 Et
672 601 888 660 impurato
912 612 987 640 ore
1010 606 1202 655 expuent
1221 606 1460 639 venenatos
1482 606 1645 655 sputos.

597 667 731 711 Dabit
749 680 853 708 vero
881 662 938 707 ad
957 663 1138 706 verbera
1159 661 1405 722 suppliciter
1423 673 1619 705 sanctum
1644 660 1846 704 deorsum
1864 695 1874 712 ‚

599 735 655 778 Et
677 732 883 792 colaphos
905 730 1117 790 accipiens
1139 728 1313 772 tacebit.
1338 729 1403 771 Ne.
1427 730 1522 787 quis
1545 737 1751 788 agnoscat

599 799 731 856 Quod
752 798 948 842 Verbum
970 795 1039 839 vel
1061 794 1176 838 unde
1200 795 1343 848 venit,
1369 805 1417 837 ut
1439 794 1585 838 inferis
1607 795 1825 854 loquatur,

600 867 655 909 Et
677 866 823 926 spinea
846 878 1009 906 corona
1033 871 1282 905 coronetur.

602 943 670 987 Ad
693 942 837 986 cibum
858 953 1002 985 autem
1026 940 1082 983 fel
1100 972 1110 994 ,
1138 951 1181 982 ct
1203 939 1259 982 ad
1281 939 1395 982 sitim
1419 950 1588 982 acetum
1608 939 1838 985 dederunt.

605 1011 655 1053 In
676 1007 1012 1068 hospitalitatem
1034 1006 1147 1049 hanc
1168 1005 1472 1048 monstrabunt
1493 1021 1703 1051 mensam.

602 1077 698 1136 Ipsa
721 1076 837 1118 enim
859 1074 1062 1132 insipiens
1082 1088 1185 1133 gens
1207 1082 1331 1114 tuum
1355 1071 1497 1114 Deum
1514 1088 1602 1115 non
1624 1074 1867 1118 intellexisti

602 1141 845 1191 Ludentem
862 1139 1115 1190 ,mortalium
1133 1138 1369 1198 mentibus,
1396 1139 1472 1183 sed
1490 1139 1620 1198 spinis

602 1208 857 1262 coronasti,
880 1206 938 1250 fel
960 1205 1180 1267 miscuisti..

602 1273 773 1333 Templi
796 1276 941 1316 velum
965 1271 1198 1327 scindetur,
1225 1284 1267 1316 et
1289 1273 1332 1315 in
1358 1272 1504 1316 medio
1530 1271 1600 1315 die

605 1340 706 1384 Nox
729 1340 810 1383 erit
831 1340 967 1382 tribus
987 1339 1105 1381 horis
1120 1371 1131 1393 ,
1157 1349 1201 1381 et
1222 1339 1431 1383 morietur

601 1407 758 1449 Tribus
782 1406 933 1449 diebus
955 1421 1109 1448 somno
1132 1416 1352 1465 suscept03

604 1474 659 1515 Et
676 1484 779 1515 tunc
802 1472 858 1515 ab
881 1472 1028 1515 inferis
1052 1487 1264 1531 regressus
1285 1472 1341 1515 ad
1363 1471 1504 1514 lucem
1526 1472 1687 1515 veniet.

611 1539 780 1582 Primus
800 1538 1122 1582 resurrectionis
1145 1537 1355 1597 principio
1379 1548 1591 1581 ostensus,
1621 1559 1637 1574 »

308 1627 412 1672 Hoc
436 1622 653 1688 profecto
676 1621 865 1688 Sybillae
890 1622 1188 1680 vaticinium,
1216 1622 1266 1669 ni
1289 1622 1444 1680 fallor,
1469 1622 1705 1669 maximus
1735 1621 1811 1668 ille
1838 1631 2094 1686 poetarum
2117 1631 2396 1669 nostrorum

246 1704 468 1769 Virgilius
492 1703 710 1757 audierat
733 1713 878 1768 atque
900 1703 1186 1761 attenderat,
1223 1720 1337 1750 cum
1370 1704 1419 1750 in
1453 1711 1624 1767 quarta
1642 1701 1837 1768 Egloga
1861 1701 2076 1750 futurum
2106 1703 2154 1749 in
2181 1704 2402 1768 proximo

242 1785 333 1834 sub
364 1788 577 1850 Augusto
602 1787 801 1845 Caesare,
835 1783 1363 1849 temporeconsulatus
1391 1783 1649 1842 Pollionis,
1680 1781 1951 1830 mirabilem
1982 1782 2234 1847 cujusdam
2264 1784 2400 1848 pueri

243 1866 304 1914 de
325 1865 450 1914 coelo
473 1865 536 1914 ad
562 1865 977 1926 terrasmittendi,
1013 1865 1098 1929 qui
1122 1865 1268 1912 etiam
1289 1874 1487 1930 peccata
1513 1863 1685 1911 mundi
1709 1863 1915 1921 tolleret,
1942 1874 1989 1912 et
2011 1865 2146 1928 quasi
2178 1864 2405 1911 saeculum

242 1964 426 1995 novum
454 1947 502 1994 in
530 1945 716 1994 mundo
749 1945 1030 1994 mirabiliter
1055 1946 1319 2007 ordinaret,
1350 1946 1634 2011 praecineret
1667 1956 1851 2005 ortum,
1880 1945 2175 2007 admonitus,
2211 1955 2264 1993 ut
2287 1947 2407 2011 ipse-

245 2038 342 2076 met
373 2029 438 2076 ait
449 2028 710 2086 „Cumaeni
745 2027 971 2084 carminis
1003 2027 1253 2088 vaticinio,
1291 2027 1387 2074 hoc
1412 2037 1484 2075 est
1508 2026 1698 2091 Sybillae
1721 2044 1827 2091 quae
1859 2029 2076 2074 Cumana
2107 2026 2296 2074 dicitur.
2328 2028 2398 2074 Ait

243 2110 420 2175 quippe
451 2110 519 2157 sic
543 2109 679 2174 quasi
708 2108 974 2156 adhortans
997 2107 1239 2172 quoslibet
1271 2107 1335 2155 ad
1361 2107 1798 2173 congratulandum
1822 2107 1913 2154 sibi
1943 2117 1991 2154 et
2018 2108 2397 2167 concinendum,

244 2207 327 2238 seu
358 2189 671 2238 scribendum
703 2189 765 2237 de
790 2189 885 2236 hoc
910 2198 1043 2236 tanto
1067 2205 1221 2254 puero
1249 2189 1512 2247 nascituro,
1546 2190 1597 2236 in
1620 2189 2037 2254 comparationem
2070 2188 2207 2252 cujus
2236 2205 2408 2236 omnes

246 2271 360 2325 alias
385 2271 609 2319 materias
631 2270 768 2336 quasi
792 2269 984 2317 infimas
1006 2280 1053 2318 et
1075 2270 1191 2318 viles
1218 2279 1410 2335 reputat
1431 2269 1625 2317 dicens’
1652 2288 1661 2316 ε

640 2353 843 2397 Sicelides
864 2370 1014 2408 musae,
1039 2353 1172 2413 paulo
1195 2355 1362 2410 majora
1383 2369 1613 2409 canamus;

636 2420 738 2463 Non
759 2436 910 2463 omnes
932 2419 1105 2463 arbusta
1122 2421 1290 2476 juvant,
1314 2420 1583 2479 humilesque
1605 2420 1778 2480 myricae

636 2486 800 2529 Ultima
821 2486 985 2529 Cumaei
1005 2486 1124 2529 venit
1143 2487 1234 2543 jam
1257 2486 1456 2530 carminis
1481 2497 1609 2542 aetas;
1827 2485 1832 2487 “

639 2552 824 2613 Magnus
848 2553 902 2595 ab
925 2553 1094 2613 integro
1119 2552 1344 2594 saeclorum
1368 2553 1556 2596 nascitur
1578 2552 1706 2596 ordo.

635 2619 657 2661 J
661 2635 731 2662 am
750 2619 864 2662 redit
886 2630 928 2662 et
949 2619 1106 2679 Virgo,
1131 2618 1314 2660 redeunt
1338 2618 1537 2662 Saturnia
1558 2635 1714 2679 regna,

637 2685 658 2727 J
662 2701 732 2728 am
754 2701 868 2728 nova
893 2685 1121 2744 progenies
1141 2683 1248 2727 coelo
1273 2683 1513 2727 demittitur
1535 2685 1638 2728 alto.

251 2748 308 2792 Et
325 2754 434 2810 post
446 2760 601 2809 pauca

636 2811 783 2870 Teque
807 2810 917 2854 adeo
941 2810 1071 2854 decus
1093 2811 1185 2858 hoc,
1202 2812 1295 2865 aevi,
1319 2821 1361 2852 te
1386 2810 1560 2853 consule
1582 2809 1709 2852 inibit
1727 2843 1737 2863 ,

606 2887 608 2889 “
640 2875 779 2918 Pollio
793 2877 866 2931 3'si
889 2892 972 2934 qua
986 2887 1164 2919 manent
1185 2877 1353 2920 sceleris
1374 2876 1550 2936 vestigia
1563 2876 1714 2930 nostri,

641 2941 764 2984 Irrita
782 2953 989 3001 perpetua
1013 2942 1180 2985 solvent
1201 2942 1433 2986 formidine
1453 2953 1604 2985 terras.

252 3022 467 3084 Itemque
490 3019 552 3066 de
574 3035 731 3085 puero

607 3128 610 3130 >
630 3103 938 3163 Pacatumque
959 3116 1079 3164 reget
1097 3105 1244 3164 patriis
1264 3105 1493 3148 virtutibus
1517 3105 1669 3149 orbem
1684 3138 1695 3160 ,
1720 3117 1805 3150 etc.

318 3190 437 3245 Quae
472 3187 818 3254 apertissimam
864 3188 926 3236 de
972 3189 1309 3237 Incarnatione
1355 3189 1460 3237 Filii
1499 3189 1587 3238 Dei
1627 3191 1879 3239 continent
1918 3192 2254 3258 prophetiam,
2296 3194 2400 3257 ipso

310 3337 521 3379 mactandus,
549 3338 666 3372 Divin.
686 3338 812 3379 Instit„
830 3339 887 3372 lib.
906 3338 960 3379 lv,
981 3348 1054 3380 cap.
1072 3347 1168 3372 xviii.
1194 3357 1230 3362 —
1256 3341 1268 3360 ²
1284 3338 1416 3382 Bucoz„
1434 3349 1477 3387 'V‘
1495 3350 1526 3373 v.
1545 3342 1559 3375 l
1580 3346 1614 3374 et
1629 3350 1681 3382 sq.
