<?xml version="1.0" encoding="UTF-8"?>
<!DOCTYPE html PUBLIC "-//W3C//DTD XHTML 1.0 Transitional//EN"
    "http://www.w3.org/TR/xhtml1/DTD/xhtml1-transitional.dtd">
<html xmlns="http://www.w3.org/1999/xhtml" xml:lang="en" lang="en">
 <head>
  <title>
</title>
<meta http-equiv="Content-Type" content="text/html;charset=utf-8" />
  <meta name='ocr-system' content='tesseract 3.04.00' />
  <meta name='ocr-capabilities' content='ocr_page ocr_carea ocr_par ocr_line ocrx_word'/>
</head>
<body>
  <div class='ocr_page' id='page_1' title='image "./operahactenusseo00abeluoft_0656.png"; bbox 0 0 2638 3866; ppageno 0'>
   <div class='ocr_carea' id='block_1_1' title="bbox 285 199 1623 250">
    <p class='ocr_par' dir='ltr' id='par_1_1' title="bbox 285 199 1623 250">
     <span class='ocr_line' id='line_1_1' title="bbox 285 199 1623 250; baseline -0.001 -1"><span class='ocrx_word' id='word_1_1' title='bbox 285 201 381 250; x_wconf 78' lang='lat'><strong>646</strong></span> <span class='ocrx_word' id='word_1_2' title='bbox 1082 200 1255 247; x_wconf 90' lang='lat' dir='ltr'>PETRI</span> <span class='ocrx_word' id='word_1_3' title='bbox 1287 199 1623 248; x_wconf 85' lang='lat' dir='ltr'><strong>ABAELARDI.</strong></span> 
     </span>
    </p>
   </div>
   <div class='ocr_carea' id='block_1_2' title="bbox 276 299 2427 3183">
    <p class='ocr_par' dir='ltr' id='par_1_2' title="bbox 279 299 2425 1011">
     <span class='ocr_line' id='line_1_2' title="bbox 284 299 2425 367; baseline 0.003 -18"><span class='ocrx_word' id='word_1_4' title='bbox 284 302 507 350; x_wconf 84' lang='lat' dir='ltr'><strong>statuistis</strong></span> <span class='ocrx_word' id='word_1_5' title='bbox 538 317 799 360; x_wconf 90' lang='lat' dir='ltr'><strong>consensu,</strong></span> <span class='ocrx_word' id='word_1_6' title='bbox 834 308 880 347; x_wconf 92' lang='lat' dir='ltr'><strong>et</strong></span> <span class='ocrx_word' id='word_1_7' title='bbox 908 299 970 347; x_wconf 92' lang='lat' dir='ltr'><strong>de</strong></span> <span class='ocrx_word' id='word_1_8' title='bbox 1000 299 1182 347; x_wconf 88' lang='lat' dir='ltr'><strong>viribus</strong></span> <span class='ocrx_word' id='word_1_9' title='bbox 1214 300 1379 348; x_wconf 87' lang='lat' dir='ltr'><strong>vestris</strong></span> <span class='ocrx_word' id='word_1_10' title='bbox 1402 300 1615 365; x_wconf 87' lang='lat' dir='ltr'><strong>singulos</strong></span> <span class='ocrx_word' id='word_1_11' title='bbox 1647 311 1857 350; x_wconf 87' lang='lat' dir='ltr'><strong>vestrum</strong></span> <span class='ocrx_word' id='word_1_12' title='bbox 1882 303 2127 353; x_wconf 83' lang='lat' dir='ltr'><strong>confidere</strong></span> <span class='ocrx_word' id='word_1_13' title='bbox 2151 304 2310 367; x_wconf 85' lang='lat' dir='ltr'><strong>vide0,</strong></span> <span class='ocrx_word' id='word_1_14' title='bbox 2339 322 2425 355; x_wconf 93' lang='lat' dir='ltr'><strong>ne-</strong></span> 
     </span>
     <span class='ocr_line' id='line_1_3' title="bbox 286 379 2425 452; baseline 0.003 -23"><span class='ocrx_word' id='word_1_15' title='bbox 286 398 529 447; x_wconf 90' lang='lat' dir='ltr'><strong>quaquam</strong></span> <span class='ocrx_word' id='word_1_16' title='bbox 577 380 770 428; x_wconf 84' lang='lat' dir='ltr'>ausibus</span> <span class='ocrx_word' id='word_1_17' title='bbox 815 380 984 427; x_wconf 85' lang='lat' dir='ltr'><strong>vestris</strong></span> <span class='ocrx_word' id='word_1_18' title='bbox 1030 390 1194 427; x_wconf 87' lang='lat' dir='ltr'><strong>nostra</strong></span> <span class='ocrx_word' id='word_1_19' title='bbox 1238 379 1568 430; x_wconf 83' lang='lat' dir='ltr'><strong>erubescentia</strong></span> <span class='ocrx_word' id='word_1_20' title='bbox 1615 382 1787 432; x_wconf 87' lang='lat' dir='ltr'><strong>referet</strong></span> <span class='ocrx_word' id='word_1_21' title='bbox 1839 385 2080 451; x_wconf 85' lang='lat' dir='ltr'><strong>repulsam</strong></span> <span class='ocrx_word' id='word_1_22' title='bbox 2098 424 2111 448; x_wconf 91' lang='lat'><strong>,</strong></span> <span class='ocrx_word' id='word_1_23' title='bbox 2163 387 2425 452; x_wconf 83' lang='lat' dir='ltr'><strong>praesertim</strong></span> 
     </span>
     <span class='ocr_line' id='line_1_4' title="bbox 283 460 2423 531; baseline 0.003 -22"><span class='ocrx_word' id='word_1_24' title='bbox 283 479 394 509; x_wconf 92' lang='lat' dir='ltr'><strong>cum</strong></span> <span class='ocrx_word' id='word_1_25' title='bbox 423 478 480 508; x_wconf 88' lang='lat' dir='ltr'><strong>ex</strong></span> <span class='ocrx_word' id='word_1_26' title='bbox 505 461 579 507; x_wconf 91' lang='lat' dir='ltr'><strong>his</strong></span> <span class='ocrx_word' id='word_1_27' title='bbox 608 460 818 525; x_wconf 85' lang='lat' dir='ltr'><strong>aliquam</strong></span> <span class='ocrx_word' id='word_1_28' title='bbox 849 460 1097 526; x_wconf 83' lang='lat' dir='ltr'><strong>percipere</strong></span> <span class='ocrx_word' id='word_1_29' title='bbox 1121 477 1199 507; x_wconf 92' lang='lat' dir='ltr'><strong>me</strong></span> <span class='ocrx_word' id='word_1_30' title='bbox 1238 460 1433 508; x_wconf 88' lang='lat' dir='ltr'><strong>credam</strong></span> <span class='ocrx_word' id='word_1_31' title='bbox 1458 461 1747 511; x_wconf 81' lang='lat' dir='ltr'><strong>doctrinam.</strong></span> <span class='ocrx_word' id='word_1_32' title='bbox 1770 464 1907 513; x_wconf 89' lang='lat' dir='ltr'><strong>Nulla</strong></span> <span class='ocrx_word' id='word_1_33' title='bbox 1930 466 2128 531; x_wconf 90' lang='lat' dir='ltr'><strong>quippe,</strong></span> <span class='ocrx_word' id='word_1_34' title='bbox 2154 476 2209 514; x_wconf 88' lang='lat' dir='ltr'><strong>ut</strong></span> <span class='ocrx_word' id='word_1_35' title='bbox 2226 466 2423 531; x_wconf 90' lang='lat' dir='ltr'><strong>quidam</strong></span> 
     </span>
     <span class='ocr_line' id='line_1_5' title="bbox 285 539 2421 610; baseline 0.003 -22"><span class='ocrx_word' id='word_1_36' title='bbox 285 551 563 588; x_wconf 89' lang='lat' dir='ltr'><strong>nostrorum</strong></span> <span class='ocrx_word' id='word_1_37' title='bbox 595 540 841 601; x_wconf 86' lang='lat' dir='ltr'><strong>meminit,</strong></span> <span class='ocrx_word' id='word_1_38' title='bbox 864 539 988 587; x_wconf 91' lang='lat' dir='ltr'><strong>adeo</strong></span> <span class='ocrx_word' id='word_1_39' title='bbox 1017 540 1134 588; x_wconf 91' lang='lat' dir='ltr'><strong>falsa</strong></span> <span class='ocrx_word' id='word_1_40' title='bbox 1156 550 1228 588; x_wconf 89' lang='lat' dir='ltr'><strong>est</strong></span> <span class='ocrx_word' id='word_1_41' title='bbox 1252 540 1500 603; x_wconf 85' lang='lat' dir='ltr'><strong>doctrina,</strong></span> <span class='ocrx_word' id='word_1_42' title='bbox 1534 552 1588 590; x_wconf 91' lang='lat' dir='ltr'><strong>ut</strong></span> <span class='ocrx_word' id='word_1_43' title='bbox 1618 560 1720 591; x_wconf 91' lang='lat' dir='ltr'><strong>non</strong></span> <span class='ocrx_word' id='word_1_44' title='bbox 1755 545 1913 610; x_wconf 87' lang='lat' dir='ltr'><strong>aliqua</strong></span> <span class='ocrx_word' id='word_1_45' title='bbox 1935 546 2259 594; x_wconf 87' lang='lat' dir='ltr'><strong>intermisceat</strong></span> <span class='ocrx_word' id='word_1_46' title='bbox 2280 562 2391 594; x_wconf 84' lang='lat' dir='ltr'><strong>vera</strong></span> <span class='ocrx_word' id='word_1_47' title='bbox 2408 583 2421 605; x_wconf 94' lang='lat'><strong>,</strong></span> 
     </span>
     <span class='ocr_line' id='line_1_6' title="bbox 283 620 2424 690; baseline 0.003 -22"><span class='ocrx_word' id='word_1_48' title='bbox 283 630 329 668; x_wconf 90' lang='lat' dir='ltr'><strong>et</strong></span> <span class='ocrx_word' id='word_1_49' title='bbox 362 620 543 668; x_wconf 87' lang='lat' dir='ltr'><strong>nullam</strong></span> <span class='ocrx_word' id='word_1_50' title='bbox 566 620 688 668; x_wconf 89' lang='lat' dir='ltr'><strong>adeo</strong></span> <span class='ocrx_word' id='word_1_51' title='bbox 720 620 940 668; x_wconf 88' lang='lat' dir='ltr'><strong>frivolam</strong></span> <span class='ocrx_word' id='word_1_52' title='bbox 975 620 1352 687; x_wconf 90' lang='lat' dir='ltr'><strong>disputationem</strong></span> <span class='ocrx_word' id='word_1_53' title='bbox 1385 622 1608 684; x_wconf 87' lang='lat' dir='ltr'><strong>arbitror,</strong></span> <span class='ocrx_word' id='word_1_54' title='bbox 1635 633 1687 671; x_wconf 93' lang='lat' dir='ltr'><strong>ut</strong></span> <span class='ocrx_word' id='word_1_55' title='bbox 1711 640 1811 671; x_wconf 91' lang='lat' dir='ltr'><strong>non</strong></span> <span class='ocrx_word' id='word_1_56' title='bbox 1841 625 2038 690; x_wconf 89' lang='lat' dir='ltr'><strong>aliquod</strong></span> <span class='ocrx_word' id='word_1_57' title='bbox 2061 625 2237 674; x_wconf 90' lang='lat' dir='ltr'><strong>habeat</strong></span> <span class='ocrx_word' id='word_1_58' title='bbox 2265 625 2424 674; x_wconf 90' lang='lat' dir='ltr'><strong>docu-</strong></span> 
     </span>
     <span class='ocr_line' id='line_1_7' title="bbox 281 700 2423 769; baseline 0.003 -22"><span class='ocrx_word' id='word_1_59' title='bbox 281 711 516 747; x_wconf 87' lang='lat' dir='ltr'><strong>mentum.</strong></span> <span class='ocrx_word' id='word_1_60' title='bbox 543 700 682 748; x_wconf 89' lang='lat' dir='ltr'><strong>Unde</strong></span> <span class='ocrx_word' id='word_1_61' title='bbox 704 711 752 748; x_wconf 93' lang='lat' dir='ltr'><strong>et</strong></span> <span class='ocrx_word' id='word_1_62' title='bbox 771 700 849 748; x_wconf 91' lang='lat' dir='ltr'><strong>ille</strong></span> <span class='ocrx_word' id='word_1_63' title='bbox 874 701 1111 748; x_wconf 89' lang='lat' dir='ltr'><strong>maximus</strong></span> <span class='ocrx_word' id='word_1_64' title='bbox 1134 701 1424 767; x_wconf 86' lang='lat' dir='ltr'><strong>sapientum,</strong></span> <span class='ocrx_word' id='word_1_65' title='bbox 1451 703 1501 750; x_wconf 93' lang='lat' dir='ltr'><strong>in</strong></span> <span class='ocrx_word' id='word_1_66' title='bbox 1523 704 1630 769; x_wconf 91' lang='lat' dir='ltr'><strong>ipso</strong></span> <span class='ocrx_word' id='word_1_67' title='bbox 1654 704 1811 751; x_wconf 89' lang='lat' dir='ltr'><strong>statim</strong></span> <span class='ocrx_word' id='word_1_68' title='bbox 1831 704 2196 753; x_wconf 74' lang='lat' dir='ltr'><strong>Proverbiomm</strong></span> <span class='ocrx_word' id='word_1_69' title='bbox 2223 723 2423 754; x_wconf 89' lang='lat' dir='ltr'><strong>suorum</strong></span> 
     </span>
     <span class='ocr_line' id='line_1_8' title="bbox 280 780 2425 852; baseline 0.001 -23"><span class='ocrx_word' id='word_1_70' title='bbox 280 781 496 842; x_wconf 88' lang='lat' dir='ltr'><strong>exordio,</strong></span> <span class='ocrx_word' id='word_1_71' title='bbox 522 780 750 828; x_wconf 89' lang='lat' dir='ltr'><strong>lectorem</strong></span> <span class='ocrx_word' id='word_1_72' title='bbox 784 781 874 829; x_wconf 91' lang='lat' dir='ltr'><strong>sibi</strong></span> <span class='ocrx_word' id='word_1_73' title='bbox 908 790 1145 829; x_wconf 89' lang='lat' dir='ltr'><strong>attentum</strong></span> <span class='ocrx_word' id='word_1_74' title='bbox 1172 798 1464 847; x_wconf 85' lang='lat' dir='ltr'><strong>praeparans,</strong></span> <span class='ocrx_word' id='word_1_75' title='bbox 1492 784 1580 830; x_wconf 90' lang='lat' dir='ltr'><strong>ait¹</strong></span> <span class='ocrx_word' id='word_1_76' title='bbox 1613 802 1623 831; x_wconf 93' lang='lat'><strong>:</strong></span> <span class='ocrx_word' id='word_1_77' title='bbox 1655 784 1910 832; x_wconf 87' lang='lat' dir='ltr'><strong>«Audiens</strong></span> <span class='ocrx_word' id='word_1_78' title='bbox 1943 786 2132 851; x_wconf 88' lang='lat' dir='ltr'><strong>sapiens</strong></span> <span class='ocrx_word' id='word_1_79' title='bbox 2163 786 2425 852; x_wconf 85' lang='lat' dir='ltr'><strong>sapientior</strong></span> 
     </span>
     <span class='ocr_line' id='line_1_9' title="bbox 279 861 2419 931; baseline 0.002 -22"><span class='ocrx_word' id='word_1_80' title='bbox 279 862 384 921; x_wconf 86' lang='lat' dir='ltr'><strong>erit,</strong></span> <span class='ocrx_word' id='word_1_81' title='bbox 410 861 676 925; x_wconf 86' lang='lat' dir='ltr'><strong>intelligens</strong></span> <span class='ocrx_word' id='word_1_82' title='bbox 698 861 1080 926; x_wconf 88' lang='lat' dir='ltr'><strong>gubernaculum</strong></span> <span class='ocrx_word' id='word_1_83' title='bbox 1104 862 1425 928; x_wconf 87' lang='lat' dir='ltr'><strong>possidebit.»</strong></span> <span class='ocrx_word' id='word_1_84' title='bbox 1449 867 1508 910; x_wconf 89' lang='lat' dir='ltr'><strong>Et</strong></span> <span class='ocrx_word' id='word_1_85' title='bbox 1526 863 1735 912; x_wconf 87' lang='lat' dir='ltr'><strong>Jacobus</strong></span> <span class='ocrx_word' id='word_1_86' title='bbox 1757 865 2024 930; x_wconf 84' lang='lat' dir='ltr'><strong>apostolus²</strong></span> <span class='ocrx_word' id='word_1_87' title='bbox 2049 884 2060 914; x_wconf 74' lang='grc' dir='ltr'><strong>ε</strong></span> <span class='ocrx_word' id='word_1_88' title='bbox 2093 867 2222 927; x_wconf 89' lang='lat' dir='ltr'><strong>«Sit,</strong></span> <span class='ocrx_word' id='word_1_89' title='bbox 2246 867 2419 931; x_wconf 90' lang='lat' dir='ltr'><strong>inquit,</strong></span> 
     </span>
     <span class='ocr_line' id='line_1_10' title="bbox 281 942 2045 1011; baseline 0.001 -22"><span class='ocrx_word' id='word_1_90' title='bbox 281 943 438 990; x_wconf 91' lang='lat' dir='ltr'><strong>omnis</strong></span> <span class='ocrx_word' id='word_1_91' title='bbox 458 943 607 991; x_wconf 88' lang='lat' dir='ltr'><strong>homo</strong></span> <span class='ocrx_word' id='word_1_92' title='bbox 631 943 767 990; x_wconf 87' lang='lat' dir='ltr'><strong>velox</strong></span> <span class='ocrx_word' id='word_1_93' title='bbox 794 942 856 990; x_wconf 91' lang='lat' dir='ltr'><strong>ad</strong></span> <span class='ocrx_word' id='word_1_94' title='bbox 879 942 1194 1000; x_wconf 92' lang='lat' dir='ltr'><strong>audiendum,</strong></span> <span class='ocrx_word' id='word_1_95' title='bbox 1223 943 1388 992; x_wconf 86' lang='lat' dir='ltr'><strong>tardus</strong></span> <span class='ocrx_word' id='word_1_96' title='bbox 1411 954 1574 992; x_wconf 85' lang='lat' dir='ltr'><strong>autem</strong></span> <span class='ocrx_word' id='word_1_97' title='bbox 1596 944 1659 993; x_wconf 90' lang='lat' dir='ltr'><strong>ad</strong></span> <span class='ocrx_word' id='word_1_98' title='bbox 1680 945 1998 1011; x_wconf 88' lang='lat' dir='ltr'><strong>loquendum.</strong></span> <span class='ocrx_word' id='word_1_99' title='bbox 2021 966 2045 991; x_wconf 77' lang='lat' dir='ltr'><strong>n</strong></span> 
     </span>
    </p>

    <p class='ocr_par' dir='ltr' id='par_1_3' title="bbox 343 1024 1467 1088">
     <span class='ocr_line' id='line_1_11' title="bbox 343 1024 1467 1088; baseline 0.001 -17"><span class='ocrx_word' id='word_1_100' title='bbox 343 1025 635 1086; x_wconf 90' lang='lat' dir='ltr'><strong>Assentiunt,</strong></span> <span class='ocrx_word' id='word_1_101' title='bbox 662 1024 723 1071; x_wconf 93' lang='lat' dir='ltr'><strong>de</strong></span> <span class='ocrx_word' id='word_1_102' title='bbox 747 1033 917 1071; x_wconf 89' lang='lat' dir='ltr'><strong>nostro</strong></span> <span class='ocrx_word' id='word_1_103' title='bbox 941 1040 1139 1072; x_wconf 88' lang='lat' dir='ltr'><strong>assensu</strong></span> <span class='ocrx_word' id='word_1_104' title='bbox 1162 1024 1467 1088; x_wconf 84' lang='lat' dir='ltr'><strong>gratulantes.</strong></span> 
     </span>
    </p>

    <p class='ocr_par' dir='ltr' id='par_1_4' title="bbox 278 1104 2425 1734">
     <span class='ocr_line' id='line_1_12' title="bbox 345 1104 2424 1172; baseline 0.002 -22"><span class='ocrx_word' id='word_1_105' title='bbox 345 1107 685 1152; x_wconf 64' lang='lat' dir='ltr'><strong>Pmtosopnus.</strong></span> <span class='ocrx_word' id='word_1_106' title='bbox 712 1106 872 1151; x_wconf 92' lang='lat' dir='ltr'><strong>Meum</strong></span> <span class='ocrx_word' id='word_1_107' title='bbox 907 1113 1000 1166; x_wconf 92' lang='lat' dir='ltr'><strong>est,</strong></span> <span class='ocrx_word' id='word_1_108' title='bbox 1035 1104 1217 1169; x_wconf 89' lang='lat' dir='ltr'><strong>inquit,</strong></span> <span class='ocrx_word' id='word_1_109' title='bbox 1245 1106 1456 1170; x_wconf 90' lang='lat' dir='ltr'><strong>primum</strong></span> <span class='ocrx_word' id='word_1_110' title='bbox 1487 1114 1670 1153; x_wconf 91' lang='lat' dir='ltr'><strong>ceteros</strong></span> <span class='ocrx_word' id='word_1_111' title='bbox 1693 1105 2014 1171; x_wconf 87' lang='lat' dir='ltr'><strong>interrogare,</strong></span> <span class='ocrx_word' id='word_1_112' title='bbox 2040 1107 2125 1172; x_wconf 90' lang='lat' dir='ltr'><strong>qui</strong></span> <span class='ocrx_word' id='word_1_113' title='bbox 2147 1116 2195 1155; x_wconf 91' lang='lat' dir='ltr'><strong>et</strong></span> <span class='ocrx_word' id='word_1_114' title='bbox 2218 1107 2424 1155; x_wconf 87' lang='lat' dir='ltr'><strong>naturali</strong></span> 
     </span>
     <span class='ocr_line' id='line_1_13' title="bbox 278 1185 2423 1253; baseline 0.002 -22"><span class='ocrx_word' id='word_1_115' title='bbox 278 1185 399 1248; x_wconf 87' lang='lat' dir='ltr'><strong>lege,</strong></span> <span class='ocrx_word' id='word_1_116' title='bbox 432 1202 537 1250; x_wconf 84' lang='lat' dir='ltr'><strong>quae</strong></span> <span class='ocrx_word' id='word_1_117' title='bbox 562 1186 718 1250; x_wconf 88' lang='lat' dir='ltr'><strong>prima</strong></span> <span class='ocrx_word' id='word_1_118' title='bbox 740 1195 828 1245; x_wconf 91' lang='lat' dir='ltr'><strong>est,</strong></span> <span class='ocrx_word' id='word_1_119' title='bbox 861 1194 1116 1233; x_wconf 89' lang='lat' dir='ltr'><strong>contentus</strong></span> <span class='ocrx_word' id='word_1_120' title='bbox 1140 1202 1264 1232; x_wconf 91' lang='lat' dir='ltr'><strong>sum.</strong></span> <span class='ocrx_word' id='word_1_121' title='bbox 1293 1186 1364 1233; x_wconf 86' lang='lat' dir='ltr'><strong>Ad</strong></span> <span class='ocrx_word' id='word_1_122' title='bbox 1388 1185 1483 1233; x_wconf 91' lang='lat' dir='ltr'><strong>hoc</strong></span> <span class='ocrx_word' id='word_1_123' title='bbox 1508 1201 1596 1232; x_wconf 86' lang='lat' dir='ltr'><strong>vos</strong></span> <span class='ocrx_word' id='word_1_124' title='bbox 1625 1185 1727 1251; x_wconf 86' lang='lat' dir='ltr'><strong>ipse</strong></span> <span class='ocrx_word' id='word_1_125' title='bbox 1757 1188 2061 1252; x_wconf 84' lang='lat' dir='ltr'><strong>congregavi,</strong></span> <span class='ocrx_word' id='word_1_126' title='bbox 2087 1197 2142 1235; x_wconf 84' lang='lat' dir='ltr'><strong>ut</strong></span> <span class='ocrx_word' id='word_1_127' title='bbox 2164 1187 2225 1235; x_wconf 92' lang='lat' dir='ltr'><strong>de</strong></span> <span class='ocrx_word' id='word_1_128' title='bbox 2257 1203 2423 1253; x_wconf 89' lang='lat' dir='ltr'><strong>super-</strong></span> 
     </span>
     <span class='ocr_line' id='line_1_14' title="bbox 278 1264 2424 1332; baseline 0.001 -21"><span class='ocrx_word' id='word_1_129' title='bbox 278 1264 450 1312; x_wconf 88' lang='lat' dir='ltr'><strong>additis</strong></span> <span class='ocrx_word' id='word_1_130' title='bbox 482 1265 775 1329; x_wconf 88' lang='lat' dir='ltr'><strong>inquirerem</strong></span> <span class='ocrx_word' id='word_1_131' title='bbox 803 1265 1007 1330; x_wconf 89' lang='lat' dir='ltr'><strong>scriptis.</strong></span> <span class='ocrx_word' id='word_1_132' title='bbox 1043 1265 1219 1326; x_wconf 90' lang='lat' dir='ltr'><strong>Prima,</strong></span> <span class='ocrx_word' id='word_1_133' title='bbox 1253 1265 1478 1329; x_wconf 83' lang='lat' dir='ltr'><strong>inquam,</strong></span> <span class='ocrx_word' id='word_1_134' title='bbox 1508 1282 1606 1312; x_wconf 89' lang='lat' dir='ltr'><strong>non</strong></span> <span class='ocrx_word' id='word_1_135' title='bbox 1631 1265 1789 1313; x_wconf 90' lang='lat' dir='ltr'><strong>solum</strong></span> <span class='ocrx_word' id='word_1_136' title='bbox 1820 1275 2065 1332; x_wconf 86' lang='lat' dir='ltr'><strong>tempore,</strong></span> <span class='ocrx_word' id='word_1_137' title='bbox 2090 1284 2260 1315; x_wconf 85' lang='lat' dir='ltr'><strong>verum</strong></span> <span class='ocrx_word' id='word_1_138' title='bbox 2281 1267 2424 1316; x_wconf 87' lang='lat' dir='ltr'><strong>etiam</strong></span> 
     </span>
     <span class='ocr_line' id='line_1_15' title="bbox 280 1345 2423 1413; baseline 0.001 -21"><span class='ocrx_word' id='word_1_139' title='bbox 280 1355 466 1393; x_wconf 88' lang='lat' dir='ltr'><strong>natura.</strong></span> <span class='ocrx_word' id='word_1_140' title='bbox 502 1348 661 1393; x_wconf 91' lang='lat' dir='ltr'><strong>Omne</strong></span> <span class='ocrx_word' id='word_1_141' title='bbox 695 1346 875 1411; x_wconf 89' lang='lat' dir='ltr'><strong>quippe</strong></span> <span class='ocrx_word' id='word_1_142' title='bbox 912 1345 1173 1410; x_wconf 90' lang='lat' dir='ltr'><strong>simplicius</strong></span> <span class='ocrx_word' id='word_1_143' title='bbox 1207 1345 1490 1394; x_wconf 87' lang='lat' dir='ltr'><strong>naturaliter</strong></span> <span class='ocrx_word' id='word_1_144' title='bbox 1519 1346 1653 1411; x_wconf 90' lang='lat' dir='ltr'><strong>prius</strong></span> <span class='ocrx_word' id='word_1_145' title='bbox 1690 1356 1760 1394; x_wconf 90' lang='lat' dir='ltr'><strong>est</strong></span> <span class='ocrx_word' id='word_1_146' title='bbox 1793 1346 2133 1413; x_wconf 88' lang='lat' dir='ltr'><strong>multipliciori.</strong></span> <span class='ocrx_word' id='word_1_147' title='bbox 2181 1350 2277 1394; x_wconf 92' lang='lat' dir='ltr'><strong>Lex</strong></span> <span class='ocrx_word' id='word_1_148' title='bbox 2307 1364 2423 1395; x_wconf 86' lang='lat' dir='ltr'><strong>vero</strong></span> 
     </span>
     <span class='ocr_line' id='line_1_16' title="bbox 279 1426 2422 1491; baseline 0.002 -19"><span class='ocrx_word' id='word_1_149' title='bbox 279 1426 506 1474; x_wconf 87' lang='lat' dir='ltr'><strong>naturalis</strong></span> <span class='ocrx_word' id='word_1_150' title='bbox 536 1427 586 1473; x_wconf 92' lang='lat' dir='ltr'><strong>in</strong></span> <span class='ocrx_word' id='word_1_151' title='bbox 618 1427 817 1474; x_wconf 90' lang='lat' dir='ltr'><strong>scientia</strong></span> <span class='ocrx_word' id='word_1_152' title='bbox 845 1443 1059 1486; x_wconf 90' lang='lat' dir='ltr'><strong>morum,</strong></span> <span class='ocrx_word' id='word_1_153' title='bbox 1097 1443 1245 1491; x_wconf 92' lang='lat' dir='ltr'><strong>quam</strong></span> <span class='ocrx_word' id='word_1_154' title='bbox 1278 1426 1486 1474; x_wconf 87' lang='lat' dir='ltr'><strong>ethicam</strong></span> <span class='ocrx_word' id='word_1_155' title='bbox 1519 1426 1751 1488; x_wconf 87' lang='lat' dir='ltr'><strong>dicimus,</strong></span> <span class='ocrx_word' id='word_1_156' title='bbox 1785 1427 1834 1473; x_wconf 90' lang='lat' dir='ltr'><strong>in</strong></span> <span class='ocrx_word' id='word_1_157' title='bbox 1873 1428 1987 1475; x_wconf 93' lang='lat' dir='ltr'><strong>solis</strong></span> <span class='ocrx_word' id='word_1_158' title='bbox 2017 1428 2233 1475; x_wconf 90' lang='lat' dir='ltr'><strong>consistit</strong></span> <span class='ocrx_word' id='word_1_159' title='bbox 2263 1427 2422 1476; x_wconf 91' lang='lat' dir='ltr'><strong>docu-</strong></span> 
     </span>
     <span class='ocr_line' id='line_1_17' title="bbox 279 1506 2423 1573; baseline 0.001 -19"><span class='ocrx_word' id='word_1_160' title='bbox 279 1508 451 1554; x_wconf 87' lang='lat' dir='ltr'><strong>mentis</strong></span> <span class='ocrx_word' id='word_1_161' title='bbox 496 1507 776 1555; x_wconf 90' lang='lat' dir='ltr'><strong>moralibus.</strong></span> <span class='ocrx_word' id='word_1_162' title='bbox 809 1510 1088 1555; x_wconf 86' lang='lat' dir='ltr'><strong>Vestrarum</strong></span> <span class='ocrx_word' id='word_1_163' title='bbox 1119 1517 1280 1555; x_wconf 90' lang='lat' dir='ltr'><strong>autem</strong></span> <span class='ocrx_word' id='word_1_164' title='bbox 1318 1507 1480 1572; x_wconf 86' lang='lat' dir='ltr'><strong>legum</strong></span> <span class='ocrx_word' id='word_1_165' title='bbox 1510 1507 1734 1555; x_wconf 90' lang='lat' dir='ltr'><strong>doctrina</strong></span> <span class='ocrx_word' id='word_1_166' title='bbox 1766 1506 1841 1555; x_wconf 93' lang='lat' dir='ltr'><strong>his</strong></span> <span class='ocrx_word' id='word_1_167' title='bbox 1875 1508 2098 1573; x_wconf 86' lang='lat' dir='ltr'><strong>quaedam</strong></span> <span class='ocrx_word' id='word_1_168' title='bbox 2133 1509 2423 1556; x_wconf 86' lang='lat' dir='ltr'><strong>exteriorum</strong></span> 
     </span>
     <span class='ocr_line' id='line_1_18' title="bbox 279 1586 2425 1654; baseline 0.001 -21"><span class='ocrx_word' id='word_1_169' title='bbox 279 1588 527 1651; x_wconf 87' lang='lat' dir='ltr'><strong>signorum</strong></span> <span class='ocrx_word' id='word_1_170' title='bbox 547 1588 734 1636; x_wconf 89' lang='lat' dir='ltr'><strong>addidit</strong></span> <span class='ocrx_word' id='word_1_171' title='bbox 763 1598 1019 1654; x_wconf 83' lang='lat' dir='ltr'><strong>praecepta,</strong></span> <span class='ocrx_word' id='word_1_172' title='bbox 1054 1605 1159 1652; x_wconf 86' lang='lat' dir='ltr'><strong>quae</strong></span> <span class='ocrx_word' id='word_1_173' title='bbox 1191 1587 1332 1635; x_wconf 92' lang='lat' dir='ltr'><strong>nobis</strong></span> <span class='ocrx_word' id='word_1_174' title='bbox 1364 1588 1568 1636; x_wconf 90' lang='lat' dir='ltr'><strong>omnino</strong></span> <span class='ocrx_word' id='word_1_175' title='bbox 1602 1586 1830 1635; x_wconf 87' lang='lat' dir='ltr'><strong>videntur</strong></span> <span class='ocrx_word' id='word_1_176' title='bbox 1857 1588 2117 1653; x_wconf 86' lang='lat' dir='ltr'><strong>superflua,</strong></span> <span class='ocrx_word' id='word_1_177' title='bbox 2154 1588 2216 1636; x_wconf 90' lang='lat' dir='ltr'><strong>de</strong></span> <span class='ocrx_word' id='word_1_178' title='bbox 2250 1588 2425 1654; x_wconf 91' lang='lat' dir='ltr'><strong>quibus</strong></span> 
     </span>
     <span class='ocr_line' id='line_1_19' title="bbox 280 1668 1317 1734; baseline 0.001 -20"><span class='ocrx_word' id='word_1_179' title='bbox 280 1670 423 1715; x_wconf 82' lang='lat' dir='ltr'><strong>etiam</strong></span> <span class='ocrx_word' id='word_1_180' title='bbox 446 1686 534 1716; x_wconf 88' lang='lat' dir='ltr'><strong>suo</strong></span> <span class='ocrx_word' id='word_1_181' title='bbox 558 1669 668 1716; x_wconf 92' lang='lat' dir='ltr'><strong>loco</strong></span> <span class='ocrx_word' id='word_1_182' title='bbox 693 1668 833 1716; x_wconf 88' lang='lat' dir='ltr'><strong>nobis</strong></span> <span class='ocrx_word' id='word_1_183' title='bbox 857 1679 929 1734; x_wconf 87' lang='lat' dir='ltr'><strong>est</strong></span> <span class='ocrx_word' id='word_1_184' title='bbox 950 1668 1317 1716; x_wconf 85' lang='lat' dir='ltr'><strong>conferendum.</strong></span> 
     </span>
    </p>

    <p class='ocr_par' dir='ltr' id='par_1_5' title="bbox 345 1749 2260 1817">
     <span class='ocr_line' id='line_1_20' title="bbox 345 1749 2260 1817; baseline 0.001 -21"><span class='ocrx_word' id='word_1_185' title='bbox 345 1755 578 1797; x_wconf 90' lang='lat' dir='ltr'><strong>Annuunt</strong></span> <span class='ocrx_word' id='word_1_186' title='bbox 602 1750 789 1814; x_wconf 89' lang='lat' dir='ltr'><strong>utrique</strong></span> <span class='ocrx_word' id='word_1_187' title='bbox 810 1749 1104 1817; x_wconf 89' lang='lat' dir='ltr'><strong>philosopho</strong></span> <span class='ocrx_word' id='word_1_188' title='bbox 1127 1750 1341 1817; x_wconf 87' lang='lat' dir='ltr'><strong>priorem</strong></span> <span class='ocrx_word' id='word_1_189' title='bbox 1362 1750 1410 1798; x_wconf 91' lang='lat' dir='ltr'><strong>in</strong></span> <span class='ocrx_word' id='word_1_190' title='bbox 1437 1750 1580 1815; x_wconf 94' lang='lat' dir='ltr'><strong>hujus</strong></span> <span class='ocrx_word' id='word_1_191' title='bbox 1603 1768 1775 1816; x_wconf 85' lang='lat' dir='ltr'><strong>pugnae</strong></span> <span class='ocrx_word' id='word_1_192' title='bbox 1797 1767 2055 1816; x_wconf 87' lang='lat' dir='ltr'><strong>congressu</strong></span> <span class='ocrx_word' id='word_1_193' title='bbox 2079 1751 2260 1800; x_wconf 90' lang='lat' dir='ltr'><strong>locum.</strong></span> 
     </span>
    </p>

    <p class='ocr_par' dir='ltr' id='par_1_6' title="bbox 276 1830 2427 3183">
     <span class='ocr_line' id='line_1_21' title="bbox 343 1830 2425 1897; baseline 0 -21"><span class='ocrx_word' id='word_1_194' title='bbox 343 1833 464 1877; x_wconf 91' lang='lat' dir='ltr'><strong>Tum</strong></span> <span class='ocrx_word' id='word_1_195' title='bbox 501 1830 579 1877; x_wconf 91' lang='lat' dir='ltr'><strong>ille</strong></span> <span class='ocrx_word' id='word_1_196' title='bbox 619 1830 811 1890; x_wconf 89' lang='lat' dir='ltr'><strong>:Unde,</strong></span> <span class='ocrx_word' id='word_1_197' title='bbox 852 1831 1035 1896; x_wconf 86' lang='lat' dir='ltr'><strong>inquit,</strong></span> <span class='ocrx_word' id='word_1_198' title='bbox 1074 1832 1233 1897; x_wconf 91' lang='lat' dir='ltr'><strong>primo</strong></span> <span class='ocrx_word' id='word_1_199' title='bbox 1270 1848 1356 1878; x_wconf 86' lang='lat' dir='ltr'><strong>vos</strong></span> <span class='ocrx_word' id='word_1_200' title='bbox 1387 1831 1532 1878; x_wconf 89' lang='lat' dir='ltr'><strong>simul</strong></span> <span class='ocrx_word' id='word_1_201' title='bbox 1561 1832 1826 1895; x_wconf 88' lang='lat' dir='ltr'><strong>interrogo,</strong></span> <span class='ocrx_word' id='word_1_202' title='bbox 1863 1831 1996 1895; x_wconf 90' lang='lat' dir='ltr'><strong>quod</strong></span> <span class='ocrx_word' id='word_1_203' title='bbox 2028 1832 2091 1880; x_wconf 92' lang='lat' dir='ltr'><strong>ad</strong></span> <span class='ocrx_word' id='word_1_204' title='bbox 2125 1848 2212 1879; x_wconf 85' lang='lat' dir='ltr'><strong>vos</strong></span> <span class='ocrx_word' id='word_1_205' title='bbox 2248 1831 2425 1896; x_wconf 86' lang='lat' dir='ltr'><strong>pariter</strong></span> 
     </span>
     <span class='ocr_line' id='line_1_22' title="bbox 278 1910 2424 1977; baseline 0 -20"><span class='ocrx_word' id='word_1_206' title='bbox 278 1911 478 1957; x_wconf 90' lang='lat' dir='ltr'><strong>attinere</strong></span> <span class='ocrx_word' id='word_1_207' title='bbox 508 1910 670 1972; x_wconf 89' lang='lat' dir='ltr'><strong>video,</strong></span> <span class='ocrx_word' id='word_1_208' title='bbox 704 1911 786 1975; x_wconf 88' lang='lat' dir='ltr'><strong>qui</strong></span> <span class='ocrx_word' id='word_1_209' title='bbox 809 1913 1015 1959; x_wconf 85' lang='lat' dir='ltr'><strong>maxime</strong></span> <span class='ocrx_word' id='word_1_210' title='bbox 1044 1912 1223 1977; x_wconf 88' lang='lat' dir='ltr'><strong>scripto</strong></span> <span class='ocrx_word' id='word_1_211' title='bbox 1255 1912 1493 1972; x_wconf 88' lang='lat' dir='ltr'><strong>nitimini,</strong></span> <span class='ocrx_word' id='word_1_212' title='bbox 1522 1921 1684 1958; x_wconf 87' lang='lat' dir='ltr'><strong>utrum</strong></span> <span class='ocrx_word' id='word_1_213' title='bbox 1707 1911 1930 1959; x_wconf 89' lang='lat' dir='ltr'><strong>videlicet</strong></span> <span class='ocrx_word' id='word_1_214' title='bbox 1958 1912 2008 1959; x_wconf 90' lang='lat' dir='ltr'><strong>in</strong></span> <span class='ocrx_word' id='word_1_215' title='bbox 2030 1912 2118 1960; x_wconf 91' lang='lat' dir='ltr'><strong>has</strong></span> <span class='ocrx_word' id='word_1_216' title='bbox 2141 1911 2253 1958; x_wconf 84' lang='lat' dir='ltr'><strong>fidei</strong></span> <span class='ocrx_word' id='word_1_217' title='bbox 2274 1920 2424 1958; x_wconf 87' lang='lat' dir='ltr'><strong>sectas</strong></span> 
     </span>
     <span class='ocr_line' id='line_1_23' title="bbox 278 1991 2426 2057; baseline 0 -20"><span class='ocrx_word' id='word_1_218' title='bbox 278 1992 402 2039; x_wconf 88' lang='lat' dir='ltr'><strong>ratio</strong></span> <span class='ocrx_word' id='word_1_219' title='bbox 435 2007 522 2038; x_wconf 87' lang='lat' dir='ltr'><strong>vos</strong></span> <span class='ocrx_word' id='word_1_220' title='bbox 550 1991 792 2039; x_wconf 87' lang='lat' dir='ltr'><strong>induxerit</strong></span> <span class='ocrx_word' id='word_1_221' title='bbox 815 1991 991 2056; x_wconf 88' lang='lat' dir='ltr'><strong>aliqua,</strong></span> <span class='ocrx_word' id='word_1_222' title='bbox 1020 2008 1082 2040; x_wconf 89' lang='lat' dir='ltr'><strong>an</strong></span> <span class='ocrx_word' id='word_1_223' title='bbox 1108 1992 1259 2040; x_wconf 91' lang='lat' dir='ltr'><strong>solam</strong></span> <span class='ocrx_word' id='word_1_224' title='bbox 1281 1991 1363 2040; x_wconf 89' lang='lat' dir='ltr'><strong>hic</strong></span> <span class='ocrx_word' id='word_1_225' title='bbox 1390 1992 1648 2039; x_wconf 90' lang='lat' dir='ltr'><strong>hominum</strong></span> <span class='ocrx_word' id='word_1_226' title='bbox 1676 1992 1977 2057; x_wconf 87' lang='lat' dir='ltr'><strong>opinionem,</strong></span> <span class='ocrx_word' id='word_1_227' title='bbox 2001 2009 2056 2040; x_wconf 91' lang='lat' dir='ltr'><strong>ac</strong></span> <span class='ocrx_word' id='word_1_228' title='bbox 2079 1992 2263 2056; x_wconf 88' lang='lat' dir='ltr'><strong>generis</strong></span> <span class='ocrx_word' id='word_1_229' title='bbox 2282 1992 2426 2039; x_wconf 81' lang='lat' dir='ltr'><strong>vestri</strong></span> 
     </span>
     <span class='ocr_line' id='line_1_24' title="bbox 277 2071 2421 2137; baseline 0 -18"><span class='ocrx_word' id='word_1_230' title='bbox 277 2071 525 2119; x_wconf 89' lang='lat' dir='ltr'><strong>sectemini</strong></span> <span class='ocrx_word' id='word_1_231' title='bbox 560 2088 795 2134; x_wconf 90' lang='lat' dir='ltr'><strong>amorem,</strong></span> <span class='ocrx_word' id='word_1_232' title='bbox 834 2089 1042 2137; x_wconf 90' lang='lat' dir='ltr'><strong>quorum</strong></span> <span class='ocrx_word' id='word_1_233' title='bbox 1073 2073 1274 2137; x_wconf 89' lang='lat' dir='ltr'><strong>quidem</strong></span> <span class='ocrx_word' id='word_1_234' title='bbox 1303 2073 1526 2133; x_wconf 89' lang='lat' dir='ltr'><strong>alterum,</strong></span> <span class='ocrx_word' id='word_1_235' title='bbox 1559 2073 1600 2119; x_wconf 85' lang='lat' dir='ltr'><strong>si</strong></span> <span class='ocrx_word' id='word_1_236' title='bbox 1628 2074 1714 2134; x_wconf 91' lang='lat' dir='ltr'><strong>sit,</strong></span> <span class='ocrx_word' id='word_1_237' title='bbox 1750 2072 1957 2119; x_wconf 87' lang='lat' dir='ltr'><strong>maxime</strong></span> <span class='ocrx_word' id='word_1_238' title='bbox 1985 2081 2057 2119; x_wconf 90' lang='lat' dir='ltr'><strong>est</strong></span> <span class='ocrx_word' id='word_1_239' title='bbox 2085 2071 2421 2137; x_wconf 89' lang='lat' dir='ltr'><strong>probandum,</strong></span> 
     </span>
     <span class='ocr_line' id='line_1_25' title="bbox 276 2152 2422 2218; baseline 0 -19"><span class='ocrx_word' id='word_1_240' title='bbox 276 2153 399 2200; x_wconf 87' lang='lat' dir='ltr'><strong>sicut</strong></span> <span class='ocrx_word' id='word_1_241' title='bbox 441 2152 644 2199; x_wconf 90' lang='lat' dir='ltr'><strong>alterum</strong></span> <span class='ocrx_word' id='word_1_242' title='bbox 677 2154 871 2218; x_wconf 89' lang='lat' dir='ltr'><strong>penitus</strong></span> <span class='ocrx_word' id='word_1_243' title='bbox 906 2152 1304 2218; x_wconf 88' lang='lat' dir='ltr'><strong>improbandum.</strong></span> <span class='ocrx_word' id='word_1_244' title='bbox 1339 2152 1486 2210; x_wconf 89' lang='lat' dir='ltr'><strong>Quod</strong></span> <span class='ocrx_word' id='word_1_245' title='bbox 1526 2163 1690 2201; x_wconf 88' lang='lat' dir='ltr'><strong>tamen</strong></span> <span class='ocrx_word' id='word_1_246' title='bbox 1719 2168 1917 2212; x_wconf 87' lang='lat' dir='ltr'><strong>verum,</strong></span> <span class='ocrx_word' id='word_1_247' title='bbox 1959 2162 2258 2218; x_wconf 89' lang='lat' dir='ltr'><strong>postremum</strong></span> <span class='ocrx_word' id='word_1_248' title='bbox 2293 2167 2422 2213; x_wconf 84' lang='lat' dir='ltr'><strong>esse,</strong></span> 
     </span>
     <span class='ocr_line' id='line_1_26' title="bbox 277 2233 2426 2298; baseline 0 -18"><span class='ocrx_word' id='word_1_249' title='bbox 277 2233 453 2280; x_wconf 90' lang='lat' dir='ltr'><strong>nullius</strong></span> <span class='ocrx_word' id='word_1_250' title='bbox 482 2233 695 2280; x_wconf 89' lang='lat' dir='ltr'><strong>hominis</strong></span> <span class='ocrx_word' id='word_1_251' title='bbox 726 2234 918 2281; x_wconf 85' lang='lat' dir='ltr'><strong>discreti</strong></span> <span class='ocrx_word' id='word_1_252' title='bbox 940 2234 1287 2281; x_wconf 91' lang='lat' dir='ltr'><strong>conscientiam</strong></span> <span class='ocrx_word' id='word_1_253' title='bbox 1309 2233 1456 2281; x_wconf 91' lang='lat' dir='ltr'><strong>credo</strong></span> <span class='ocrx_word' id='word_1_254' title='bbox 1483 2249 1674 2298; x_wconf 85' lang='lat' dir='ltr'><strong>negare.</strong></span> <span class='ocrx_word' id='word_1_255' title='bbox 1704 2235 1772 2280; x_wconf 87' lang='lat' dir='ltr'><strong>lta</strong></span> <span class='ocrx_word' id='word_1_256' title='bbox 1800 2249 2012 2298; x_wconf 89' lang='lat' dir='ltr'><strong>namque</strong></span> <span class='ocrx_word' id='word_1_257' title='bbox 2041 2233 2238 2298; x_wconf 88' lang='lat' dir='ltr'><strong>singulis</strong></span> <span class='ocrx_word' id='word_1_258' title='bbox 2260 2233 2426 2280; x_wconf 89' lang='lat' dir='ltr'><strong>homi-</strong></span> 
     </span>
     <span class='ocr_line' id='line_1_27' title="bbox 276 2313 2427 2379; baseline 0 -19"><span class='ocrx_word' id='word_1_259' title='bbox 276 2313 419 2360; x_wconf 88' lang='lat' dir='ltr'><strong>nibus</strong></span> <span class='ocrx_word' id='word_1_260' title='bbox 453 2315 651 2379; x_wconf 84' lang='lat' dir='ltr'><strong>proprii</strong></span> <span class='ocrx_word' id='word_1_261' title='bbox 673 2315 861 2378; x_wconf 88' lang='lat' dir='ltr'><strong>generis</strong></span> <span class='ocrx_word' id='word_1_262' title='bbox 892 2323 940 2361; x_wconf 87' lang='lat' dir='ltr'><strong>et</strong></span> <span class='ocrx_word' id='word_1_263' title='bbox 971 2331 1143 2362; x_wconf 86' lang='lat' dir='ltr'><strong>eorum</strong></span> <span class='ocrx_word' id='word_1_264' title='bbox 1179 2331 1292 2361; x_wconf 91' lang='lat' dir='ltr'><strong>cum</strong></span> <span class='ocrx_word' id='word_1_265' title='bbox 1326 2313 1502 2378; x_wconf 90' lang='lat' dir='ltr'><strong>quibus</strong></span> <span class='ocrx_word' id='word_1_266' title='bbox 1548 2313 1843 2373; x_wconf 84' lang='lat' dir='ltr'><strong>educantur,</strong></span> <span class='ocrx_word' id='word_1_267' title='bbox 1874 2314 2043 2361; x_wconf 88' lang='lat' dir='ltr'><strong>insitus</strong></span> <span class='ocrx_word' id='word_1_268' title='bbox 2073 2323 2145 2361; x_wconf 90' lang='lat' dir='ltr'><strong>est</strong></span> <span class='ocrx_word' id='word_1_269' title='bbox 2174 2330 2336 2375; x_wconf 87' lang='lat' dir='ltr'><strong>amor,</strong></span> <span class='ocrx_word' id='word_1_270' title='bbox 2373 2323 2427 2361; x_wconf 92' lang='lat' dir='ltr'><strong>ut</strong></span> 
     </span>
     <span class='ocr_line' id='line_1_28' title="bbox 278 2393 2426 2459; baseline 0 -18"><span class='ocrx_word' id='word_1_271' title='bbox 278 2403 447 2442; x_wconf 88' lang='lat' dir='ltr'><strong>contra</strong></span> <span class='ocrx_word' id='word_1_272' title='bbox 466 2410 635 2449; x_wconf 81' lang='lat' dir='ltr'><strong>eorum</strong></span> <span class='ocrx_word' id='word_1_273' title='bbox 655 2393 800 2442; x_wconf 84' lang='lat' dir='ltr'><strong>fidem</strong></span> <span class='ocrx_word' id='word_1_274' title='bbox 821 2394 1053 2459; x_wconf 90' lang='lat' dir='ltr'><strong>quicquid</strong></span> <span class='ocrx_word' id='word_1_275' title='bbox 1074 2395 1279 2453; x_wconf 87' lang='lat' dir='ltr'><strong>dicatur,</strong></span> <span class='ocrx_word' id='word_1_276' title='bbox 1303 2394 1623 2454; x_wconf 81' lang='lat' dir='ltr'><strong>abhorreant3</strong></span> <span class='ocrx_word' id='word_1_277' title='bbox 1645 2404 1693 2442; x_wconf 91' lang='lat' dir='ltr'><strong>et</strong></span> <span class='ocrx_word' id='word_1_278' title='bbox 1715 2393 2112 2442; x_wconf 88' lang='lat' dir='ltr'><strong>consuetudinem</strong></span> <span class='ocrx_word' id='word_1_279' title='bbox 2132 2395 2183 2442; x_wconf 90' lang='lat' dir='ltr'><strong>in</strong></span> <span class='ocrx_word' id='word_1_280' title='bbox 2203 2403 2426 2442; x_wconf 87' lang='lat' dir='ltr'><strong>naturam</strong></span> 
     </span>
     <span class='ocr_line' id='line_1_29' title="bbox 276 2473 2425 2540; baseline -0 -19"><span class='ocrx_word' id='word_1_281' title='bbox 276 2484 533 2535; x_wconf 85' lang='lat' dir='ltr'><strong>vertentes,</strong></span> <span class='ocrx_word' id='word_1_282' title='bbox 573 2474 803 2539; x_wconf 92' lang='lat' dir='ltr'><strong>quicquid</strong></span> <span class='ocrx_word' id='word_1_283' title='bbox 837 2474 1111 2522; x_wconf 86' lang='lat' dir='ltr'><strong>didicerunt</strong></span> <span class='ocrx_word' id='word_1_284' title='bbox 1138 2476 1275 2540; x_wconf 89' lang='lat' dir='ltr'><strong>pium</strong></span> <span class='ocrx_word' id='word_1_285' title='bbox 1304 2475 1466 2540; x_wconf 86' lang='lat' dir='ltr'><strong>pueri,</strong></span> <span class='ocrx_word' id='word_1_286' title='bbox 1501 2474 1677 2522; x_wconf 86' lang='lat' dir='ltr'><strong>obnixe</strong></span> <span class='ocrx_word' id='word_1_287' title='bbox 1698 2483 1864 2521; x_wconf 89' lang='lat' dir='ltr'><strong>tenent</strong></span> <span class='ocrx_word' id='word_1_288' title='bbox 1892 2473 2066 2535; x_wconf 88' lang='lat' dir='ltr'><strong>adulti,</strong></span> <span class='ocrx_word' id='word_1_289' title='bbox 2099 2483 2146 2521; x_wconf 92' lang='lat' dir='ltr'><strong>et</strong></span> <span class='ocrx_word' id='word_1_290' title='bbox 2168 2484 2425 2538; x_wconf 89' lang='lat' dir='ltr'><strong>antequam</strong></span> 
     </span>
     <span class='ocr_line' id='line_1_30' title="bbox 277 2554 2425 2620; baseline -0.001 -17"><span class='ocrx_word' id='word_1_291' title='bbox 277 2572 333 2603; x_wconf 90' lang='lat' dir='ltr'><strong>ea</strong></span> <span class='ocrx_word' id='word_1_292' title='bbox 356 2573 461 2620; x_wconf 86' lang='lat' dir='ltr'><strong>quae</strong></span> <span class='ocrx_word' id='word_1_293' title='bbox 495 2555 762 2616; x_wconf 88' lang='lat' dir='ltr'><strong>discuntur,</strong></span> <span class='ocrx_word' id='word_1_294' title='bbox 791 2571 963 2620; x_wconf 90' lang='lat' dir='ltr'><strong>capere</strong></span> <span class='ocrx_word' id='word_1_295' title='bbox 997 2556 1206 2611; x_wconf 91' lang='lat' dir='ltr'><strong>valeant,</strong></span> <span class='ocrx_word' id='word_1_296' title='bbox 1241 2554 1437 2602; x_wconf 90' lang='lat' dir='ltr'><strong>credere</strong></span> <span class='ocrx_word' id='word_1_297' title='bbox 1465 2571 1517 2603; x_wconf 91' lang='lat' dir='ltr'><strong>se</strong></span> <span class='ocrx_word' id='word_1_298' title='bbox 1543 2554 1809 2614; x_wconf 84' lang='lat' dir='ltr'><strong>affirmant,</strong></span> <span class='ocrx_word' id='word_1_299' title='bbox 1840 2563 1894 2600; x_wconf 89' lang='lat' dir='ltr'><strong>ut</strong></span> <span class='ocrx_word' id='word_1_300' title='bbox 1921 2554 2050 2601; x_wconf 91' lang='lat' dir='ltr'><strong>enim</strong></span> <span class='ocrx_word' id='word_1_301' title='bbox 2079 2563 2126 2601; x_wconf 92' lang='lat' dir='ltr'><strong>et</strong></span> <span class='ocrx_word' id='word_1_302' title='bbox 2156 2562 2300 2619; x_wconf 90' lang='lat' dir='ltr'><strong>poeta</strong></span> <span class='ocrx_word' id='word_1_303' title='bbox 2324 2570 2425 2601; x_wconf 91' lang='lat' dir='ltr'><strong>me-</strong></span> 
     </span>
     <span class='ocr_line' id='line_1_31' title="bbox 278 2633 2426 2701; baseline -0 -19"><span class='ocrx_word' id='word_1_304' title='bbox 278 2637 438 2697; x_wconf 89' lang='lat' dir='ltr'><strong>minit,</strong></span> <span class='ocrx_word' id='word_1_305' title='bbox 468 2656 491 2680; x_wconf 83' lang='lat'>«</span> <span class='ocrx_word' id='word_1_306' title='bbox 519 2652 618 2701; x_wconf 88' lang='lat' dir='ltr'><strong>quo</strong></span> <span class='ocrx_word' id='word_1_307' title='bbox 657 2635 805 2683; x_wconf 89' lang='lat' dir='ltr'><strong>semel</strong></span> <span class='ocrx_word' id='word_1_308' title='bbox 843 2645 912 2683; x_wconf 88' lang='lat' dir='ltr'><strong>est</strong></span> <span class='ocrx_word' id='word_1_309' title='bbox 942 2635 1126 2682; x_wconf 90' lang='lat' dir='ltr'><strong>imbuta</strong></span> <span class='ocrx_word' id='word_1_310' title='bbox 1153 2651 1347 2694; x_wconf 89' lang='lat' dir='ltr'><strong>recens,</strong></span> <span class='ocrx_word' id='word_1_311' title='bbox 1384 2634 1594 2683; x_wconf 87' lang='lat' dir='ltr'><strong>servabit</strong></span> <span class='ocrx_word' id='word_1_312' title='bbox 1631 2634 1836 2682; x_wconf 91' lang='lat' dir='ltr'><strong>odorem</strong></span> <span class='ocrx_word' id='word_1_313' title='bbox 1871 2642 1990 2681; x_wconf 85' lang='lat' dir='ltr'><strong>testa</strong></span> <span class='ocrx_word' id='word_1_314' title='bbox 2035 2633 2158 2681; x_wconf 75' lang='lat' dir='ltr'><strong>diu‘.</strong></span> <span class='ocrx_word' id='word_1_315' title='bbox 2191 2652 2215 2678; x_wconf 75' lang='lat' dir='ltr'>n</span> <span class='ocrx_word' id='word_1_316' title='bbox 2251 2633 2426 2692; x_wconf 88' lang='lat' dir='ltr'><strong>Quales</strong></span> 
     </span>
     <span class='ocr_line' id='line_1_32' title="bbox 278 2713 2427 2782; baseline -0 -20"><span class='ocrx_word' id='word_1_317' title='bbox 278 2716 474 2779; x_wconf 86' lang='lat' dir='ltr'><strong>quidem</strong></span> <span class='ocrx_word' id='word_1_318' title='bbox 501 2715 907 2782; x_wconf 88' lang='lat' dir='ltr'><strong>philosophorum</strong></span> <span class='ocrx_word' id='word_1_319' title='bbox 938 2715 1138 2779; x_wconf 89' lang='lat' dir='ltr'><strong>quidam</strong></span> <span class='ocrx_word' id='word_1_320' title='bbox 1167 2716 1348 2778; x_wconf 85' lang='lat' dir='ltr'><strong>arguit,</strong></span> <span class='ocrx_word' id='word_1_321' title='bbox 1386 2715 1554 2763; x_wconf 89' lang='lat' dir='ltr'><strong>dicens</strong></span> <span class='ocrx_word' id='word_1_322' title='bbox 1586 2733 1598 2762; x_wconf 69' lang='grc' dir='ltr'><strong><em>ε</em></strong></span> <span class='ocrx_word' id='word_1_323' title='bbox 1629 2735 1651 2760; x_wconf 78' lang='grc' dir='ltr'>α</span> <span class='ocrx_word' id='word_1_324' title='bbox 1674 2717 1828 2775; x_wconf 90' lang='lat' dir='ltr'><strong>Neve,</strong></span> <span class='ocrx_word' id='word_1_325' title='bbox 1861 2714 1900 2761; x_wconf 89' lang='lat' dir='ltr'><strong>si</strong></span> <span class='ocrx_word' id='word_1_326' title='bbox 1929 2713 2049 2778; x_wconf 92' lang='lat' dir='ltr'><strong>quid</strong></span> <span class='ocrx_word' id='word_1_327' title='bbox 2077 2713 2129 2761; x_wconf 92' lang='lat' dir='ltr'><strong>in</strong></span> <span class='ocrx_word' id='word_1_328' title='bbox 2162 2713 2427 2780; x_wconf 88' lang='lat' dir='ltr'><strong>puerilibus</strong></span> 
     </span>
     <span class='ocr_line' id='line_1_33' title="bbox 280 2793 2426 2862; baseline -0 -20"><span class='ocrx_word' id='word_1_329' title='bbox 280 2795 540 2861; x_wconf 86' lang='lat' dir='ltr'><strong>disciplinis</strong></span> <span class='ocrx_word' id='word_1_330' title='bbox 564 2797 858 2862; x_wconf 88' lang='lat' dir='ltr'><strong>acceperint,</strong></span> <span class='ocrx_word' id='word_1_331' title='bbox 886 2795 938 2843; x_wconf 92' lang='lat' dir='ltr'><strong>id</strong></span> <span class='ocrx_word' id='word_1_332' title='bbox 960 2811 1096 2843; x_wconf 88' lang='lat' dir='ltr'><strong>sacro</strong></span> <span class='ocrx_word' id='word_1_333' title='bbox 1121 2804 1342 2844; x_wconf 88' lang='lat' dir='ltr'><strong>sanctum</strong></span> <span class='ocrx_word' id='word_1_334' title='bbox 1366 2793 1637 2860; x_wconf 83' lang='lat' dir='ltr'><strong>judicetur!</strong></span> <span class='ocrx_word' id='word_1_335' title='bbox 1663 2794 1896 2860; x_wconf 89' lang='lat' dir='ltr'><strong>quoniam</strong></span> <span class='ocrx_word' id='word_1_336' title='bbox 1919 2794 2117 2859; x_wconf 91' lang='lat' dir='ltr'><strong>quidem</strong></span> <span class='ocrx_word' id='word_1_337' title='bbox 2147 2811 2225 2843; x_wconf 90' lang='lat' dir='ltr'><strong>res</strong></span> <span class='ocrx_word' id='word_1_338' title='bbox 2247 2794 2426 2842; x_wconf 86' lang='lat' dir='ltr'><strong>teneris</strong></span> 
     </span>
     <span class='ocr_line' id='line_1_34' title="bbox 281 2873 2425 2942; baseline -0.001 -19"><span class='ocrx_word' id='word_1_339' title='bbox 281 2876 474 2924; x_wconf 87' lang='lat' dir='ltr'><strong>auribus</strong></span> <span class='ocrx_word' id='word_1_340' title='bbox 521 2876 911 2925; x_wconf 88' lang='lat' dir='ltr'><strong>accommodatas</strong></span> <span class='ocrx_word' id='word_1_341' title='bbox 960 2893 1083 2942; x_wconf 86' lang='lat' dir='ltr'><strong>saepe</strong></span> <span class='ocrx_word' id='word_1_342' title='bbox 1127 2876 1446 2942; x_wconf 80' lang='lat' dir='ltr'><strong>philosophiae</strong></span> <span class='ocrx_word' id='word_1_343' title='bbox 1494 2876 1657 2924; x_wconf 90' lang='lat' dir='ltr'><strong>senior</strong></span> <span class='ocrx_word' id='word_1_344' title='bbox 1705 2884 1931 2923; x_wconf 87' lang='lat' dir='ltr'><strong>tractatus</strong></span> <span class='ocrx_word' id='word_1_345' title='bbox 1973 2875 2205 2923; x_wconf 85' lang='lat' dir='ltr'><strong>eliminat.</strong></span> <span class='ocrx_word' id='word_1_346' title='bbox 2232 2894 2256 2921; x_wconf 74' lang='grc' dir='ltr'><em>η</em></span> <span class='ocrx_word' id='word_1_347' title='bbox 2294 2873 2425 2932; x_wconf 90' lang='lat' dir='ltr'><strong>Quid</strong></span> 
     </span>
     <span class='ocr_line' id='line_1_35' title="bbox 281 2953 2419 3022; baseline -0 -21"><span class='ocrx_word' id='word_1_348' title='bbox 281 2957 442 3002; x_wconf 81' lang='lat' dir='ltr'><strong>enim?</strong></span> <span class='ocrx_word' id='word_1_349' title='bbox 482 2957 699 3004; x_wconf 88' lang='lat' dir='ltr'><strong>mirabile</strong></span> <span class='ocrx_word' id='word_1_350' title='bbox 729 2966 825 3018; x_wconf 89' lang='lat' dir='ltr'><strong>est,</strong></span> <span class='ocrx_word' id='word_1_351' title='bbox 857 2974 970 3004; x_wconf 92' lang='lat' dir='ltr'><strong>cum</strong></span> <span class='ocrx_word' id='word_1_352' title='bbox 994 2974 1080 3022; x_wconf 89' lang='lat' dir='ltr'><strong>per</strong></span> <span class='ocrx_word' id='word_1_353' title='bbox 1110 2966 1303 3004; x_wconf 87' lang='lat' dir='ltr'><strong>aetatum</strong></span> <span class='ocrx_word' id='word_1_354' title='bbox 1333 2957 1504 3004; x_wconf 89' lang='lat' dir='ltr'><strong>seriem</strong></span> <span class='ocrx_word' id='word_1_355' title='bbox 1535 2966 1584 3004; x_wconf 90' lang='lat' dir='ltr'><strong>et</strong></span> <span class='ocrx_word' id='word_1_356' title='bbox 1615 2966 1891 3021; x_wconf 88' lang='lat' dir='ltr'><strong>temporum</strong></span> <span class='ocrx_word' id='word_1_357' title='bbox 1922 2955 2299 3012; x_wconf 85' lang='lat' dir='ltr'><strong>successionem,</strong></span> <span class='ocrx_word' id='word_1_358' title='bbox 2323 2953 2419 3000; x_wconf 87' lang='lat' dir='ltr'><strong>hu-</strong></span> 
     </span>
     <span class='ocr_line' id='line_1_36' title="bbox 282 3035 2414 3101; baseline -0.001 -19"><span class='ocrx_word' id='word_1_359' title='bbox 282 3051 426 3082; x_wconf 90' lang='lat' dir='ltr'><strong>mana</strong></span> <span class='ocrx_word' id='word_1_360' title='bbox 446 3037 494 3083; x_wconf 92' lang='lat' dir='ltr'><strong>in</strong></span> <span class='ocrx_word' id='word_1_361' title='bbox 518 3038 702 3084; x_wconf 89' lang='lat' dir='ltr'><strong>cunctis</strong></span> <span class='ocrx_word' id='word_1_362' title='bbox 720 3038 863 3085; x_wconf 90' lang='lat' dir='ltr'><strong>rebus</strong></span> <span class='ocrx_word' id='word_1_363' title='bbox 883 3039 1051 3098; x_wconf 84' lang='lat' dir='ltr'><strong>creatis</strong></span> <span class='ocrx_word' id='word_1_364' title='bbox 1074 3038 1383 3101; x_wconf 85' lang='lat' dir='ltr'><strong>intelligentia</strong></span> <span class='ocrx_word' id='word_1_365' title='bbox 1406 3047 1602 3094; x_wconf 87' lang='lat' dir='ltr'><strong>crescat,</strong></span> <span class='ocrx_word' id='word_1_366' title='bbox 1629 3037 1680 3084; x_wconf 93' lang='lat' dir='ltr'><strong>in</strong></span> <span class='ocrx_word' id='word_1_367' title='bbox 1706 3035 1800 3084; x_wconf 84' lang='lat' dir='ltr'><strong>fide</strong></span> <span class='ocrx_word' id='word_1_368' title='bbox 1825 3036 1961 3100; x_wconf 90' lang='lat' dir='ltr'><strong>cujus</strong></span> <span class='ocrx_word' id='word_1_369' title='bbox 1989 3037 2139 3084; x_wconf 89' lang='lat' dir='ltr'><strong>errori</strong></span> <span class='ocrx_word' id='word_1_370' title='bbox 2170 3050 2414 3082; x_wconf 90' lang='lat' dir='ltr'><strong>summum</strong></span> 
     </span>
     <span class='ocr_line' id='line_1_37' title="bbox 283 3115 2424 3183; baseline -0.001 -21"><span class='ocrx_word' id='word_1_371' title='bbox 283 3115 550 3180; x_wconf 89' lang='lat' dir='ltr'><strong>periculum</strong></span> <span class='ocrx_word' id='word_1_372' title='bbox 584 3117 819 3178; x_wconf 89' lang='lat' dir='ltr'><strong>imminet,</strong></span> <span class='ocrx_word' id='word_1_373' title='bbox 847 3118 1007 3165; x_wconf 90' lang='lat' dir='ltr'><strong>nullus</strong></span> <span class='ocrx_word' id='word_1_374' title='bbox 1037 3127 1110 3165; x_wconf 90' lang='lat' dir='ltr'><strong>est</strong></span> <span class='ocrx_word' id='word_1_375' title='bbox 1133 3117 1404 3183; x_wconf 81' lang='lat' dir='ltr'><strong>profectus?</strong></span> <span class='ocrx_word' id='word_1_376' title='bbox 1427 3117 1521 3165; x_wconf 91' lang='lat' dir='ltr'><strong>Sed</strong></span> <span class='ocrx_word' id='word_1_377' title='bbox 1544 3133 1680 3182; x_wconf 88' lang='lat' dir='ltr'><strong>aeque</strong></span> <span class='ocrx_word' id='word_1_378' title='bbox 1708 3117 1921 3164; x_wconf 88' lang='lat' dir='ltr'><strong>minores</strong></span> <span class='ocrx_word' id='word_1_379' title='bbox 1950 3126 2005 3164; x_wconf 91' lang='lat' dir='ltr'><strong>ut</strong></span> <span class='ocrx_word' id='word_1_380' title='bbox 2030 3115 2262 3179; x_wconf 80' lang='lat' dir='ltr'><strong>majoreS,</strong></span> <span class='ocrx_word' id='word_1_381' title='bbox 2289 3129 2424 3178; x_wconf 85' lang='lat' dir='ltr'><strong>aeque</strong></span> 
     </span>
    </p>
   </div>
   <div class='ocr_carea' id='block_1_3' title="bbox 324 3294 1750 3339">
    <p class='ocr_par' dir='ltr' id='par_1_7' title="bbox 324 3294 1750 3339">
     <span class='ocr_line' id='line_1_38' title="bbox 324 3294 1750 3339; baseline -0.001 -10"><span class='ocrx_word' id='word_1_382' title='bbox 324 3295 468 3338; x_wconf 78' lang='lat' dir='ltr'><strong>’Prov.‚</strong></span> <span class='ocrx_word' id='word_1_383' title='bbox 488 3304 560 3337; x_wconf 82' lang='lat' dir='ltr'><strong>cap.</strong></span> <span class='ocrx_word' id='word_1_384' title='bbox 575 3304 603 3337; x_wconf 81' lang='grc' dir='ltr'><strong>ι,</strong></span> <span class='ocrx_word' id='word_1_385' title='bbox 623 3302 653 3328; x_wconf 82' lang='lat' dir='ltr'><strong>v.</strong></span> <span class='ocrx_word' id='word_1_386' title='bbox 668 3298 697 3329; x_wconf 85' lang='lat'><strong>5.</strong></span> <span class='ocrx_word' id='word_1_387' title='bbox 711 3297 768 3320; x_wconf 75' lang='lat'><strong>—2</strong></span> <span class='ocrx_word' id='word_1_388' title='bbox 790 3295 875 3338; x_wconf 78' lang='lat' dir='ltr'><strong>Jac.‚</strong></span> <span class='ocrx_word' id='word_1_389' title='bbox 896 3306 967 3338; x_wconf 84' lang='lat' dir='ltr'><strong>cap.</strong></span> <span class='ocrx_word' id='word_1_390' title='bbox 985 3306 1014 3339; x_wconf 87' lang='lat'><strong>1,</strong></span> <span class='ocrx_word' id='word_1_391' title='bbox 1036 3306 1065 3330; x_wconf 80' lang='lat' dir='ltr'><strong>v.</strong></span> <span class='ocrx_word' id='word_1_392' title='bbox 1084 3299 1134 3331; x_wconf 84' lang='lat'><strong>19.</strong></span> <span class='ocrx_word' id='word_1_393' title='bbox 1155 3315 1192 3322; x_wconf 92' lang='lat'>—</span> <span class='ocrx_word' id='word_1_394' title='bbox 1209 3299 1222 3319; x_wconf 82' lang='lat'>³</span> <span class='ocrx_word' id='word_1_395' title='bbox 1242 3297 1373 3339; x_wconf 57' lang='lat' dir='ltr'><strong>Horat„</strong></span> <span class='ocrx_word' id='word_1_396' title='bbox 1399 3297 1526 3339; x_wconf 52' lang='lat' dir='ltr'><strong>Epist„</strong></span> <span class='ocrx_word' id='word_1_397' title='bbox 1548 3294 1573 3336; x_wconf 82' lang='lat'><strong>1,</strong></span> <span class='ocrx_word' id='word_1_398' title='bbox 1592 3302 1631 3336; x_wconf 81' lang='lat' dir='ltr'><strong>u,</strong></span> <span class='ocrx_word' id='word_1_399' title='bbox 1652 3304 1682 3328; x_wconf 81' lang='lat' dir='ltr'><strong>v.</strong></span> <span class='ocrx_word' id='word_1_400' title='bbox 1699 3297 1750 3330; x_wconf 82' lang='grc'><strong>69.</strong></span> 
     </span>
    </p>
   </div>
  </div>
 </body>
</html>
