2638 3866
217 252 312 301 608
1021 249 1190 295 PETRI
1226 245 1542 295 ABAELARDI

217 351 529 398 commoveri.
557 349 633 394 Sic
655 358 701 395 et
735 349 782 394 in
816 347 1114 411 languorem,
1145 350 1249 395 Deo
1284 348 1614 412 permittente,
1644 363 1999 412 nonnunquam
2022 350 2206 414 aliquos
2242 351 2347 398 mit-

217 441 340 491 tunt,
379 446 434 477 ac
461 427 772 493 postmodum
795 427 1174 492 supplicantibus
1209 427 1301 474 sibi
1333 427 1543 475 remedia
1573 428 1844 489 conferunt,
1872 439 1919 476 et
1943 429 2215 495 frequenter
2236 448 2347 478 cum

217 518 400 555 cessant
430 507 616 567 laedere,
656 523 822 554 curare
858 507 1138 554 creduntur.
1174 508 1394 572 Denique
1425 508 1474 554 in
1505 509 1710 572 AEgypto
1748 507 1897 555 multa
1931 519 2099 556 contra
2134 511 2346 574 Moysem

218 587 496 634 mirabiliter
509 586 695 651 operari
719 603 804 651 per
826 603 992 650 magos
1012 589 1124 633 sunt
1142 586 1379 652 permissi,
1407 602 1463 633 ac
1483 586 1680 651 quidem
1703 588 1907 635 naturali
1928 588 1976 634 vi
1997 604 2176 649 rerum,
2204 605 2349 653 quam

217 676 465 726 noverant,
490 683 589 712 non
615 675 714 714 tam
733 683 903 713 eorum
927 683 1032 731 quae
1054 666 1289 714 faciebant
1318 676 1558 714 creatores
1580 666 1769 714 dicendi
1791 684 1935 732 quam
1959 668 2307 733 compositores
2334 687 2344 715 :

215 745 344 792 velut
372 746 408 792 si
435 746 545 809 quis
562 746 696 809 juxta
718 746 1066 793 documentum
1085 747 1304 810 Virgilii¹,
1331 756 1473 794 tunsa
1497 763 1641 794 carne
1662 735 1787 795 tauri
1814 764 1927 813 apes
1950 747 2065 795 inde
2089 747 2192 795 fieri
2214 748 2350 796 labo-

218 825 369 872 rando
389 824 614 883 efficeret,
644 843 743 873 non
767 837 865 875 tam
891 842 1038 891 apum
1060 837 1247 874 creator
1270 842 1416 891 quam
1439 835 1619 874 naturae
1641 837 1932 892 praeparator
1954 827 2187 875 dicendus
2209 839 2346 875 esset.

216 909 284 951 Ex
314 905 405 952 hac
436 906 596 968 itaque
637 921 799 952 rerum
833 906 1004 971 peritia
1035 922 1182 970 quam
1205 905 1387 953 habent
1414 907 1462 952 in
1488 922 1655 953 earum
1688 907 1871 954 naturis
1892 907 2136 955 daemones
2171 923 2262 955 nos
2299 909 2347 955 in

216 985 462 1032 libidinem
479 1023 491 1046 ,
530 986 604 1032 vel
639 996 831 1034 caeteras
871 986 1018 1033 animi
1060 987 1304 1050 passiones
1339 995 1675 1044 commovent,
1714 1003 2020 1051 quacumque
2059 997 2159 1035 arte
2206 987 2351 1035 nobis

217 1066 546 1129 ignorantibus
569 1081 647 1112 eas
666 1065 991 1126 admovendo,
1013 1066 1111 1112 sive
1134 1066 1185 1112 in
1211 1075 1367 1130 gustu,
1394 1065 1493 1112 sive
1515 1066 1564 1112 in
1590 1068 1739 1113 tactu²
1759 1083 1838 1114 eas
1860 1066 2110 1132 ponendo,
2131 1067 2207 1114 vel
2231 1083 2349 1131 quo·

217 1145 333 1192 libet
368 1145 516 1192 modo
549 1161 628 1192 eas
656 1145 855 1192 interius
878 1146 953 1192 vel
984 1146 1189 1212 exterius
1221 1145 1525 1193 collocando.
1562 1146 1717 1193 Multae
1739 1147 1919 1211 quippe
1941 1157 2055 1194 sunt
2077 1147 2126 1193 in
2157 1145 2320 1194 herbis
2337 1185 2348 1206 ‚

217 1225 292 1272 vel
317 1224 596 1286 seminibus,
622 1223 698 1271 vel
717 1234 816 1271 tam
840 1223 1070 1271 arborum
1102 1241 1248 1288 quam
1279 1224 1495 1290 lapidum
1525 1226 1708 1272 naturis
1737 1226 1862 1272 vires
1887 1225 1948 1273 ad
1973 1225 2353 1273 commovendos

213 1304 287 1352 vel
309 1304 555 1368 pacandos
577 1304 766 1352 animos
791 1313 981 1351 nostros
1004 1313 1146 1369 aptae,
1172 1320 1290 1369 quas
1315 1305 1400 1369 qui
1427 1303 1678 1368 diligenter
1699 1315 1911 1366 nossent,
1936 1305 2034 1353 hoc
2057 1322 2195 1369 agere
2217 1305 2353 1353 facile

214 1395 425 1449 possent.

1098 1514 1342 1574 CAPUT
1399 1486 1468 1575 v.

726 1661 803 1697 Cur
841 1672 961 1711 opera
996 1660 1140 1711 peccati
1175 1659 1296 1712 magis
1332 1672 1449 1711 quam
1481 1660 1609 1712 ipsum
1644 1658 1841 1711 puniatur.

279 1785 400 1829 Sunt
439 1783 580 1829 etiam
617 1784 700 1847 qui
735 1799 836 1829 non
871 1782 1178 1830 mediocriter
1216 1793 1493 1843 moventur,
1530 1800 1642 1830 cum
1672 1783 1875 1831 audiunt
1914 1801 2004 1832 nos
2038 1776 2356 1850 dicere'opus

214 1863 395 1928 peccati
420 1879 519 1909 non
537 1863 732 1927 proprie
748 1872 998 1927 peccatum
1023 1862 1135 1921 dici,
1158 1862 1231 1909 vel
1252 1863 1510 1926 quicquam
1531 1879 1631 1909 non
1653 1862 1831 1909 addere
1854 1863 1915 1910 ad
1932 1865 2116 1929 peccati
2134 1880 2358 1928 augmen-

213 1953 336 2003 tum,
362 1959 448 1989 cur
483 1943 672 2005 gravior
697 1941 953 1989 satisfactio
982 1941 1326 2007 poenitentibus
1353 1942 1631 2006 injungatur
1654 1941 1714 1988 de
1738 1943 1898 2007 operis
1924 1943 2099 1990 effectu
2122 1960 2269 2008 quam
2292 1943 2354 1990 de

215 2023 366 2087 culpae
401 2031 552 2069 reatu.
582 2021 770 2079 Quibus
805 2021 1000 2085 quidem
1031 2021 1129 2068 hoc
1163 2022 1373 2086 primum
1408 2021 1697 2086 respondeo,
1741 2038 1827 2069 cur
1858 2038 1960 2069 non
1993 2024 2233 2088 praecipue
2267 2024 2356 2070 mi-

216 2111 380 2149 rentur
411 2118 502 2166 pro
538 2117 614 2160 eo,
650 2100 784 2164 quod
812 2118 912 2148 non
944 2118 1196 2166 nunquam
1228 2117 1402 2165 magna
1428 2101 1761 2148 satisfactionis
1785 2101 2049 2149 instituitur
2071 2119 2241 2168 poena,
2274 2102 2358 2149 ubi

217 2182 346 2229 nulla
370 2181 687 2228 intercesserit
705 2181 877 2245 culpa;
912 2191 960 2228 et
988 2197 1072 2228 eos
1094 2181 1390 2246 quandoque
1413 2181 1585 2246 punire
1609 2179 1899 2243 debeamus,
1927 2198 2053 2246 quos
2077 2182 2358 2229 innocentes
2409 2175 2413 2181 ’

217 2265 389 2310 scimus
403 2263 422 2308 Ρ
437 2265 556 2308 Ecce
573 2262 701 2308 enim
722 2277 904 2326 pauper
918 2260 1076 2325 aliqua
1098 2261 1270 2308 mulier
1286 2260 1578 2308 infantulum
1599 2259 1746 2308 habet
1763 2260 2038 2324 lactentem,
2060 2278 2150 2309 nec
2170 2272 2356 2309 tantum

219 2343 614 2389 indumentorum
638 2341 801 2400 habet,
827 2351 880 2388 ut
899 2352 946 2388 et
966 2342 1169 2406 parvulo
1193 2342 1242 2387 in
1262 2342 1415 2401 cunis,
1441 2350 1488 2388 et
1510 2341 1602 2388 sibi
1622 2340 1839 2388 sufficere
1863 2343 2030 2406 possit.
2053 2342 2357 2389 Miseratione

215 2424 374 2486 itaque
397 2421 618 2468 infantuli
649 2430 910 2481 commota,
939 2437 1049 2467 eum
1074 2420 1163 2467 sibi
1187 2421 1413 2484 apponit,
1440 2430 1493 2466 ut
1514 2421 1722 2485 propriis
1749 2421 1945 2485 insuper
1968 2421 2129 2469 foveat
2155 2421 2354 2486 pannis,

215 2513 259 2548 et.
289 2501 487 2548 tandem
510 2499 787 2547 infirmitate
818 2500 919 2563 ejus
943 2500 990 2546 vi
1021 2510 1202 2547 naturae
1226 2509 1465 2563 superata,
1502 2500 1775 2564 opprimere
1806 2501 1993 2563 cogitur
2023 2517 2168 2564 quem
2193 2517 2357 2547 amore

216 2599 406 2628 summo
427 2580 746 2645 amplectitur.
777 2600 799 2622 α
816 2579 967 2636 Habe,
987 2580 1142 2643 inquit
1166 2579 1473 2641 Augustinus,
1497 2579 1779 2626 charitatem
1804 2589 1851 2626 et
1872 2580 1945 2627 fac
1969 2579 2204 2644 quidquid
2224 2580 2309 2626 vis.
2331 2600 2353 2624 ³>

218 2665 333 2717 Quae
360 2671 518 2708 tamen
545 2676 635 2724 pro
658 2658 995 2717 satisfactione,
1022 2675 1134 2705 cum
1159 2657 1220 2704 ad
1245 2658 1537 2722 Episcopum
1558 2658 1759 2718 venerit,
1787 2659 1941 2721 gravis
1964 2659 2007 2706 ei
2032 2675 2176 2724 poena
2199 2659 2357 2721 injun-

219 2744 358 2803 gitur,
388 2758 487 2788 non
510 2757 599 2805 pro
619 2741 761 2804 culpa
791 2755 938 2802 quam
967 2739 1278 2796 commiserit,
1305 2738 1389 2785 sed
1412 2748 1466 2785 ut
1489 2739 1591 2804 ipsa
1622 2739 1850 2804 deinceps
1871 2740 1946 2787 vel
1971 2750 2148 2787 caeterae
2174 2740 2358 2786 feminae

220 2823 267 2867 in
299 2821 473 2867 talibus
501 2819 815 2885 providendis
843 2820 1077 2866 cautiores
1113 2818 1394 2866 reddantur.
1433 2823 1794 2884 Nonnunquam
1828 2821 1972 2868 etiam
2007 2821 2242 2883 contingit
2271 2820 2359 2867 ali-

222 2917 364 2962 quem
391 2900 451 2946 ab
482 2900 687 2946 inimicis
722 2900 818 2945 suis
852 2899 984 2964 apud
1012 2899 1224 2962 judicem
1259 2900 1497 2960 accusari,
1535 2908 1581 2946 et
1613 2899 1706 2946 tale
1739 2899 1857 2964 quid
1893 2901 1961 2948 illi
1990 2901 2194 2965 imponi,
2231 2899 2359 2946 unde

223 2979 357 3024 illum
386 2980 692 3025 innocentem
725 2995 826 3025 esse
852 2978 999 3042 judex
1031 2977 1295 3041 cognoscit.
1328 2979 1455 3034 Quia
1482 2989 1641 3027 tamen
1667 2979 1735 3026 illi
1759 2980 1954 3040 instant,
1990 2990 2037 3026 et
2065 2979 2355 3027 audientiam

224 3060 272 3104 in
309 3058 489 3120 judicio
531 3058 801 3122 postulant,
840 3067 1018 3104 statuto
1056 3058 1134 3104 die
1164 3072 1356 3104 causam
1392 3058 1743 3122 ingrediuntur,
1787 3069 1928 3107 testes
1966 3059 2217 3124 proferunt
2249 3058 2357 3103 licet

226 3139 365 3184 falsos
391 3137 451 3184 ad
476 3154 588 3184 eum
609 3154 754 3200 quem
778 3147 1032 3198 accusant,
1060 3137 1446 3185 convincendum
1477 3157 1486 3184 ε
1513 3156 1636 3203 quos
1664 3149 1826 3186 tamen
1864 3149 2005 3186 testes
2033 3156 2145 3186 cum
2173 3154 2357 3201 nequa—

272 3314 276 3330 ¹
297 3311 428 3351 (ἔρον-9.,
443 3310 499 3341 lib.
518 3307 578 3347 IV,
597 3317 629 3340 v.
647 3309 720 3341 310.
738 3325 777 3331 —-
789 3309 800 3327 ²
816 3309 929 3341 Pezius
945 3307 1094 3347 Stratie}
