2638 3866
263 212 280 256 4
295 210 356 259 26
1071 206 1240 254 PETRI
1275 204 1587 254 ABAELARDI

262 309 361 356 dici
384 315 572 374 poterat
605 305 773 353 verbe.
800 308 889 353 Per
917 304 1177 371 quemdam
1214 321 1426 370 namque
1451 304 1716 370 sapientem
1740 301 1915 351 dicitur
1936 304 2042 349 Deo
2063 318 2074 347 ι
2099 318 2125 346 «c
2140 302 2211 347 Tu
2235 310 2398 348 autem

262 389 547 436 Dominator
581 387 767 433 virtutis
802 403 914 434 cum
952 385 1294 452 tranquillitate
1320 385 1533 450 judicas,
1568 394 1616 432 et
1646 401 1759 432 cum
1798 398 1970 447 magna
2004 381 2271 429 reverentia
2308 380 2398 428 dis·

262 469 419 532 poniS.
458 466 627 514 Subest
655 467 812 530 enim,
838 484 951 515 cum
983 466 1212 526 volueris,
1240 465 1325 514 tibi
1350 482 1488 532 posse
1506 467 1536 512 ².
1567 483 1590 509 »
1615 468 1741 528 Ergo
1767 462 1851 510 ubi
1885 478 1984 510 non
2020 469 2091 509 est
2127 460 2247 509 velle
2279 461 2393 521 Dei,

262 547 394 595 deest
426 562 581 611 posse.
623 549 751 594 Deus
784 547 965 612 quippe
1006 545 1317 594 immutabilis
1352 555 1565 607 naturae,
1592 545 1659 592 ita-
1692 541 2006 591 immutabilis
2020 550 2092 588 est
2116 539 2393 588 voluntatis.

261 629 328 674 Ex
354 627 424 674 his
447 627 607 692 itaque
636 636 735 675 tam
768 626 828 674 de
858 627 1044 675 ratione
1072 643 1218 692 quam
1255 626 1317 674 de
1339 626 1517 691 scripto
1547 624 1758 685 collatis,
1786 631 1972 671 constat
1998 621 2050 669 id
2079 620 2237 668 solum
2261 632 2400 685 posse

264 708 416 754 facere
440 710 596 755 Deum
620 707 754 772 quod
772 707 1034 772 aliquando
1058 708 1183 755 facit.
1210 709 1269 755 At
1292 723 1405 755 vero
1428 706 1468 754 si
1490 720 1730 771 ponamus
1751 702 1801 750 id
1823 702 1982 750 solum
1995 701 2129 767 quod
2143 701 2256 749 facit
2270 704 2400 749 Deus

262 805 373 835 eum
396 787 550 836 facere
569 804 734 853 posse,
755 787 906 835 multa
929 805 955 835 e
980 788 1223 836 contrario
1249 797 1347 835 tam
1363 787 1539 835 rationi
1558 800 1704 850 quam
1720 783 1988 832 auctoritati
2008 782 2250 831 contraria
2268 781 2400 830 vide·

262 885 370 915 mur
399 868 660 916 incurrere.
687 868 806 926 Quis
833 868 961 915 enim
999 868 1179 915 nesciat
1208 867 1341 915 hunc
1376 867 1652 923 hominem,
1679 865 1763 929 qui
1793 863 2100 912 damnandus
2128 872 2224 925 est,
2256 877 2400 928 posse

261 948 460 996 salvari?
488 950 577 996 Aut
602 948 735 996 hunc
753 948 1030 1008 hominem,
1056 948 1141 1012 qui
1164 946 1324 995 bonus
1348 956 1443 1007 est,
1464 962 1605 1012 posse
1631 944 1879 993 melio-rem
1901 943 2003 991 fleri
2019 959 2167 1008 quam
2185 957 2400 1007 uuquam

262 1027 447 1075 futurus
470 1028 555 1090 sit,
579 1045 691 1076 cum
715 1039 876 1077 tamen
902 1038 1159 1093 utrumque
1182 1027 1375 1076 nonnisi
1399 1044 1487 1092 per
1511 1029 1668 1073 Deum
1694 1026 1974 1090 contingere
2001 1023 2175 1090 queat?
2198 1022 2250 1070 Si
2270 1023 2410 1071 enim·

261 1107 339 1154 hic
362 1107 666 1156 damnandus
698 1109 900 1156 omnino
928 1108 1099 1156 salvari
1127 1125 1228 1155 non
1251 1116 1435 1174 posset,
1458 1123 1548 1154 nec
1582 1122 1638 1154 ea
1663 1105 1818 1154 facere
1839 1122 1930 1171 per
1947 1122 2053 1170 quae
2073 1121 2104 1153 a
2124 1103 2231 1153 Deo
2249 1102 2401 1152 salva·
2449 1123 2454 1128 ·

262 1198 412 1248 remi-3
441 1189 604 1253 utique
628 1188 903 1253 arguendus
924 1206 1028 1236 non.
1048 1199 1193 1250 esset,
1213 1205 1304 1235 nec
1330 1204 1440 1235 reus
1464 1186 1855 1249 constituendus,
1881 1186 2017 1251 quod
2040 1201 2098 1234 ea
2111 1184 2404 1233 nonfaceret

261 1285 364 1332 quae
397 1268 551 1316 facere
579 1285 679 1316 non.
707 1278 883 1334 posset.
911 1268 1003 1316 Sed
1029 1285 1117 1315 nec
1139 1284 1195 1315 ea
1220 1267 1347 1316 bene
1377 1268 1447 1315 illi
1471 1268 1843 1333 praeciperentur
1864 1284 1894 1316 a
1919 1267 2131 1316 Domino
2149 1302 2161 1326 ,
2188 1281 2274 1331 per
2297 1282 2402 1330 quae

260 1348 542 1407 salvaretur,
569 1364 679 1395 cum
707 1364 761 1395 ea
787 1347 1059 1395 nullatenus
1085 1347 1238 1395 facere
1261 1357 1440 1412 posset.
1455 1348 1505 1395 Si
1528 1357 1689 1395 autem
1716 1365 1800 1414 per
1823 1365 1972 1415 opera
1989 1364 2094 1413 quae
2118 1347 2292 1395 faceret
2311 1344 2403 1393 sal·

260 1427 359 1474 vari
388 1444 414 1475 a
438 1430 541 1475 Deo
565 1437 746 1492 posset,
773 1428 879 1492 quis
905 1426 1114 1490 ambigat
1136 1428 1253 1492 quin
1280 1430 1407 1476 Deus
1430 1444 1541 1476 eum
1567 1427 1750 1477 salvare
1770 1429 1949 1495 possit,
1979 1428 2062 1493 qui
2093 1436 2254 1475 tamen
2278 1442 2404 1474 nun-

260 1524 404 1571 quam
444 1507 699 1556 salvandus
735 1507 837 1555 est?
856 1506 1118 1566 Quomodo
1150 1508 1280 1556 enim
1313 1525 1342 1557 a
1371 1511 1476 1557 Deo
1512 1508 1682 1557 salvari
1722 1509 1895 1575 possit,
1935 1509 2028 1556 nisi
2056 1517 2104 1555 et
2133 1510 2261 1555 Deus
2290 1523 2404 1554 eum

259 1587 438 1635 salvare
455 1587 632 1653 possit?
648 1588 837 1653 Quippe
857 1587 976 1652 quid
995 1587 1126 1634 aliud
1140 1597 1212 1635 est
1226 1605 1339 1637 eum
1359 1589 1529 1637 salvari
1546 1606 1574 1638 a
1589 1592 1711 1650 Deo,
1732 1606 1882 1655 quam
1894 1592 2053 1637 Deum
2063 1587 2251 1636 salvare
2264 1587 2404 1634 eum?

260 1669 306 1715 Si
330 1685 442 1733 ergo
461 1668 686 1733 possibile
703 1677 773 1715 est
794 1684 907 1716 eum
929 1668 1100 1716 salvari
1116 1684 1145 1716 a
1167 1671 1296 1731 DeO,
1320 1669 1572 1734 quomodo
1589 1687 1691 1717 non
1714 1670 1773 1717 sit
1798 1669 2024 1735 possibile
2042 1672 2197 1716 Deum
2223 1667 2405 1716 salv-are

262 1748 405 1797 eum?
431 1751 551 1796 Cum
575 1750 703 1796 enim
732 1748 1019 1796 antecedens
1038 1748 1265 1814 possibile
1288 1759 1383 1809 est,
1410 1760 1459 1798 et
1486 1767 1818 1815 consequens:
1848 1751 1961 1815 quia
1984 1766 2039 1798 ex
2062 1748 2277 1815 possibili
2302 1765 2402 1796 non

261 1829 474 1894 sequitur
494 1829 804 1895 impossibile,
822 1846 953 1891 cum,
971 1829 1011 1877 si
1025 1838 1213 1878 constet
1233 1830 1530 1896 impossibile
1548 1848 1669 1894 esse,
1695 1848 1751 1879 ex
1775 1848 1834 1879 eo
1858 1829 2154 1896 impossibile
2169 1829 2399 1893 sequitur.

262 1909 441 1956 Salvari
478 1920 637 1957 autem
670 1926 699 1958 a
725 1913 829 1958 Deo
859 1910 992 1957 hunc
1023 1911 1129 1975 quis
1165 1920 1306 1975 neget
1344 1911 1635 1961 antecedens
1666 1911 1729 1959 ad
1751 1914 1907 1959 Deum
1930 1910 2110 1958 salvare
2135 1927 2269 1971 eum3
2292 1926 2405 1957 cum

261 1988 496 2051 videlicet,
525 1999 578 2038 ut
600 1989 821 2051 diximus,
853 1990 982 2038 idem
1008 2006 1208 2055 prorsus
1230 1991 1315 2052 sit,
1344 1991 1478 2040 hunc
1500 1992 1585 2057 qui
1607 1991 1915 2040 damnandus
1936 2001 2004 2038 est
2026 2007 2055 2039 a
2079 1993 2182 2038 Deo
2205 1990 2401 2052 salvari,

261 2079 307 2116 et
335 2071 490 2117 Deum
513 2070 694 2118 salvare
720 2069 907 2137 ipsum?
931 2074 1055 2119 Cum
1090 2072 1252 2137 itaque
1275 2073 1503 2138 possibile
1535 2074 1595 2121 sit
1627 2072 1785 2134 hunc,
1812 2073 1896 2138 qui
1921 2072 2228 2121 damnandus
2252 2081 2324 2119 est
2339 2108 2352 2133 ,
2378 2087 2407 2119 a

261 2152 363 2197 Deo
386 2167 525 2215 posse
548 2151 742 2213 salvari,
770 2152 876 2216 quis
906 2162 1048 2217 neget
1074 2152 1302 2217 possibile
1326 2170 1427 2202 esse
1449 2163 1496 2202 et
1515 2157 1672 2202 Deum
1693 2154 1877 2202 salvare
1902 2153 2045 2201 eum?
2068 2157 2228 2201 Potest
2245 2153 2407 2216 itaque

262 2230 413 2277 facere
438 2233 567 2279 Deus
597 2231 731 2296 quod
753 2249 1062 2298 nequaquam
1094 2232 1304 2280 facturus
1331 2243 1431 2296 est;
1454 2233 1725 2299 falsumque
1748 2235 1952 2282 omnino
1975 2250 2077 2282 esse
2098 2233 2249 2297 liquet
2271 2231 2406 2297 quod

256 2311 356 2373 jam
381 2328 525 2376 supra
550 2313 860 2376 astruximus,
888 2317 1047 2362 Deum
1065 2312 1289 2362 videlicet
1326 2331 1382 2363 ea
1410 2324 1599 2363 tantum
1622 2314 1777 2363 facere
1799 2331 1942 2381 posse
1972 2331 2078 2379 quae
2112 2312 2407 2379 quandoque

263 2391 417 2438 faciat.
444 2391 670 2458 Alioquin
695 2411 1001 2460 nequaquam
1023 2393 1084 2441 de
1106 2395 1174 2443 eis
1197 2411 1304 2460 quae
1328 2395 1437 2443 facit
1461 2405 1617 2459 grates
1641 2396 1683 2443 ei
1713 2395 1972 2443 referendae
1997 2405 2154 2443 essent
2169 2432 2183 2456 ‚
2212 2410 2328 2442 cum
2351 2410 2408 2442 ea

263 2487 367 2533 quae
388 2471 623 2521 dimittere
648 2491 748 2522 non
769 2485 950 2541 potest,
971 2475 1253 2523 necessitate
1275 2475 1426 2540 magis
1445 2475 1658 2540 quadam
1675 2476 1887 2542 propriaes
1903 2485 2088 2524 naturae
2099 2473 2403 2540 compulsus,

265 2568 408 2614 quam
437 2553 638 2616 gratuita
659 2554 905 2604 voluntate
928 2555 988 2604 ad
1010 2554 1113 2603 haec
1139 2554 1357 2603 facienda
1378 2555 1604 2603 inductus
1623 2566 1748 2620 agat.
1776 2556 1922 2604 Multa
1945 2556 2090 2603 etiam
2111 2565 2408 2603 concurrunt

266 2632 556 2693 testimonia,
583 2650 687 2698 quae
721 2635 970 2683 manifeste
1002 2638 1159 2683 Deum
1196 2646 1415 2683 asserunt
1449 2635 1589 2701 plura
1624 2653 1796 2702 posse,
1820 2653 1926 2701 quae
1959 2645 2119 2684 tamen
2156 2651 2409 2700 nunquam

268 2710 477 2775 complet
510 2729 672 2778 opere.
701 2715 840 2764 Unde
864 2723 912 2764 et
929 2716 1115 2763 Veritas
1142 2716 1247 2782 ipsa
1278 2716 1546 2764 secundum
1564 2716 1845 2765 Matthaeum
1867 2734 1878 2763 τ
1909 2736 1937 2762 κ·
1955 2720 2025 2764 An
2047 2725 2204 2782 putaS,
2231 2716 2403 2780 inquit,

269 2790 380 2854 quia
405 2807 504 2838 non
526 2809 722 2857 possum
751 2812 920 2859 rogare
948 2799 1136 2843 Patrem
1159 2813 1350 2859 meum,
1379 2807 1428 2845 et
1450 2796 1697 2846 exhibebit
1720 2796 1870 2845 modo
1894 2796 2015 2845 mihi
2042 2796 2155 2862 plus
2172 2811 2320 2861 quam
2342 2812 2407 2845 xn

266 2869 476 2933 legiones
496 2873 827 2936 angelorum’?
850 2895 872 2919 »
894 2879 962 2923 Ex
983 2875 1158 2940 quibus
1180 2876 1397 2942 profecto
1418 2878 1616 2926 Domini
1629 2881 1741 2926 Jesu
1753 2877 1914 2926 verbis
1930 2887 2150 2943 patenter
2169 2877 2404 2936 innuitur,

268 2949 377 3011 quia
407 2960 592 3015 poterat
628 2969 796 3018 rogare
835 2955 956 3003 illud
991 2966 1107 3004 tunc
1139 2957 1338 3021 quando
1372 2974 1472 3005 non
1502 2959 1725 3024 rogabat,
1751 2974 1909 3024 neque
1933 2955 2408 3019 conveniens-rogari

269 3038 370 3076 erat
396 3048 406 3075 :
429 3030 505 3077 vel
529 3031 644 3094 quia
669 3043 857 3097 poterat
878 3044 992 3083 tunc
1014 3036 1058 3082 ei
1086 3038 1225 3083 Pater
1253 3036 1480 3085 exhibere
1508 3038 1720 3103 legiones
1742 3039 1875 3099 illasz,
1904 3055 1995 3104 per-
2011 3053 2136 3103 quas
2153 3036 2219 3085 ab
2234 3036 2408 3084 ¹inimi-—

268 3110 335 3154 cis
369 3108 674 3168 liberaretur,
717 3113 850 3176 quod
882 3123 997 3161 tunc
1034 3115 1233 3162 minime
1271 3117 1553 3182 oportebat,
1596 3137 1707 3167 cum
1741 3120 1802 3167 ad
1829 3118 2110 3184 patiendum
2135 3126 2407 3182 opportune

315 3291 318 3304 ¹
335 3291 503 3332 Samiam„
522 3300 593 3332 cap.
619 3300 679 3332 xn,
697 3301 725 3325 v.
747 3293 797 3326 18.
817 3294 1018 3334 -2Matth.,
1033 3304 1103 3336 cap.
1123 3304 1213 3336 xxvi,
1239 3306 1267 3330 v.
1287 3299 1337 3332 53.
