2638 3866
676 183 888 231 ETHlCA
924 183 1032 230 SEU
1069 183 1234 230 LIBER
1269 182 1474 230 DICTUS
1512 201 1523 229 ε
1563 183 1727 230 SClTO
1765 183 2035 231 TElPSUM.
2345 182 2441 230 633

297 284 537 332 transtulit
551 296 802 350 peccatum
825 295 961 332 tuum
982 304 992 332 z
1020 305 1042 328 ω
1061 303 1159 351 quo
1183 286 1311 334 enim
1333 285 1488 349 major
1510 295 1612 334 erat
1631 286 1754 350 regis
1775 285 2060 343 sublimitas,
2077 283 2320 349 acceptior
2338 285 2439 330 Deo

296 365 384 412 fuit
416 364 655 413 confitens
686 364 948 413 humilitas.
987 366 1206 432 Denique
1237 365 1507 415 sacerdotes
1542 366 1718 432 quibus
1756 367 1927 415 animae
1960 364 2297 414 confitentium
2332 374 2442 411 sunt

296 448 578 508 commissae,
605 446 949 495 satisfactiones
968 447 1259 512 poenitentiae
1286 447 1379 495 illis
1400 447 1583 496 habent
1603 448 1881 512 injungere;
1910 457 1962 495 ut
1986 447 2068 512 qui
2097 445 2219 493 male
2241 444 2441 493 arbitrio

297 543 384 573 suo
421 536 468 574 et
499 526 705 594 superbe
739 528 809 574 usi
845 536 958 574 sunt
987 530 1146 575 Deum
1176 528 1554 587 contemnendo,
1593 528 1758 576 alienae
1784 529 2031 594 potestatis
2063 526 2261 576 arbitrio
2286 527 2442 573 corri-

296 618 492 671 gantur3
518 619 566 656 et
589 617 723 658 tanto
752 608 965 655 securius
994 606 1044 655 id
1074 618 1234 671 agant,
1263 619 1446 673 quanto
1472 609 1642 657 melius
1674 609 1878 675 praelatis
1909 610 2004 656 suis
2033 606 2310 655 obediendo
2340 623 2439 654 non

295 699 391 736 tam
426 705 562 737 suam
588 705 735 754 quam
764 688 957 736 illorum
981 688 1281 737 voluntatem
1312 700 1594 755 sequuntur.
1623 690 1718 748 Qui
1740 691 1779 737 si
1804 690 2012 737 fortassis
2035 706 2134 736 non
2171 697 2299 736 recte
2322 705 2440 753 prae·

296 771 529 835 ceperint,
556 787 667 818 cum
687 770 765 817 ille
786 769 848 818 ad
870 768 1200 818 obediendum
1220 780 1414 835 paratus
1430 771 1507 829 sit,
1532 771 1623 818 illis
1646 771 1798 835 magis
1816 788 1963 836 quam
1983 771 2082 818 istis
2101 769 2439 834 imputandum

294 861 382 898 est.
406 870 430 896 «
451 853 556 899 Non
581 851 878 914 ignoramus,
902 873 922 894 n
944 850 1102 915 inquit
1126 850 1415 916 Apostolus¹,
1435 871 1458 894 «
1474 852 1670 899 astutias
1692 851 1928 899 Satbanae.
1948 871 1970 894 υ
1991 853 2087 898 Nec
2104 850 2205 914 ejus
2227 850 2441 913 nequitia

294 931 389 979 hoc
411 932 522 979 loco
544 931 876 997 praetereunda
901 941 972 979 est
993 948 1089 997 qua
1115 947 1205 978 nos
1226 930 1288 978 ad
1305 941 1557 996 peccatum
1580 932 1781 997 impellit
1797 931 2201 980 etaconfessione
2221 930 2435 979 retrahit.

295 1012 366 1059 Ad
389 1022 641 1078 peccatum
655 1013 836 1078 quippe
858 1029 949 1060 nos
970 1013 1175 1060 incitans
1197 1011 1370 1059 timore
1389 1013 1567 1077 pariter
1588 1029 1644 1060 ac
1665 1012 1955 1061 verecundia
1976 1029 2066 1060 nos
2086 1013 2233 1071 exuit,
2253 1020 2306 1058 ut
2322 1011 2441 1059 nihil

288 1100 390 1159 jam
417 1103 559 1141 restet
581 1094 714 1159 quod
738 1111 828 1142 nos
855 1110 882 1141 a
906 1104 1104 1159 peccato
1127 1103 1338 1142 revocet.
1366 1095 1510 1141 Multa
1534 1111 1744 1159 namque
1769 1094 1941 1142 timore
1963 1110 2117 1161 poenae
2140 1094 2440 1142 committere

292 1192 391 1222 non
427 1174 692 1234 audemus;
730 1173 881 1222 multa
911 1192 1001 1240 pro
1034 1175 1325 1222 detrimento
1361 1185 1534 1222 nostrae
1567 1174 1703 1222 famae
1735 1175 1931 1239 aggredi
1967 1174 2321 1233 erubescimus,
2356 1175 2441 1221 etsi

292 1255 387 1303 hoc
418 1256 616 1321 impune
640 1272 908 1322 possemus.
945 1256 1027 1303 His
1050 1273 1163 1320 ergo
1199 1254 1391 1303 duobus
1420 1257 1556 1320 quasi
1590 1256 1865 1305 retinaculis
1898 1256 2023 1304 male
2059 1255 2262 1321 quilibet
2295 1272 2441 1320 expe-

291 1337 436 1397 ditus,
460 1354 671 1403 praeceps
688 1337 750 1384 ad
774 1337 980 1402 quodvis
998 1336 1374 1403 perpetrandum
1399 1347 1650 1402 peccatum
1676 1337 1924 1385 efficietur.
1948 1339 2059 1395 Quo
2079 1336 2277 1402 quidem
2299 1345 2439 1402 pacto

291 1417 459 1465 eadem
497 1435 606 1483 quae
640 1419 774 1484 prius
805 1419 848 1466 ei
880 1417 1076 1465 abstulit
1106 1427 1159 1465 ut
1190 1427 1442 1483 peccatum
1479 1416 1752 1483 perficeret,
1790 1416 2102 1483 postmodum
2135 1416 2291 1465 reddit
2328 1426 2378 1463 ut
2416 1433 2440 1464 a

291 1498 591 1545 confessione
622 1509 830 1546 revocet.
860 1502 993 1546 Tunc
1028 1497 1246 1546 confiteri
1279 1498 1416 1545 timet
1452 1497 1526 1545 vel
1560 1498 1799 1545 erubescit
1829 1498 1991 1563 quod,
2029 1515 2140 1545 cum
2174 1497 2443 1562 oportuerit

291 1580 520 1643 primum,
562 1595 662 1626 non
703 1579 862 1626 timuit
894 1596 986 1626 nec
1021 1578 1232 1626 erubuit.
1272 1579 1428 1626 Timet
1458 1596 1519 1625 ne
1552 1578 1673 1626 forte
1711 1595 1799 1644 per
1832 1578 2186 1625 confessionem
2221 1578 2441 1642 cognitus

290 1660 519 1724 puniatur
547 1659 607 1707 ab
639 1659 947 1718 hominibus,
975 1661 1058 1724 qui
1087 1660 1252 1725 puniri
1287 1676 1386 1706 non
1413 1659 1573 1706 timuit
1605 1676 1632 1706 a
1656 1662 1762 1706 Deo
1799 1678 1809 1705 ι
1840 1658 2050 1706 rubescit
2074 1657 2136 1705 ab
2161 1657 2442 1705 hominibus

291 1741 423 1800 sciri,
462 1740 597 1805 quod
629 1757 728 1788 non
753 1740 951 1788 erubuit
982 1757 1147 1788 coram
1179 1743 1283 1787 Deo
1318 1740 1572 1787 committi.
1614 1739 1709 1786 Sed
1744 1740 1827 1803 qui
1859 1739 2006 1804 plagae
2033 1739 2204 1803 quaerit
2231 1738 2441 1819 medica—

290 1830 524 1881 mentum,
562 1831 1013 1886 quantumcumque
1047 1821 1151 1886 ipsa
1187 1819 1398 1881 sordeat,
1431 1831 1877 1885 quantumcumque
1908 1820 2052 1877 oleat,
2086 1818 2277 1866 medico
2310 1835 2442 1865 reve-

288 1901 433 1950 landa
458 1912 555 1959 est,
586 1912 638 1949 ut
660 1911 942 1967 competens
974 1901 1264 1949 adhibeatur
1286 1902 1490 1949 curatio.
1517 1900 1691 1948 Medici
1711 1918 1826 1948 vero
1853 1901 2016 1948 locum
2043 1899 2268 1948 sacerdos
2292 1909 2436 1955 tenet,

288 1999 316 2028 a
339 1999 456 2047 quo,
484 1993 537 2030 ut
560 1983 788 2039 diximus,
815 1982 1108 2030 instituenda
1131 1991 1203 2030 est
1226 1981 1497 2029 satisfactio.

1135 2207 1376 2267 CAPUT
1423 2207 1592 2266 XXV.

850 2354 964 2403 Quod
1004 2367 1284 2414 nonnunquam
1321 2353 1515 2391 confessio
1552 2350 1693 2410 dimitti
1729 2359 1868 2403 potest.

355 2479 611 2527 Sciendum
651 2489 840 2540 tamen,
881 2495 980 2526 non
1017 2475 1268 2543 nunquam
1304 2477 1481 2525 salubri
1520 2477 1875 2542 dispensatione
1915 2475 2263 2523 confessionem
2301 2475 2437 2522 vitari

286 2577 444 2624 posse,
465 2562 587 2608 sicut
608 2561 670 2607 de
695 2564 835 2607 Petro
862 2559 1119 2618 credimus,
1139 2559 1275 2623 cujus
1301 2558 1569 2624 lachrymas
1591 2557 1653 2605 de
1670 2557 1925 2621 negatione
1943 2572 2030 2603 sua
2049 2556 2289 2614 novimus,
2306 2556 2438 2603 satis-

285 2642 540 2689 factionem
571 2658 687 2689 vero
715 2641 874 2701 aliam,
912 2641 988 2687 vel
1010 2640 1363 2687 confessionem
1389 2657 1489 2687 non
1514 2640 1730 2704 legimus.
1757 2637 1897 2684 Unde
1919 2647 1967 2684 et
1992 2636 2268 2684 Ambrosius
2294 2653 2437 2702 super

286 2725 463 2768 Lucam
489 2721 662 2768 dehac
692 2723 794 2787 ipsa
823 2722 942 2768 Petri
968 2721 1223 2784 negatione
1250 2737 1305 2768 ac
1331 2721 1443 2768 fletu
1471 2720 1572 2784 ejus
1607 2738 1618 2766 z
1652 2739 1674 2762 «
1703 2722 1808 2765 Non
1834 2717 2053 2778 invenio,
2092 2717 2277 2781 inquit,
2313 2717 2432 2781 quid

286 2801 483 2862 dixerit,
522 2802 715 2848 invenio
743 2801 883 2865 quod
918 2802 1102 2849 fleverit
1131 2820 1140 2847 ε
1169 2801 1435 2864 lachrymas
1469 2800 1571 2863 ejus
1600 2800 1727 2863 lego,
1765 2798 2138 2846 satisfactionem
2172 2814 2272 2844 non
2306 2797 2431 2861 lego.

286 2885 463 2929 Levant
488 2881 745 2946 lachrymae
767 2881 994 2928 delictum
1014 2881 1150 2946 quod
1174 2898 1294 2929 voce
1307 2881 1467 2945 pudor
1489 2890 1559 2928 est
1582 2879 1827 2938 confiteri,
1853 2889 1900 2926 et
1920 2879 2071 2926 veniae
2096 2878 2237 2926 fletus
2257 2895 2435 2927 consu—

282 2963 388 3010 lunt
414 2973 462 3010 et
485 2963 805 3024 verecundiae;
835 2963 1091 3027 lachrymae
1121 2964 1224 3010 sine
1245 2963 1451 3010 horrore
1484 2961 1677 3027 culpam
1713 2959 1998 3025 loquuntur,
2033 2960 2136 3006 sine
2169 2958 2437 3007 ofsensione

283 3044 585 3092 verecundiae
606 3044 920 3101 confitentur;
942 3044 1198 3109 lachrymae
1216 3044 1407 3092 veniam
1432 3059 1531 3091 non
1553 3041 1818 3108 postulant,
1842 3040 1928 3088 sed
1948 3050 2214 3089 merentur.
2237 3043 2435 3089 Invenio

283 3140 369 3170 cur
392 3125 591 3172 tacuerit
617 3129 803 3185 Petrus,
823 3141 885 3172 ne
909 3125 1086 3173 scilicet
1102 3134 1200 3172 tam
1213 3126 1310 3173 cito
1334 3124 1486 3172 veniae
1508 3123 1676 3189 petitio
1699 3121 1808 3188 plus
1832 3120 2115 3169 offenderet.
2144 3142 2167 3164 »ι
2183 3123 2301 3179 Quae
2322 3137 2436 3169 vero

326 3302 330 3316 ¹
351 3298 502 3332 Corinth.
521 3299 562 3338 ΙΙ,
579 3309 651 3340 cap.
667 3309 703 3339 n,
725 3310 755 3334 v.
775 3303 826 3333 11.

443 3374 474 3397 u
2225 3357 2273 3393 80
