2638 3866
272 204 325 250 71
339 203 368 249 0
1082 194 1252 242 PETRI
1286 195 1596 245 ABAELARDI

272 309 470 348 astutus.
504 300 600 346 Nec
630 294 788 344 solum
816 293 879 342 ad
900 310 976 342 res
1005 295 1156 359 ipsaS‚
1192 311 1360 343 verum
1396 297 1541 345 etiam
1574 296 1636 346 ad
1669 312 1725 345 ea
1760 313 1866 363 quae
1895 297 2128 348 derebus
2157 300 2399 363 dicuntur,

272 379 367 427 hoc
396 388 467 426 est
495 377 556 424 ad
585 377 687 442 ipsa
713 374 1102 440 propositionum
1132 373 1283 436 dicta,
1309 375 1378 423 sic
1399 392 1753 443 nonnunquam
1783 377 1904 426 boni
1923 378 2214 428 vocabulum
2241 381 2402 446 appli-

272 475 454 517 camus,
488 466 540 503 ut
562 457 705 504 etiam
730 454 964 513 dicamuS‚
997 454 1110 518 quia
1136 453 1324 502 bonum
1352 466 1422 503 est
1452 456 1634 505 malum
1665 474 1783 520 esse,
1817 459 2035 523 quamvis
2059 460 2259 508 minime
2278 476 2403 507 con-

271 537 496 585 cedamus
529 535 715 583 bonum
744 535 925 582 malum
947 549 1064 581 esse.
1101 533 1241 581 Aliud
1264 535 1444 601 quippe
1466 546 1537 585 est
1559 536 1719 585 dicere
1741 537 1923 585 malum
1947 547 2019 586 est
2037 537 2245 599 bonum,
2270 540 2404 604 quod

269 617 471 664 omnino
504 615 676 663 falsum
700 624 792 675 est,
821 613 951 662 aliud
973 613 1133 662 dicere
1161 614 1342 662 malum
1371 632 1474 664 esse
1506 614 1694 665 bonum
1717 626 1805 678 est,
1831 617 1966 682 quod
1995 618 2193 666 minime
2223 634 2403 683 negan-

268 697 385 743 dum
409 705 494 743 est.
518 695 647 755 Quid
670 696 831 760 itaque
852 695 1031 742 mirum
1049 695 1089 742 si
1112 704 1159 742 et
1183 711 1273 742 nos
1296 696 1419 743 sicut
1440 706 1488 744 et
1507 696 1575 746 illi
1597 698 1776 745 horum
1797 696 2193 762 significationem
2214 715 2320 763 quae
2338 699 2405 746 ita

266 778 542 824 inconstans
577 786 669 839 est,
701 775 901 823 definire
930 790 1029 822 non
1054 773 1382 823 sufficiamus?
1411 780 1659 835 Quantum
1681 787 1845 825 tamen
1871 777 1991 825 mihi
2011 794 2143 826 nunc
2175 778 2401 839 occurrit,

266 856 455 904 bonum
476 857 768 922 simpliciter,
788 855 839 903 id
861 864 932 903 est
951 855 1135 903 bonam
1157 872 1260 903 rem
1283 855 1377 904 dici
1399 857 1624 920 arbitror,
1645 874 1752 922 quae
1766 872 1877 905 cum
1900 856 2043 905 alicui
2064 858 2173 905 usui
2195 859 2255 906 sit
2272 868 2401 924 apta,

266 936 442 983 nullius
478 936 795 984 commodum
826 935 902 983 vel
942 934 1220 1000 dignitatem
1254 952 1343 1000 per
1376 952 1483 984 eam
1517 937 1741 1002 impediri
1769 951 1964 984 necesse
2001 946 2096 997 est3
2123 937 2404 986 indifferens

265 1032 398 1076 ver0,
416 1015 467 1063 id
488 1026 558 1063 est
580 1033 683 1063 rem
702 1032 808 1080 quae
828 1032 986 1079 neque
1009 1015 1142 1063 bona
1165 1024 1254 1075 est,
1277 1031 1436 1080 neque
1457 1017 1600 1079 mala,
1617 1016 1748 1065 illam
1770 1016 1996 1077 arbitror,
2021 1031 2109 1082 per
2127 1017 2263 1081 cujus
2284 1018 2404 1065 exis·

267 1096 464 1142 tentiam
487 1111 578 1142 nec
600 1095 698 1143 ulla
718 1095 852 1144 bona
872 1095 1065 1156 deferri,
1092 1112 1182 1143 nec
1203 1095 1427 1161 impediri
1457 1112 1651 1144 necesse
1673 1106 1766 1158 est,
1799 1098 1922 1145 sicut
1943 1106 2014 1145 est
2034 1097 2229 1145 fortuita
2253 1098 2405 1145 motio

266 1175 417 1238 digiti,
438 1176 511 1222 vel
530 1192 826 1240 quaecunque
842 1178 1055 1224 actiones
1072 1175 1366 1240 hujusmodi.
1386 1178 1492 1224 Non
1513 1178 1642 1224 enim
1663 1178 1893 1239 actioneS,
1907 1176 1984 1225 vel
2000 1176 2143 1225 bonae
2155 1177 2231 1226 vel
2250 1176 2402 1239 malae,

265 1255 356 1301 nisi
375 1254 642 1302 secundum
655 1256 935 1304 intentionis
953 1254 1165 1303 radicem
1179 1255 1478 1319 judicantur,
1501 1256 1586 1304 sed
1605 1273 1776 1305 omnes
1790 1274 1848 1305 ex
1866 1273 1916 1305 se
1936 1255 2257 1305 indifferentes
2273 1267 2402 1318 sunt,

266 1343 311 1380 et
329 1334 367 1380 si
381 1333 633 1398 diligenter
650 1335 976 1401 inspiciamuS,
994 1335 1112 1383 nihil
1134 1335 1197 1383 ad
1216 1336 1441 1383 meritum
1461 1337 1731 1399 conferunt,
1748 1354 1854 1403 quae
1870 1353 2175 1402 nequaquam
2190 1353 2245 1385 ex
2264 1336 2408 1384 sebo-

266 1430 337 1460 nae
357 1424 467 1461 sunt
481 1425 563 1462 aut
579 1415 732 1477 malae,
749 1433 859 1462 cum
873 1417 986 1481 ipsae
998 1415 1222 1462 videlicet
1240 1425 1338 1463 tam
1355 1416 1574 1482 reprobis
1593 1434 1741 1482 quam
1756 1417 1916 1465 electis
1936 1433 2073 1482 aeque
2092 1417 2402 1465 conveniant.

333 1495 517 1542 Pmos.
545 1495 633 1542 Hic
663 1495 912 1560 paululum
947 1494 1090 1542 nobis
1124 1495 1351 1543 standum
1379 1496 1588 1545 arbitror
1617 1507 1761 1563 atque
1791 1496 2181 1557 immorandum,
2216 1497 2256 1545 si
2286 1495 2407 1545 forte

267 1588 370 1635 quae
394 1573 550 1620 dixisti
575 1590 665 1638 pro
688 1573 1052 1622 definitionibus
1076 1585 1201 1622 stare
1224 1576 1431 1641 possint.

332 1655 662 1700 Cfflus‘nmus.
675 1654 1019 1702 Difficillimum
1032 1655 1257 1719 equidem
1269 1667 1339 1704 est
1353 1659 1517 1705 omnia
1525 1658 1733 1724 propriis
1749 1656 2111 1706 definitionibus
2126 1656 2193 1705 sic
2206 1656 2409 1704 circum-

267 1731 493 1793 scribere,
514 1742 566 1779 ut
582 1732 643 1779 ab
666 1734 892 1781 omnibus
914 1736 1016 1782 aliis
1032 1752 1089 1783 ea
1105 1738 1315 1801 separari
1336 1749 1533 1801 queant,
1553 1739 1760 1786 maxime
1777 1755 1926 1799 nuno,
1946 1752 2059 1786 mou
2080 1736 2222 1784 nobis
2243 1736 2306 1784 ad
2322 1736 2408 1784 de-

269 1810 510 1858 finitiones
535 1813 874 1875 excogitandas
894 1831 1031 1862 mora
1052 1817 1282 1881 temporis
1305 1833 1406 1863 non
1430 1818 1742 1865 concedatur.
1769 1818 2002 1882 Pleraque
2023 1817 2280 1865 nominum
2301 1818 2408 1881 qui-

267 1891 358 1938 bus
386 1890 530 1938 rebus
555 1893 872 1953 conveniant,
908 1911 967 1942 ex
987 1895 1187 1942 rationis
1208 1912 1298 1942 usu
1322 1895 1594 1943 didicimus.
1622 1899 1739 1954 Quae
1761 1913 1876 1944 vero
1899 1897 1959 1944 sit
1980 1897 2214 1944 sententia
2240 1911 2408 1943 eorum

267 1970 343 2016 vel
378 1970 691 2034 intelligentia
724 1972 922 2020 minime
956 1974 1196 2037 assignare
1228 1974 1509 2023 sufficimus.
1546 1976 1695 2024 Multa
1726 1977 1870 2024 etiam
1891 1977 2173 2042 reperimus,
2199 1990 2408 2039 quorum

267 2065 357 2097 nec
387 2051 797 2111 nominationem,
829 2052 953 2099 sicut
983 2054 1241 2101 sententias
1271 2053 1553 2103 definitione
1576 2071 1833 2121 possumus
1854 2057 2129 2104 terminare.
2157 2054 2257 2102 Etsi
2279 2055 2409 2102 enim

265 2145 428 2176 rerum
450 2139 646 2178 naturas
669 2146 771 2178 non
794 2132 1089 2195 ignoremus,
1115 2149 1283 2181 earum
1304 2143 1466 2182 tamen
1487 2134 1726 2183 vocabula
1749 2135 1801 2182 in
1823 2152 1912 2183 usu
1938 2151 2039 2183 non
2058 2144 2187 2195 sunt,
2217 2144 2266 2182 et
2286 2150 2410 2199 saepe

267 2210 503 2272 promtior
527 2219 597 2256 est
618 2226 754 2258 mens
772 2210 835 2258 ad
853 2212 1235 2277 intelligendum,
1262 2230 1410 2278 quam
1429 2214 1588 2279 lingua
1613 2215 1674 2262 sit
1693 2214 1756 2262 ad
1781 2213 2140 2279 proferendum,
2168 2212 2244 2261 vel
2267 2212 2330 2261 ad
2354 2229 2410 2261 ea

267 2304 372 2351 quae
405 2290 637 2337 sentimus
665 2289 1016 2340 disserendum.
1051 2295 1173 2340 Ecce
1197 2310 1367 2340 omnes
1395 2310 1454 2341 ex
1489 2311 1579 2341 usu
1599 2294 1867 2359 quotidiani
1888 2294 2123 2342 sermonis
2157 2292 2411 2356 cognosci-

267 2383 396 2428 mus,
426 2383 532 2431 quae
559 2385 634 2416 res
668 2370 971 2434 appellentur
990 2372 1189 2436 lapides.
1218 2375 1335 2431 Quae
1361 2382 1521 2421 tamen
1553 2374 1648 2422 sint
1669 2373 1842 2439 lapidis
1862 2374 2070 2440 propriae
2101 2372 2407 2431 differentiae,

267 2455 349 2492 aut
368 2463 474 2510 quae
495 2448 555 2494 sit
585 2447 728 2511 hujus
751 2450 926 2514 speciei
947 2452 1214 2516 proprietas
1242 2451 1381 2499 nullo
1403 2452 1581 2513 adhuc,
1607 2453 1775 2515 credo,
1797 2453 2039 2501 valemus¹
2061 2453 2302 2516 assignare
2323 2467 2410 2498 vo·

267 2526 468 2585 cabulo,
504 2542 603 2590 quo
640 2526 812 2592 lapidis
847 2530 1008 2594 aliqua
1037 2531 1278 2579 distinctio
1309 2548 1394 2580 seu
1422 2531 1679 2598 descriptio
1707 2532 1874 2599 perfici
1903 2533 2072 2598 possit.
2111 2534 2208 2579 Nec
2241 2530 2293 2578 id
2322 2530 2410 2577 tibi

269 2605 488 2652 mirabile
518 2606 668 2654 videri
698 2606 841 2655 debet
856 2643 868 2665 ,
903 2609 943 2656 si
965 2626 1043 2657 me
1065 2611 1114 2657 in
1139 2611 1213 2658 his
1235 2611 1440 2660 deficere
1460 2611 1624 2660 videas
1638 2650 1651 2674 ,
1675 2612 1735 2660 ad
1758 2629 1864 2678 quae
1883 2626 2190 2677 nequaquam
2211 2626 2411 2675 magnos

269 2685 372 2732 illos
405 2687 533 2734 viros
557 2686 797 2749 doctores,
826 2705 949 2752 quos
967 2690 1152 2753 jactatis
1171 2691 1509 2757 philosophos,
1545 2692 1785 2740 suffecisse
1808 2692 2161 2757 cognoscimus.
2199 2693 2318 2749 Quae
2337 2699 2408 2738 ta-

270 2781 378 2812 men
401 2775 570 2830 potero
594 2766 655 2815 ad
671 2766 994 2832 objectionem
1013 2781 1205 2820 tuarum
1227 2772 1592 2836 inquisitionum
1615 2771 1676 2820 de
1696 2772 1787 2831 his,
1810 2789 1915 2838 quae
1931 2772 2152 2838 praemisi,
2170 2770 2405 2818 conabor.

336 2848 523 2893 PH1Los.
563 2850 621 2894 Et
654 2848 842 2896 ratione
872 2851 984 2897 satis
1016 2861 1064 2898 et
1092 2851 1398 2917 probatione,
1433 2868 1540 2917 quae
1569 2869 1701 2900 nunc
1729 2853 1866 2914 dicis,
1891 2852 2114 2899 videntur
2141 2849 2405 2898 abundare.

276 2922 369 2968 Sed
392 2940 573 2987 revera,
600 2943 705 2990 quae
727 2926 953 2976 dicuntur
975 2931 1065 2977 nisi
1084 2931 1409 2996 intelligantur
1431 2932 1604 2981 frustra
1624 2933 1955 2998 proferuntur,
1979 2947 2070 2979 nec
2093 2929 2268 2978 docere
2290 2927 2409 2977 alios

274 3013 493 3063 possunt,
530 3005 621 3051 nisi
655 3005 822 3054 disseri
844 3019 1040 3071 queant.
1066 3013 1204 3057 Nunc
1226 3011 1267 3058 si
1297 3010 1469 3076 placet,
1498 3012 1650 3060 immo
1672 3013 1784 3077 quia
1807 3021 1855 3060 et
1884 3013 1952 3059 sic
1977 3010 2281 3071 consensisti,
2307 3008 2408 3073 ipsa

274 3093 378 3140 quae
413 3080 570 3129 dixisti
618 3084 969 3148 aliquantulum
1005 3089 1231 3153 expedire
1264 3100 1311 3137 te
1347 3091 1478 3138 volo.
1541 3094 1701 3150 Quare
1736 3107 1869 3156 erg0‚
1900 3091 2116 3156 inquam,
2155 3105 2265 3137 cum
2301 3102 2407 3134 rem

320 3271 324 3287 ¹
348 3269 551 3313 Rheinwald,
573 3273 669 3306 nullo
683 3274 792 3309 adhuc
809 3278 905 3310 credo
923 3277 1101 3311 valeamus
1117 3280 1222 3321 assiy.
1238 3280 1417 3314 vocabulo.
