2638 3866
1173 246 1393 297 DIALOG
1400 249 1486 297 US.
2303 254 2397 302 705

263 349 450 390 constat
481 350 620 403 tunc,
658 351 710 389 ut
737 341 868 391 idem
897 345 1153 411 Apostolus
1180 346 1330 407 dicit¹,
1365 364 1563 396 omnem
1584 349 1804 397 evacuari
1839 351 2161 417 principatum
2188 361 2235 400 et
2257 362 2398 418 pote-

261 429 458 481 statem,
493 437 606 468 cum
628 421 728 486 Jam
765 422 985 472 videlicet
1017 426 1119 474 sola
1146 425 1225 475 illa
1256 428 1314 475 sit
1335 444 1422 493 per
1443 438 1593 476 semet
1616 430 1769 495 ipsam
1798 430 2124 497 principaliter
2154 441 2391 498 potestaS,

260 515 366 563 quae
389 500 576 560 omnia,
602 510 655 548 ut
677 500 860 548 dictum
881 512 976 564 est,
1011 503 1143 553 bona
1177 521 1263 570 per
1294 522 1390 554 suae
1411 507 1647 555 visionem
1677 510 1938 574 praesentiae
1973 511 2199 559 omnibus
2234 512 2392 560 electis

260 579 513 629 ministrat.
553 580 719 629 Nullus
743 581 844 645 jam
878 582 1020 630 nobis
1048 584 1344 650 principatus
1375 586 1615 650 angelicus
1638 587 1713 635 vel
1744 588 1985 638 humanus
2007 591 2056 638 in
2089 591 2392 640 administra-

260 658 393 707 tione
412 659 586 725 aliqua,
614 659 744 708 nulla
769 670 980 726 potestas
997 663 1047 710 in
1071 663 1233 729 aliquo
1256 666 1486 729 regimine
1509 668 1712 732 praeerit,
1741 669 1853 733 quia
1875 669 1994 717 nihil
2016 670 2180 720 deesse
2198 673 2389 737 poterit,

257 737 341 786 ubi
365 741 528 788 omnia
551 741 600 788 in
629 740 858 789 omnibus
880 744 1009 791 Deus
1034 744 1147 806 erit,
1177 743 1285 804 ubi,
1312 761 1422 792 cum
1446 745 1598 794 aderit
1622 747 1755 812 quod
1780 749 2042 813 perfectum
2067 760 2161 812 est,
2187 767 2389 800 evacua-

256 817 388 866 bitur
410 819 544 884 quod
573 836 632 867 ex
654 830 789 885 parte
817 832 904 870 est.
931 822 1057 871 Nihil
1083 824 1263 890 quippe
1291 842 1421 873 nunc
1444 825 1584 874 nobis
1607 827 1699 874 nisi
1731 844 1787 875 ex
1817 838 1951 893 parte
1979 829 2137 895 aliqua
2172 831 2385 896 proficit,

255 898 375 947 nihil
393 900 554 948 omnia
570 899 709 949 nobis
722 904 989 952 necessaria
1009 905 1227 952 conferre
1248 904 1437 954 sufficit.
1457 906 1703 971 Quidquid
1726 907 1866 956 nobis
1887 926 2017 957 nunc
2037 910 2099 957 ad
2121 910 2389 959 doctrinam

257 979 333 1027 vel
362 979 426 1027 ad
451 981 659 1045 aliquam
683 981 909 1031 virtutem
935 984 1009 1032 vel
1042 984 1104 1032 ad
1136 985 1346 1050 aliquam
1370 984 1561 1051 proficit
1591 986 2056 1037 administrationem
2072 1026 2084 1049 ,
2115 990 2387 1056 imperfecte

255 1059 377 1122 agit,
428 1061 540 1125 quia
574 1060 703 1109 solus
751 1071 821 1109 est
863 1065 992 1110 Deus
1017 1065 1114 1128 ‚qui
1155 1065 1320 1113 omnia
1365 1066 1533 1130 possit.
1583 1065 1845 1115 Cessabunt
1886 1069 2046 1134 itaque
2091 1087 2387 1136 quaecunque

253 1139 531 1205 imperfecte
560 1151 783 1205 aguntur,
819 1158 930 1190 cum
962 1142 1041 1191 ille
1070 1161 1158 1210 per
1188 1161 1238 1192 se
1260 1144 1520 1205 suffecerit,
1547 1146 1630 1210 qui
1662 1148 1824 1194 omnia
1857 1157 2031 1213 potest.
2059 1149 2204 1208 Quod
2228 1152 2388 1215 itaque

253 1218 321 1266 ibi
354 1220 521 1268 oculos
550 1222 706 1269 carnis
739 1238 850 1269 cum
875 1225 1044 1272 ceteris
1066 1225 1285 1290 corporis
1317 1225 1546 1273 membris
1577 1227 1831 1274 resumturi
1862 1244 2052 1290 sumus,
2088 1245 2187 1277 non
2222 1231 2385 1296 utique

251 1297 333 1346 fiet
374 1310 574 1366 propter
612 1301 771 1350 officia
803 1320 973 1352 eorum
1006 1304 1181 1369 quibus
1214 1322 1461 1370 egeamus,
1498 1305 1583 1353 sed
1613 1306 1676 1354 ad
1709 1306 2074 1371 glorificandum
2106 1313 2284 1371 Deum,
2332 1322 2382 1358 ut

253 1378 434 1443 praefati
473 1397 653 1429 sumus.
695 1385 747 1429 In
778 1383 955 1448 quibus
977 1384 1197 1433 videlicet
1227 1386 1328 1450 ejus
1359 1386 1625 1450 potentiam
1656 1396 1791 1435 tanto
1824 1388 2030 1454 amplius
2061 1392 2379 1455 experiemur,

251 1469 432 1524 quanto
456 1460 535 1508 illa
558 1462 604 1509 in
631 1461 800 1510 officiis
822 1465 936 1524 suis,
966 1465 1004 1512 si
1029 1481 1152 1530 opus
1173 1475 1313 1527 esset,
1344 1466 1645 1531 peragendis,
1674 1466 1907 1516 validiora
1928 1485 2029 1517 esse
2057 1471 2314 1518 sentiemus
2336 1483 2385 1520 et

251 1540 393 1605 longe
427 1540 673 1590 fortiorem
709 1559 765 1591 ac
796 1545 1047 1593 meliorem
1081 1555 1337 1594 consecuta
1371 1555 1546 1593 statum
1577 1562 1678 1595 esse
1705 1546 1985 1595 viderimus.
2008 1549 2154 1607 Quod
2175 1551 2214 1597 si
2242 1551 2384 1598 etiam

249 1620 310 1668 de
347 1621 455 1670 luce
494 1623 607 1671 solis
640 1641 696 1672 ac
731 1626 856 1674 lunae
889 1625 1252 1694 multiplicanda
1286 1625 1615 1694 corporaliter,
1654 1644 1754 1676 non
1791 1629 1989 1694 mystice
2034 1639 2221 1678 tantum
2255 1634 2385 1680 acci-

248 1702 437 1766 piamus
454 1740 467 1766 ,
505 1704 566 1752 ad
601 1705 803 1768 gloriam
838 1708 1104 1756 conditoris
1148 1709 1307 1775 potius
1338 1725 1484 1774 quam
1519 1709 1582 1757 ad
1616 1708 1762 1756 officii
1797 1709 1870 1757 sui
1901 1711 2231 1758 necessitatem
2267 1713 2387 1759 refe-

246 1781 454 1829 rendum
477 1793 571 1846 est,
598 1786 720 1834 sicut
738 1796 785 1835 et
805 1788 1055 1836 universus
1078 1789 1249 1836 mundi
1278 1798 1425 1836 status
1455 1788 1506 1835 in
1535 1788 1706 1836 melius
1731 1799 1801 1836 est
1830 1790 2219 1852 commutandus,
2251 1792 2384 1855 quod

244 1861 388 1909 etiam
424 1864 688 1912 coelestium
724 1865 1034 1915 luminarium
1066 1868 1347 1933 adjumento
1386 1867 1461 1915 vel
1493 1869 1872 1917 commutatione
1904 1869 2101 1931 mundi,
2138 1870 2383 1918 manifeste

246 1943 374 1989 Deus
397 1942 539 1990 nobis
567 1942 838 2009 innotescit,
868 1947 918 1994 id
939 1948 1074 2013 quod
1106 1959 1217 1996 ante
1238 1949 1399 1997 minus
1419 1947 1664 1996 habebant
1684 1966 1784 1996 non
1817 1966 1874 1996 ex
1902 1950 2184 2014 impotentia
2211 1951 2385 1998 condi-

246 2022 361 2069 toris
393 2024 617 2085 extitisse,
651 2026 734 2073 sed
756 2044 847 2092 pro
870 2028 975 2075 vitae
1005 2045 1101 2076 suae
1128 2029 1346 2076 mortalis
1372 2037 1419 2075 et
1448 2027 1648 2075 infirmae
1679 2029 2046 2088 necessitudine,
2078 2045 2182 2092 quae
2205 2045 2383 2094 nequa—

244 2118 392 2166 quam
427 2104 538 2153 talia
566 2105 641 2153 vel
678 2116 810 2154 tanta
843 2107 965 2155 ferre
1000 2117 1159 2172 potest
1193 2124 1284 2155 nec
1317 2109 1462 2154 etiam
1492 2108 1637 2154 tantis
1675 2108 1744 2154 uti
1781 2106 2026 2155 beneficiis
2059 2107 2203 2170 digna
2239 2120 2378 2157 esset.

243 2184 438 2246 Mystice
465 2194 625 2232 tamen
657 2186 856 2249 intelligi
887 2186 1022 2234 facile
1044 2197 1116 2235 est
1137 2188 1304 2236 lunam
1333 2196 1448 2234 tunc
1470 2195 1525 2232 ut
1553 2186 1704 2233 solem
1734 2185 1937 2251 fulgere,
1964 2186 2015 2234 id
2039 2196 2110 2234 est
2131 2188 2380 2237 ecclesiam

243 2263 508 2311 electorum
540 2266 662 2312 sicut
689 2275 737 2313 et
768 2266 869 2330 ejus
899 2266 1051 2314 solem
1078 2269 1235 2314 Deum
1272 2265 1628 2314 indeficientem
1664 2265 1823 2314 lucem
1840 2265 2037 2324 habere,
2074 2276 2122 2313 et
2145 2266 2193 2312 in
2219 2267 2377 2333 ipsum

243 2342 345 2406 ejus
367 2344 520 2391 solem
542 2354 658 2392 tunc
681 2362 877 2410 quoque
901 2346 966 2394 ita
988 2346 1146 2394 lucem
1163 2345 1452 2412 ipsius-lunae
1471 2345 1832 2407 transcendere,
1860 2355 1912 2393 ut
1933 2346 1983 2393 in
2011 2346 2116 2411 ipso
2130 2344 2234 2393 solo
2262 2348 2380 2396 lucis

243 2423 302 2469 sit
323 2423 571 2488 perfectio,
597 2441 703 2489 quae
725 2426 997 2490 septenario
1020 2425 1297 2490 designatur
1318 2441 1542 2473 numero.

312 2506 499 2552 PfflLos.
525 2507 773 2563 Quantum
797 2505 963 2565 video,
991 2506 1032 2553 si
1061 2505 1163 2554 haec
1194 2507 1259 2554 ita
1287 2522 1336 2553 se
1359 2504 1566 2564 habent,
1601 2515 1654 2552 ut
1684 2505 1864 2568 dicitis,
1899 2509 2049 2556 multa
2078 2507 2191 2556 fidei
2214 2518 2378 2557 vestrae

243 2585 373 2631 Deus
405 2584 596 2633 videtur
634 2584 810 2634 debere
827 2621 840 2646 ,
882 2584 1018 2649 cujus
1058 2585 1107 2632 in
1146 2584 1374 2633 omnihus
1410 2585 1617 2632 maxime
1655 2585 1855 2650 gloriam
1894 2587 2175 2652 praedicatis.
2222 2591 2379 2637 Restat

243 2672 404 2711 autem
434 2681 584 2725 nunc,
614 2675 668 2713 ut
696 2665 815 2730 quid
844 2665 906 2713 de
933 2665 1097 2713 inferis
1123 2666 1267 2714 etiam
1298 2665 1358 2712 sit
1385 2665 1711 2726 sentiendum,
1745 2665 1996 2731 diligenter
2020 2668 2220 2733 aperias.
2249 2669 2380 2717 Sicut

243 2743 373 2790 enim
403 2760 646 2792 summum
668 2745 880 2792 hominis
909 2745 1095 2792 bonum
1122 2761 1181 2793 eo
1205 2744 1409 2810 amplius
1441 2744 1768 2810 appetendum
1799 2762 1898 2810 quo
1926 2747 2076 2811 magis
2107 2748 2373 2812 cognitum,

243 2823 307 2871 ita
329 2839 356 2870 e
373 2825 617 2872 contrario
635 2841 879 2873 summum
894 2824 1075 2873 malum
1093 2841 1152 2872 eo
1171 2825 1322 2888 magis
1339 2825 1430 2872 erit
1447 2823 1700 2871 vitandum
1720 2841 1819 2889 quo
1845 2825 2005 2874 minus
2025 2827 2115 2874 erit
2135 2827 2371 2892 ignotum.

309 2905 582 2952 Cnms‘rlm.
603 2905 691 2951 Hic
713 2905 892 2970 quippe
909 2904 1040 2969 apud
1063 2920 1152 2951 nos
1177 2904 1298 2951 sicut
1319 2913 1366 2951 et
1383 2903 1516 2968 apud
1537 2920 1624 2951 vos
1646 2903 1835 2952 diversa
1855 2904 1972 2952 olim
1992 2906 2167 2954 exstitit
2190 2908 2372 2973 opinio.

246 2982 333 3031 Alii
368 2984 548 3050 quippe
582 2984 823 3032 infernum
855 2983 1157 3049 corporalem
1188 2983 1450 3048 quemdam
1479 2983 1642 3031 locum
1674 2984 1764 3032 sub
1791 2985 1926 3032 terris
1959 2986 2255 3047 existimant,
2294 2991 2377 3053 qui

245 3079 303 3111 ex
344 3064 447 3129 ipsa
484 3063 624 3111 locali
657 3079 852 3129 quoque
886 3063 1125 3129 positione
1157 3068 1262 3127 quae
1295 3062 1492 3110 inferior
1522 3063 1690 3111 ceteris
1724 3063 1895 3112 mundi
1926 3064 2158 3129 partibus,
2193 3066 2378 3115 dicatur

248 3143 490 3203 infernus;
518 3143 598 3192 alii
618 3160 812 3209 quoque
835 3160 934 3192 non
957 3153 1055 3192 tam
1078 3143 1328 3208 corporale
1349 3153 1666 3204 tormentum,
1689 3159 1834 3207 quam
1855 3143 2065 3209 spiritale
2087 3146 2378 3195 arbitrantur

293 3324 452 3368 melosa,
473 3335 545 3367 cap.
563 3335 604 3368 ιι,
624 3336 653 3360 v.
671 3329 720 3361 15.

397 3399 428 3423 11
2167 3389 2217 3426 89
