2638 3866
632 244 843 291 ETHlCA
880 243 988 291 SEU
1023 243 1194 290 LlBER
1232 242 1434 290 DlCTUS
1463 261 1475 289 ε
1505 242 1670 290 SCITO
1705 241 1972 289 TElPSUM.
2277 241 2361 288 60⁴

233 341 532 407 prodessent.
562 343 781 408 Denique
807 352 854 390 et
877 344 1133 404 Dominus,
1159 342 1380 391 ciborum
1404 359 1599 408 quoque
1621 352 1831 399 creator,
1859 345 1982 389 sicut
2002 350 2048 388 et
2079 356 2340 406 corporum
2357 377 2369 399 ,

230 430 361 470 extra
392 422 584 488 culpam
616 438 716 471 non
746 432 888 483 esset,
923 425 962 470 si
989 423 1106 470 tales
1128 424 1196 471 eis
1227 439 1422 489 sapores
1444 425 1736 480 immitteret,
1763 423 1845 487 qui
1875 422 2144 470 necessario
2176 421 2236 469 ad
2261 437 2372 486 pec-

230 511 390 550 catum
424 503 498 550 sui
534 503 849 552 delectatione
881 503 1146 551 nescientes
1175 514 1417 568 cogerent.
1446 503 1710 563 Quomodo
1733 504 1863 552 enim
1897 502 1959 550 ad
1982 518 2119 550 esum
2152 511 2372 549 nostrum

231 582 344 632 talia
372 583 619 643 conderet,
644 583 721 632 vel
746 600 881 631 esum
911 599 1081 630 eorum
1109 583 1414 644 concederet,
1448 586 1485 631 si
1511 584 1612 631 haec
1643 599 1733 630 nos
1760 583 1903 630 edere
1932 584 2033 629 sine
2057 590 2254 647 peccato
2280 582 2373 628 im-

231 664 458 728 possibile
493 665 645 713 esset?
676 664 940 723 Quomodo
970 664 1114 712 etiam
1146 665 1195 711 in
1226 681 1281 712 eo
1312 665 1446 729 quod
1478 675 1549 712 est
1580 680 1880 724 concessum,
1915 663 2010 710 ‹lici
2044 672 2201 729 potest
2234 678 2376 711 com-

230 745 352 791 mitti
382 745 676 810 peccatum?
701 748 821 793 Nam
843 754 891 792 et
913 744 992 792 illa
1014 761 1119 808 quae
1144 743 1438 808 quandoque
1467 744 1628 792 illicita
1658 744 1851 791 suerunt
1882 752 2026 807 atque
2047 742 2307 808 prohibita,
2334 743 2374 789 si

229 824 543 888 postmodum
574 826 921 887 concedantur,
956 834 1003 872 et
1025 824 1091 872 sic
1121 823 1251 872 licita
1285 823 1417 886 fiant,
1447 825 1548 887 jam
1575 825 1779 871 omnino
1810 823 1991 888 absque
2013 833 2212 888 peccato
2239 839 2373 870 com-

231 904 515 965 mittuntur,
543 916 595 953 ut
618 923 726 954 esus
749 907 965 954 carnium
995 904 1260 964 suillarum,
1289 914 1335 951 et
1357 904 1586 969 pleraque
1616 904 1706 952 alia
1734 904 1908 953 Judaeis
1944 903 2194 968 quondam
2229 904 2369 950 inter-

229 984 385 1044 dicta,
428 1002 558 1033 nunc
592 1003 707 1034 vero
758 986 902 1035 nobis
940 1002 1184 1034 concessa.
1226 986 1348 1035 Cum
1398 986 1560 1051 itaque
1594 985 1814 1032 videmus
1847 984 2038 1032 Judaeos
2084 999 2280 1048 quoque
2314 984 2375 1032 ad

229 1064 472 1113 Christum
503 1082 763 1114 conversos
788 1066 1069 1131 hujusmodi
1102 1065 1239 1127 cibis,
1275 1081 1400 1129 quos
1432 1066 1505 1113 lex
1535 1065 1859 1125 interdixerat,
1895 1065 2046 1112 libere
2077 1064 2222 1124 vesci,
2256 1081 2375 1129 quo-

147 1173 159 1197 5
230 1144 380 1192 modo
405 1162 487 1193 eos
515 1146 830 1212 inculpabiles
853 1146 1173 1204 defendimus,
1201 1146 1290 1192 nisi
1314 1146 1427 1210 quia
1446 1147 1546 1210 jam
1569 1147 1637 1194 eis
1658 1146 1755 1193 hoc
1782 1162 1811 1192 a
1834 1148 1939 1192 Deo
1966 1161 2067 1192 esse
2093 1160 2375 1191 concessum

228 1226 516 1274 asserimus?
543 1227 591 1274 Si
619 1244 734 1292 ergo
764 1229 813 1275 in
842 1244 925 1276 esu
948 1227 1030 1275 tali
1057 1228 1173 1275 olim
1198 1227 1265 1274 eis
1290 1226 1555 1291 prohibito,
1584 1227 1669 1275 sed
1698 1243 1830 1274 nunc
1853 1241 2101 1284 concesso,
2127 1226 2230 1290 ipsa
2252 1241 2375 1272 con—

226 1305 379 1352 cessio
417 1315 670 1371 peccatum
706 1316 916 1366 excusat,
956 1317 1003 1355 et
1035 1313 1369 1372 contemptum
1389 1308 1479 1354 Dei
1514 1316 1747 1367 removet,
1780 1307 1887 1370 quis
1922 1305 2199 1370 quempiam
2234 1306 2283 1352 in
2316 1322 2374 1352 eo

229 1401 427 1448 peccare
460 1387 606 1449 dicat,
634 1388 768 1452 quod
799 1388 842 1435 ei
864 1387 1050 1436 licitum
1084 1388 1246 1435 divina
1276 1388 1526 1436 concessio
1560 1387 1699 1435 fecit?
1723 1387 1770 1434 Si
1803 1402 1918 1451 ergo
1945 1385 2233 1433 concubitus
2262 1402 2373 1433 cum

226 1481 401 1528 uxore,
436 1467 513 1514 vel
547 1485 655 1516 esus
685 1469 829 1516 etiam
855 1468 1148 1516 delectabilis
1182 1468 1278 1516 cibi
1313 1486 1342 1516 a
1369 1469 1528 1534 primo
1564 1467 1643 1515 die
1677 1476 1850 1514 nostrae
1881 1467 2152 1525 creationis,
2189 1483 2287 1531 quo
2325 1468 2373 1513 in

227 1546 450 1609 paradiso
479 1548 582 1595 sine
612 1558 813 1613 peccato
844 1549 1117 1610 videbatur,
1151 1547 1294 1596 nobis
1331 1564 1588 1596 concessus
1612 1556 1706 1607 est,
1738 1547 1846 1611 quis
1875 1562 1966 1593 nos
1994 1546 2043 1592 in
2071 1546 2167 1593 hoc
2191 1547 2376 1611 peccati

226 1637 409 1690 arguat,
438 1628 476 1675 si
496 1630 822 1677 concessionis
846 1639 1031 1678 metum
1054 1646 1155 1677 non
1179 1628 1502 1677 excedamus?

291 1707 386 1754 Sed
421 1724 612 1755 rursum
646 1710 871 1774 inquiunt
908 1710 1019 1774 quia
1058 1709 1323 1774 conjugalis
1351 1708 1549 1773 quidem
1573 1708 1728 1755 coitus
1754 1714 1801 1755 et
1820 1706 2116 1754 delectabilis
2144 1706 2240 1754 cibi
2269 1724 2375 1754 esus

226 1787 288 1833 ita
323 1803 580 1836 concessus
611 1799 699 1848 est,
735 1799 790 1836 ut
814 1789 1068 1837 delectatio
1101 1789 1206 1854 ipsa
1238 1804 1340 1836 non
1377 1787 1689 1848 concedatur,
1726 1787 1807 1834 sed
1843 1796 1896 1834 ut
1927 1788 2016 1834 ista
2044 1788 2246 1834 omnino
2275 1788 2375 1835 sine

225 1866 544 1916 delectatione
563 1879 782 1933 agantur.
810 1870 904 1917 Sed
926 1869 1142 1935 profecto
1163 1870 1202 1916 si
1220 1869 1284 1916 ita
1304 1878 1391 1927 est,
1420 1869 1487 1916 sic
1507 1868 1611 1916 fieri
1638 1878 1752 1915 sunt
1773 1883 2019 1926 concessa,
2046 1867 2298 1932 quomodo
2320 1885 2376 1916 ea

226 1945 498 1995 nullatenus
521 1947 624 1996 fieri
648 1959 852 2014 possunt
877 1967 887 1995 ε
918 1966 1008 1996 nec
1032 1948 1332 2010 rationabilis
1357 1948 1445 1995 fuit
1474 1948 1742 2013 permissio,
1770 1965 1875 2012 quae
1898 1948 1962 1994 ita
1987 1946 2089 1994 fieri
2111 1949 2370 2008 concessit,

223 2027 475 2090 quomodo
501 2045 609 2076 eam
632 2039 818 2077 certum
842 2040 913 2077 est
937 2046 1038 2076 non
1060 2046 1201 2094 posse
1224 2028 1345 2075 fieri.
1375 2031 1483 2086 Qua
1506 2029 1703 2092 insuper
1727 2028 1913 2075 ratione
1932 2028 2008 2074 lex
2034 2027 2095 2075 ad
2120 2028 2375 2075 matrimo-

223 2107 357 2153 nium
388 2107 504 2154 olim
527 2109 757 2172 cogebat,
787 2119 840 2157 ut
861 2110 1191 2173 unusquisque
1224 2098 1387 2156 semen
1419 2109 1712 2172 relinqueret
1739 2108 1788 2154 in
1814 2107 1984 2165 Israe13
2010 2107 2087 2153 vel
2119 2107 2374 2172 Apostolus

223 2187 453 2251 conjuges
484 2187 704 2235 debitum
727 2189 936 2236 invicem
968 2190 1153 2236 solvere
1185 2188 1450 2254 compellit,
1476 2189 1515 2235 si
1545 2187 1646 2234 haec
1674 2188 1946 2234 nullatenus
1970 2186 2150 2250 absque
2175 2197 2372 2252 peccato

223 2266 327 2313 fieri
348 2268 590 2331 possunt?
610 2269 874 2326 Quomodo
899 2271 947 2317 in
968 2270 1066 2317 hoc
1088 2268 1307 2317 debitum
1327 2268 1460 2328 dicit,
1482 2267 1564 2315 ubi
1584 2268 1684 2332 jam
1709 2268 1976 2315 necessario
1999 2277 2069 2314 est
2087 2268 2371 2332 peccatum?

225 2350 314 2393 Aut
331 2348 585 2410 quomodo
605 2350 712 2413 quis
734 2351 797 2397 ad
811 2349 907 2398 hoc
926 2350 1167 2413 agendum
1187 2359 1258 2398 est
1281 2348 1544 2414 cogendus,
1570 2348 1619 2395 in
1642 2364 1740 2412 quo
1756 2347 1943 2411 agendo
1964 2350 2122 2395 Deum
2142 2348 2200 2395 sit
2222 2348 2373 2395 offen-

223 2427 397 2474 surus?
418 2430 487 2475 Ex
510 2429 603 2486 his,
632 2438 684 2476 ut
706 2430 931 2491 arbitror,
956 2430 1197 2495 liquidum
1219 2439 1306 2491 est,
1334 2429 1517 2476 nullam
1539 2428 1806 2475 naturalem
1826 2428 1983 2475 carnis
2005 2427 2371 2476 delectationem

222 2515 422 2570 peccato
459 2508 830 2557 adscribendam
867 2527 997 2569 esse,
1034 2526 1125 2557 nec
1163 2509 1316 2575 culpae
1352 2507 1662 2556 tribuendum
1696 2508 1746 2554 in
1781 2524 1841 2555 eo
1874 2524 1957 2555 eos
1991 2507 2232 2566 delectari,
2272 2525 2370 2572 quo

223 2602 334 2634 cum
358 2598 642 2651 perventum
675 2589 751 2648 sit,
777 2590 1149 2638 delectationem
1177 2606 1373 2637 necesse
1401 2599 1472 2636 est
1495 2588 1688 2647 sentiri3
1717 2588 1864 2634 veluti
1888 2588 1925 2634 si
1957 2588 2064 2652 quis
2095 2587 2369 2651 religiosum

224 2666 429 2730 aliquem
453 2668 656 2716 vinculis
679 2671 989 2717 constrictum
1012 2671 1136 2717 inter
1157 2669 1357 2717 feminas
1375 2669 1534 2732 Jacere
1556 2666 1832 2731 compellat,
1859 2676 1907 2714 et
1925 2666 2003 2713 ille
2026 2666 2218 2714 mollitie
2243 2667 2366 2727 lecti,

224 2755 271 2791 et
306 2746 719 2795 circumstantium
754 2749 1043 2796 feminarum
1080 2758 1308 2796 contactu
1346 2749 1396 2795 in
1428 2747 1816 2807 delectationem,
1855 2762 1955 2793 non
1993 2747 2041 2792 in
2081 2762 2371 2794 consensum

225 2825 467 2886 trabatur3
494 2827 601 2891 quis
633 2827 759 2875 hanc
783 2828 1171 2889 delectationem,
1200 2844 1347 2893 quam
1368 2837 1542 2875 natura
1574 2826 1684 2874 facit
1707 2826 2257 2891 necessariam,-culpam
2284 2843 2370 2892 ap·-

227 2907 404 2970 pellare
429 2908 721 2972 praesumat?

290 2988 435 3046 Quod
464 2989 502 3035 si
531 2988 752 3053 objicias,
784 2999 835 3036 ut
862 2989 1150 3054 quibusdam
1182 2988 1389 3048 videtur,
1425 2987 1793 3054 delectationem
1823 2988 1998 3047 carnis,
2033 2989 2083 3035 in
2108 2989 2370 3037 concubitu

223 3085 419 3134 quoque
441 3069 653 3133 legitimo
677 3080 927 3135 peccatum
947 3069 1191 3135 imputari,
1218 3085 1327 3116 cum
1353 3068 1506 3116 David
1533 3068 1682 3116 dicat¹
1708 3086 1717 3114 :
1744 3088 1767 3111 «
1787 3071 1907 3116 Ecce
1928 3070 2057 3116 enim
2081 3070 2129 3116 in
2153 3070 2373 3134 iniquita-

224 3149 351 3198 tibus
374 3160 638 3215 conceptus
660 3166 783 3197 sum.
817 3170 839 3193 >³
875 3154 931 3197 Et
969 3149 1225 3215 Apostolus
1253 3166 1364 3197 cum
1400 3149 1616 3197 dixisset¹
1646 3167 1655 3194 :
1682 3169 1704 3192 «
1734 3151 1908 3196 Iterum
1933 3150 2228 3197 revertimini
2250 3152 2298 3198 in
2320 3151 2368 3198 id

270 3338 274 3353 ¹
292 3335 421 3368 Psalm.
440 3345 469 3374 L,
489 3346 517 3368 v.
538 3339 570 3370 7.
586 3355 623 3360 —
636 3338 647 3355 ²
666 3335 819 3369 Corinth.
841 3335 866 3376 Ι,
881 3345 951 3376 cap.
972 3344 1028 3376 vu,
1042 3344 1071 3367 v.
1090 3336 1123 3373 5,

389 3409 418 3432 ¹¹
2161 3399 2211 3433 76
