2638 3866
841 217 1234 266 lNTRODUCTlO
1271 219 1351 266 AD
1385 220 1792 270 THEOLOGIAM.
2357 233 2386 275 3

247 334 408 367 rerum
430 316 728 383 praecognitis
742 353 755 378 ,
781 317 1020 382 quidquid
1041 318 1104 367 ad
1127 318 1487 382 intelligentiam
1504 320 1579 378 vel
1595 321 1820 369 decorem
1841 339 1986 372 sacrae
1997 326 2266 391 Scripturae,
2293 330 2391 377 sive

246 398 309 448 ad
331 396 685 447 defendendam
709 396 785 445 vel
807 397 1150 446 adstruendam
1163 399 1412 448 veritatem
1431 401 1532 464 ejus
1550 403 1774 467 pertinet,
1794 404 1979 469 assequi
2001 404 2260 455 valeamus.
2281 411 2392 467 Quo

247 480 376 526 enim
400 478 518 526 fides
543 486 730 538 nostra,
756 477 807 524 id
828 487 900 526 est
923 478 1191 527 Christiana
1206 516 1218 539 ‚
1250 481 1501 545 inquiunt,
1538 481 1886 532 difficilioribus
1912 484 2141 550 implicita
2161 491 2394 552 quaestio—

248 558 389 606 nibus
408 558 622 618 videtur,
645 567 694 605 et
713 557 776 605 ab
799 558 1015 607 humana
1036 560 1224 607 ratione
1246 559 1435 625 longius
1471 561 1722 624 absistere3
1751 564 2065 613 validioribus
2101 568 2264 632 utique
2288 584 2395 616 mu-

248 638 426 687 nienda
454 649 525 686 est
546 639 787 686 rationum
807 638 1066 704 praesidiis,
1094 641 1299 688 maxime
1333 658 1448 690 vero
1485 652 1655 690 contra
1693 644 2078 709 impugnationes
2097 663 2288 707 eorum,
2314 650 2395 714 qui

247 735 297 766 se
338 718 655 784 philosophos
684 718 989 785 profitentur.
1028 723 1250 779 Quorum
1283 732 1473 786 quanto·
1497 722 1718 771 subtilior
1748 723 1939 772 videtur
1971 726 2234 790 inquisitio,
2264 738 2397 776 tanto

247 798 488 846 difficilior
514 800 574 847 ad
604 799 909 862 solvendum,
937 810 986 849 et
1019 802 1083 850 ad
1111 802 1492 868 perturbandam
1511 802 1624 851 fidei
1646 814 1821 853 nostrae
1843 805 2194 872 simplicitatem
2219 809 2401 857 facilior

248 879 506 927 invenitur.
549 880 620 927 Ad
660 879 747 927 has
785 881 946 945 itaque
981 881 1310 931 dissolvendas
1339 885 1687 932 controversias
1710 902 1822 933 cum
1847 903 1923 934 me
1953 886 2172 935 sufficere
2203 889 2400 937 arbitra·

247 970 430 1020 rentur,
447 977 593 1025 quem
613 961 749 1025 quasi
763 960 825 1009 ab
842 962 957 1028 ipsis
967 963 1219 1012 cunabulis
1242 964 1291 1012 in
1316 961 1636 1030 Philosophiae
1659 965 1848 1027 studiiS,
1874 983 1930 1015 ac
1966 969 2204 1034 praecipue
2218 970 2400 1018 Dialec-

248 1041 373 1100 ticae,
409 1057 516 1105 quae
540 1041 761 1088 omnium
783 1042 1009 1106 magistra
1026 1045 1268 1092 rationum
1291 1045 1502 1108 videtur,
1529 1056 1867 1094 conversatum
1885 1047 2063 1108 sciant,
2093 1059 2236 1114 atque
2261 1066 2404 1115 expe-

248 1121 474 1181 rimento,
503 1131 555 1168 ut
575 1122 736 1182 aiunt,
765 1122 1050 1184 didicerint3
1075 1126 1368 1173 unanimiter
1387 1126 1634 1192 postulant
1657 1143 1719 1174 ne
1736 1126 1970 1175 talentum
1996 1128 2115 1175 mihi
2139 1145 2167 1176 a
2189 1131 2401 1177 Domino

248 1202 559 1250 commissum
597 1202 915 1268 multiplicare
951 1204 1193 1266 differam,
1233 1207 1369 1270 quod
1404 1224 1518 1254 cum
1563 1208 1718 1254 usuris
1754 1209 1919 1272 utique
1959 1209 2199 1258 districtus
2244 1211 2320 1258 ille
2351 1222 2405 1258 ·et

251 1282 521 1331 horrendus
531 1283 683 1331 Judex
701 1283 899 1349 quando
911 1286 1066 1350 exigat
1085 1287 1349 1351 ignoratur.
1374 1288 1571 1336 Addunt
1589 1289 1734 1337 etiam
1756 1298 1932 1336 nostrae
1947 1289 2049 1352 jam
2067 1290 2190 1337 aetati
2216 1288 2273 1338 ac
2294 1308 2405 1356 pro-

249 1362 441 1410 fessioni
474 1365 759 1424 convenire,
794 1375 848 1412 ut
879 1366 1000 1414 sicut
1033 1384 1193 1415 mores
1223 1377 1272 1415 et
1302 1367 1550 1428 habitum,
1583 1368 1648 1416 ita
1681 1372 1977 1416 commutem
2013 1379 2058 1417 et
2089 1369 2328 1429 studium,
2359 1382 2402 1418 et

248 1441 472 1491 humanis
501 1443 664 1492 divina
698 1445 948 1510 praeferam
981 1447 1254 1509 volumina,
1278 1447 1362 1511 qui
1384 1447 1446 1495 ad
1468 1451 1627 1495 Deum
1651 1448 1823 1495 saeculo
1840 1448 2006 1496 relicto
2028 1459 2184 1497 totum
2208 1466 2286 1497 me
2304 1451 2404 1515 jam

249 1522 505 1571 transferre
535 1525 795 1589 proposui3
822 1535 869 1573 et
893 1527 1007 1590 quia
1025 1527 1140 1574 olim
1163 1526 1462 1577 studiumad
1486 1527 1771 1576 lucrandam
1793 1529 2049 1593 pecu-niam
2070 1530 2366 1577 institueram
2387 1566 2399 1586 ,

250 1619 380 1649 nunc
405 1603 467 1650 ad
488 1604 743 1653 lucrandas
765 1606 950 1654 animas
971 1606 1066 1654 hoc
1089 1616 1370 1655 convertam
1384 1644 1397 1665 ,
1428 1617 1479 1654 ut
1502 1607 1670 1655 saltem
1694 1608 1819 1655 circa
1840 1607 2147 1657 undecimam
2171 1610 2234 1657 ad
2260 1626 2404 1657 exco-

252 1681 444 1729 lendam
478 1685 783 1733 Dominicam.
808 1686 997 1733 vineam
1031 1695 1178 1752 prout
1203 1704 1399 1752 possum
1414 1688 1668 1735 introeam.
1687 1691 1797 1735 Haec
1818 1697 1866 1734 et
1886 1688 1962 1736 his
1977 1689 2148 1736 similia
2162 1689 2405 1755 discipulis

251 1763 423 1809 nostris
452 1763 726 1828 frequenter
764 1766 1227 1832 improperantibus,
1266 1777 1319 1814 ut
1348 1768 1388 1815 si
1423 1784 1522 1814 non
1562 1777 1760 1834 propter
1791 1769 2027 1816 rationem
2046 1805 2059 1829 ,
2094 1769 2171 1817 vel
2206 1780 2404 1836 propter

250 1842 611 1907 improbitatem
641 1856 863 1893 nostrum
899 1857 1266 1912 assequerentur
1301 1865 1568 1906 assensum3
1606 1849 1657 1895 in
1684 1848 1781 1895 hoc
1821 1848 2020 1896 tandem
2051 1850 2398 1910 consensimus,

250 1931 302 1968 ut
334 1940 424 1988 pro
448 1924 628 1973 viribus
653 1928 854 1989 nostriS,
880 1929 979 1976 imo
1003 1928 1177 1976 divinae
1202 1929 1362 1993 gratiae
1383 1929 1748 1994 supplemento,
1776 1929 1910 1994 quod
1939 1929 2184 1995 postulant
2211 1932 2402 1996 aggredi

250 2012 563 2065 tentaremus;
589 2023 691 2053 non
715 2017 813 2055 tam
835 2025 924 2056 nos
939 2010 1190 2058 veritatem
1207 2009 1368 2057 dicere
1397 2010 1762 2100 promittentes,
1790 2026 1938 2074 quam
1962 2010 2205 2076 opinionis
2226 2021 2400 2060 nostrae

248 2099 442 2131 sensum
454 2102 598 2150 quem
620 2087 882 2152 efflagitant
902 2100 1214 2155 exponentes.

316 2168 368 2211 ln
405 2182 505 2230 quo
543 2168 742 2231 quidem
780 2185 956 2234 opere,
1000 2171 1040 2217 si
1069 2171 1222 2236 culpis
1255 2173 1375 2218 meis
1410 2170 1708 2235 exigentibus
1731 2186 1760 2218 a
1782 2170 2026 2218 Catholiea
2045 2207 2057 2229 ‚
2086 2170 2220 2236 quod
2257 2171 2396 2231 absit,

249 2244 582 2295 exorbitavero
617 2248 926 2314 intelligentia
962 2250 1036 2298 vel
1076 2251 1346 2311 locutione3
1384 2252 1602 2315 ignoscat
1636 2251 1715 2298 ille
1741 2250 1881 2312 mihi,
1919 2251 2004 2316 qui
2041 2267 2097 2298 ex
2133 2252 2399 2300 intentione

250 2340 398 2390 opera
432 2338 628 2391 pensat,
668 2340 836 2394 parato
877 2348 1068 2397 semper
1098 2331 1160 2379 ad
1194 2332 1567 2380 satisfactionem
1593 2331 1654 2379 de
1687 2331 1810 2378 male
1838 2331 1977 2379 dictis
2006 2331 2083 2379 vel
2108 2332 2402 2396 corrigendis

249 2405 323 2451 vel
347 2405 592 2470 delendis,
621 2426 733 2457 cum
756 2411 864 2475 quis
887 2428 964 2459 me
987 2411 1203 2459 fidelium
1223 2413 1298 2461 vel
1315 2412 1490 2460 virtute
1514 2412 1728 2473 rationis,
1750 2411 1826 2459 vel
1850 2411 2134 2459 auctoritate
2157 2412 2398 2501 scripturae

249 2487 526 2534 correxerit.
554 2489 664 2536 Scio
695 2484 908 2556 namque
938 2492 1075 2557 quod
1106 2493 1337 2558 scriptum
1375 2494 1494 2540 est¹z
1528 2513 1550 2536 α
1578 2492 1815 2558 Corripiet
1845 2507 1924 2539 me
1949 2491 2109 2555 justus
2138 2491 2187 2538 in
2220 2491 2397 2539 miseri·

249 2566 441 2628 cordia,
489 2578 536 2615 et
580 2569 847 2636 increpabit
885 2589 992 2633 me;
1031 2573 1190 2622 oleum
1234 2583 1396 2622 autem
1436 2573 1702 2638 peccatoris
1748 2589 1848 2620 non
1890 2570 2213 2636 impinguabit
2255 2581 2398 2636 caput

251 2662 431 2694 meum.
465 2666 488 2693 η
511 2651 570 2695 Et
593 2649 642 2697 in
671 2651 938 2700 Proverbiis
956 2655 971 2678 ²
996 2672 1006 2701 z
1041 2673 1064 2699 «
1086 2654 1174 2702 Via
1194 2655 1330 2717 vitae,
1358 2653 1639 2719 increpatio¹
1660 2651 1945 2717 disciplinae3
1981 2651 2065 2715 qui
2097 2659 2259 2698 autem
2295 2649 2398 2697 odit

249 2726 620 2792 increpationes,
651 2731 883 2797 insipiens
908 2743 994 2781 est.
1026 2754 1049 2777 »
1072 2736 1131 2782 Et
1150 2735 1382 2782 iterum³:
1411 2754 1434 2779 «
1456 2733 1552 2792 Qui
1573 2731 1782 2780 custodit
1801 2730 2180 2796 increpationes,
2199 2730 2398 2778 astutior

251 2803 331 2852 fiet
350 2816 422 2853 :et
435 2808 518 2871 qui
538 2809 892 2874 increpationes
909 2813 1028 2875 odit,
1055 2815 1303 2861 morietur.
1324 2833 1347 2857 n
1362 2815 1420 2859 Et
1443 2813 1686 2859 rursum‘:
1709 2831 1730 2856 «
1748 2814 1852 2858 Non
1873 2818 2004 2857 amat
2019 2808 2246 2875 pestilens
2264 2818 2392 2869 eum,

250 2886 334 2949 qui
351 2901 401 2933 se
423 2888 650 2953 corripit:
673 2891 712 2936 si
732 2901 895 2939 autem
917 2893 1204 2958 corripuerit
1225 2893 1492 2958 sapientem
1508 2928 1521 2952 ,
1547 2890 1776 2955 intelliget
1807 2889 2127 2956 disciplinam.
2160 2908 2184 2934 »
2218 2892 2336 2937 ltem
2352 2892 2391 2935 ⁵:

255 2985 278 3009 α
309 2966 422 3013 Viro
455 2969 539 3032 qui
568 2970 908 3035 corripientem
941 2972 1062 3020 dura
1086 2973 1273 3021 cervice
1307 2972 1575 3021 contemnit
1591 3007 1606 3032 ,
1634 2971 1912 3037 repentinus
1943 2969 2248 3036 superveniet
2276 2969 2395 3017 inte-

250 3046 387 3094 ritus.
417 3067 440 3091 a>
463 3047 533 3095 Ad
556 3048 652 3096 hoc
685 3060 846 3098 autem
877 3061 925 3099 et
958 3052 1218 3101 beatissimi
1254 3053 1500 3118 Augustini
1523 3050 1745 3117 exemplo
1770 3066 2109 3117 provocamur,
2131 3050 2215 3114 qui
2236 3065 2347 3096 cum
2371 3065 2396 3095 a

295 3243 432 3277 ¹Psalm.
451 3253 527 3286 exn,
544 3255 573 3279 v.
591 3249 623 3280 5.
643 3249 907 3291 —2Prov.,cap.
924 3259 969 3292 w,
991 3260 1020 3284 v.
1038 3253 1090 3286 23.
1105 3253 1370 3292 -³Prov.‚cap.
1386 3259 1443 3291 xv,
1461 3260 1490 3284 v.
1513 3252 1543 3284 5.
1558 3267 1597 3274 —
1614 3249 1740 3286 ⁶1bid„
1759 3257 1788 3282 v.
1816 3250 1874 3288 123
1892 3227 1964 3289 sap.
1990 3255 2058 3283 xix.
2080 3255 2108 3280 v.
2131 3248 2186 3281 25.
2201 3263 2240 3271 -
2253 3246 2401 3287 ‘Prov.,

252 3304 323 3336 cap.
342 3305 437 3338 xxix,
454 3307 485 3332 v.
506 3300 535 3333 1.
