2638 3866
883 259 941 307 IN
974 257 1304 306 EPlSTOLAM
1340 259 1423 306 AD
1457 257 1761 307 ROMANOS.
2295 262 2390 309 305

249 356 528 423 imperative
550 358 701 407 utitur
722 359 975 426 scriptura,
1004 369 1057 407 ut
1082 379 1105 405 u
1126 360 1292 425 diliges
1315 363 1620 411 Dominum»
1645 382 1736 430 pro
1761 365 1904 429 dilige
1926 384 1938 426 ;
1969 384 1991 410 «
2013 382 2112 414 non
2137 366 2347 425 occides,
2367 388 2388 411 n

250 453 341 503 pro
371 454 473 486 non
504 439 674 488 occide
702 457 714 488 :
742 441 809 489 ita
838 457 865 488 e
888 457 1126 489 converso
1157 457 1511 508 nonnunquam
1534 443 1662 492 facit.
1689 444 1816 503 Quid
1840 446 1980 492 etiam
2005 445 2142 494 obest
2164 446 2202 493 si
2224 446 2394 512 aliquis

248 527 439 566 sanctus
466 537 553 585 per
575 517 805 587 Spiritum
829 521 1144 581 illuminatus,
1170 521 1336 570 divino
1371 526 1632 573 assentiens
1661 525 1864 590 judici0,
1894 535 2028 591 optet
2063 526 2163 574 fieri
2198 527 2260 575 de
2288 529 2393 576 vin-

248 597 376 647 dicta
415 601 559 649 etiam
593 602 832 651 malorum
872 602 1007 668 quod
1044 612 1172 651 recte
1204 603 1475 652 faciendum
1514 623 1615 654 esse
1640 605 1880 670 intelligit,
1922 615 1969 653 et
2003 607 2050 653 in
2085 607 2247 656 divina
2279 626 2394 675 prae-

247 677 396 726 fixum
430 680 560 730 videt
594 699 695 731 esse
720 684 989 732 sententia?
1012 684 1358 750 Vellequippe
1395 684 1497 734 fleri
1531 686 1665 751 quod
1699 686 1881 750 justum
1918 696 1987 734 est
2018 685 2146 745 fieri,
2183 705 2289 752 quae
2325 701 2394 737 est

247 759 510 824 injustitia?
533 763 757 829 Alioquin
789 764 1013 830 quaedam
1038 764 1182 813 nobis
1205 764 1481 831 displiceret
1498 767 1703 832 justitia,
1732 777 1779 815 et
1801 768 1955 833 ipsam
1979 783 2173 831 quoque
2197 770 2393 818 Domini

247 842 531 890 sententiam
571 845 816 908 cognitam
853 844 1142 894 haberemus
1179 861 1389 893 exosam.
1431 847 1524 895 Sed
1570 847 1631 895 de
1668 847 1764 895 hoc
1800 846 2072 911 diligentius
2112 848 2394 914 Theologt'oe'

246 931 420 970 nostrae
442 925 745 973 tractandum
770 943 1084 975 reservamus.

315 1023 338 1046 «
363 1003 483 1052 Dico
519 1021 651 1070 ergo.
689 1026 714 1052 »
755 1007 1166 1073 Quandoquidem
1214 1007 1282 1056 sic
1324 1008 1386 1057 de
1425 1025 1595 1057 eorum
1643 1011 1985 1077 reprobatione
2032 1010 2389 1077 prophetatum.

248 1102 268 1126 «c
294 1085 538 1150 Numquid
563 1087 871 1136 offenderunt
892 1091 1069 1147 Deum,
1091 1109 1114 1133 2>
1140 1088 1363 1137 videlicet
1383 1099 1436 1137 ut
1466 1107 1566 1137 non
1593 1100 1778 1139 tantum
1813 1091 2075 1139 titubarent
2100 1092 2148 1139 in
2172 1091 2285 1151 fide,
2311 1094 2393 1140 sed

244 1164 435 1228 penitus
465 1166 744 1228 «caderent,
769 1187 792 1213 »
829 1168 878 1216 id
917 1179 985 1217 est
1023 1170 1127 1217 sine
1168 1172 1619 1236 recompensatione
1664 1171 1863 1236 alicujus
1907 1172 2155 1219 commodi
2194 1172 2394 1221 damna-

243 1255 410 1293 rentur
446 1263 473 1294 a
508 1250 632 1310 Deo,
659 1249 743 1314 qui
778 1249 1007 1297 omnibus
1041 1244 1178 1299 malis
1210 1250 1337 1299 bene
1372 1251 1562 1299 utitur?
1591 1271 1614 1297 «
1635 1252 1729 1300 Sed
1769 1252 1962 1299 illorum
1997 1251 2191 1300 delicto.
2216 1272 2239 1297 υ
2266 1256 2392 1300 Dum

243 1324 464 1374 videlicet
494 1328 887 1394 praedicationem
910 1330 1082 1378 Christi
1117 1347 1146 1379 a
1174 1347 1224 1379 se
1258 1331 1560 1397 repellerent,
1591 1342 1638 1379 et
1672 1333 1886 1399 Apostoli
1922 1332 1983 1380 ad
2019 1335 2196 1380 Gentes
2232 1334 2392 1380 transi-

243 1416 352 1454 rent
375 1417 422 1455 et
444 1418 579 1457 tanto
604 1409 788 1459 facilius
816 1428 845 1460 a
873 1411 1108 1459 Gentibus
1139 1421 1298 1459 essent
1330 1413 1527 1478 recepti,
1554 1422 1737 1478 quanto
1760 1429 1788 1461 a
1811 1413 1984 1460 Judaeis
2006 1414 2205 1461 summis
2226 1430 2391 1462 earum

242 1487 446 1537 inimicis
484 1492 703 1557 repulsos
751 1510 835 1540 eos
880 1503 928 1540 et
973 1493 1177 1541 afflictos
1212 1493 1456 1554 viderent,
1502 1495 1576 1541 vel
1611 1494 1660 1541 in
1696 1494 1792 1542 hoc
1829 1495 1972 1543 etiam
2019 1494 2151 1558 quod
2193 1494 2392 1560 dispersi

242 1584 328 1632 per
350 1571 590 1619 mundum
614 1573 663 1619 in
696 1583 979 1639 perpetuam
1011 1574 1353 1640 captivitatem,
1395 1591 1486 1641 pro
1521 1583 1720 1640 peccato
1759 1575 1808 1621 in
1843 1574 2087 1622 Christum
2114 1574 2390 1632 commisso,

242 1648 355 1697 fidei
379 1661 551 1699 nostrae
572 1653 836 1719 plurimum
862 1664 1147 1703 attestantur
1169 1665 1216 1702 et
1242 1671 1415 1719 magna
1438 1655 1665 1721 potentiae
1688 1654 1864 1702 Christi
1896 1655 2136 1720 praeconia
2158 1654 2388 1720 praebent.

244 1751 266 1774 «
291 1733 351 1778 Ut
375 1732 482 1780 illos
504 1735 808 1797 aemulentur,
834 1755 858 1781 »
880 1735 929 1783 id
949 1745 1020 1783 est
1044 1746 1096 1783 ut
1120 1735 1348 1801 deinceps
1368 1752 1395 1783 e
1414 1751 1651 1783 converso
1671 1737 1851 1782 Gentes
1871 1735 2047 1783 faciant
2068 1738 2092 1782 J
2098 1734 2243 1782 udaeis
2261 1736 2394 1799 quod

241 1810 357 1859 olim
381 1813 532 1861 Judaei
556 1814 796 1863 faciebant
820 1815 1056 1864 Gentibus
1079 1817 1129 1863 in
1152 1815 1424 1882 proselytiS‚
1448 1815 1498 1863 id
1531 1824 1602 1863 est
1623 1815 1727 1863 zelo
1750 1816 1838 1862 Dei
1862 1815 1969 1863 illos
1991 1815 2052 1862 ad
2076 1816 2394 1864 imitationem

240 1893 313 1940 sui
354 1905 640 1943 convertant
672 1897 747 1944 vel
786 1906 1068 1963 provocent.
1102 1897 1336 1944 AEmulari
1373 1896 1584 1962 aliquem
1622 1906 1694 1944 est
1728 1895 1912 1957 zelum,
1939 1896 1986 1943 id
2029 1906 2101 1943 est
2135 1896 2395 1944 vehemens

242 1972 531 2023 desiderium
555 1994 668 2042 erga
690 1994 801 2025 eum
823 1977 1021 2039 habere,
1045 1988 1095 2025 ut
1122 1978 1162 2025 is
1181 1977 1318 2025 illum
1338 1977 1571 2037 imitetur,
1598 1976 1673 2024 vel
1693 1976 1772 2024 ille
1790 1993 1901 2023 eum
1931 1993 1957 2023 e
1981 1992 2238 2036 converso,
2261 1978 2394 2041 juxta

240 2055 375 2119 q'uod
400 2058 562 2107 statim
586 2059 812 2107 dicturus*
828 2069 916 2122 est,
944 2081 965 2103 «
988 2060 1027 2107 si
1053 2059 1303 2124 quomodo
1335 2058 1397 2106 ad
1426 2056 1752 2106 aemulandum
1779 2072 2060 2122 provocem,
2087 2066 2177 2104 etc.
2197 2076 2221 2101 »
2247 2058 2392 2114 Quod

241 2137 279 2183 si
301 2138 587 2187 aemulantur
610 2140 734 2203 illos,
763 2151 810 2188 et
835 2141 1026 2188 merito.
1049 2139 1196 2199 Quod
1219 2141 1258 2187 si
1277 2140 1455 2187 delicto
1478 2156 1649 2186 eorum
1675 2147 1772 2185 tam
1794 2136 1921 2184 bene
1944 2153 2058 2184 usus
2080 2146 2152 2184 est
2175 2140 2322 2195 Deus,
2341 2137 2391 2184 id

239 2227 310 2265 est
332 2228 465 2267 tanta
491 2221 606 2269 inde
630 2232 887 2269 consecuta
910 2231 983 2269 est
1004 2221 1197 2283 utilitas,
1226 2231 1279 2268 ut
1304 2222 1554 2268 universus
1577 2218 1691 2266 inde
1714 2217 1927 2265 mundus
1947 2217 1994 2264 in
2018 2216 2251 2264 Gentibus
2276 2234 2391 2282 pro-

241 2297 420 2358 fecerit,
443 2311 625 2365 quanta
646 2303 734 2350 erit
755 2302 931 2350 utilitas
951 2301 1012 2350 de
1031 2302 1247 2368 ipsorum
1268 2302 1446 2367 pariter
1466 2295 1782 2347 conversione
1802 2314 1914 2355 cum
1931 2297 2202 2345 Gentibus?
2224 2299 2280 2343 Et
2297 2296 2390 2344 hoc

242 2388 311 2426 est
338 2397 349 2426 :
380 2399 404 2426 «
421 2382 568 2439 Quod
588 2383 628 2430 si
651 2382 879 2431 delictum
902 2383 1095 2430 illorum
1119 2382 1293 2430 divitiae
1323 2391 1434 2429 sunt
1463 2379 1651 2440 mundi,
1670 2400 1693 2423 κ
1720 2377 1771 2426 id
1794 2388 1864 2426 est
1889 2394 1947 2425 ex
1976 2377 2152 2425 delicto
2176 2376 2386 2435 illorum,

240 2470 287 2507 et
305 2460 648 2526 reprobatione
673 2464 843 2530 populi
866 2463 1078 2511 mundus
1105 2464 1153 2511 in
1177 2463 1357 2511 caeteris
1381 2456 1690 2528 spiritualiter
1712 2469 1782 2507 est
1804 2458 1998 2518 ditatus,
2025 2467 2110 2505 «et
2132 2457 2389 2505 diminutio

241 2557 410 2589 eorum
446 2542 624 2592 divitiae
658 2546 906 2605 Gentium,
928 2564 951 2590 »
977 2545 1028 2593 id
1052 2555 1122 2592 est
1159 2543 1292 2610 quod
1326 2544 1486 2591 minus
1517 2543 1566 2590 in
1599 2541 1691 2588 illis
1722 2540 1872 2588 modo
1904 2539 2051 2587 habet
2072 2537 2300 2596 mundus,
2328 2537 2389 2583 de

242 2622 569 2686 spiritualibus
587 2624 728 2673 bonis
740 2635 1136 2691 recompensatur
1149 2626 1197 2672 in
1216 2608 1468 2683 Gentibus,
1493 2642 1515 2668 «
1535 2630 1718 2687 quanto
1737 2620 1887 2683 magis
1902 2618 2152 2684 plenitudo
2172 2633 2342 2665 eorum
2362 2638 2382 2659 »

245 2702 350 2762 erit,
372 2703 598 2764 subaudi,
614 2705 788 2753 divitiae
805 2706 997 2767 mundi,
1020 2706 1070 2753 id
1093 2716 1181 2765 est,
1209 2706 1248 2752 si
1271 2714 1319 2752 et
1340 2704 1431 2768 ipsi
1451 2696 1633 2768 'pariter
1655 2717 1767 2748 cum
1787 2698 2022 2747 Gentibus
2037 2698 2276 2746 mundum
2299 2698 2388 2744 im—

238 2783 402 2848 pleant
429 2784 573 2832 bonis
600 2786 849 2851 operibus,
885 2787 1038 2834 multo
1063 2786 1270 2851 amplius
1300 2785 1401 2849 ipse
1430 2782 1680 2830 ditabitur.
1709 2783 1767 2826 Et
1795 2779 1891 2826 hoc
1923 2788 1994 2826 est
2021 2778 2219 2842 quidem
2240 2778 2384 2835 istud,

244 2883 266 2906 «
294 2864 438 2921 Quod
463 2865 686 2930 quidem,
718 2887 742 2911 »
770 2866 855 2914 sed
879 2866 1233 2914 adversativum
1250 2899 1263 2923 ,
1289 2863 1352 2911 ad
1372 2861 1469 2909 hoc
1492 2861 1670 2908 scilicet
1704 2858 1840 2924 quod
1868 2859 2091 2924 primitus
2114 2857 2299 2906 dixerat
2327 2858 2388 2905 de

241 2960 412 2992 eorum
438 2955 656 3011 peccato,
690 2956 738 2994 et
764 2963 896 2994 nunc
914 2946 975 2994 de
1004 2945 1322 2994 conversione
1343 2942 1559 3007 loquitur
1584 2959 1595 2987 ε
1626 2950 1679 2987 ut
1702 2940 1770 2987 sic
1790 2938 2011 2987 videlicet
2026 2938 2162 3003 juxta
2182 2939 2389 2986 litteram

241 3026 551 3074 continuetur
582 3026 644 3074 ad
674 3028 916 3093 praemissa
948 3045 960 3074 ε
987 3028 1057 3074 Ita
1087 3025 1263 3073 delicto
1299 3039 1470 3072 eorum
1507 3021 1683 3069 ditatus
1717 3030 1789 3068 est
1819 3018 2032 3067 mundus
2060 3019 2109 3066 in
2134 3018 2384 3067 Gentibus.

241 3106 388 3163 Quod
415 3107 456 3155 si
478 3107 705 3155 delictum
729 3107 940 3168 illorum,
974 3116 1066 3155 etc.
1100 3126 1123 3151 «
1143 3104 1293 3153 Vobis
1323 3104 1468 3151 enim.
1492 3123 1515 3146 ³>
1546 3105 1605 3148 Et
1627 3101 1763 3166 quasi
1786 3099 1956 3164 aliquis
1978 3099 2040 3147 de
2070 3099 2161 3147 hac
2184 3098 2390 3164 plenitu-

243 3186 355 3235 dine
393 3187 552 3237 futura
588 3188 887 3255 desperaret,
912 3187 1010 3253 jam
1043 3186 1235 3253 penitus
1272 3184 1461 3232 Judaeos
1499 3181 1696 3231 ulterius
1736 3197 1765 3229 a
1798 3183 1901 3228 Deo
1936 3179 2221 3246 reprobatos
2258 3193 2384 3234 esse,

290 3382 297 3400 ¹
314 3379 385 3415 Nou
404 3384 552 3424 pervenit
567 3384 609 3417 ad
625 3392 685 3417 nos
703 3393 779 3426 pars
795 3384 850 3418 illa
867 3382 1054 3427 Theoloyiae
1070 3383 1232 3418 Abaelardl
1250 3382 1283 3416 in
1299 3391 1364 3424 qua
1385 3381 1585 3415 tractandam
1601 3379 1811 3423 quaestionem
1831 3378 1913 3410 hanc
1929 3376 1991 3409 sih}
2012 3374 2225 3416 proponebat.

406 3457 437 3481 11
2173 3433 2223 3471 39
