2638 3866
1139 248 1448 299 DIALOGUS.
2279 250 2374 298 649

230 350 373 401 nobis
395 368 423 400 a
441 354 546 399 Deo
570 350 642 398 lex
666 349 778 397 data
799 349 876 397 sit.
903 351 974 397 De
998 366 1109 415 qua,
1137 351 1176 398 si
1198 367 1321 415 quos
1346 351 1468 399 forte
1491 367 1591 398 non
1611 367 1867 417 possumus
1890 349 2164 399 incredulos
2182 365 2372 414 cogere,

231 436 376 480 nemo
401 441 562 479 tamen
587 439 675 491 est,
693 429 789 494 'qui
809 429 930 491 hoc,
958 430 1090 493 quod
1121 431 1384 491 credimus,
1414 432 1600 480 ratione
1623 432 1774 497 possit
1797 431 1953 495 aliqua
1980 430 2208 478 refellere.
2237 430 2374 476 Pium

232 513 411 578 quippe
449 521 520 559 est
567 510 744 559 sentire
782 518 830 557 et
871 511 1074 557 omnino
1113 512 1288 558 rationi
1326 521 1706 560 consentaneum
1741 522 1788 559 et
1829 522 1924 560 tam
1960 511 2133 559 divinae
2173 510 2375 558 bonitati

233 608 380 658 quam
406 591 627 639 humana:
658 605 929 654 congruum
960 590 1127 651 saluti,
1153 594 1307 638 Deum
1333 593 1381 638 in
1405 602 1594 639 tantum
1624 608 1790 639 curam
1820 592 2076 640 hominum
2111 593 2295 656 gerere,
2327 601 2379 638 ut

233 692 317 723 eos
358 691 555 740 quoque
596 674 712 738 legis
753 674 931 739 scripto
970 673 1249 737 dignaretur
1291 676 1558 736 instruere,
1601 686 1643 723 et
1690 676 1863 722 timore
1908 675 2075 723 saltem
2125 691 2377 740 poenarum

232 765 447 804 nostram
486 754 716 801 malitiam
748 754 1024 819 reprimere.
1054 754 1102 800 Si
1136 755 1266 801 enim
1302 755 1555 803 salubriter
1579 755 1759 803 adhoc
1789 756 2075 803 secularium
2105 756 2377 822 principum

233 840 360 904 leges
404 839 627 886 institutae
662 847 801 896 sunt,
840 838 948 902 quis
985 854 1228 885 summum
1265 839 1485 885 omnium
1520 838 1914 903 benignissimum
1954 841 2220 905 principem
2258 855 2377 886 con-

233 919 435 967 tradicat
471 919 533 967 de
564 919 660 967 hoc
690 932 887 983 quoque
910 935 1076 966 curam
1110 918 1405 983 suscepisse?
1428 920 1691 977 Quomodo
1719 919 1849 966 enim
1874 920 1981 984 quis
2013 920 2114 966 sine
2141 918 2242 982 lege
2267 917 2379 986 sub-

230 999 410 1062 jectum
444 999 680 1066 populum
713 998 983 1063 gubernare
1013 999 1207 1065 poterit,
1244 999 1283 1045 si
1317 998 1535 1047 videlicet
1557 1000 1760 1064 quisque
1789 1016 1877 1047 suo
1902 1000 2124 1047 dimissus
2150 998 2375 1057 arbitrio,

235 1080 370 1145 quod
401 1080 611 1145 elegerit,
639 1080 899 1144 sequatur?
921 1083 1011 1127 Aut
1036 1079 1287 1144 quomodo
1303 1080 1451 1144 juste,
1476 1080 1726 1146 puniendo
1752 1081 1930 1138 malos,
1960 1098 2128 1128 eorum
2154 1080 2380 1128 malitiam

236 1162 515 1227 compescit,
543 1161 633 1208 nisi
665 1162 797 1227 prius
817 1162 893 1208 lex
914 1171 1085 1209 statuta
1112 1161 1189 1220 sit,
1221 1178 1327 1226 quae
1350 1162 1475 1209 mala
1499 1161 1599 1209 fleri
1624 1161 1785 1209 vetet?
1813 1165 1911 1209 Hac
1934 1162 2121 1209 ratione
2143 1161 2381 1226 liquidum

237 1258 340 1289 esse
376 1241 541 1303 credo,
578 1239 793 1289 divinam
830 1233 983 1306 legem
1021 1242 1070 1288 in
1106 1241 1388 1288 hominibus
1422 1243 1727 1307 praecessisse,
1773 1252 1824 1289 ut
1857 1242 1999 1307 liujus
2036 1259 2230 1307 quoque
2265 1242 2382 1289 boni

239 1323 450 1370 mundus
479 1322 734 1370 exordium
761 1332 806 1371 et
831 1323 1163 1371 auctoritatem
1184 1339 1211 1370 a
1237 1326 1337 1370 Deo
1361 1333 1569 1370 sumeret
1585 1359 1596 1381 ‚
1623 1340 1735 1370 cum
1767 1323 2034 1388 aliquarum
2058 1325 2219 1388 legum
2245 1324 2385 1371 insti-

238 1404 425 1451 tutione
478 1403 711 1451 malitiam
747 1403 988 1452 refrenare
1033 1403 1177 1451 vellet
1188 1422 1201 1462 ;
1244 1403 1461 1468 alioquin
1508 1403 1644 1452 facile
1681 1404 1833 1452 videri
1879 1415 2069 1470 posset,
2107 1407 2265 1452 Deum
2310 1421 2384 1452 res

238 1483 476 1530 humanas
507 1499 608 1530 non
637 1500 824 1545 curare,
851 1494 898 1532 et
922 1485 1079 1550 ipsum
1104 1483 1274 1530 mundi
1302 1493 1477 1531 statum
1504 1483 1702 1531 fortuitu
1725 1485 1885 1549 potius
1907 1485 2008 1548 agi,
2043 1501 2190 1549 quam
2221 1485 2386 1550 provi-

241 1563 407 1611 ‹lentia
439 1564 555 1628 regi.
593 1564 641 1610 Si
676 1580 771 1627 qua
803 1581 918 1612 vero
942 1565 1028 1612 *lex
1061 1581 1088 1611 a
1123 1567 1225 1612 Deo
1260 1564 1371 1612 data
1402 1581 1503 1612 esse
1537 1565 1748 1612 creditur
1779 1566 1984 1627 mundo,
2018 1565 2079 1613 de
2112 1581 2210 1630 qua
2237 1566 2387 1629 magis

241 1644 668 1711 consentiendum,
704 1660 851 1708 quam
881 1644 942 1692 de
964 1654 1128 1693 nostra
1161 1661 1268 1709 quae
1298 1644 1496 1692 tandem
1528 1661 1585 1691 ex
1616 1654 1847 1692 vetustate
1876 1656 1923 1692 et
1951 1647 2199 1693 communi
2229 1645 2387 1692 homi-

240 1741 360 1771 num
397 1725 628 1789 opinione
660 1734 802 1772 nacta
826 1734 896 1772 est
931 1725 1304 1772 auctoritatem?
1329 1726 1398 1782 Sit
1421 1725 1631 1790 denique
1654 1725 1857 1772 dubium
1888 1725 2007 1773 mihi
2039 1726 2161 1773 sicut
2191 1735 2239 1772 et
2268 1725 2355 1773 tibi
2373 1764 2385 1787 ,

242 1805 377 1869 quod
398 1804 528 1852 hanc
557 1807 687 1851 Deus
710 1804 864 1868 legem
888 1805 1160 1865 instituerit,
1188 1805 1321 1869 quod
1346 1815 1417 1852 tot
1440 1815 1601 1853 tamen
1629 1806 1913 1853 testimoniis
1936 1816 1982 1853 et
2006 1807 2190 1854 ratione
2217 1806 2392 1854 confir-

245 1894 420 1944 matur,
453 1885 639 1948 cogeris
669 1894 831 1932 tamen
858 1885 1127 1933 secundum
1160 1887 1421 1952 suppositae
1451 1886 1775 1934 similitudinis
1798 1887 2146 1944 inductionem,
2182 1887 2233 1934 id
2275 1887 2392 1934 mihi

244 1964 527 2023 consulere,
574 1974 627 2012 ut
667 1965 757 2030 ipsi
793 1965 1050 2028 obediam,
1093 1968 1297 2014 maxime
1346 1984 1458 2014 cum
1495 1967 1557 2014 ad
1591 1967 1686 2014 hoc
1724 1968 1921 2033 propria
1961 1985 2038 2014 me
2074 1968 2242 2015 invitet
2274 1985 2393 2015 con-

246 2045 462 2094 scientia.
490 2045 655 2092 Fidem
682 2055 843 2092 tecum
883 2045 945 2093 de
979 2047 1121 2094 unius
1156 2048 1244 2095 Dei
1271 2049 1469 2094 veritate
1500 2064 1811 2095 communem
1847 2047 2022 2106 habeo,
2060 2064 2195 2112 aeque
2235 2049 2393 2113 ipsum

246 2125 476 2185 fortassis,
502 2135 555 2173 ut
579 2136 654 2185 tu,
684 2126 850 2189 diligo,
885 2135 934 2173 et
965 2143 1023 2173 ex
1045 2127 1289 2192 operibus,
1315 2143 1421 2190 quae
1444 2137 1497 2174 tu
1526 2144 1626 2174 non
1651 2127 1824 2188 babes,
1858 2128 1910 2174 id
1941 2128 2137 2193 insuper
2167 2128 2389 2177 exhibeo.

248 2207 379 2264 Quid
401 2206 522 2253 mihi
542 2206 645 2253 haec
669 2223 833 2271 opera,
860 2207 900 2254 si
923 2224 1022 2254 non
1048 2207 1251 2272 prosint,
1279 2207 1512 2267 officiunt,
1539 2208 1683 2256 etiam
1707 2209 1745 2255 si
1769 2225 1868 2255 non
1893 2209 1986 2256 sint
2008 2219 2259 2275 praecepta,
2284 2210 2397 2274 quia

247 2303 347 2334 non
396 2296 506 2333 sunt
540 2286 819 2352 prohibita?
861 2289 978 2345 Quis
1017 2304 1095 2335 me
1144 2288 1287 2336 etiam
1325 2305 1523 2353 arguere
1569 2289 1743 2354 possit,
1785 2289 1825 2336 si
1860 2289 1995 2336 nullo
2033 2298 2080 2336 et
2112 2291 2396 2338 constrictus

249 2377 487 2432 praecepto
517 2368 724 2433 amplius
754 2385 844 2434 pro
867 2369 1079 2415 Domino
1107 2368 1315 2417 laboro?
1346 2370 1463 2428 Quis
1487 2369 1614 2418 hanc
1646 2370 1855 2434 arguerit
1886 2370 2033 2418 fidem
2055 2388 2161 2435 quae
2183 2370 2396 2419 divinam

248 2446 515 2495 bonitatem
547 2449 772 2507 maxime,
807 2459 860 2496 ut
893 2449 1076 2497 dictum
1109 2459 1202 2511 est,
1237 2451 1547 2498 commendat
1580 2461 1628 2498 et
1659 2450 1921 2516 plurimum
1956 2461 2169 2499 nostram
2202 2452 2250 2499 in
2285 2469 2397 2500 eum

249 2528 494 2576 caritatem
518 2528 739 2576 accendit
754 2567 766 2590 ,
794 2530 878 2594 qui
901 2530 1024 2577 adeo
1048 2530 1110 2578 de
1131 2540 1297 2578 nostra
1322 2531 1552 2578 sollicitus
1575 2532 1636 2578 sit
1658 2531 1835 2591 salute,
1863 2541 1915 2579 ut
1937 2548 2028 2579 nos
2050 2533 2191 2579 etiam
2223 2532 2398 2597 scripto

250 2608 365 2672 legis
401 2608 623 2673 dignetur
658 2610 931 2658 instruere?
966 2613 1057 2657 Aut
1088 2610 1232 2674 igitur
1265 2611 1444 2674 aliquid
1480 2612 1529 2658 in
1564 2611 1653 2660 hac
1685 2611 1787 2676 lege
1819 2628 1988 2675 argue,
2029 2621 2137 2671 aut,
2175 2629 2261 2659 cur
2293 2629 2399 2660 eam

251 2703 527 2751 sequamur,
565 2689 806 2752 inquirere
842 2688 1044 2737 desiste!
1078 2689 1470 2738 Crudelissimum
1495 2694 1652 2738 Deum
1683 2692 1851 2738 astruit
1876 2708 1993 2753 esse,
2020 2692 2235 2756 quisquis
2257 2692 2400 2757 hujus

253 2766 341 2815 zeli
364 2769 517 2815 nostri
550 2770 972 2833 perseverantiam,
1011 2780 1142 2818 tanta
1177 2771 1519 2831 sustinentem,
1547 2788 1575 2819 a
1605 2771 1827 2819 mercede
1857 2787 2059 2819 vacuam
2086 2789 2187 2820 esse
2218 2783 2397 2821 censet.

254 2846 391 2895 Nulla
414 2849 594 2913 quippe
617 2865 733 2912 gens
752 2866 968 2914 unquam
990 2859 1123 2897 tanta
1145 2866 1235 2914 pro
1255 2853 1358 2897 Deo
1378 2850 1626 2916 pertulisse
1648 2852 1879 2910 noscitur,
1903 2861 1985 2899 aut
2003 2852 2147 2900 etiam
2166 2853 2399 2915 creditur,

252 2938 436 2992 quanta
464 2943 555 2975 nos
583 2928 760 2992 jugiter
785 2945 876 2993 pro
912 2929 1016 2994 ipso
1050 2930 1368 2992 sustinemus,
1407 2930 1633 2995 nullaque
1668 2931 1840 2996 rubigo
1871 2933 2051 2997 peccati
2085 2949 2184 2980 esse
2218 2943 2400 3000 potest,

253 3023 401 3072 quam
444 3024 545 3055 non
582 3024 872 3056 consumere
911 3009 1156 3057 fornacem
1191 3010 1335 3075 hujus
1371 3011 1643 3058 afflictionis
1677 3010 1877 3059 concedi
1913 3011 2105 3060 debeat.
2144 3015 2316 3062 Nonne
2353 3014 2402 3062 in

254 3102 424 3135 omnes
457 3087 661 3154 dispersi
695 3089 917 3136 nationes
942 3089 1031 3137 soli
1061 3090 1162 3137 sine
1195 3107 1305 3156 rege
1327 3091 1402 3138 vel
1429 3091 1648 3157 principe
1672 3101 1864 3139 terreno
1899 3093 2042 3141 tantis
2077 3094 2406 3143 exactionibus

256 3183 529 3232 gravamur,
556 3178 609 3215 ut
632 3168 831 3233 singulis
855 3168 951 3217 fere
973 3168 1144 3217 diebus
1166 3170 1273 3218 vitae
1292 3180 1466 3219 nostrae
1485 3172 1668 3219 miserae
1698 3172 2080 3239 redemptionem
2105 3175 2405 3223 exsolvamus

256 3246 641 3296 intolerabilem?
674 3251 826 3296 Tanto
862 3250 1042 3316 quippe
1077 3267 1167 3298 nos
1203 3260 1485 3317 contemptu
1517 3261 1566 3300 et
1597 3252 1712 3300 odio
1748 3252 1882 3317 digni
1913 3270 2166 3303 censemur
2201 3255 2264 3302 ab
2298 3271 2404 3302 om-

258 3326 427 3390 nibus,
453 3338 506 3376 ut
527 3329 743 3395 quisquis
765 3329 908 3377 nobis
932 3330 1142 3396 aliquam
1177 3331 1346 3379 inferat
1367 3331 1616 3396 injuriam,
1640 3331 1689 3380 id
1713 3333 1970 3381 maximam
1993 3334 2158 3382 credat
2174 3335 2404 3398 justitiam

485 3422 518 3447 11
2140 3416 2190 3452 82
