2638 3866
240 195 334 244 708
1024 188 1196 236 PETRI
1228 186 1543 235 ABAELARDI

240 306 354 344 aestu
383 294 458 342 vel
486 294 590 357 gelu
619 289 929 338 consistentes
947 289 1123 352 pariter
1141 287 1430 335 cruciantur.
1464 290 1570 334 Non
1601 285 1703 334 haec
1732 286 1948 352 profecto
1974 286 2220 336 diversitas
2252 304 2359 353 pas·

240 378 431 424 sionum
456 390 512 420 ex
535 369 761 436 qualitate
782 368 1109 434 punientium,
1139 367 1222 415 sed
1246 368 1526 432 punitorum
1551 367 1787 432 provenit.
1813 367 1940 425 Quid
1971 368 2129 432 itaque
2154 369 2329 416 mirum
2345 406 2357 429 ‚

240 458 278 503 si
312 453 582 501 resuscitata
605 464 810 514 corpora
837 464 928 514 pro
953 448 1131 495 meritis
1162 447 1395 512 cujusque
1421 446 1498 494 vel
1529 445 1700 495 eodem
1731 446 1859 507 loco,
1887 447 1962 495 vel
1991 447 2188 495 diversis
2209 448 2362 495 consi-

240 533 426 590 stentia,
455 530 522 577 sic
545 529 716 576 divinae
740 527 963 594 potentiae
985 527 1162 591 justitia
1189 526 1466 573 moderetur
1486 525 1548 572 ad
1575 542 1786 591 poenam,
1817 535 1870 573 ut
1892 525 2168 592 ubicunque
2201 528 2363 574 omnia

238 613 328 659 illis
362 626 498 674 aeque
533 607 739 675 poenalia
771 607 895 654 sint?
919 606 1064 664 Quod
1088 606 1252 670 utique
1282 605 1359 653 ille
1391 605 1640 670 diligenter
1666 605 1958 667 attendebat,
1987 607 2069 671 qui
2102 606 2362 655 vindictam

239 691 326 738 Dei
350 705 553 753 usquam
573 705 622 735 se
646 687 854 751 effugere
877 702 1018 751 posse
1038 685 1289 747 fatebatur,
1316 685 1505 732 dicens¹
1531 703 1542 732 t
1573 688 1719 743 «Quo
1746 685 1828 732 ibo
1850 702 1880 733 a
1902 686 2068 751 spiritu
2090 696 2174 734 tuo
2199 696 2246 733 et
2263 703 2361 750 quo

238 789 265 819 a
288 770 405 817 facie
431 779 514 816 tua
541 766 756 832 fugiam?
782 767 831 813 Si
853 765 1115 814 ascendero
1137 766 1186 812 in
1210 764 1410 827 coelum,
1444 775 1498 812 tu
1530 765 1626 813 illic
1649 782 1728 825 es3
1763 766 1803 812 si
1837 765 2130 814 descendero
2158 767 2207 813 in
2240 765 2361 813 infe-

236 867 362 909 rum,
389 848 519 897 ades.
548 869 570 892 >³
598 848 816 911 Denique
839 847 944 911 quis
974 846 1212 893 malorum
1242 844 1500 893 hominum
1532 845 1715 893 animas
1742 845 1791 892 in
1814 845 2003 893 inferno
2028 846 2136 912 plus
2164 846 2364 893 cruciari

236 939 443 989 censeat,
469 944 615 993 quam
638 926 870 993 spiritales
898 926 1134 991 nequitias
1150 926 1200 973 in
1221 942 1330 973 aere
1352 925 1663 973 consistentes
1681 941 1768 973 sua
1786 941 1920 989 aeque
1941 935 2180 975 tormenta
2201 942 2364 973 secum

236 1009 511 1073 ubicunque
528 1006 939 1055 circumferentes?
958 1009 1087 1064 Quas
1100 1008 1262 1070 utique
1279 1015 1413 1054 tanto
1433 1005 1612 1069 majore
1625 1014 1867 1052 tormento
1884 1005 2050 1070 dignas
2063 1022 2163 1054 esse
2180 1016 2363 1053 certum

234 1100 321 1149 est,
341 1098 522 1153 quanto
542 1086 798 1150 nequiores
815 1102 916 1133 esse
935 1086 1132 1133 minime
1155 1085 1451 1133 dubitantur.
1478 1084 1790 1149 Quissseodem
1818 1084 1967 1133 modo
1995 1094 2154 1150 neget,
2181 1085 2363 1132 animas
2411 1094 2413 1097 ’

234 1170 494 1234 impiorum
505 1169 554 1215 in
569 1164 1110 1232 corporibusresumtas,
1122 1181 1412 1230 quocunque
1422 1164 1531 1212 loco
1543 1175 1844 1226 moveantur,
1854 1182 1938 1212 sua
1948 1182 2111 1213 secum
2124 1174 2363 1212 tormenta

233 1259 431 1313 gestare,
444 1248 530 1296 etsi
544 1247 663 1295 nihil
674 1246 877 1295 exterius
891 1245 1118 1293 inferatur
1131 1245 1356 1292 tormenti
1367 1244 1386 1291 Ρ
1396 1246 1564 1293 Multas
1576 1246 1755 1312 quippe
1767 1247 2010 1311 passiones
2025 1246 2194 1294 animae
2204 1245 2362 1293 adhuc

232 1331 280 1375 in
295 1345 499 1394 corpore
515 1327 753 1375 manentis
768 1325 843 1373 vel
859 1325 1143 1372 intrinsecus
1165 1325 1346 1387 inferri,
1364 1325 1440 1373 vel
1452 1326 1741 1374 extrinsecus
1758 1342 1815 1374 ex
1833 1326 1989 1390 aliqua
2003 1325 2361 1392 perturbatione

231 1410 304 1456 vel
335 1409 552 1474 corporis
582 1405 900 1471 inaequalitate
918 1404 1163 1466 videmus,
1189 1422 1293 1470 quae
1316 1405 1463 1453 semel
1492 1405 1663 1454 habitae
1690 1405 1822 1455 nulla
1850 1407 2034 1472 possint
2061 1406 2234 1454 auferri
2270 1405 2363 1453 loci

231 1489 598 1553 permutatione.
639 1490 701 1533 Ut
737 1485 866 1533 enim
904 1495 1086 1533 ceteras
1124 1486 1343 1533 omittam
1377 1486 1646 1551 passiones,
1683 1486 1802 1550 quid
1841 1487 1967 1535 valet
2000 1486 2059 1534 ad
2098 1485 2362 1534 remedium

231 1587 400 1634 poenae,
430 1585 529 1633 quo
553 1568 664 1614 loco
693 1583 823 1613 nunc
849 1566 1108 1613 constituas
1131 1566 1437 1626 morientem,
1458 1566 1535 1614 vel
1561 1567 1769 1615 maxima
1796 1567 2018 1633 passione
2040 1566 2358 1627 laborantem,

233 1651 270 1695 si
297 1649 493 1695 minime
516 1647 596 1694 illa
617 1646 775 1712 passio
798 1645 1022 1693 lenienda
1043 1647 1102 1693 sit
1123 1663 1179 1694 ex
1203 1646 1345 1694 loco?
1370 1649 1462 1693 Aut
1482 1663 1594 1694 cum
1617 1646 1765 1694 modo
1790 1646 1931 1695 nobis
1953 1646 2284 1708 morientibus,
2312 1656 2363 1694 ut

230 1729 400 1776 beatus
436 1727 656 1774 meminit
702 1726 989 1789 Augustinus
1009 1761 1021 1785 ,
1061 1735 1193 1774 tanta
1229 1726 1289 1773 sit
1330 1727 1379 1773 in
1419 1743 1622 1791 corpore
1655 1728 1813 1792 passio
1849 1727 2041 1789 mortis,
2079 1737 2132 1775 ut
2168 1737 2364 1792 propter

230 1808 358 1855 hanc
390 1808 550 1871 ipsum
590 1806 859 1869 relinquere
903 1805 1063 1851 anima
1098 1805 1446 1869 compellatur,
1491 1807 1600 1871 quis
1630 1808 1680 1854 in
1712 1807 1997 1872 corporibus
2030 1808 2284 1872 resumptis
2317 1817 2362 1854 et

226 1890 325 1952 jam
354 1884 702 1933 immortalibus
734 1884 892 1946 factis,
926 1884 1053 1931 hanc
1085 1885 1358 1949 passionem
1389 1901 1486 1950 qua
1518 1886 1597 1934 hic
1632 1887 1886 1934 moriendo
1919 1887 2241 1945 dissolvimur,
2277 1887 2361 1934 ubi

231 1977 462 2032 perpetua
490 1965 646 2026 fuerit,
681 1964 741 2011 ad
778 1965 1139 2011 damnationem
1173 1965 1285 2012 satis
1319 1982 1419 2012 esse
1445 1982 1546 2012 non
1577 1976 1785 2031 censeat,
1816 1966 1892 2014 vel
1925 1967 1965 2015 si
1996 1983 2088 2032 qua
2116 1967 2237 2014 forte
2272 1967 2363 2015 alia

232 2047 383 2110 possit
412 2061 513 2092 esse
542 2045 713 2108 major,
749 2044 882 2091 nullo
917 2044 1210 2091 extrinsecus
1239 2053 1479 2092 tormento
1499 2045 1763 2110 adjuncto?
1791 2046 1921 2104 Quid
1951 2047 2081 2094 enim
2112 2048 2262 2110 magis
2286 2047 2362 2110 ju·

232 2127 367 2173 stitiae
399 2125 649 2186 convenit,
691 2140 835 2188 quam
871 2123 1005 2186 quod
1041 2124 1143 2189 ipsa
1177 2124 1415 2189 praecipue
1451 2141 1657 2190 corpora
1695 2142 1780 2173 sua
1816 2135 2059 2173 resumant
2097 2126 2265 2174 animae
2301 2127 2362 2173 ad

231 2215 554 2266 tormentum,
589 2204 764 2267 quibus
798 2203 921 2250 male
954 2220 1048 2250 usae
1080 2204 1174 2250 sint
1208 2203 1271 2252 ad
1304 2203 1743 2253 oblectamentum?
1765 2208 1964 2253 Tantam
1988 2222 2102 2253 vero
2132 2207 2182 2252 in
2211 2205 2362 2253 disso-

230 2287 413 2332 lutione
433 2285 602 2332 mortis
618 2284 890 2349 passionem
910 2300 1011 2331 esse
1031 2295 1214 2331 certum
1241 2294 1329 2345 est,
1352 2294 1407 2331 ut
1426 2302 1514 2350 pro
1539 2286 1709 2350 quovis
1730 2296 1927 2350 peccato
1946 2286 2170 2350 irrogata,
2193 2302 2360 2350 quam-

232 2366 303 2412 vis
338 2366 397 2411 sit
426 2364 732 2425 brevissima,
759 2363 819 2410 ad
850 2364 1186 2428 purgationem
1218 2374 1381 2412 tamen
1411 2365 1511 2429 ejus
1541 2365 1674 2430 quod
1705 2382 1805 2413 non
1844 2375 2020 2414 aeterna
2049 2365 2359 2413 damnatione

231 2446 431 2508 dignum
466 2443 623 2500 fuerit,
661 2441 878 2490 sufficere
914 2442 1153 2504 credatur,
1194 2443 1342 2505 unde,
1365 2453 1419 2490 ut
1437 2444 1605 2493 beatus
1628 2446 1791 2493 asserit
1813 2445 2159 2509 Hieronymus,
2186 2445 2264 2492 illa
2289 2454 2357 2492 est

233 2523 478 2590 prophetae
502 2522 737 2569 sententia
751 2524 766 2546 ³
793 2539 803 2567 ε
835 2540 858 2567 «
877 2524 983 2568 Non
1002 2523 1237 2586 judicabit
1258 2523 1332 2571 bis
1345 2525 1581 2572 Dominus
1602 2525 1650 2571 in
1668 2525 1718 2572 id
1739 2525 1897 2590 ipsum
1916 2534 1963 2572 et
1984 2541 2084 2572 non
2107 2534 2361 2587 consurget

233 2603 409 2669 duplex
442 2602 701 2649 tribulatio.
727 2620 751 2645 »
789 2602 1009 2664 Legimus
1039 2612 1087 2649 et
1119 2603 1378 2651 nonnullas
1407 2603 1746 2652 defunctorum
1777 2604 1960 2652 animas
1989 2603 2238 2651 damnatas
2269 2620 2358 2650 no·

232 2684 373 2730 luisse
401 2681 538 2729 reddi
557 2681 663 2728 vitae
686 2681 926 2746 praesenti,
951 2691 1005 2728 ut
1033 2681 1157 2730 bene
1179 2683 1426 2748 operando
1454 2684 1764 2742 salvarentur,
1796 2684 1835 2731 si
1857 2700 1964 2731 eam
1992 2673 2181 2731 rursum
2206 2692 2359 2730 morte

233 2763 574 2809 interveniente
597 2761 734 2808 finire
755 2771 1054 2825 cogerentur.
1084 2763 1324 2828 Scriptum
1346 2780 1448 2811 esse
1470 2763 1583 2813 alibi
1604 2764 1883 2829 reperimus,
1913 2763 2145 2827 quasdam
2168 2772 2357 2810 sancto·

236 2859 343 2888 rum
378 2842 685 2888 morientium
707 2843 914 2901 animas,
949 2842 1123 2889 timore
1155 2859 1308 2906 poenae
1342 2842 1666 2891 dissolutionis
1687 2860 1783 2891 suae
1805 2854 2020 2908 tempore
2053 2843 2115 2891 ad
2145 2851 2358 2907 paratam

233 2920 575 2966 beatitudinem
607 2920 768 2983 egredi
795 2936 990 2985 prorsus
1024 2921 1257 2985 refugere,
1291 2921 1449 2970 donec
1481 2938 1560 2970 eas
1587 2923 1822 2970 Dominus
1842 2923 2054 2987 jussisset
2084 2921 2144 2969 ab
2179 2919 2355 2985 angelis

234 2999 409 3062 suscipi
430 2999 530 3045 sine
562 2998 748 3046 dolore.
776 3002 844 3045 Ex
867 3016 965 3063 quo
991 3000 1225 3063 liquidum
1251 3012 1337 3062 est,
1363 3012 1543 3067 quanta
1564 3002 1624 3050 sit
1644 3002 1785 3066 hujus
1807 3002 1974 3050 mortis
1998 3001 2172 3067 passiO,
2200 3000 2351 3062 cujus,

234 3088 286 3124 ut
317 3077 539 3136 diximuS‚
567 3087 716 3138 metu,
742 3078 860 3126 alius
899 3078 960 3126 ad
997 3080 1198 3128 salutem
1229 3081 1386 3130 redire
1416 3099 1517 3131 non
1550 3081 1729 3144 voluit,
1768 3081 1886 3130 alius
1920 3081 1981 3129 ad
2011 3079 2354 3129 beatitudinem

272 3265 278 3281 ¹
311 3258 437 3293 Psalm.
459 3266 620 3299 cxxxvm,
634 3266 666 3292 v.
683 3261 699 3291 7
717 3262 750 3292 et
766 3260 795 3292 8.
814 3259 874 3283 —²
889 3257 1031 3302 Nahum,
1047 3269 1119 3300 cap.
1135 3268 1159 3301 1,
1175 3269 1206 3294 v.
1221 3262 1254 3295 9.
