2638 3866
251 232 347 280 346
1036 238 1208 286 PETRI
1243 237 1555 286 ABAELARDl

318 353 340 378 «
362 337 498 382 Nunc
520 350 651 398 ergo.
676 353 699 379 »
727 336 852 393 Quia
873 336 1095 385 videlicet
1117 337 1198 385 hic
1231 338 1426 385 ultimus
1448 354 1548 384 non
1572 335 1728 383 habeo
1750 335 1934 382 locum.
1962 354 1984 380 «
2005 339 2164 397 Nunc,
2185 355 2207 382 »
2230 337 2277 384 id
2303 347 2373 385 est

250 423 503 478 antequam
523 416 737 463 venirem
761 416 822 463 ad
843 433 946 477 vOS,
975 434 1085 465 cum
1104 419 1151 464 in
1176 417 1411 465 Gentibus
1436 416 1700 483 specialiter
1723 414 2041 480 apostolatum
2062 418 2367 481 accepissem.

251 493 389 541 Unde
421 504 467 542 et
498 495 626 542 solus
649 495 822 544 doctor
843 498 1068 544 Gentium
1099 497 1364 562 appellatus
1396 506 1625 561 quantam
1661 495 1802 543 etiam
1837 494 1898 542 de
1928 495 2098 542 Judaeis
2131 497 2372 544 conversis

245 568 418 617 habeat
455 588 618 619 curam
654 573 863 620 ostendit
901 574 1033 639 quod
1071 574 1184 622 alibi
1222 576 1305 636 ait,
1350 572 1672 621 «sollicitudo
1707 573 1920 620 omnium
1954 573 2310 619 Ecclesiarum¹.
2344 592 2367 616 1>

245 650 389 706 Quod
408 652 549 699 etiam
573 652 783 702 fortassis
805 654 867 702 ad
889 656 1242 703 excusationem
1268 654 1528 720 quamdam
1551 654 1621 701 sui
1646 652 1916 719 praetendit,
1942 653 1981 699 si
2003 653 2065 700 ad
2089 669 2171 699 eos
2193 653 2371 700 scilicet

247 729 409 778 venire
431 731 631 780 differat.
660 752 684 778 «
701 734 964 781 Ministrare
989 736 1190 797 sanctis,
1220 753 1242 780 »
1268 735 1318 782 id
1344 745 1414 782 est
1439 734 1529 782 illis
1555 734 1640 798 qui
1668 733 1736 780 ibi
1758 742 1867 779 sunt
1886 731 2107 780 fidelibus
2130 749 2187 779 ex
2211 732 2367 779 Judaea

243 812 501 872 conversis,
525 812 689 860 cibum
714 813 776 862 ad
804 815 1133 862 necessitatem
1170 831 1339 862 eorum
1369 831 1398 862 a
1422 831 1499 861 me
1522 814 1772 861 collectum
1795 812 1884 860 illis
1919 812 2117 860 deferre.
2153 811 2369 859 Habebat

242 892 421 956 quippe
456 893 505 939 in
542 896 889 944 consuetudine
923 898 1193 962 Apostolus,
1227 897 1348 944 sicut
1376 912 1497 960 saepe
1521 904 1719 942 testatur
1750 894 1810 941 de
1841 893 1919 941 illa
1950 892 2367 941 Hierosolimitana

242 971 450 1020 Ecclesia
483 991 570 1038 per
599 975 757 1040 ipsum
781 976 1023 1024 Christum
1062 977 1178 1023 olim
1206 987 1252 1024 et
1277 993 1363 1041 per
1387 979 1578 1023 Petrum
1610 984 1657 1021 et
1692 974 1923 1022 Jacobum
1956 983 2208 1021 caeterosve
2239 977 2367 1038 Apo-

243 1051 390 1099 stolos
424 1069 682 1117 conversa,
720 1057 768 1102 in
807 1057 1052 1121 corporeis
1093 1056 1451 1113 necessitatibus
1484 1055 1738 1102 maximam
1774 1053 2175 1112 sollicitudinem,
2212 1062 2264 1099 ut
2301 1054 2368 1100 eis

239 1132 403 1180 saltem
436 1135 738 1199 corporalem
765 1136 929 1183 cibum
962 1137 1274 1196 ministraret,
1302 1135 1475 1201 quibus
1507 1134 1711 1181 aliorum
1745 1134 2017 1200 praedicatio
2051 1132 2363 1198 spiritualem.

239 1214 476 1277 Praecipue
505 1231 618 1262 vero
643 1216 710 1261 eis
735 1215 1119 1263 subveniendum
1140 1215 1339 1281 putabat
1362 1213 1576 1281 pluribus
1599 1214 1660 1261 de
1691 1215 1856 1262 causis.
1890 1214 2146 1262 Plurimam
2175 1229 2368 1278 quoque

236 1294 567 1341 auctoritatem
596 1294 708 1341 fidei
738 1306 910 1342 nostrae
938 1296 1083 1343 dabat
1109 1296 1315 1361 populus
1340 1296 1417 1343 ille
1439 1311 1716 1356 conversus,
1743 1296 1826 1358 qui
1849 1295 2007 1341 ocius²
2034 1310 2063 1340 a
2088 1297 2190 1341 Deo
2213 1293 2366 1356 legem

236 1373 497 1438 suscipiens
529 1374 781 1438 peculiaris
812 1376 913 1440 ejus
942 1377 1150 1442 populus
1180 1386 1379 1424 vocatus
1407 1384 1494 1437 est,
1523 1385 1569 1421 et
1591 1392 1701 1421 cum
1726 1375 1882 1440 primo
1905 1374 2201 1432 credidisset,
2228 1373 2364 1437 quasi

236 1453 282 1498 in
315 1462 488 1500 nostrae
523 1453 633 1500 (idei
668 1454 981 1503 fundamento
1012 1466 1058 1503 et
1080 1457 1260 1504 caeteris
1291 1455 1508 1520 exemplo
1539 1455 1740 1520 positus,
1776 1455 2037 1520 plurimum
2058 1470 2119 1500 ne
2142 1452 2366 1500 deficeret

234 1533 574 1583 sustentandus
589 1544 706 1581 erat.
725 1536 943 1599 Denique
966 1537 1087 1583 sicut
1109 1537 1158 1583 in
1173 1536 1369 1584 Actibus
1381 1534 1717 1600 Apostolorum
1730 1534 1941 1599 legum-⁸,
1960 1543 2092 1581 tanta
2105 1533 2365 1580 devotione

234 1614 452 1660 conversi
475 1624 584 1661 sunt
606 1625 660 1662 ut
683 1617 886 1664 omnino
908 1618 1159 1682 proprium
1179 1618 1501 1682 relinquentes
1516 1654 1528 1678 ,
1553 1616 1713 1663 omnia
1736 1633 1843 1681 quae
1865 1615 2111 1663 habebant
2131 1614 2192 1661 ad
2217 1614 2365 1679 pedes

235 1694 574 1759 Apostolorum
594 1696 858 1760 poherent3
879 1707 926 1744 et
949 1699 1070 1745 sicut
1090 1699 1193 1763 ipse
1210 1700 1259 1746 in
1283 1697 1493 1763 Epistola
1516 1696 1583 1744 ad
1605 1696 1824 1743 Hebraeos
1848 1697 2102 1755 meminit‘,
2132 1696 2363 1759 majorem

233 1774 509 1822 violentiam
527 1778 551 1821 J
556 1775 803 1823 udaeorum
817 1777 866 1824 in
882 1778 1135 1825 amissione
1159 1794 1351 1825 suarum
1376 1794 1535 1824 rerum
1560 1777 1899 1823 sustinuerant.
1923 1778 2045 1822 Hinc
2066 1785 2226 1822 autem
2242 1791 2364 1839 prae-

233 1855 372 1919 cipue
392 1854 595 1902 formam
612 1866 659 1903 et
681 1856 953 1922 exemplum
965 1858 1201 1923 episcopis
1215 1858 1489 1923 Apostolus·
1504 1857 1748 1922 proponit,
1767 1866 1819 1903 ut
1839 1872 1950 1902 cum
1968 1870 2201 1919 pauperes
2214 1853 2364 1901 eccle-

232 1935 322 1983 sias
335 1951 419 1982 seu
436 1937 725 1985 monasteria
738 1938 1090 2002 conspexerint,
1108 1954 1277 1985 eorum
1290 1937 1566 2004 praedicatio
1589 1937 1654 1983 eis
1665 1936 1890 1984 alimenta
1904 1935 2113 1998 colligat.
2136 1954 2160 1977 «
2177 1932 2374 1980 Proba--

232 2025 402 2062 verunt
418 2016 598 2063 enim.»
618 2017 737 2064 Vide
754 2034 900 2081 quam
915 2028 1054 2065 caute
1069 2021 1311 2065 Romanos
1326 2018 1530 2065 aliorum
1546 2015 1763 2082 exemplo
1780 2016 1842 2064 ad
1860 2016 1985 2063 hanc
2008 2015 2363 2078 eleemosynam

231 2094 445 2142 similiter
466 2097 907 2162 Hierosolymitanis
930 2097 1196 2146 faciendam
1217 2099 1407 2159 invitet,
1445 2098 1610 2145 dicens
1637 2113 1720 2145 eos
1745 2097 1829 2161 qui
1849 2096 1976 2143 hanc
2004 2095 2243 2154 tribuant,
2275 2110 2364 2159 per

230 2174 410 2240 seipsos
431 2176 481 2222 id
503 2176 774 2224 faciendum
797 2178 1046 2243 probasse,
1063 2178 1114 2225 id
1135 2187 1206 2226 est
1229 2178 1461 2236 laudasse,
1490 2178 1650 2243 potius
1669 2193 1815 2242 quam
1831 2177 1992 2241 aliqua
2013 2177 2264 2224 coactione
2287 2175 2363 2223 vel

229 2257 559 2306 exhortatione
582 2261 810 2324 Apostoli.
840 2260 978 2308 Unde
1002 2271 1049 2308 et
1071 2261 1203 2323 dicit,
1232 2261 1608 2326 «probaverunt,
1633 2281 1656 2305 2>
1682 2261 1733 2308 id
1752 2270 1823 2309 est
1844 2261 1981 2325 quasi
1999 2276 2087 2307 suo
2110 2259 2160 2306 id
2179 2259 2362 2323 judicio

228 2337 552 2402 approbantes
575 2339 636 2386 ad
665 2339 759 2386 hoc
788 2357 865 2387 me
896 2341 1251 2406 compulerunt.
1284 2344 1470 2404 Haymo
1495 2359 1505 2387 t
1538 2360 1561 2386 «
1586 2341 1665 2388 Isti
1687 2342 1769 2405 qui
1799 2340 2045 2388 scientiam
2072 2338 2363 2404 praedicandi

228 2433 328 2464 non
360 2417 630 2479 habebant,
657 2429 709 2466 ut
731 2420 792 2467 ad
817 2421 1141 2485 praedicandas
1170 2423 1346 2467 Gentes
1379 2430 1576 2485 possent
1613 2421 1680 2467 ire
1697 2456 1709 2480 ,
1740 2430 1876 2467 erant
1903 2421 1953 2466 in
1986 2419 2246 2467 Jerusalem
2280 2435 2364 2468 va-

228 2507 389 2545 cantes
425 2498 725 2546 01·ationibus
754 2509 801 2546 et
829 2500 1043 2563 jejuniis.
1072 2499 1260 2557 Quibus
1282 2500 1426 2546 etiam
1457 2499 1671 2564 Apostoli
1707 2499 1768 2546 de
1799 2499 1994 2562 singulis
2028 2499 2286 2563 provinciis
2315 2509 2362 2545 et

228 2576 345 2625 locis
368 2578 417 2624 in
443 2578 618 2641 quibus
642 2579 982 2644 praedicabant,
1021 2579 1256 2643 quidquid
1282 2580 1612 2644 pecuniarum,
1649 2580 1831 2643 argenti
1855 2588 1902 2625 et
1929 2579 2033 2625 auri
2065 2588 2112 2625 et
2138 2578 2361 2625 frumenti

230 2665 275 2700 et
309 2658 702 2706 vestimentorum
737 2660 1056 2725 accipiebant,
1083 2659 1150 2706 eis
1181 2659 1369 2706 mittere
1399 2658 1705 2722 satagebant3
1743 2659 1948 2706 maxime
1971 2668 2131 2706 tamen
2158 2657 2358 2716 Paulus,

230 2735 312 2796 qui
336 2737 550 2798 pluribus
581 2738 800 2802 gentibus
834 2738 1137 2804 praedicabat.
1166 2739 1305 2786 Unde
1336 2739 1503 2787 dicunt
1524 2739 1764 2798 doctores,
1803 2738 1936 2803 quod
1968 2737 2227 2802 aliquando
2259 2754 2361 2785 am-

231 2812 354 2876 plius
373 2832 516 2878 quam
540 2828 633 2865 tres
659 2830 738 2866 aut
760 2820 972 2884 quinque
995 2819 1184 2866 modios
1207 2820 1389 2883 argenti
1411 2820 1477 2867 eis
1502 2819 1736 2866 mittebat.
1755 2839 1777 2862 >2
1805 2821 1949 2866 Item:
1976 2817 2300 2865 «Macedonia
2315 2826 2362 2863 et

232 2891 406 2952 Achea,
440 2912 543 2958 quae
578 2897 756 2945 Achaia
789 2909 1005 2958 vocatur,
1041 2916 1068 2946 a
1098 2915 1193 2963 qua
1225 2909 1271 2946 et
1305 2900 1473 2964 populi
1510 2899 1615 2962 ejus
1649 2899 1875 2946 dicuntur
1910 2897 2072 2956 Achei,
2102 2896 2359 2961 provinciae

232 2980 341 3017 sunt
374 2973 677 3023 nobilissimae
712 2980 989 3025 Graecorum
1018 2978 1108 3025 sibi
1139 2979 1428 3043 adjacentes,
1460 2995 1578 3043 quas
1603 2978 1855 3043 Apostolus
1890 2977 2110 3024 Ecclesiis
2140 2974 2354 3039 replevit.

230 3052 351 3098 Cum
384 3051 556 3100 dicitur
588 3056 866 3105 Macedonia
897 3067 943 3104 et
972 3058 1143 3106 Achaia
1161 3095 1172 3117 ‚
1195 3059 1448 3106 continens
1471 3060 1667 3123 ponitur
1698 3075 1787 3123 pro
1813 3067 2059 3115 contento,
2090 3055 2140 3102 id
2164 3063 2234 3102 est
2265 3069 2358 3100 no-

273 3260 277 3276 ¹
293 3257 321 3289 ΙΙ
339 3257 506 3298 Corinth„
522 3268 593 3299 cap.
606 3268 653 3299 xl,
665 3268 693 3291 v.
709 3262 761 3293 28.
772 3260 892 3293 —²Sie
908 3261 1016 3294 forsan
1028 3263 1211 3302 legendum.
1230 3263 1323 3294 Amb.
1342 3264 1454 3304 Locus,
1471 3265 1559 3306 quod
1572 3273 1700 3296 sensum
1715 3273 1779 3295 non
1799 3264 1907 3294 habet.
1919 3279 1957 3284 -—
1973 3261 2064 3292 3Δοτ.
2079 3261 2204 3301 Δροει.,
2221 3267 2291 3298 cap.
2312 3268 2354 3298 iv,

229 3317 257 3339 τ.
277 3309 330 3349 34,
343 3308 576 3342 35.—-⁴11ebr.
593 3317 665 3349 cap.
682 3318 715 3349 x,
734 3319 764 3342 v.
778 3312 829 3344 33.
848 3329 885 3334 —
904 3311 1004 3343 ⁵Male
1022 3313 1216 3346 Amboesius
1232 3313 1395 3354 epistolis.
