2638 3866
314 209 410 258 236
1119 212 1286 262 PETRI
1322 209 1641 261 ABAELARm

311 329 414 376 quae
437 313 695 379 unicuique
726 315 883 363 reddit
905 315 1040 382 quod
1066 333 1206 364 suum
1228 325 1315 363 est.
1347 314 1629 380 Regnabunt
1652 315 1702 362 in
1727 315 1822 362 vita
1843 315 2022 363 scilicet
2044 324 2242 378 aeterna,
2271 315 2321 364 id
2350 326 2445 378 est,

312 392 457 440 vitam
483 394 618 456 quasi
644 411 874 459 regnum,
906 414 1009 445 non
1045 396 1179 462 quasi
1213 395 1515 443 consulatum
1550 395 1820 443 instabilem
1847 395 2148 443 obtinebunt.
2177 398 2245 443 Ne
2269 396 2450 444 mireris

310 471 434 519 hanc
463 475 746 522 sententiam
782 476 951 542 saepius
983 475 1267 542 Apostolum
1299 492 1591 535 memorare,
1619 492 1731 523 cum
1762 476 1968 524 maxime
2000 475 2242 523 Christum
2275 476 2325 523 in
2355 476 2450 524 hoc

309 551 523 600 attendat
553 555 918 619 commendare,
949 566 996 604 et
1023 557 1210 604 ratione
1241 555 1400 603 valida
1425 555 1535 603 velit
1561 565 1772 604 astruere
1794 556 1901 622 plus
1927 556 1988 604 de
2010 555 2200 604 Christo
2224 555 2450 603 omnibus

308 647 407 678 esse
430 632 800 696 confidendum,
828 653 975 700 quam
1000 636 1061 684 de
1086 636 1235 684 Adam
1259 636 1545 683 timendum.
1579 636 1724 694 Quod
1748 646 1800 684 ut
1823 636 2022 684 firmiter
2044 636 2287 684 memoriae
2314 651 2448 683 com-

307 711 528 773 mendet,
560 716 730 780 saepius
754 715 968 782 replicat.
1000 736 1023 762 «
1058 717 1204 781 Igitur
1235 717 1356 764 sicut
1389 733 1475 782 per
1509 716 1670 764 unius.
1701 736 1724 759 >2
1752 717 2160 782 Quandoquidem
2183 733 2269 782 per
2298 716 2450 764 Adam

307 791 594 842 incurrimus
624 795 1011 859 damnationem,
1042 807 1087 845 et
1115 814 1201 863 per
1232 797 1476 845 Christum
1515 797 1815 862 assequimur
1841 796 2257 861 justificationem,
2295 796 2346 844 id
2380 806 2452 844 est

307 873 636 922 remissionem
661 895 671 922 ε
698 877 841 941 igitur
870 897 891 923 «ι
917 894 1004 943 per
1028 894 1200 935 unum,
1226 896 1249 922 »
1277 876 1328 924 id
1356 886 1426 924 est
1460 893 1547 942 per
1570 893 1723 924 unum
1758 877 1876 924 illud
1907 877 2167 938 confertur,
2195 886 2242 924 et
2262 876 2358 924 boc
2381 886 2452 924 est

312 972 331 995 c«
353 952 473 1000 sicut
490 971 575 1020 per
597 957 739 1004 unius
762 957 1009 1020 delictum,
1031 978 1055 1003 »
1079 958 1235 1022 agitur
1252 956 1473 1017 subaudi,
1498 977 1521 1001 <t
1541 956 1603 1004 ad
1620 956 2095 1016 condemnationem,
2115 975 2138 1001 υ
2157 966 2209 1004 ut
2228 955 2451 1004 videlicet

309 1031 508 1080 obnoxii
533 1035 626 1082 sint
648 1037 789 1084 etiam
810 1048 1010 1103 propter
1030 1038 1150 1086 illud
1173 1038 1318 1085 morti
1339 1047 1542 1099 aeternae,
1577 1056 1598 1079 ι(
1627 1037 1676 1083 in
1701 1053 1869 1084 omnes
1891 1037 2133 1094 homines,
2152 1057 2174 1080 >2
2199 1045 2295 1083 tam
2316 1036 2451 1084 vide-

307 1111 416 1160 licet
437 1115 486 1160 in
512 1132 594 1163 eos
614 1118 697 1180 qui
722 1135 822 1165 non
847 1128 1168 1184 peccaverunt
1190 1119 1240 1165 in
1263 1117 1627 1165 similitudinem
1651 1117 2054 1182 praevaricationis
2078 1116 2208 1176 Adae,
2234 1126 2285 1164 ut
2308 1132 2452 1182 supra

307 1195 540 1255 meminit,
562 1213 709 1261 quam
725 1198 774 1244 in
790 1198 908 1245 alios
927 1217 937 1244 ε
955 1199 1031 1246 vel
1048 1209 1146 1246 tam
1166 1199 1214 1245 in
1235 1214 1319 1245 eos
1341 1198 1424 1262 qui
1447 1207 1557 1245 ante
1579 1197 1735 1261 legem
1755 1198 1966 1260 fuerunt,
1990 1214 2137 1263 quam
2160 1198 2210 1244 in
2234 1196 2371 1260 alios,
2399 1206 2452 1244 ut

305 1288 449 1337 supra
462 1292 656 1340 quoque
674 1277 914 1339 meminit;
930 1279 994 1326 ita
1013 1288 1096 1326 «et
1115 1294 1200 1344 per
1217 1278 1360 1325 unius
1371 1277 1602 1341 justitiam
1621 1298 1643 1321 >³
1664 1278 1819 1341 agitur
1837 1277 1900 1326 ad
1914 1277 2304 1342 justificationem
2323 1277 2448 1337 vitae,

307 1351 353 1398 id
372 1363 443 1400 est
460 1354 520 1401 ad
540 1357 871 1405 remissionem
885 1369 1213 1423 peccatorum,
1229 1374 1335 1422 quae
1348 1358 1495 1404 vitam
1507 1357 1722 1405 conferat
1734 1368 1978 1417 aeternam,
1995 1359 2044 1405 in
2055 1375 2225 1406 omnes
2239 1357 2453 1405 similiter

306 1431 542 1497 homines,
566 1453 665 1483 non
691 1437 886 1501 quidem
904 1439 954 1485 in
980 1438 1210 1503 singulos,
1235 1438 1318 1485 sed
1341 1439 1390 1485 in
1418 1447 1620 1503 utraque
1643 1437 1900 1487 hominum
1920 1455 2094 1504 genera
2114 1438 2446 1486 determinata.

306 1513 450 1570 Quod
484 1516 613 1562 enim
655 1534 755 1564 non
797 1518 858 1566 de
898 1519 1093 1582 singulis
1135 1519 1262 1567 dicat
1302 1519 1557 1584 Apostolus
1591 1519 1751 1567 statim
1786 1513 2035 1584 sequentia
2063 1520 2334 1579 insinuant,
2368 1517 2453 1565 uhi

307 1593 616 1643 solummodo
646 1617 668 1640 ε(
693 1598 846 1645 multi.
873 1617 895 1643 »
923 1599 1075 1659 Multi,
1100 1616 1201 1646 non
1226 1615 1412 1659 omnes,
1440 1599 1683 1647 dicuntur.
1709 1601 1766 1647 Et
1790 1599 1931 1664 plane
1958 1599 2214 1666 Apostolus
2231 1598 2454 1664 exprimit

307 1675 559 1737 quomodo
592 1678 809 1742 superius
830 1668 1165 1743 §upradixerit
1200 1680 1413 1744 priorem
1444 1679 1592 1727 Adam
1627 1680 1859 1741 formam,
1897 1681 1947 1728 id
1983 1690 2053 1728 est
2090 1678 2453 1728 similitudinem

307 1754 522 1815 secundi,
549 1756 598 1803 id
626 1766 696 1804 est
719 1757 909 1820 Christi,
937 1759 984 1806 in
1007 1758 1103 1806 hoc
1130 1758 1350 1806 videlicet
1372 1759 1506 1823 quod
1526 1760 1647 1806 sicut
1669 1760 1804 1824 quod
1827 1777 1968 1807 suum
1989 1757 2058 1808 est
2081 1758 2369 1807 transfundit
2390 1757 2453 1806 ad

306 1844 544 1898 posteros,
562 1836 612 1883 id
626 1846 695 1884 est
712 1847 981 1903 peccatum,
996 1839 1060 1887 ita
1074 1839 1152 1886 ille
1170 1838 1304 1903 quod
1323 1856 1466 1886 suum
1484 1839 1544 1886 ad
1564 1856 1692 1899 suos,
1711 1839 1761 1886 id
1776 1851 1845 1887 est
1863 1841 2064 1905 gratiam
2078 1838 2449 1904 justificationis.
2492 1860 2525 1869 ’ψ’

375 1934 397 1958 α
413 1916 543 1963 Sicut
563 1917 710 1977 enim,
730 1938 752 1960 »
779 1935 890 1966 vere
913 1935 999 1984 per
1022 1919 1250 1966 delictum
1273 1929 1320 1966 et
1345 1920 1577 1984 justitiam
1602 1920 1669 1967 sic
1689 1929 1848 1967 actum
1885 1930 1971 1981 est,
2014 1920 2129 1985 quia
2162 1935 2248 1985 per
2281 1917 2452 1966 inobe-

307 1995 535 2043 dientiam
565 2006 611 2044 et
642 1997 985 2046 obedientiam.
1022 2002 1080 2045 Et
1106 1999 1202 2046 hoc
1240 2009 1326 2061 est,
1370 2019 1392 2043 <c
1412 2000 1534 2047 sicut
1565 2000 1712 2060 enim,
1749 2010 1839 2047 etc.
1874 2020 1900 2044 »
1934 2003 2023 2047 Per
2055 2009 2308 2065 peccatum
2342 1996 2453 2052 Adae

305 2075 481 2122 multos
503 2075 635 2139 dicit,
664 2094 763 2125 non
790 2095 959 2126 omnes
982 2080 1208 2127 constitui
1231 2089 1526 2144 peccatores,
1549 2080 1597 2127 id
1618 2091 1689 2130 est
1709 2090 1896 2128 aeternae
1914 2097 2067 2145 poenae
2082 2079 2222 2127 tradi.
2245 2082 2307 2126 Ut
2325 2079 2455 2126 enim

306 2157 719 2219 praetermittamus
751 2158 1002 2207 hominem
1029 2159 1272 2207 Christum
1310 2160 1371 2208 ab
1404 2162 1539 2207 omni
1581 2170 1780 2226 peccato
1809 2177 1999 2225 semper
2027 2161 2312 2218 immunem,
2342 2167 2456 2205 sunt

307 2237 444 2283 multi
467 2237 642 2301 quibus
653 2239 754 2302 jam
777 2257 862 2305 per
885 2251 1182 2289 sacramenta
1206 2241 1424 2288 Ecclesiae
1454 2251 1704 2307 peccatum
1738 2240 1969 2305 originale
2000 2240 2333 2288 condonatum
2364 2248 2450 2297 est,

308 2326 352 2363 et
379 2327 544 2381 postea
567 2320 772 2384 propriis
798 2321 1190 2370 condemnantur
1212 2323 1437 2387 peccatis,
1454 2338 1577 2387 quos
1597 2338 1906 2387 nequaquam
1924 2338 1983 2369 eo
1999 2320 2148 2368 modo
2164 2336 2262 2384 quo
2273 2318 2455 2366 dictum

307 2406 376 2443 est
396 2408 672 2463 peccatores
693 2399 842 2448 Adam
864 2402 1131 2463 constituit,
1160 2402 1244 2449 sed
1264 2403 1455 2467 ipsimet
1477 2403 1625 2467 ipsos,
1666 2403 1779 2466 quia
1797 2402 1898 2466 jam
1935 2417 2033 2448 non
2063 2409 2312 2466 peccatum
2342 2397 2454 2446 Adae

305 2476 353 2522 in
374 2477 441 2524 eis
464 2479 622 2542 puniri
643 2480 847 2543 videtur,
873 2483 1052 2548 quippe
1075 2483 1211 2547 quod
1229 2483 1330 2546 jam
1350 2482 1417 2529 eis
1436 2481 1772 2530 condonatum
1795 2491 1884 2541 est,
1912 2481 1997 2528 sed
2019 2480 2215 2545 propria
2237 2479 2453 2544 ipsorum

309 2565 492 2605 tantum
508 2570 726 2624 peccata3
742 2564 962 2626 quamvis
979 2563 1218 2620 nonnulli,
1232 2564 1369 2627 juxta
1384 2562 1669 2628 parabolam
1681 2561 1880 2609 Domini
1899 2560 1959 2607 de
1977 2559 2170 2607 duobus
2188 2558 2450 2616 conservis,

309 2636 502 2686 dimissa
526 2641 669 2688 etiam
693 2652 889 2707 peccata
910 2644 959 2690 in
984 2643 1223 2691 damnatis
1246 2653 1388 2708 atque
1412 2644 1609 2707 ingratis
1632 2642 1806 2702 redire,
1836 2651 1883 2689 et
1910 2641 2047 2706 jungi
2074 2639 2135 2687 ad
2160 2655 2357 2705 poenam
2389 2639 2454 2685 ita

310 2717 472 2779 velint,
499 2730 551 2766 ut
573 2721 706 2784 quod
721 2722 822 2786 jam
845 2724 1258 2772 condonationem
1279 2724 1464 2789 accepit
1488 2725 1664 2771 iterum
1682 2723 1931 2789 puniatur,
1959 2738 2073 2768 cum
2093 2720 2143 2767 id
2166 2719 2309 2785 plane
2327 2722 2453 2783 Apo-

310 2797 457 2844 stolus
483 2800 530 2846 in
548 2803 857 2865 sequentibus
881 2805 1200 2867 contradicat,
1224 2804 1391 2852 dicens
1413 2806 1516 2852 sine
1537 2803 1822 2870 poenitentia
1841 2818 1943 2850 esse
1964 2801 2095 2849 dona
2120 2800 2208 2847 Dei
2234 2809 2282 2846 et
2312 2814 2454 2846 voca-

311 2875 507 2924 tionem.
537 2882 607 2926 De
639 2897 737 2944 quo
772 2883 969 2946 quidem
991 2902 1079 2933 suo
1105 2885 1216 2932 loco
1241 2885 1515 2949 diligentius
1546 2884 1853 2932 disseremus.
1897 2885 2156 2929 Possumus
2188 2879 2333 2927 etiam
2355 2878 2452 2925 for-

310 2964 431 3002 tasse
446 2959 457 2981 ¹
480 2958 638 3005 nullos
667 2961 920 3010 salvandos
942 2965 1004 3011 ab
1024 2964 1176 3012 Adam
1198 2974 1491 3029 peccatoreS,
1523 2974 1576 3011 ut
1603 2963 1978 3012 determinatum
2000 2971 2089 3021 est,
2124 2958 2367 3018 constitui,
2401 2956 2451 3004 id

312 3043 381 3081 est
404 3045 588 3083 aeternae
612 3041 755 3086 morti
788 3041 982 3105 subjici,
1019 3043 1102 3090 sed
1131 3043 1260 3090 solos
1288 3044 1390 3090 sine
1413 3054 1714 3092 sacramento
1739 3043 2009 3091 damnatos.

381 3135 402 3157 «
424 3118 512 3162 Per
539 3118 680 3164 unius
715 3119 1039 3168 obedientiam
1056 3159 1068 3183 ,
1089 3141 1111 3166 »
1137 3123 1221 3186 qui
1242 3122 1464 3171 videlicet
1499 3123 1649 3180 factus
1684 3123 1916 3171 obediens
1947 3135 2099 3185 usque
2127 3118 2189 3166 ad
2223 3127 2447 3179 mortem,

359 3301 366 3319 ¹
382 3299 439 3332 Hic
458 3301 581 3342 aliquid
599 3303 712 3336 deesse
728 3304 867 3344 videtur,
885 3310 920 3338 ut
937 3305 1099 3348 conjicere
1119 3307 1166 3340 vel
1183 3305 1417 3348 interpretari.
