2638 3866
893 207 954 255 IN
987 205 1321 254 EPlSTOLAM
1355 206 1438 255 AD
1473 207 1776 257 ROMANOS.
2311 213 2407 261 345

263 323 366 356 esse
400 306 659 356 credimus.
694 305 1015 354 Ministerium
1051 305 1169 353 dicit
1204 307 1470 372 corporalis
1504 308 1661 374 operis
1695 306 1934 370 officium,
1976 310 2096 357 sicut
2130 321 2202 360 est
2240 311 2408 360 suendi

265 388 338 436 vel
362 387 642 437 fabricandi.
677 387 988 436 Ministerium
1014 386 1160 436 habet
1185 387 1233 434 in
1265 387 1582 437 ministrando
1608 388 1727 450 aliis,
1760 390 1842 454 qui
1874 389 1989 438 inde
2018 391 2250 455 majorem
2288 392 2408 440 utili-

264 477 409 516 tatem
441 469 646 517 aliorum
677 485 822 534 quam
853 468 1104 534 propriam
1135 468 1320 532 quaerit,
1347 469 1468 516 sicut
1490 468 1619 516 idem
1643 470 1902 535 Apostolus
1934 470 2046 519 alibi
2074 473 2189 520 ait²:
2220 476 2407 521 «Nemo

262 548 394 613 quod
420 567 560 597 suum
582 559 653 598 est
675 558 872 615 quaerat,
895 548 981 596 sed
999 547 1135 613 quod
1157 547 1369 596 alterius.
1391 570 1415 592 »

334 651 357 675 «
377 630 486 679 Sive
510 631 594 697 qui
617 631 762 679 docet
792 630 841 677 in
873 628 1112 677 doctrina.
1133 647 1156 671 >2
1189 628 1244 676 Id
1281 639 1351 677 est
1382 630 1555 678 doceat
1586 647 1692 695 quae
1721 631 1941 679 docenda
1981 633 2149 681 credit.
2186 635 2407 683 Similiter

268 730 290 753 (ε
311 711 395 774 qui
416 711 711 770 exhortatur,
726 731 750 754 >2
780 711 831 758 id
854 721 926 759 est
947 710 1010 758 ad
1026 709 1434 776 persuadendum.
1460 712 1695 776 Loquitur
1719 712 1985 759 secundum
2012 715 2247 762 rationem
2273 715 2401 776 fidei,

264 791 347 854 qui
379 791 681 857 prophetiam
715 808 860 857 quam
893 792 1110 857 superius
1142 790 1373 838 intellexit
1399 809 1486 856 per
1512 792 1783 840 doctrinam
1817 803 1863 840 et
1890 793 2272 842 exhortationem
2305 813 2403 843 non

264 870 530 936 distinguit.
557 874 786 938 Quisquis
818 874 946 921 enim
979 872 1042 921 ad
1065 871 1432 934 aedificationem
1466 873 1697 937 loquitur,
1732 882 1814 920 aut
1846 872 2070 921 docendo
2101 874 2298 940 aliquid,
2329 886 2404 924 aut

264 952 567 1001 exhortando
584 954 762 1019 aliquid
779 954 1011 1019 loquitur.
1027 955 1104 1001 Sic
1118 969 1306 1019 expone
1328 971 1339 1000 z
1358 954 1465 1001 Sive
1479 955 1562 1019 qui
1577 955 1719 1002 docet
1739 954 2007 1002 secundum
2022 957 2259 1003 rationem
2276 955 2401 1014 fidei,

269 1053 290 1077 α
312 1034 361 1080 in
390 1033 692 1082 exhortando
710 1055 733 1078 >2
760 1034 819 1081 sit
840 1034 1139 1094 discernens,
1168 1034 1347 1082 scilicet
1370 1045 1610 1099 quantum
1627 1035 1773 1095 valet,
1799 1052 1905 1100 quae
1929 1036 2103 1100 quibus
2125 1036 2404 1083 hominibus

264 1114 602 1180 persuadenda
623 1115 736 1176 sint,
759 1115 882 1162 sicut
906 1124 953 1162 et
971 1114 1211 1177 docenda,
1236 1114 1370 1179 juxta
1391 1115 1511 1163 illud
1535 1116 1799 1163 Veritatis²z
1827 1134 1848 1161 ‹
1867 1116 2023 1175 Nolite
2048 1127 2267 1164 sanctum
2291 1117 2405 1165 dare

264 1193 481 1254 canibus,
499 1212 656 1262 neque
673 1195 952 1260 margaritas
968 1205 1291 1262 ante-porcos.
1311 1217 1334 1239 υ
1361 1196 1495 1254 «Qui
1520 1195 1704 1257 tribuit,
1728 1215 1751 1239 >2
1769 1195 1818 1243 id
1839 1206 1908 1244 est
1934 1214 2021 1245 sua
2042 1198 2242 1262 largitur
2264 1214 2405 1262 egen-

265 1273 419 1334 tibus,
466 1294 489 1321 «
517 1276 568 1323 in
603 1276 946 1342 simplicitate»
984 1275 1191 1324 subaudi
1231 1276 1281 1323 id
1317 1277 1480 1338 saciat,
1523 1277 1573 1323 id
1610 1286 1679 1323 est
1716 1294 1816 1324 non
1853 1278 2095 1343 duplicem
2132 1278 2197 1325 ibi
2234 1277 2406 1326 habeat

251 1355 608 1416 intentionem,
647 1366 746 1404 tam
774 1373 864 1423 pro
894 1357 1147 1422 temporali
1178 1357 1356 1404 scilicet
1382 1373 1529 1422 quam
1552 1367 1726 1405 aeterna
1755 1359 2162 1406 remuneratione.
2192 1359 2337 1417 Quod
2361 1369 2407 1406 et

263 1435 377 1484 alibi
412 1438 639 1503 prohibet
661 1439 900 1486 Dominus
923 1438 1145 1485 dicens³2
1176 1441 1340 1485 «Cum
1367 1438 1480 1485 facis
1516 1438 1865 1504 elemosynam,
1906 1440 2084 1487 nesciat
2114 1439 2302 1487 sinistra
2329 1449 2408 1487 tua

264 1516 382 1580 quid
402 1517 540 1566 faciat
571 1519 766 1573 dextera
792 1529 892 1567 tua.
914 1538 936 1563 n
963 1518 1108 1565 Aliter
1135 1538 1157 1561 t<
1181 1518 1231 1565 in
1254 1518 1579 1583 simplicitate,
1602 1537 1625 1564 »
1655 1519 1705 1566 id
1729 1529 1801 1567 est
1823 1535 1921 1567 non
1944 1520 2003 1567 sit
2025 1519 2204 1585 duplex
2227 1519 2335 1566 finis
2358 1520 2418 1574 in¹

263 1598 546 1661 intentione,
573 1609 629 1647 ut
654 1599 875 1647 videlicet
895 1599 1182 1664 elemosynae
1204 1615 1299 1646 suae
1323 1598 1470 1646 finem
1495 1609 1590 1646 tam
1614 1600 1663 1646 in
1689 1616 1739 1647 se
1764 1616 1911 1664 quam
1930 1600 1980 1646 in
2007 1602 2110 1647 Deo
2131 1599 2404 1658 constituat,

263 1678 347 1726 sed
371 1679 710 1727 tantummodo
734 1681 784 1737 in
806 1682 930 1741 Deo,
957 1679 1032 1727 vel
1054 1680 1120 1727 ita
1141 1689 1196 1727 ut
1216 1696 1316 1727 non
1343 1679 1512 1727 dolose
1534 1680 1584 1727 id
1607 1679 1764 1742 saciat,
1788 1680 1910 1727 sicut
1923 1679 2186 1745 hypocritae
2210 1680 2404 1739 faciunt,

263 1759 349 1823 qui
380 1759 514 1808 aliud
547 1745 955 1825 simulant'quam
985 1760 1262 1821 intendunt,
1291 1777 1404 1807 cum
1434 1777 1484 1807 se
1507 1759 1728 1808 videlicet
1754 1771 1953 1826 propter
1986 1762 2141 1808 Deum
2177 1761 2226 1808 id
2255 1761 2408 1809 facere

264 1839 464 1905 fingant,
496 1841 631 1905 quod
659 1842 808 1906 magis
829 1851 1029 1907 propter
1052 1840 1314 1888 humanam
1338 1841 1543 1905 gloriam
1565 1851 1729 1905 agunt,
1758 1842 1835 1888 vel
1858 1842 1979 1889 sicut
2003 1841 2183 1889 faciunt
2214 1842 2296 1906 qui
2320 1841 2404 1888 ali-

264 1920 381 1985 quid
412 1922 679 1986 largiuntur
709 1919 878 1983 alicui,
913 1922 1119 1988 amplius
1141 1921 1257 1969 inde
1286 1939 1336 1970 se
1369 1932 1649 1988 recepturos
1678 1931 1954 1988 sperantes,
1982 1922 2021 1969 si
2053 1922 2187 1970 id‘ex
2215 1923 2407 1970 caritate

263 2001 418 2050 facere
430 2002 676 2061 simulant,
692 2002 830 2067 quod
846 2019 907 2050 ex
925 2002 1188 2069 cupiditate
1203 2005 1367 2069 potius
1391 2013 1556 2068 agunt.
1584 2024 1607 2047 c<
1628 2003 1724 2061 Qui
1739 2019 1836 2067 proe
1851 2012 1959 2050 est»
1978 2002 2099 2063 aliis,
2119 2003 2169 2050 id
2193 2013 2263 2050 est
2284 2006 2407 2050 Prae·

262 2083 344 2131 lati
361 2084 516 2132 vicem
537 2084 674 2148 gerit.
705 2103 728 2130 «
754 2087 806 2131 ln
831 2083 1128 2132 solitudine»
1151 2084 1381 2132 subaudis
1397 2085 1573 2150 praesit,
1604 2100 1774 2131 eorum
1795 2082 1972 2131 scilicet
1991 2083 2122 2130 lucra
2145 2083 2405 2148 qu'aerendo

263 2164 422 2228 potius
441 2181 589 2229 quam
610 2181 714 2213 sua.
726 2168 798 2212 De
815 2180 911 2229 qua
929 2164 1128 2229 quidem
1147 2164 1468 2212 sollicitudine
1484 2165 1793 2211 Praelatorum
1810 2179 1920 2227 erga
1941 2162 2158 2210 subditos
2177 2162 2403 2210 Salomon

264 2243 512 2304 admonet,
539 2244 722 2292 dicens*
742 2261 755 2292 τ
777 2264 799 2288 σε
819 2244 906 2291 Fili
932 2245 1016 2304 mi,
1043 2245 1081 2292 si
1105 2243 1428 2311 spoponderis
1451 2261 1541 2310 pro
1566 2245 1723 2291 amico
1743 2253 1846 2305 tuo,
1873 2242 2076 2292 defixisti
2099 2243 2229 2309 apud
2252 2253 2405 2290 extra·

262 2340 409 2372 neum
438 2342 638 2373 manum
671 2336 821 2387 tuam,
846 2327 1132 2391 illaqueatus
1163 2343 1214 2374 es
1235 2325 1395 2373 verbis
1417 2326 1514 2372 oris
1538 2325 1635 2387 sui,
1664 2334 1711 2372 et
1735 2334 1900 2390 captus
1922 2341 1973 2371 es
1994 2325 2201 2389 propriis
2227 2340 2407 2372 sermo·

263 2404 407 2453 nibus
438 2406 548 2454 tuiS.
584 2410 676 2455 Fac
699 2422 814 2471 ergo
842 2407 979 2472 quod
1011 2406 1141 2467 dico,
1169 2406 1235 2454 fili
1266 2407 1350 2468 mi,
1378 2415 1425 2453 et
1450 2406 1760 2471 temetipsum
1791 2404 1959 2464 libera,
1986 2406 2102 2469 quia
2128 2404 2334 2451 incidisti
2359 2405 2404 2450 in

262 2502 460 2534 manum
486 2487 713 2552 proximi.
738 2488 980 2546 Discurre‚
1014 2488 1202 2548 festina,
1237 2488 1412 2535 suscita
1435 2486 1643 2534 amicum
1679 2496 1836 2533 tuum.
1867 2488 1935 2532 Ne
1960 2485 2148 2533 dederis
2179 2500 2404 2531 somnum

261 2567 414 2614 oculis
435 2568 546 2625 tuis,
573 2584 666 2616 nec
687 2568 950 2617 dormitent
972 2568 1215 2635 palpebrae
1239 2579 1347 2616 tuae.
1371 2588 1395 2611 ³>

332 2668 355 2692 «
378 2649 474 2706 Qui
507 2649 779 2709 miseretur,
806 2668 828 2694 υ
856 2650 906 2697 id
938 2660 1008 2697 est
1041 2650 1245 2714 ignoscit
1278 2647 1670 2711 delinquentibus
1704 2647 1753 2694 in
1787 2663 1856 2706 se,
1897 2645 2030 2694 laetus
2065 2655 2111 2692 et
2144 2646 2246 2692 sine
2272 2645 2406 2690 omni

263 2743 464 2776 rancore
495 2729 644 2776 animi
674 2729 771 2777 hoc
802 2729 966 2791 faciat,
994 2746 1094 2776 non
1127 2728 1504 2776 erubescentiam
1534 2727 1706 2774 inferat
1731 2726 1998 2791 poenitenti,
2027 2741 2184 2789 neque
2207 2723 2273 2771 illi
2301 2733 2406 2770 tur-

263 2807 386 2873 piter
415 2810 667 2872 peccatum
689 2824 831 2855 suum
860 2809 1213 2874 improperans,
1248 2806 1385 2871 quasi
1413 2807 1562 2870 magis
1587 2807 1769 2853 tristem
1794 2821 1844 2852 se
1869 2804 2091 2852 ostendat
2127 2804 2189 2852 de
2210 2803 2406 2870 propria

261 2885 430 2932 laesura
453 2901 600 2949 quam
614 2884 818 2932 hilarem
840 2884 901 2932 de
923 2885 1241 2933 conversione
1272 2882 1552 2949 peccatoris.
1580 2902 1603 2927 «
1626 2882 1828 2930 Dilectio
1849 2902 1869 2925 »
1896 2880 2125 2929 subaudis
2147 2882 2207 2928 sit
2230 2881 2405 2927 immu-

263 2964 441 3022 tabilis,
470 2981 610 3026 vera,
638 2981 739 3012 non
764 2964 987 3012 simulata
1019 2982 1030 3011 :
1067 2965 1190 3011 sicut
1226 2963 1341 3011 alibi
1373 2964 1606 3029 scriptum
1637 2965 1754 3010 est⁶z
1785 2983 1807 3006 «
1829 2961 1999 3025 Filioli,
2025 2978 2125 3009 non
2152 2960 2405 3025 diligamus

263 3045 412 3094 verbo
435 3062 593 3111 neque
615 3046 804 3110 lingua,
831 3045 915 3093 sed
940 3060 1087 3110 opere
1119 3054 1166 3092 et
1193 3045 1408 3092 veritate.
1435 3063 1459 3088 »
1490 3064 1512 3088 (ι
1539 3043 1769 3092 Odientes
1787 3063 1810 3087 »
1836 3043 1968 3090 vitia.
2000 3064 2023 3087 «
2053 3042 2358 3090 Adhaerentes
2379 3062 2400 3084 ι)

264 3126 535 3187 virtutibuS,
578 3126 654 3175 vel
689 3126 967 3175 recedentes
1001 3126 1368 3174 conversatione
1402 3142 1487 3174 seu
1528 3125 1745 3173 moribus
1779 3141 1807 3172 a
1839 3140 2065 3190 perverso
2102 3123 2322 3182 homine,
2361 3132 2407 3168 et

308 3315 313 3331 ¹
326 3311 335 3343 Ι
347 3311 502 3346 Corinth.
511 3336 519 3354 ‚
529 3321 601 3354 cap.
614 3322 648 3353 x,
660 3322 690 3344 v.
700 3311 1128 3353 24.-²Matth.‚cap.vn,v.
1137 3309 1360 3351 c.—³Matth.,
1369 3319 1439 3352 cap.
1450 3319 1482 3344 w
1493 3335 1501 3353 ,
1511 3319 1540 3343 v.
1551 3311 1839 3351 3.-⁴1’rov‚,cap.
1850 3317 1880 3342 vi
1891 3317 1936 3351 ,νη
1950 3308 2053 3342 1.-51
2065 3307 2251 3347 Joan.,cap.
2261 3312 2341 3341 nm.
2353 3304 2401 3335 18.
