2638 3866
361 191 455 238 144
1168 187 1335 234 PETRI
1373 185 1678 234 ABAELARDI

359 290 467 337 ideo
509 289 786 355 simpliciter
823 305 1015 337 necesse
1050 299 1120 336 est
1157 288 1257 335 fieri
1298 288 1373 334 vel
1411 303 1538 345 esse;
1579 287 1644 333 ita
1683 295 1729 332 et
1767 284 2151 350 unumquodque
2189 285 2291 334 fieri
2327 304 2356 335 a
2390 291 2492 336 Deo

356 372 617 435 provisum,
645 386 836 417 necesse
860 379 931 417 est
955 369 1074 429 fieri,
1103 385 1213 415 cum
1233 367 1293 415 ab
1316 368 1420 432 ipso
1444 365 1547 413 fieri
1569 366 1820 431 provisum
1843 366 1926 427 sit,
1953 382 2044 413 nec
2065 374 2225 414 tamen
2255 367 2366 416 ideo
2390 368 2493 416 fieri

356 467 546 497 necesse
569 459 653 497 est.
689 449 834 507 Quod
860 450 898 496 si
937 450 1043 514 quis
1080 448 1271 512 objiciat
1307 446 1367 494 de
1403 446 1695 512 proprietate
1729 446 2124 494 contradictionis
2158 450 2488 514 supraposita,

355 532 466 593 quia
499 530 573 577 vel
603 529 706 576 fieri
724 532 798 578 vel
826 546 925 577 non
949 529 1052 576 fieri
1072 545 1262 575 necesse
1297 536 1390 585 est,
1414 536 1462 575 et
1483 526 1696 591 requirat
1723 526 1858 591 quod
1890 526 2069 574 horum
2092 528 2154 574 sit
2175 543 2391 592 necesse,
2414 532 2492 579 vel

353 611 416 657 ita
441 620 671 674 tanquam
710 626 767 657 ex
802 609 1110 675 hypothetica
1143 607 1378 671 disjuncta
1403 606 1516 653 velit
1539 622 1738 669 arguere
1765 625 1775 652 :
1804 606 1888 653 sed
1923 623 2023 654 non
2063 617 2133 654 est
2166 624 2360 656 necesse
2388 626 2488 658 non

352 690 479 751 fieri3
507 708 620 755 ergo
650 708 840 738 necesse
861 701 931 738 est
953 689 1083 749 fieri3
1112 699 1157 736 et
1195 688 1254 735 de
1285 688 1380 735 hoc
1411 687 1557 735 credo
1581 704 1671 734 nos
1693 687 2039 736 documentum
2069 688 2346 754 philosophi
2380 690 2488 739 dili·

352 782 516 835 genter
551 773 817 837 aperuisse,
848 781 893 819 et
914 771 1008 818 hoc
1030 770 1092 818 ad
1121 769 1448 817 defensionem
1480 769 1579 832 jam
1618 769 1820 816 omnino
1851 768 2081 817 sufficere.
2117 772 2222 817 Non
2246 771 2405 831 enim,
2428 782 2489 820 'ut

351 851 531 900 dictum
562 863 653 914 est,
684 852 967 915 disjunctam
991 849 1351 915 hypotheticam
1376 848 1443 896 ibi
1472 848 1744 896 Aristoteles
1772 849 2027 911 intellexit,
2056 867 2187 916 quae,
2221 860 2272 897 ut
2303 850 2487 899 dictum

348 944 443 990 est,
483 933 597 980 falsa
625 942 767 993 esset3
794 932 1000 996 ideoque
1023 947 1124 977 non
1144 931 1363 994 cogimur
1392 940 1443 977 ut
1463 929 1559 978 hoc
1579 929 1653 977 vel
1677 929 1793 977 illud
1823 930 2098 978 membrum
2132 930 2387 995 eligamus,
2410 933 2487 980 vel

347 1014 481 1076 quasi
519 1030 614 1060 uno
650 1013 883 1076 disjuncte
916 1010 1134 1059 membro
1170 1009 1454 1076 reprobato,
1492 1011 1696 1058 alterum
1733 1010 2071 1059 concludatur.
2108 1014 2215 1059 Non
2253 1012 2406 1075 enim,
2433 1024 2488 1060 ut

346 1093 526 1140 dictum
560 1104 651 1152 est,
691 1093 925 1156 disjuncta
958 1090 1270 1157 hypothetica
1307 1100 1376 1139 est
1412 1090 1745 1155 intelligenda,
1773 1091 1858 1139 sed
1894 1092 2163 1156 categorica
2189 1091 2484 1158 disJunctum

346 1174 488 1221 habet
512 1173 804 1237 subjectum3
836 1188 993 1237 neque
1026 1188 1140 1236 ergo
1166 1171 1268 1219 fieri
1290 1171 1386 1219 hoc
1407 1171 1540 1237 quod
1563 1173 1811 1238 provisum
1838 1182 1934 1233 est,
1962 1189 2120 1238 neque
2143 1189 2244 1221 non
2272 1172 2376 1221 fieri
2398 1190 2483 1222 ne-

343 1270 471 1300 cesse
497 1264 594 1314 est,
623 1253 730 1300 licet
750 1252 851 1300 fieri
875 1252 949 1300 vel
972 1269 1073 1299 nou
1095 1251 1220 1312 fieri,
1249 1252 1346 1300 hoc
1372 1262 1530 1300 totum
1548 1253 1727 1300 scilicet
1742 1291 1754 1314 ,
1777 1254 1835 1301 sit
1860 1270 2071 1301 necesse.
2103 1252 2172 1300 Ad
2194 1253 2326 1301 hunc
2342 1254 2485 1302 etiam

340 1334 539 1380 modum
571 1351 681 1380 cum
708 1332 884 1380 dicitur
907 1350 1099 1380 necesse
1124 1343 1194 1381 est
1227 1333 1354 1381 diem
1381 1333 1456 1381 vel
1478 1343 1672 1381 noctem
1706 1351 1833 1395 esse,
1874 1334 1973 1382 duo
2006 1333 2335 1398 distinguendi
2373 1344 2484 1382 sunt

336 1431 518 1461 sensus.
545 1416 677 1479 Saepe
702 1423 860 1461 autem
878 1414 1021 1478 hujus
1040 1414 1172 1462 modi
1194 1414 1561 1478 conjunctiones
1584 1423 1682 1462 tam
1701 1414 1983 1480 copulativae
2003 1431 2150 1480 quam
2166 1413 2478 1479 disjunctivae,

335 1496 424 1541 nisi
449 1494 648 1559 diligens
675 1494 961 1542 adhibeatur
986 1495 1348 1556 determinatio,
1372 1495 1422 1542 in
1442 1495 1606 1543 falsam
1626 1513 1717 1543 nos
1739 1496 2023 1561 opinionem
2047 1495 2183 1543 facile
2207 1495 2478 1560 impellent,

336 1576 384 1620 in
404 1574 477 1621 his
513 1577 654 1623 etiam
683 1576 1097 1641 propositionibus
1129 1593 1236 1641 quae
1258 1577 1512 1624 necessarii
1534 1575 1800 1642 [nomen?]
1832 1593 1934 1624 non
1963 1575 2164 1623 habent.
2193 1579 2316 1624 Cum
2352 1577 2480 1625 enim

335 1654 538 1703 dicimus
560 1676 569 1702 :
595 1658 751 1703 Omne
775 1656 952 1704 animal
978 1667 1048 1704 est
1071 1672 1244 1704 sanum
1263 1695 1276 1719 ,
1305 1658 1381 1705 vel
1405 1674 1551 1706 omne
1571 1658 1746 1705 animal
1767 1667 1838 1705 est
1861 1673 2040 1721 aegrum
2061 1695 2073 1717 ,
2105 1656 2308 1705 multum
2335 1658 2481 1707 refert

333 1745 493 1782 utrum
517 1736 633 1783 illud
658 1736 728 1783 vel
748 1738 1104 1802 propositiones
1119 1738 1314 1802 jungat,
1333 1747 1379 1786 et
1399 1738 1764 1804 hypotheticam
1786 1738 2072 1802 disjunctam
2092 1737 2257 1797 faciat,
2280 1754 2336 1785 ac
2355 1739 2393 1786 si
2415 1741 2480 1786 ita

333 1815 599 1864 diceretur:
627 1820 783 1865 Omne
804 1818 981 1865 animal
1003 1829 1074 1866 est
1093 1836 1264 1866 sanum
1284 1855 1295 1878 ,
1316 1819 1392 1866 vel
1415 1836 1562 1867 omne
1586 1819 1762 1867 animal
1786 1828 1854 1866 est
1874 1834 2053 1883 aegrum
2071 1853 2083 1874 ‚
2105 1834 2165 1866 an
2187 1818 2478 1868 dictionibus

332 1896 378 1940 in
404 1897 659 1960 praedicato
696 1898 863 1963 positis
899 1898 1195 1964 applicetur,
1224 1909 1271 1946 et
1302 1900 1621 1964 categoricam
1650 1899 1971 1947 universalem
2001 1898 2173 1946 reddat
2194 1900 2356 1947 veram
2390 1900 2478 1949 ha-

328 1974 520 2023 bentem
559 1978 847 2041 disjunctum
887 1979 1215 2044 praedicatum.
1254 1979 1348 2027 Sed
1386 1981 1506 2028 sicut
1549 1980 1780 2039 dicimus,
1819 1979 2091 2045 copulativa
2136 1971 2477 2042 conjunctione

327 2058 543 2122 apposita
564 2076 573 2104 :
599 2062 752 2106 Omne
776 2060 1007 2107 rationale
1031 2070 1077 2107 et
1098 2061 1300 2108 mortale
1323 2070 1392 2108 est
1416 2060 1587 2120 homo,
1605 2071 1762 2126 potest
1791 2061 2067 2124 conjunctio
2089 2059 2165 2107 vel
2184 2061 2474 2126 propositio-

327 2137 467 2184 nibus
495 2140 749 2204 applicari‚
787 2150 834 2187 et
873 2141 1040 2188 falsam
1076 2141 1461 2189 enuntiationem
1491 2140 1720 2201 reddere,
1747 2157 1803 2189 ac
1834 2142 1870 2188 si
1899 2140 2121 2188 videlicet
2157 2141 2221 2188 ita
2250 2140 2468 2189 dicatur:

330 2219 486 2264 Omne
506 2219 738 2267 rationale
761 2231 808 2268 et
829 2238 976 2269 omne
997 2220 1223 2279 mortale,
1250 2231 1297 2268 et
1315 2237 1505 2268 rursum
1538 2221 1754 2268 terminis
1776 2231 1962 2269 tantum
1989 2222 2037 2268 in
2069 2220 2284 2285 subjecto
2309 2223 2475 2287 positis

330 2297 523 2357 sociata,
549 2316 710 2347 veram
742 2301 949 2363 efficere,
987 2312 1217 2366 tanquam
1240 2302 1280 2349 si
1303 2301 1494 2349 dicatur
1521 2320 1530 2347 :
1560 2304 1715 2349 Omne
1738 2301 1970 2349 rationale
1994 2311 2040 2349 et
2060 2302 2218 2367 ipsum
2248 2302 2469 2364 mortale,

328 2377 421 2423 hoc
452 2388 545 2434 est,
584 2397 727 2428 omne
762 2382 996 2430 rationale
1026 2382 1159 2446 quod
1188 2381 1328 2429 simul
1362 2392 1409 2429 et
1443 2382 1646 2430 mortale
1680 2392 1773 2444 est,
1804 2392 1872 2430 est
1896 2382 2064 2429 homo.
2093 2382 2171 2430 Sic
2194 2384 2337 2430 etiam
2360 2400 2471 2431 cum

327 2456 528 2505 dicimus
553 2461 685 2523 quod
701 2461 802 2509 haec
819 2463 1113 2528 propositio:
1134 2466 1292 2510 Homo
1313 2472 1381 2510 est
1401 2462 1647 2510 rationalis
1667 2465 1743 2510 vel
1759 2463 2065 2522 irrationalis,
2086 2462 2469 2511 dicithominem

326 2552 426 2583 esse
447 2539 728 2587 rationalem
754 2543 828 2589 vel
854 2543 1203 2604 irrationalem;
1229 2543 1305 2590 vel
1332 2543 1434 2590 haec
1461 2542 1730 2607 propositio
1753 2561 1762 2589 :
1794 2546 1949 2590 Homo
1972 2552 2044 2589 est
2066 2542 2312 2590 rationalis
2331 2553 2378 2591 et
2399 2545 2470 2590 ir-

329 2617 594 2678 rationalis,
614 2619 728 2667 dicit
750 2621 1006 2670 hominem
1023 2639 1124 2670 esse
1146 2623 1430 2670 rationalem
1444 2632 1487 2670 et
1504 2622 1828 2670 irrationalem
1845 2660 1857 2683 ,
1875 2639 1932 2670 ex
1959 2631 2159 2686 utraque
2183 2622 2282 2670 duo
2305 2640 2471 2672 sensus

326 2695 492 2743 haberi
518 2711 741 2762 possunt,
769 2702 886 2749 alter
909 2703 1105 2768 quidem
1128 2720 1269 2751 verus
1300 2714 1347 2751 et
1376 2703 1494 2751 alter
1528 2703 1688 2751 falsus.
1714 2704 1762 2750 Si
1785 2703 1916 2750 enim
1946 2702 2043 2750 hoc
2062 2702 2264 2751 verbum
2287 2739 2299 2763 ‚
2327 2704 2464 2764 dicit,

326 2773 398 2821 bis
425 2779 679 2841 repetitum
714 2781 1020 2846 intelligatur,
1048 2800 1103 2831 ac
1128 2784 1166 2830 si
1191 2783 1413 2832 videlicet
1435 2783 1651 2831 dicatur:
1679 2786 1787 2830 Haec
1815 2783 2087 2849 propositio
2115 2793 2199 2830 aut
2225 2783 2321 2832 hoc
2353 2784 2469 2833 dicit

326 2866 407 2901 aut
430 2855 545 2903 illud
570 2858 711 2920 dicit,
736 2861 812 2907 vel
834 2880 843 2907 ε
869 2865 978 2911 Haec
1002 2864 1271 2929 propositio
1299 2873 1345 2911 et
1366 2864 1463 2911 hoc
1496 2863 1609 2911 dicit
1631 2874 1679 2911 et
1702 2863 1821 2910 illud
1850 2863 1967 2911 dicit
1983 2901 1995 2925 ,
2018 2864 2267 2912 manifeste
2295 2865 2466 2912 falsum

327 2944 412 2980 est.
440 2936 487 2981 Si
508 2948 665 2984 autem
688 2941 830 2988 semel
849 2943 1051 2991 verbum
1074 2945 1284 3010 positum
1306 2953 1524 2991 sumatur
1542 2981 1554 3005 ‚
1582 2961 1608 2992 e
1627 2945 1872 2992 contrario
1899 2961 2069 2993 verum
2093 2955 2179 2993 est.
2207 2943 2467 3008 Diligenter

326 3013 486 3078 itaque
505 3017 848 3067 attendendum
865 3033 935 3069 est
957 3024 1005 3069 in
1026 3023 1302 3087 hujusmodi
1323 3024 1760 3086 enuntiationibus,
1789 3024 1872 3071 ubi
1891 3025 2255 3088 conjunctiones
2268 3023 2466 3072 diversis

326 3094 569 3158 applicatae
598 3113 789 3145 sensum
816 3102 1024 3159 variant,
1069 3113 1122 3150 ut
1159 3104 1561 3152 determinatione
1598 3105 1847 3170 apposita,
1890 3104 2241 3151 cavillationem
2277 3105 2465 3169 sophis-

326 3173 464 3220 matis
492 3175 744 3235 evitemuS,
781 3179 901 3226 sicut
923 3191 970 3228 et
993 3199 1134 3248 supra
1159 3184 1489 3245 distinximus,
1512 3194 1612 3232 tam
1639 3186 1690 3231 in
1721 3184 1795 3232 his
1819 3184 2231 3249 propositionibus
2261 3184 2345 3232 ubi
2368 3202 2464 3233 ne-

326 3255 512 3301 cessarii
548 3272 725 3303 nomen
761 3260 956 3321 ponitur
982 3280 1125 3325 quam
1160 3266 1353 3312 caeteris.
1381 3264 1429 3310 Si
1459 3266 1566 3328 quis
1598 3274 1758 3312 autem
1789 3281 1878 3330 pro
1914 3281 1968 3312 ea
2000 3265 2331 3330 propositione
2356 3283 2463 3331 quae
