2638 3866
747 221 1138 271 INTRODUCTlO
1173 224 1255 271 AD
1287 222 1700 272 THEOLOGIAM.
2204 225 2295 270 147

154 342 321 375 verum
341 324 402 374 ad
424 324 649 374 utilitates
670 338 866 390 quoque
889 339 1049 371 rerum
1076 325 1296 373 omnium
1326 334 1439 374 sunt
1460 323 1857 388 accommodatae,
1888 334 1935 373 et
1957 323 2142 373 diurnae
2177 340 2294 371 noc-

153 418 400 472 turnaeque
428 404 780 455 vicissitudines
802 402 935 452 nulla
958 404 1005 452 in
1032 421 1084 452 re
1110 415 1302 454 mutatae
1329 421 1548 472 unquam
1580 415 1870 467 nocuerunt,
1899 422 2006 472 quae
2028 405 2165 470 signo
2189 414 2299 452 sunt

152 488 311 536 omnia
334 504 434 537 non
456 486 690 537 mediocri
710 485 925 553 quodam
945 486 1149 535 consilio
1167 496 1389 536 naturam
1411 486 1583 535 mundi
1602 485 1941 536 administrari.
1973 485 2119 546 Quod
2142 486 2181 534 si
2204 502 2300 534 me-

150 569 258 629 lius,
272 569 446 635 inquit,
475 577 706 635 geruntur
722 583 779 616 ea
801 584 905 633 quae
924 567 1147 628 consilio,
1170 585 1317 633 quam
1330 585 1436 634 quae
1455 568 1560 616 sine
1578 567 1781 616 consilio
1801 567 2212 628 administrantur,
2234 567 2300 614 nil

151 658 311 698 antem
333 650 553 698 omnium
574 665 737 697 rerum
754 646 923 696 melius
945 664 1093 714 quam
1110 649 1270 701 omnis
1291 648 1505 697 mundus
1520 647 1910 697 administratur:
1934 647 2137 696 consilio
2159 647 2302 712 igitur

151 730 363 788 mundns
381 730 761 779 administratur.
779 747 803 775 »
830 730 1023 788 Quanta
1045 738 1207 779 autem
1238 729 1425 778 ratione
1447 738 1623 777 cuncta
1641 728 1693 775 in
1716 726 1902 775 mundo
1927 726 2045 776 fiant
2066 743 2123 775 ac
2145 726 2303 792 dispo·

150 819 346 874 nantur,
363 806 602 859 maximus
622 811 841 859 omnium
861 808 1266 876 philosophorum
1287 810 1422 858 Plato
1445 809 1703 874 diligenter
1719 806 1975 856 attendens
1993 807 2111 856 ait¹:
2139 827 2162 851 α
2177 806 2302 854 Nihil

150 888 204 938 fit
215 890 354 955 cujus
376 899 536 939 ortum
563 907 664 939 non
689 889 900 956 legitima
919 906 1064 937 causa
1083 899 1130 938 et
1145 890 1270 938 ratio
1290 889 1556 956 praecedat3
1583 905 1690 955 quae
1714 888 1848 937 enim
1872 897 2111 954 quantum
2131 886 2194 935 ad
2215 903 2304 935 nos

149 969 343 1020 fortuita
365 970 593 1020 dicuntur
610 981 757 1038 atque
778 971 1028 1038 inopinate
1051 971 1403 1036 provenientia,
1429 971 1570 1019 certis
1593 970 1642 1018 in
1665 972 1771 1018 Deo
1795 969 1994 1017 rationis
2012 966 2198 1034 legibus
2214 966 2305 1015 fixa

147 1061 276 1111 sunt,
293 1061 437 1118 atque
451 1052 639 1118 optimo
654 1054 878 1119 quaeque’
891 1052 1012 1100 fiunt
1027 1052 1248 1100 consilio.
1270 1070 1292 1097 n
1311 1055 1416 1100 Hoc
1435 1067 1551 1101 vero
1567 1051 1689 1116 quo⁸
1708 1050 1892 1117 optime
1910 1058 2087 1097 cuncta
2107 1047 2230 1096 fiunt
2249 1063 2306 1096 ac

148 1130 492 1199 disponuntur,
519 1133 801 1195 consilium,
828 1133 906 1181 alii
930 1135 1088 1181 Deum
1105 1169 1117 1193 ,
1144 1132 1223 1181 alii
1246 1142 1466 1192 naturam
1494 1132 1649 1198 ipsam
1672 1147 1858 1194 rerum,
1885 1129 1963 1179 alii
1986 1139 2199 1179 mentem
2223 1145 2304 1176 seu

147 1213 357 1262 animam
379 1213 551 1263 mundi
572 1229 745 1263 vocare
763 1223 1137 1263 consueverunt.
1159 1216 1344 1262 Omnes
1366 1212 1599 1261 autemid
1620 1228 1865 1261 summum
1891 1210 2082 1259 bonum
2107 1225 2210 1258 esse
2232 1210 2304 1257 in-

147 1291 455 1356 tellexerun13
470 1295 605 1360 quod
620 1296 862 1362 professus
874 1304 945 1344 est
961 1296 1200 1343 Socrates.
1218 1294 1409 1342 Primus
1424 1303 1586 1342 autem
1600 1293 1823 1342 omnium
1842 1295 2163 1357 Anaxagoras,
2180 1291 2305 1339 inter

148 1374 396 1424 universos
413 1374 737 1443 Philosophus
763 1376 984 1425 divinum
1005 1376 1219 1423 animum
1242 1375 1465 1423 omnium
1488 1374 1765 1423 effectorem
1787 1383 2069 1422 naturarum
2099 1372 2305 1420 sensisse

145 1454 447 1519 perhibetur,
464 1457 588 1506 sicut
603 1457 653 1504 in
673 1459 773 1504 tht
786 1455 845 1504 de
861 1458 1062 1504 Ciuitate
1074 1458 1170 1503 Dei
1181 1455 1354 1505 beatus
1373 1464 1727 1504 commemorat
1749 1454 2075 1520 Augusfinus‘.
2098 1451 2239 1501 Unde
2258 1462 2303 1499 et

145 1533 260 1583 illud
296 1547 367 1584 est
401 1537 451 1584 in
483 1537 708 1603 Epistolis
730 1536 947 1603 ejusdem
978 1536 1048 1584 ad
1078 1535 1413 1585 Macedoniam
1439 1554 1450 1583 z
1481 1539 1633 1584 «Non
1669 1545 1923 1602 propterea
1953 1534 2127 1583 veritas
2158 1532 2305 1581 chara

145 1633 251 1664 csse
267 1617 413 1665 debet
430 1619 542 1683 quia
561 1635 661 1667 non
680 1618 817 1667 latuit
831 1621 1181 1683 Anaxagoram,
1199 1616 1284 1665 sed
1302 1617 1417 1682 quia
1429 1617 1603 1665 veritas
1616 1625 1705 1674 est,
1720 1616 1808 1664 etsi
1824 1614 1985 1664 nullus
2002 1630 2173 1662 eorum
2192 1629 2303 1675 cog-

147 1698 372 1747 novisset.
399 1719 422 1743 »
448 1699 604 1748 Facile
628 1708 790 1748 autem
815 1698 935 1747 illud
955 1714 1153 1764 quoque
1177 1698 1365 1746 ratione
1387 1697 1614 1745 convinci
1644 1705 1853 1763 poterat,
1882 1694 2121 1743 mundum
2148 1694 2304 1760 ipsum

144 1778 288 1827 etiam
314 1789 362 1827 et
386 1796 492 1845 quae
525 1781 574 1827 in
608 1797 669 1830 eo
702 1789 815 1829 sunt
837 1796 865 1827 a
889 1796 940 1828 se
961 1780 1068 1846 ipso
1105 1795 1206 1827 non
1232 1795 1353 1840 esse,
1379 1794 1471 1827 nec
1499 1794 1587 1844 per
1610 1794 1661 1826 se
1685 1778 1945 1825 subsistere
1974 1794 1984 1823 :
2020 1774 2106 1824 sed
2124 1774 2186 1823 ab
2210 1774 2304 1822 alio

95 1902 104 1907 ,
145 1875 440 1926 quocunque
478 1860 621 1926 longe
655 1861 842 1909 cunctis
878 1860 1235 1921 excellentiore,
1277 1868 1453 1908 cuncta
1490 1859 1673 1925 optime
1717 1867 1816 1906 tam
1861 1856 1965 1905 fieri
2000 1872 2148 1922 quam
2186 1855 2301 1920 regi.

143 1940 336 2007 Quippe
359 1941 495 2007 quod
524 1958 554 1991 a
574 1958 626 1990 se
649 1942 756 2009 ipso
779 1951 868 2002 est,
904 1951 1079 1990 natura
1108 1940 1302 2006 dignius
1328 1956 1430 1989 esse
1452 1948 1642 1988 constat
1665 1954 1812 2004 quam
1835 1936 1970 2003 quod
1999 1935 2061 1985 ab
2085 1935 2181 1984 alio
2202 1945 2271 1984 est
2290 1955 2300 1994 3

142 2030 189 2067 et
219 2037 366 2070 omne
387 2023 523 2088 quod
545 2024 746 2075 rationis
771 2033 918 2089 atque
941 2023 1264 2089 intelligentiae
1294 2038 1446 2088 capax
1470 2030 1562 2084 est,
1597 2020 1843 2084 universis¹
1866 2018 1971 2067 aliis
1998 2017 2306 2066 excellentius

147 2117 247 2150 esse
270 2103 532 2152 invenitur.
560 2107 670 2152 Non
693 2105 838 2170 igitur
858 2113 1055 2171 oportet
1082 2102 1369 2152 rationalem
1393 2101 1713 2150 substantiam
1750 2100 1813 2148 ab
1837 2098 1932 2149 alio
1956 2115 2059 2148 esse
2082 2096 2302 2157 concedi,

143 2183 182 2229 si
215 2184 402 2232 ratione
428 2194 674 2233 carentem
699 2201 726 2232 a
750 2201 802 2233 se
825 2201 929 2233 esse
963 2201 1224 2251 ponamus.
1264 2187 1417 2231 Nemo
1444 2193 1606 2230 autem
1625 2192 1847 2230 nostrum
1881 2190 1952 2229 est
1976 2179 2128 2245 quise
2149 2178 2306 2244 ipsum

145 2263 334 2327 ignoret
355 2280 384 2312 a
405 2281 457 2313 se
476 2265 679 2314 minime
701 2281 823 2327 esse,
851 2264 938 2314 sed
961 2264 1023 2313 ab
1049 2265 1145 2313 alio
1171 2264 1317 2330 gigni.
1345 2263 1609 2323 Quomodo
1640 2263 1784 2327 igitur
1808 2277 1864 2309 ea
1887 2276 1992 2326 quae
2016 2259 2204 2307 ratione
2229 2274 2306 2305 ca-

142 2354 276 2406 rent,
316 2344 378 2393 ab
423 2345 520 2394 alio
561 2362 662 2395 esse
703 2345 1018 2410 negabimus?
1057 2348 1221 2394 Partes
1259 2345 1420 2411 itaque
1457 2343 1631 2392 mundi
1666 2359 1772 2409 quae
1805 2340 2088 2391 naturaliter
2122 2340 2305 2405 priores

141 2434 279 2488 sunt,
317 2425 463 2475 factas
497 2443 600 2475 esse
641 2427 896 2490 convenit,
934 2442 991 2475 ac
1036 2442 1124 2493 per
1168 2425 1265 2474 hoc
1306 2425 1367 2474 ab
1409 2425 1503 2473 alio
1549 2423 1788 2472 mundum
1833 2420 2086 2472 exordium
2129 2419 2305 2468 ducere

140 2514 284 2571 atque
319 2507 499 2556 factum
536 2524 654 2556 esse.
699 2508 893 2574 Quippe
932 2524 1080 2573 quem
1115 2507 1260 2555 etiam
1293 2517 1495 2573 propter
1526 2505 1779 2554 hominem
1825 2503 2005 2552 factum
2045 2517 2147 2549 esse
2184 2516 2306 2547 con-

140 2596 248 2647 stat,
285 2589 364 2637 cui
399 2589 600 2655 singulis
634 2590 732 2638 suis
768 2589 985 2656 partibus
1019 2589 1251 2650 deservit,
1289 2588 1433 2654 longe
1471 2587 1794 2651 indigniorem
1827 2602 1886 2633 eo
1916 2601 2018 2632 esse
2047 2580 2299 2640 convenit,

142 2683 196 2715 ac
233 2685 320 2734 per
348 2668 444 2717 hoc
478 2670 679 2718 minime
718 2670 923 2718 concedi
963 2680 1157 2736 oportet
1194 2670 1327 2717 hunc
1368 2685 1468 2716 non
1505 2684 1606 2715 esse
1640 2667 1816 2714 sactum
1836 2702 1848 2726 ,
1887 2681 1999 2712 cum
2038 2662 2117 2710 ille
2155 2662 2304 2709 factus

140 2748 218 2796 sit.
255 2749 407 2798 Multo
432 2751 592 2798 minus
614 2751 760 2798 etiam
784 2752 1014 2799 convenit
1049 2760 1103 2798 ut
1138 2766 1226 2797 suo
1261 2749 1493 2814 regimine
1528 2763 1631 2794 non
1677 2744 1924 2794 rationalia
1967 2759 2114 2809 quam
2157 2741 2303 2790 ratio-

142 2828 295 2876 nalia⁶
326 2830 557 2878 nitantur.
596 2832 856 2879 Hominem
880 2841 1063 2887 autem,
1096 2830 1316 2895 quamvis
1348 2826 1594 2876 rationalis
1621 2828 1697 2888 sit,
1724 2841 2030 2891 nequaquam
2067 2840 2157 2872 suo
2182 2821 2303 2885 regi·

141 2909 261 2957 mini
285 2909 505 2958 sufficere
529 2920 732 2970 constat,
762 2928 876 2958 cum
906 2912 1116 2976 seipsum
1145 2907 1397 2974 quomodo
1430 2906 1533 2955 vult
1563 2908 1614 2954 in
1645 2906 1788 2971 hujus
1809 2906 1915 2954 vitae
1945 2904 2115 2972 pelago
2141 2919 2303 2968 regere

141 3005 242 3037 non
271 2990 444 3038 valeat.
468 2989 620 3038 Multo
646 2990 787 3055 igitur
815 2990 976 3038 miuus
995 2989 1213 3054 regimini
1239 2989 1438 3055 proprio
1470 2987 1707 3036 committi
1740 2986 1972 3035 convenit
2004 3001 2110 3051 quae
2132 3000 2228 3050 qua
2253 3000 2303 3031 se

143 3086 306 3134 regere
338 3073 525 3137 possint
556 3072 744 3119 ratione
770 3087 933 3119 carere
956 3081 1143 3119 certum
1169 3079 1258 3118 est.
1288 3069 1341 3117 ld
1364 3085 1483 3118 vero
1507 3078 1577 3117 est
1602 3067 1831 3129 mundus,
1857 3068 1955 3116 sive
1980 3066 2082 3130 ejus
2107 3063 2301 3127 singulae

182 3279 192 3299 ¹
207 3278 248 3311 In
268 3279 403 3314 Timaeo.
426 3280 558 3315 -2810
578 3280 660 3315 Cod.
684 3280 767 3315 vict.
791 3281 928 3324 Quoque
945 3280 1040 3314 Amb.
1054 3281 1113 3306 —⁸
1129 3279 1183 3314 Sic
1256 3281 1315 3315 lib.
1345 3279 1432 3321 vlu,
1457 3288 1529 3321 cap.
1550 3288 1584 3312 u.
1605 3295 1643 3302 —
1657 3276 1735 3311 ‘Sic
1758 3277 1838 3312 Cod.
1863 3276 1946 3310 vict.
1971 3272 2172 3308 Rationalia
2200 3278 2300 3311 quam

144 3331 222 3366 Coa.
254 3332 336 3367 vict.
375 3334 454 3369 Haec
482 3344 562 3369 vero
593 3344 670 3377 qum
703 3336 797 3370 Amb.
820 3353 857 3359 —-
875 3336 951 3369 ⁴De
982 3336 1074 3369 civit.
1106 3335 1183 3375 Dei,
1257 3343 1327 3367 non
1342 3331 1536 3366 rationalia
1552 3332 1649 3366 Amb.
