2638 3866
325 247 420 296 268
634 298 637 301 ,
911 274 916 277 >
1129 244 1303 292 PETRI
1337 243 1655 291 ABAELARDI

327 369 349 392 (ι
374 349 413 396 si
436 348 557 396 facio
578 346 710 412 quod
727 346 862 408 nolo,
882 366 904 389 ›>
924 344 975 393 id
998 354 1069 393 est
1088 344 1222 409 quod
1245 361 1346 391 non
1371 342 1610 409 approbo,
1633 363 1654 387 ε(
1674 342 1924 390 consentio
1941 363 1963 386 »
1990 352 2036 390 et
2057 344 2304 392 concordo
2332 345 2463 410 «legi

320 429 382 477 de
399 429 494 476 hoc
513 427 646 492 quod
661 427 792 474 bona
807 436 895 487 est,
918 444 942 471 »
959 443 1069 473 cum
1091 442 1197 472 eam
1215 424 1436 472 videlicet
1451 441 1507 471 ea
1524 423 1784 489 prohibere
1800 422 1961 483 vide0,
1985 440 2090 488 quae
2107 441 2196 489 ego
2214 425 2315 491 ipse
2337 427 2462 474 mala

318 526 420 556 esse
438 508 604 573 judico
627 525 639 554 t
665 508 787 555 sicut
803 507 1194 573 concupiscentia
1217 505 1277 552 de
1301 522 1395 570 qua
1417 504 1636 570 superius
1655 504 1792 564 dixit,
1814 503 1913 553 sive
1935 503 2020 563 ira,
2049 503 2236 565 odium,
2260 505 2456 555 invidia.

317 589 461 646 Quod
486 589 632 636 etiam
653 588 873 636 nolentes
895 588 1146 645 habemus,
1176 587 1288 651 quia
1308 586 1525 651 profecto
1550 585 1889 651 concupiscere
1911 584 2164 648 nollemus,
2190 586 2300 635 licet
2327 588 2462 651 quod

315 670 704 735 concupiscimus
723 668 938 716 volentes
957 678 1003 715 et
1021 685 1132 715 cum
1156 667 1415 715 dilectione
1434 683 1734 732 peragamus.

379 751 502 797 Cum
523 751 685 815 itaque
708 750 899 810 dicitur,
928 769 951 794 «
974 751 1131 796 Omne
1150 759 1403 814 peccatum
1419 747 1764 808 voluntarium,
1787 767 1808 790 n
1832 757 1880 794 et
1902 764 2012 795 cum
2032 746 2226 810 dicitur,
2254 767 2278 793 «
2306 751 2458 798 Nemo

311 841 477 895 peccat
500 832 693 890 invitus,
724 849 748 876 »
780 830 840 878 de
863 840 972 877 actu
989 829 1084 877 hoc
1104 830 1307 895 peccati,
1331 846 1431 877 non
1467 828 1528 876 de
1556 828 1944 894 concupiscentia
1974 838 2045 876 est
2069 828 2470 892 intelligendum.·

309 911 479 958 Omnis
506 913 685 978 quippe
716 920 848 959 actus
872 911 1054 976 peccati
1086 909 1386 958 voluntarius
1421 909 1583 975 potius
1615 926 1762 974 quam
1796 909 2091 957 necessarius
2116 908 2307 969 dicitur,
2343 911 2458 975 quia

306 1006 365 1036 ex
401 991 646 1040 voluntate
676 1008 965 1057 quacunque
1000 1001 1244 1056 praeeunte
1272 1002 1491 1057 tempore
1527 989 1792 1052 descendit,
1828 990 1904 1037 vel
1942 990 1980 1037 si
2011 1006 2098 1055 per
2127 989 2339 1054 aliquam
2376 990 2457 1040 fiat

306 1073 626 1120 coactionem.
649 1072 898 1133 Videlicet,
919 1071 1053 1119 verbi
1082 1072 1249 1135 gratia,
1276 1072 1391 1135 jacit
1413 1071 1584 1136 aliquis
1607 1070 1818 1136 lapidem
1841 1070 2130 1136 improvide,
2160 1080 2208 1118 et
2234 1071 2454 1133 fortuitu,

305 1168 406 1199 non
437 1154 643 1201 scienter
663 1153 916 1201 hominem
948 1151 1209 1200 interficit:
1234 1153 1330 1201 hoc
1366 1152 1585 1219 profecto
1613 1169 1668 1199 ex
1707 1151 1953 1200 voluntate
1978 1151 2190 1215 jaciendi
2222 1151 2452 1218 lapidem,

303 1247 405 1279 non
430 1233 748 1281 interficiendi
770 1233 1022 1280 hominem
1044 1233 1282 1298 procedit.
1305 1237 1387 1280 Est
1410 1243 1456 1280 et
1479 1233 1599 1281 alius
1628 1233 1712 1298 qui
1736 1233 1998 1281 irruentem
2029 1250 2174 1298 super
2196 1250 2246 1280 se
2263 1232 2456 1282 hostem

301 1323 496 1361 coactus
519 1315 759 1374 interficit,
785 1331 846 1362 ne
873 1313 934 1362 ab
959 1331 1017 1361 eo
1038 1313 1218 1362 scilicet
1242 1313 1572 1376 interficiatur,
1610 1324 1656 1362 et
1685 1331 1885 1380 peccare
1911 1315 2091 1361 invitus
2116 1313 2311 1375 dicitur,
2342 1331 2455 1363 cum

299 1393 350 1440 id
374 1412 569 1461 quoque
591 1414 647 1445 ex
670 1396 920 1444 voluntate
938 1395 1174 1444 evadendi
1198 1405 1405 1443 mortem
1427 1397 1587 1462 potius
1607 1413 1755 1461 quam
1774 1413 1832 1443 ex
1852 1395 2091 1451 desiderio
2119 1404 2260 1443 antea
2283 1394 2452 1445 habito

300 1476 555 1525 occidendi
572 1478 823 1526 hominem
846 1487 971 1543 agat.
999 1478 1169 1525 Omnis
1193 1478 1354 1542 itaque
1380 1487 1513 1525 actus
1537 1477 1773 1543 peccandi
1804 1476 2106 1525 voluntarius
2145 1487 2192 1524 et
2225 1493 2326 1524 non
2360 1493 2453 1525 ne—

297 1558 529 1606 cessarius
550 1559 600 1605 in
623 1577 682 1606 eo
700 1559 891 1620 dicitur,
921 1559 1002 1622 qui
1028 1576 1083 1606 ex
1108 1575 1415 1624 quacunque,
1444 1569 1495 1606 ut
1516 1559 1701 1606 dictum
1727 1568 1815 1618 est,
1842 1557 2091 1606 voluntate
2115 1557 2380 1606 descendit.
2402 1559 2453 1606 Si

297 1637 404 1700 quis
428 1648 589 1686 tamen
614 1639 742 1687 dicat
767 1639 1060 1687 occisionem
1087 1640 1221 1687 illam
1239 1640 1454 1688 hominis
1474 1657 1559 1705 per
1575 1639 1760 1704 jactum
1778 1638 1952 1704 lapidis
1975 1638 2316 1699 voluntariam,
2348 1656 2449 1688 non

296 1719 532 1780 concedo,
561 1721 683 1768 sicut
713 1721 898 1785 jactum
930 1719 1103 1786 lapidis
1137 1720 1465 1768 voluntarium
1501 1720 1629 1767 dico.
1672 1724 1965 1784 Frequenter
1996 1720 2126 1767 enim
2160 1720 2363 1768 nomina
2392 1737 2450 1768 ex

293 1798 531 1863 adjunctis
547 1818 656 1849 suas
679 1802 866 1849 variant
887 1800 1277 1865 significationes,
1305 1811 1357 1848 ut
1380 1818 1493 1855 cum
1528 1817 1725 1848 omnem
1756 1800 2070 1848 substantiam
2101 1799 2445 1860 concedamus,

292 1895 393 1927 non
419 1890 579 1930 tamen
606 1882 718 1929 ideo
739 1899 939 1930 omnem
962 1882 1245 1930 hominem:
1273 1883 1338 1930 ita
1356 1892 1404 1930 et
1429 1900 1541 1930 cum
1565 1899 1711 1930 omne
1737 1891 1991 1948 peccatum
2023 1880 2240 1928 dicamus
2275 1880 2448 1929 volun-

292 1961 484 2024 tarium,
509 1973 556 2009 et
580 1979 777 2011 omnem
800 1964 984 2029 peccati
1003 1972 1166 2011 actum
1192 1980 1247 2010 ex
1271 1963 1448 2028 aliqua,
1477 1973 1529 2010 ut
1554 1963 1739 2010 dictum
1763 1972 1851 2024 est,
1875 1962 2123 2010 voluntate
2147 1961 2442 2026 procedere3
2505 2008 2511 2015 ,

291 2056 392 2088 non
415 2051 576 2091 tamen
595 2026 903 2172 occisionem
926 2043 1057 2092 illam
1075 2044 1388 2092 concedimus
1415 2043 1755 2104 voluntariam,
1781 2042 1834 2090 id
1855 2052 1924 2091 est
1943 2059 2001 2090 ex
2029 2041 2277 2090 voluntate
2298 2059 2448 2108 quam

290 2119 460 2186 aliquis
482 2123 683 2173 haberet
733 2124 955 2173 ccidendi
981 2124 1117 2172 illum
1140 2142 1242 2172 esse
1265 2124 1592 2172 commissam.
1624 2126 1730 2171 Hoc
1763 2124 1926 2188 itaque
1957 2122 2108 2170 modo
2144 2139 2258 2170 cum
2291 2126 2447 2172 coacti

289 2214 483 2266 peccata
501 2206 866 2267 committimus,
891 2205 1034 2253 simul
1054 2215 1101 2253 et
1123 2205 1259 2271 quod
1281 2205 1505 2253 volumus
1528 2212 1575 2252 et
1600 2205 1734 2271 quod
1764 2203 1994 2252 nolumus
2011 2203 2265 2264 efficimus,
2294 2214 2347 2252 ut
2364 2222 2445 2252 su-

288 2285 535 2349 praposito
551 2287 773 2353 exemplo
797 2287 916 2334 dum
940 2288 1096 2334 coacti
1113 2287 1365 2335 hominem
1397 2287 1683 2349 occidimus,
1721 2296 1930 2333 mortem
1963 2302 2051 2351 per
2083 2284 2181 2332 hoc
2210 2285 2446 2335 evitamus

288 2363 422 2428 quod
442 2366 683 2428 volumus,
713 2378 760 2416 et
777 2367 1102 2416 homicidium
1123 2368 1326 2416 facimus
1349 2369 1484 2432 quod
1507 2369 1751 2415 nolumus.
1778 2367 1855 2415 Sic
1878 2376 1927 2414 et
1953 2366 2002 2413 in
2032 2366 2163 2413 coitu
2186 2366 2349 2414 uxoris
2373 2366 2442 2415 al-

287 2446 434 2493 terius
458 2448 559 2512 ipse
581 2448 724 2496 nobis
743 2449 900 2514 placet
923 2448 1229 2510 concubitus,
1249 2467 1349 2496 non
1373 2449 1596 2497 adulterii
1620 2448 1822 2509 offensa,
1844 2448 1921 2495 vel
1937 2456 2095 2495 reatus
2117 2463 2263 2511 quem
2282 2447 2444 2495 incur-

284 2524 453 2574 rimus.
480 2530 620 2576 Coitu
644 2530 806 2596 itaque
826 2540 1033 2591 tantum,
1066 2547 1168 2579 non
1188 2530 1428 2579 adulterio
1449 2529 1763 2590 delectamur,
1790 2529 1906 2594 quia
1925 2526 2047 2575 nihil
2062 2526 2125 2575 ad
2141 2528 2442 2593 voluptatem

284 2605 505 2655 adulterii
540 2620 700 2658 reatus
726 2611 951 2676 pertinet,
992 2611 1078 2659 sed
1113 2612 1264 2675 magis
1300 2611 1363 2659 ad
1385 2611 1692 2658 conscientiae
1727 2618 2043 2657 tormentum.
2084 2611 2142 2654 Et
2177 2608 2441 2673 quominus

284 2701 593 2747 peccaremus
614 2701 758 2756 atque
775 2691 1070 2740 adulterium
1089 2693 1368 2753 vitaremus,
1398 2707 1507 2739 eam
1532 2708 1645 2739 cum
1675 2707 1771 2756 qua
1805 2690 2101 2737 fornicamur
2131 2705 2441 2754 nequaquam

285 2766 590 2830 conjugatam
616 2788 718 2818 esse
749 2771 998 2820 vellemus.
1026 2775 1150 2820 Cum
1177 2773 1339 2838 itaque
1363 2772 1560 2832 dicitur,
1589 2791 1613 2818 «
1634 2788 1733 2818 non
1759 2770 1895 2836 quod
1915 2770 2028 2817 volo
2051 2786 2167 2834 ago,
2194 2769 2280 2816 sed
2302 2768 2439 2834 quod

285 2844 419 2906 nolo,
437 2865 459 2891 υ
481 2850 600 2896 nihil
615 2851 750 2901 obest
763 2853 802 2899 si
815 2853 945 2901 nolle
965 2864 1011 2902 et
1024 2854 1146 2902 velle
1162 2855 1362 2919 proprio
1379 2864 1427 2902 et
1445 2855 1619 2901 usitato
1638 2852 1788 2900 modo
1806 2868 2053 2899 sumamus
2069 2868 2159 2916 pro
2183 2850 2370 2916 placere
2390 2860 2438 2898 et

284 2925 564 2994 displicere3
593 2935 706 2998 quia
729 2936 1020 3000 frequenter,
1048 2947 1102 2984 ut
1121 2938 1307 2985 dictum
1333 2948 1420 3000 est,
1446 2939 1496 2985 in
1523 2937 1696 2986 eodem
1725 2946 1836 2984 actu
1858 2947 1905 2983 et
1927 2934 2063 3000 quod
2091 2934 2247 2999 placet
2271 2943 2316 2980 et
2343 2933 2437 2981 dis-

283 3007 428 3072 plicet
459 3011 747 3077 invenimus,
772 3017 894 3063 sicut
918 3017 967 3063 in
994 3018 1100 3081 ipso
1126 3019 1259 3065 coitu
1289 3017 1492 3065 carnalis
1521 3018 1743 3083 voluptas
1766 3027 1812 3064 et
1835 3015 2058 3064 adulterii
2075 3014 2234 3079 culpa.
2263 3017 2434 3060 Possu-

282 3104 390 3136 mus
430 3100 478 3137 et
507 3092 640 3155 juxta
673 3097 920 3159 superiora
954 3097 1077 3144 velle
1115 3107 1163 3144 et
1199 3097 1329 3145 nolle
1366 3115 1458 3163 pro
1490 3098 1762 3164 approhare
1802 3106 1849 3144 et
1882 3094 2160 3161 improbare
2194 3094 2429 3158 accipere,

280 3171 477 3234 quando
499 3182 545 3219 et
566 3176 696 3221 Deus
720 3176 957 3225 nonnulla
978 3177 1099 3225 velle
1128 3188 1176 3225 et
1204 3178 1334 3226 nolle
1371 3178 1563 3227 dicitur.
1603 3183 1769 3244 Neque
1801 3178 1931 3225 enim
1964 3178 2013 3224 in
2043 3193 2102 3223 eo
2138 3184 2298 3240 potest
2331 3190 2431 3221 esse

278 3253 545 3299 commotio
568 3254 733 3316 animi,
761 3271 866 3318 quae
888 3257 938 3303 in
962 3258 1105 3305 nobis
1130 3258 1352 3306 voluntas
1376 3276 1460 3307 seu
1482 3259 1723 3325 voluptas,
1759 3258 1806 3305 id
1842 3267 1912 3305 est
1934 3257 2186 3304 delectatio
2217 3255 2391 3302 dicitur
2414 3271 2425 3299 z

279 3330 362 3378 sed
385 3342 431 3379 et
454 3350 567 3380 cum
593 3334 715 3382 velle
739 3336 923 3401 aliquid
947 3337 1167 3399 dicimus,
1196 3349 1278 3387 aut
1303 3339 1405 3405 ejus
1428 3339 1832 3405 approbationem
1862 3347 1943 3386 aut
1972 3337 2339 3403 dispositionem
2367 3334 2427 3382 si-
