2638 3866
320 256 416 301 352
1121 253 1292 300 PETRl
1331 253 1642 301 ABAELARDI

315 353 398 401 lib.
426 357 509 413 111,
536 369 641 417 cap.
669 368 687 399 1
709 369 719 398 ε
753 371 777 397 «
797 354 856 399 Et
874 352 1062 401 libellus
1085 355 1269 401 Hermae
1294 354 1378 422 qui
1405 354 1669 421 appellatur
1690 353 1982 415 Pastoralclr,
2018 354 2153 418 cujus
2183 354 2358 403 Paulus
2391 356 2440 403 in

317 433 536 499 Epistolis
558 432 653 479 suis
677 433 912 493 meminit,
940 449 969 481 a
990 433 1207 498 plurimis
1239 449 1340 481 non
1364 443 1433 481 est
1466 444 1704 501 receptus,
1742 433 1803 482 ab
1827 434 1931 483 aliis
1957 443 2120 481 autem
2151 435 2441 483 necessarius

309 512 548 575 judicatus
572 521 659 572 est,
684 521 884 579 propter
902 530 1047 577 quem
1066 514 1208 580 primi
1226 513 1288 561 ad
1313 513 1458 561 fidem
1482 515 1789 562 institutionis
1810 515 2111 562 imbuuntur.
2147 514 2285 561 Unde
2309 524 2358 562 et
2391 515 2440 562 in

318 592 561 639 nonnullis
575 593 782 641 ecclesiis
800 594 989 658 legitur,
1007 604 1055 642 et
1073 594 1211 641 multi
1224 604 1440 642 veterum
1455 595 1742 661 scriptorum
1762 596 1833 643 usi
1854 604 1966 643 sunt
1988 595 2260 642 testimonio
2280 594 2397 659 ejus.
2417 617 2439 639 »

317 672 636 737 Hieronymus
658 673 715 721 de
738 674 1008 722 Illustribus
1034 676 1162 736 viris,
1190 691 1298 741 cap.
1325 678 1367 722 X
1388 692 1400 722 :
1431 694 1454 720 α
1481 679 1725 738 Hermam,
1760 676 1893 741 cujus
1914 674 2163 742 Apostolus
2188 674 2361 722 Paulus
2381 675 2443 723 ad

319 755 559 801 Romanos
582 753 796 802 scribens
817 755 1052 816 meminit,
1082 773 1106 801 «
1123 755 1323 803 salutate
1343 755 1674 819 Phlegontem,
1707 759 1948 816 Hermam,
1977 775 2000 800 >2
2031 764 2246 803 asserunt
2275 764 2441 802 aucto·

317 848 418 879 rem
440 850 542 881 esse
563 834 712 882 libelli
734 836 817 900 qui
839 835 1106 901 appellatur
1122 838 1316 897 Pastor,
1336 845 1384 883 et
1404 836 1532 902 apud
1550 835 1780 900 quasdam
1801 835 2021 884 ecclesias
2040 835 2229 883 Graeciae
2252 834 2443 900 publice

315 913 503 976 legitur.
525 916 704 964 Revera
725 916 852 964 utilis
874 916 1011 977 liber,
1036 916 1268 980 multique
1293 915 1354 963 de
1377 932 1436 964 eo
1459 925 1675 963 veterum
1694 916 1978 981 scriptorum
2001 924 2291 981 usurparunt
2310 915 2442 962 testi-

318 995 496 1041 monia.
511 993 605 1042 Sed
616 995 744 1060 apud
758 997 950 1043 Latinos
961 1012 1084 1062 pene
1095 996 1368 1061 incognitus
1380 1006 1466 1044 est.
1483 1017 1506 1040 >2
1528 1015 1551 1041 «
1563 996 1864 1061 Philologum
1876 1005 1923 1044 et
1936 998 1959 1043 J
1965 995 2127 1043 uliam.
2144 1014 2168 1040 »
2186 995 2438 1058 Origenes:

322 1093 344 1116 «
373 1076 534 1122 Potest
553 1074 655 1122 fieri
679 1085 732 1123 ut
755 1077 982 1141 conjuges
1005 1076 1196 1138 fuerint,
1225 1077 1381 1124 caeteri
1399 1076 1648 1124 domestici
1669 1093 1854 1125 eorum.
1881 1097 1904 1121 >2
1926 1077 2245 1141 Hieronymus
2266 1093 2276 1122 ε
2305 1094 2329 1120 «
2345 1075 2444 1122 Suo

319 1154 538 1219 exemplo
563 1172 653 1202 nos
669 1155 812 1204 docet
833 1157 998 1221 quales
1020 1156 1256 1204 debemus
1280 1157 1456 1204 nostris
1475 1156 1641 1204 litteris
1658 1157 1862 1205 salutare
1891 1173 1991 1204 non
2016 1155 2186 1203 divites
2208 1154 2354 1202 seculi
2376 1154 2443 1203 fa-

318 1233 573 1281 cultatibus
595 1235 877 1299 honoratOS‚
903 1237 988 1284 sed
1008 1237 1157 1301 gratia
1171 1237 1260 1284 Dei
1285 1247 1332 1285 et
1345 1235 1439 1284 fide
1460 1236 1737 1302 locupletes.
1758 1237 1871 1285 Ideo
1888 1237 2033 1303 paulo
2049 1246 2160 1284 ante
2180 1235 2445 1301 primitivos

319 1313 536 1361 Ecclesiae
556 1315 737 1362 Asianae
761 1316 876 1364 istos
896 1333 1064 1364 omnes
1090 1332 1214 1381 quos
1236 1316 1406 1364 salutat
1422 1316 1743 1381 intelligimus,
1768 1317 1844 1365 vel
1866 1323 1928 1364 ex'
1943 1316 2171 1364 omnibus
2195 1315 2336 1363 fuisse
2364 1331 2446 1381 pe-

320 1394 561 1457 regrinos,
591 1411 799 1458 quorum
835 1396 1057 1461 exemplo
1079 1406 1224 1460 atque
1259 1396 1475 1444 doctrina
1496 1414 1595 1444 non
1628 1397 1891 1445 absurdum
1926 1397 2160 1444 existimat
2189 1394 2447 1443 credidisse

323 1474 582 1520 Romanos.
610 1493 633 1519 «
654 1475 865 1522 Invicem
890 1476 940 1522 in
966 1475 1151 1538 osculo,
1173 1496 1195 1520 »
1222 1477 1399 1524 scilicet
1422 1494 1513 1524 nos
1534 1477 1687 1542 ipsos.
1709 1477 1834 1535 Quia
1860 1476 2098 1540 sigillatim
2123 1491 2291 1523 omnes
2325 1475 2447 1522 salu·

321 1562 423 1600 tare
447 1570 548 1600 non
574 1564 779 1619 poterat,
805 1556 1019 1621 praecipit
1039 1566 1090 1604 ut
1108 1573 1162 1604 ex
1187 1567 1321 1622 parte
1339 1557 1441 1622 ejus
1462 1567 1509 1606 et
1527 1557 1636 1605 loco
1658 1557 1777 1621 ejus,
1801 1566 1972 1604 mutuo
2000 1572 2051 1604 se
2077 1554 2299 1616 salutent,
2329 1555 2449 1603 sicut

321 1632 424 1696 ipse
451 1633 627 1680 faceret
655 1635 690 1693 si
716 1634 917 1695 adesset,
944 1645 991 1682 et
1014 1637 1080 1683 sic
1103 1636 1309 1684 invicem
1333 1637 1423 1684 sibi
1439 1630 1621 1685 ‘osculo
1656 1637 1964 1698 reconciliati,
1995 1634 2251 1701 superbam
2279 1634 2472 1681 finiant=

322 1713 702 1760 contentionem.
731 1714 909 1762 Osculo
932 1714 1138 1763 salutant
1159 1733 1245 1764 vos
1266 1733 1365 1764 non
1387 1717 1630 1764 luxurioso
1654 1725 1736 1764 aut
1766 1715 1994 1776 subd010,
2030 1715 2170 1781 quale
2200 1714 2288 1762 fuit
2317 1713 2448 1762 Judae

321 1791 600 1856 proditoris,
625 1793 711 1840 sed
734 1794 867 1858 quod
887 1811 979 1842 nos
994 1795 1043 1841 in
1059 1811 1222 1843 amore
1245 1796 1455 1844 fraterno
1477 1797 1713 1845 conciliet.
1740 1816 1763 1842 «
1785 1799 1967 1844 Omnes
1983 1795 2201 1843 Ecclesiae
2217 1794 2407 1854 Christi,
2423 1813 2444 1835 u

321 1870 372 1919 id
394 1881 481 1933 est,
507 1875 899 1938 congregationes
919 1874 1315 1938 Christianorum,
1341 1876 1403 1924 ad
1426 1876 1742 1924 differentiam
1761 1876 1938 1923 scilicet
1950 1875 2166 1923 Ecclesiae
2189 1874 2451 1938 malignan-

322 1952 462 2012 tium,
486 1969 633 2016 quam
667 1953 911 2003 Psalmista
950 1954 1165 2016 denotat,
1199 1956 1372 2005 eodem
1407 1957 1581 2005 affectu
1609 1956 1876 2006 dilectionis
1909 1973 2008 2021 quo
2042 1971 2150 2020 ego,
2178 1963 2345 2020 optant
2376 1954 2449 2001 vel

321 2042 462 2080 orant
495 2033 634 2080 vobis
669 2034 884 2083 salutem.
928 2036 1024 2094 Qui
1053 2038 1182 2084 enim
1206 2037 1408 2086 alterum
1440 2037 1689 2086 salutando
1717 2036 1833 2085 dicit
1867 2037 1910 2084 ei
1935 2055 1945 2083 ε
1979 2035 2134 2095 Salve,
2159 2034 2373 2100 profecto
2396 2043 2448 2082 ut

319 2111 476 2160 salvus
499 2114 559 2160 sit
580 2124 819 2179 precatur.

389 2212 411 2237 t<
434 2195 567 2257 Rogo
590 2204 751 2242 autem
772 2213 859 2244 vos
881 2197 1045 2245 fratres
1066 2207 1120 2245 ut
1145 2196 1403 2246 observetis
1425 2214 1508 2246 eos
1527 2199 1627 2263 qui.
1652 2218 1675 2242 »
1704 2197 1891 2247 Pseudo
1913 2196 2157 2263 apostolos
2190 2195 2358 2258 tangit,
2397 2203 2450 2241 ut

320 2272 382 2319 ab
407 2273 519 2337 ipsis
539 2282 754 2335 caveant,
781 2293 842 2323 ne
864 2276 980 2325 fides
1004 2294 1172 2325 eorum
1198 2295 1282 2343 per
1305 2278 1412 2326 illos
1443 2288 1797 2344 corrumpatur.
1839 2299 1863 2322 «
1894 2276 2182 2335 Obsenvetis,
2214 2294 2238 2318 ι)
2274 2274 2324 2322 id
2357 2284 2444 2334 est,

321 2351 618 2401 discernatis.
647 2375 670 2398 «
690 2355 1037 2417 Dissensiones,
1058 2378 1082 2403 >2
1108 2358 1158 2405 id
1178 2369 1248 2406 est
1272 2359 1482 2424 pericula
1502 2376 1720 2407 errorum
1742 2360 1792 2406 in
1818 2358 1932 2407 fide.
1958 2358 2030 2405 Illi
2048 2356 2157 2405 dico
2178 2356 2445 2414 existentes,

324 2454 345 2477 «
365 2444 533 2499 praeter
555 2434 823 2482 doctrinam
849 2453 997 2501 quam
1020 2454 1105 2486 vos
1124 2437 1354 2485 didicistis
1377 2439 1572 2494 faciunt,
1602 2449 1649 2486 et
1670 2439 1908 2486 declinate
1940 2438 2002 2485 ab
2037 2438 2143 2484 illis.
2167 2434 2449 2500 Hujusmodi

319 2513 449 2561 enim
471 2513 660 2562 Christo
686 2516 895 2563 Domino
921 2527 1088 2564 nostro
1113 2534 1212 2564 non
1236 2518 1464 2578 serviunt,
1486 2518 1570 2566 sed
1588 2534 1677 2565 suo
1701 2505 1872 2579 ventri,
1894 2526 1942 2565 et
1962 2533 2064 2582 per.
2089 2535 2112 2561 n
2132 2515 2186 2561 Id
2206 2524 2277 2573 est
2295 2513 2450 2561 molli-

319 2592 395 2639 tiis
417 2593 687 2641 carnalibus
710 2596 897 2646 intenti,
941 2616 963 2640 «
982 2596 1156 2644 Dulces
1179 2588 1440 2657 sermones,
1462 2616 1486 2642 n
1520 2596 1571 2644 id
1604 2606 1674 2645 est
1702 2596 2018 2644 adulationes.
2057 2595 2377 2659 Hieronymus
2400 2596 2450 2640 in

320 2676 483 2732 Amos,
510 2674 593 2723 lib.
620 2677 690 2721 II:
719 2694 743 2721 «
774 2676 976 2726 Pulchre
999 2676 1218 2724 adulator
1238 2676 1369 2743 apud
1399 2677 1714 2743 philosophos
1737 2675 1962 2725 definitur
1983 2674 2190 2723 blandus
2209 2674 2446 2735 inimicus,

318 2763 506 2801 vertens
538 2771 718 2802 amara.
758 2755 896 2804 Unde
930 2755 1215 2822 Apostolus¹
1245 2775 1256 2804 :
1289 2777 1311 2800 α
1340 2757 1567 2805 Inimicus
1596 2757 1735 2805 vobis
1757 2757 1907 2805 factus
1940 2773 2064 2814 sum,
2105 2755 2353 2803 veritatem
2385 2753 2453 2800 di·

321 2847 448 2878 cens.
478 2853 501 2878 »
537 2834 837 2900 Obsequium
869 2837 1076 2896 amicos,
1111 2837 1283 2884 veritas
1318 2836 1484 2884 odium
1518 2838 1659 2903 parit.
1701 2840 2005 2903 Quapropter
2046 2846 2094 2883 et
2123 2833 2301 2882 Pascha
2340 2850 2450 2880 cum

321 2913 718 2962 amaritudinibus
762 2916 1088 2965 comedamus.
1127 2920 1222 2964 Vas
1258 2917 1502 2964 electionis
1546 2917 1687 2965 docet
1727 2916 1906 2966 Pascha
1953 2914 2294 2963 celebrandum
2339 2930 2447 2961 cum

323 2991 517 3039 veritate
550 3003 597 3039 et
630 2997 892 3044 sanctitate.
935 3016 958 3041 ι(
992 2996 1350 3044 Benedictiones
1384 2997 1623 3045 seducunt
1655 2997 1820 3058 corda,
1859 3016 1882 3042 »
1915 2996 2053 3061 quasi
2087 2995 2217 3042 dona
2250 2993 2448 3058 Spiritus

322 3071 472 3118 sancti
495 3089 582 3136 per
604 3091 838 3122 manuum
867 3076 1225 3140 impositionem
1255 3076 1331 3123 vel
1359 3079 1769 3142 consignationem
1804 3077 2128 3135 conferentes,
2165 3094 2188 3119 «
2216 3075 2448 3121 innocen·

324 3149 461 3208 tium,
481 3169 504 3195 »
531 3151 579 3198 id
599 3163 686 3212 est,
707 3154 991 3218 simplicium
1018 3155 1092 3202 vel
1129 3156 1478 3220 imperitorum,
1514 3159 1597 3222 qui
1631 3174 1715 3205 eos
1751 3155 2111 3221 deprehendere
2137 3171 2236 3201 non
2270 3152 2445 3200 valent.

367 3338 374 3354 ¹
399 3334 529 3376 Galat.,
550 3345 621 3377 cap.
639 3345 681 3375 ιν,
700 3346 729 3369 v.
752 3338 800 3370 16.
