2638 3866
853 227 911 275 ΙΝ
946 225 1276 275 EPISTOLAM
1313 227 1393 275 AD
1428 225 1731 274 ROMANOS.
2276 224 2363 271 311

228 331 428 379 scientes
443 330 542 395 jam
562 329 735 394 legales
752 328 855 379 illas
872 327 1200 377 observantias
1217 328 1418 376 omnino
1437 326 1645 388 inutiles,
1662 335 1709 373 et
1722 328 1898 373 Gentes
1917 326 1999 373 vix
2020 334 2100 374 aut
2123 342 2374 391 nunquam

228 411 275 458 in
306 427 384 459 eas
412 410 578 458 induci
603 427 760 476 posse.
791 412 850 458 Et
873 408 969 459 hoc
993 417 1064 456 est
1094 406 1227 472 quod
1258 425 1388 468 nunc
1418 407 1591 456 Paulus
1618 406 1856 465 meminit,
1883 406 2048 455 dicens
2072 427 2083 454 :
2116 429 2138 449 υ
2170 406 2239 455 1Πί
2262 406 2372 454 dico

228 491 424 551 inimici,
443 509 467 536 »
491 490 541 538 id
560 501 631 539 est
652 490 961 542 adversantes
986 487 1104 535 mihi
1127 497 1173 535 et
1191 487 1524 536 consimilibus
1543 487 1662 536 meis
1681 486 1948 535 secundum
1973 487 2303 551 Evangelium,
2324 488 2372 534 id

226 581 296 619 est
309 572 431 620 sicut
447 589 504 620 ex
521 581 685 620 nostra
699 580 829 637 patet
844 569 1185 636 praedicatione
1198 585 1370 617 eorum
1384 568 1658 633 gloriationi
1675 568 1881 616 maxime
1895 568 2080 627 infesta,
2097 586 2208 617 cum
2226 586 2375 617 onera

226 651 340 716 legis
361 653 550 719 penitus
574 651 845 709 interdicat,
873 660 920 698 et
942 649 1038 701 hoc
1058 658 1259 715 propter
1280 666 1384 710 vos,
1410 666 1439 697 o
1466 649 1696 707 Gentiles,
1723 648 1900 713 quibus
1921 648 2023 696 haec
2047 667 2195 698 onera
2222 651 2373 717 impo-

226 749 341 781 nere
364 733 606 782 nolutnus.
638 752 660 778 κ
690 731 785 780 Sed
809 741 968 780 tamen
995 730 1226 779 carissimi
1252 730 1411 790 nobis,
1449 751 1477 774 ».
1507 730 1558 778 id
1589 739 1658 778 est
1690 746 1789 795 prae
1823 731 2002 777 caeteris
2035 741 2203 778 nostro
2233 732 2376 779 inhar-

226 822 384 861 rentes
405 813 662 875 desiderio,
693 822 744 860 ut
767 812 989 861 conversi
1014 811 1275 870 salventur,
1296 830 1319 855 «
1339 820 1536 877 propter
1557 820 1717 877 patres
1740 811 1956 876 ipsorum
1977 829 1998 855 »
2019 811 2304 875 justissimos
2326 823 2372 860 et

226 910 409 959 magnae
431 894 744 954 auctoritatis,
771 891 1070 941 Patriarchas
1092 892 1269 939 scilicet
1293 900 1340 939 et
1366 890 1645 957 Prophetas.
1679 911 1703 936 «
1729 891 2010 940 Secundum
2034 892 2317 941 electionem
2349 914 2371 934 n

227 983 384 1023 tamen
411 977 499 1022 Dei
523 975 673 1038 magis
702 990 849 1038 quam
878 972 1147 1022 secundum
1176 972 1373 1038 propria
1405 989 1576 1020 eorum
1607 971 1800 1034 merita,
1827 973 1910 1037 qui
1945 989 2028 1020 eos
2059 990 2147 1039 per
2175 974 2372 1037 gratiam

225 1071 380 1113 suam,
399 1055 633 1104 Gentibus
651 1054 939 1122 reprobatis,
961 1055 1119 1118 elegit,
1139 1070 1195 1102 ac
1217 1052 1499 1101 mirabiliter
1517 1052 1809 1101 sublimavit.
1832 1056 1951 1101 Nam
1970 1063 2018 1101 et
2038 1056 2192 1102 Deum
2215 1055 2373 1120 ipsum

225 1151 335 1200 erga
358 1135 480 1185 filios
502 1146 702 1203 propter
722 1146 879 1203 patres
904 1136 1104 1200 gratiam
1127 1150 1264 1182 suam
1286 1132 1561 1182 exhibuisse
1589 1151 1687 1181 non
1712 1135 1929 1198 ignotum
1953 1144 2049 1196 est,
2076 1152 2220 1200 quem
2244 1136 2374 1184 Salo-

227 1217 363 1264 moni
383 1217 649 1265 idololatrae
674 1227 874 1283 propter
895 1217 1289 1281 justumpatrem
1315 1215 1586 1280 pepercisse
1610 1216 1850 1277 novimus,
1878 1225 1924 1262 et
1946 1218 2158 1279 Moysem
2183 1217 2371 1265 veniam

225 1296 520 1362 delinquenti
544 1298 727 1364 populo
752 1306 952 1363 propter
976 1298 1143 1345 merita
1167 1306 1358 1362 patrum
1392 1295 1673 1362 implorasse
1705 1306 1849 1360 atque
1879 1296 2172 1362 impetrasse.

293 1379 450 1426 «Sine
484 1379 763 1444 poenitentia
798 1379 995 1427 enim.»
1034 1379 1181 1436 Quasi
1212 1378 1383 1442 aliquis
1409 1377 1604 1434 diceret,
1642 1394 1747 1441 quae
1783 1393 1899 1424 cura
1933 1378 1993 1425 de
2029 1377 2108 1426 illa
2141 1378 2372 1426 electione

224 1458 535 1524 antiquorum
553 1470 763 1525 patrum,
785 1476 867 1506 seu
893 1458 1294 1525 promissionibus
1311 1459 1384 1506 vel
1403 1457 1647 1505 beneficiis
1667 1474 1696 1505 a
1719 1460 1822 1505 Deo
1840 1457 1930 1505 illis
1947 1458 2062 1506 olim
2079 1458 2240 1519 factis;
2261 1477 2371 1507 cum

223 1554 354 1586 nunc
377 1556 575 1604 prorsus
591 1549 821 1606 appareat
845 1540 893 1586 in
918 1538 1098 1587 malitia
1119 1538 1330 1586 filiorum
1349 1555 1521 1586 eorum
1544 1555 1649 1602 quae
1668 1538 1716 1585 in
1740 1538 1957 1603 patribus
1974 1540 2121 1602 egerit
2137 1541 2374 1587 Dominus

223 1619 312 1683 ipsi
330 1618 596 1685 displicere.
617 1620 932 1686 Respondens
945 1620 1221 1686 Apostolus,
1237 1621 1405 1679 imm0,
1435 1619 1608 1684 inquit,
1634 1639 1656 1663 (ε
1674 1619 1776 1666 sine
1801 1620 2083 1684 poenitentia
2109 1630 2220 1668 sunt
2242 1621 2371 1669 dona

224 1701 312 1747 Dei
347 1710 393 1748 et
426 1701 616 1748 vocatio
641 1701 747 1761 Dei,
768 1721 790 1744 »
820 1700 870 1747 id
897 1710 964 1748 est
992 1716 1244 1765 nunquam
1273 1700 1317 1747 ei
1348 1699 1570 1764 displicet
1604 1715 1653 1746 se
1677 1700 1819 1747 alicui
1849 1699 2117 1765 quidquam
2141 1701 2370 1765 donasse,

223 1780 298 1828 vel
316 1780 379 1828 ad
402 1780 549 1829 fidem
572 1797 868 1846 quemquam
892 1797 1107 1841 vocasse,
1134 1781 1248 1845 quia
1273 1779 1498 1828 videlicet
1520 1780 1931 1828 incommutabilis
1955 1791 2025 1829 est
2048 1783 2250 1830 omnino
2275 1784 2375 1848 ejus

223 1861 467 1923 voluntas,
507 1879 597 1910 nec
627 1878 845 1927 unquam
879 1861 1014 1926 quod
1048 1861 1197 1909 semel
1221 1860 1496 1909 faciendum
1528 1877 1642 1925 essev
1656 1861 1842 1925 judicat
1878 1878 1928 1909 se
1954 1862 2070 1909 illud
2096 1862 2260 1911 secisse
2286 1865 2374 1912 im-

223 1942 398 2007 probat
426 1962 437 1991 z
466 1943 599 2008 quod
624 1944 790 2008 utique
813 1952 938 1991 esset
962 1942 1023 1991 de
1049 1942 1174 1990 facto
1199 1959 1287 1989 suo
1308 1942 1560 2007 poenitere.
1589 1941 1693 1989 Alio
1716 1952 1876 1990 tamen
1903 1944 2052 1991 modo
2078 1946 2220 1993 etiam
2247 1949 2375 1995 Deus

223 2039 579 2089 nonnunquam
605 2024 837 2089 poenitere
866 2023 1058 2083 dicitur,
1080 2022 1317 2071 mutando
1341 2022 1520 2070 scilicet
1549 2023 1624 2070 vel
1650 2022 1864 2070 dolendo
1893 2023 2026 2087 quod
2050 2024 2239 2086 fecerat,
2275 2044 2373 2074 non

221 2103 547 2169 improbando
584 2103 761 2152 factum
806 2121 975 2160 suum,
1016 2103 1067 2150 id
1111 2113 1181 2151 est
1215 2120 1316 2151 non
1349 2102 1615 2167 judicando
1654 2103 1772 2150 illud
1808 2104 1948 2151 fuisse
1987 2105 2167 2153 malum
2185 2141 2197 2162 ,
2241 2109 2372 2171 quod

222 2185 415 2250 proprie
440 2185 718 2251 poenitentia
744 2184 999 2245 diceretur,
1023 2184 1160 2248 juxta
1182 2183 1302 2230 illud
1326 2183 1604 2250 Philosophi
1630 2201 1641 2229 ε
1676 2203 1698 2225 «
1727 2184 2011 2233 Poenitentia
2033 2187 2161 2233 enim
2192 2189 2371 2236 malum

223 2265 401 2312 factum
422 2265 696 2313 comitatur.
717 2285 739 2309 »
770 2268 820 2311 In
846 2265 1008 2312 electis
1029 2264 1119 2312 Dei
1144 2264 1275 2312 dona
1297 2263 1399 2328 ejus
1422 2281 1592 2313 eorum
1615 2264 1922 2312 vocationem
1945 2268 2237 2331 praecedunt,
2257 2270 2373 2318 dum

224 2362 394 2392 eorum
410 2346 589 2393 scilicet
600 2354 835 2411 praeperat
846 2344 1165 2406 voluntatem,
1182 2352 1237 2392 ut
1253 2345 1447 2393 vocanti
1460 2361 1544 2392 eos
1555 2344 1618 2392 ad
1638 2361 1687 2393 se
1701 2347 1980 2408 assentiant,
1996 2358 2043 2395 et
2050 2349 2241 2413 jubenti
2255 2351 2374 2399 obe-

225 2425 374 2474 diant.
395 2446 418 2472 «
439 2428 569 2474 Sicut
593 2427 740 2474 enim.
767 2446 790 2470 »
817 2426 927 2474 Dixi
951 2426 1252 2491 plenitudine
1276 2441 1618 2478 conversarum
1647 2428 1894 2489 Gentium,
1923 2429 2068 2477 etiam
2094 2431 2282 2480 Judaeos
2311 2434 2372 2481 ad

224 2506 372 2555 fidem
404 2507 775 2555 convertendos.
804 2510 900 2554 Nec
931 2507 1111 2554 mirum
1142 2507 1180 2554 si
1216 2505 1298 2553 fiat
1334 2506 1399 2554 ita
1422 2507 1484 2555 de
1514 2507 1624 2569 illis,
1653 2524 1683 2555 o
1710 2524 1797 2556 vos
1821 2510 2052 2571 Gentiles,
2079 2512 2201 2560 sicut
2234 2523 2281 2560 et
2314 2515 2373 2559 de

223 2587 363 2635 vobis
387 2588 565 2636 factum
588 2598 674 2636 est.
700 2591 758 2635 Et
778 2587 875 2635 hoc
900 2597 970 2635 est
998 2605 1008 2633 :
1034 2607 1056 2632 «
1080 2588 1211 2635 Sicut
1227 2588 1374 2648 enim,
1399 2597 1490 2635 etc.
1513 2608 1534 2632 ³)
1558 2608 1579 2631 t<
1604 2591 1809 2653 Propter
1830 2589 2040 2653 illorum,
2062 2593 2154 2640 »id
2169 2604 2239 2640 est
2257 2593 2374 2642 dum

224 2668 445 2716 videlicet
472 2669 564 2716 illis
585 2668 927 2735 repellentibus
956 2685 984 2717 a
1013 2686 1063 2716 se
1093 2668 1483 2734 praedicationem
1504 2670 1723 2733 Apostoli
1745 2669 1807 2717 ad
1832 2673 2027 2734 Gentes,
2055 2676 2256 2722 transire
2278 2677 2373 2723 cito

226 2748 463 2814 compulsi
501 2760 632 2810 sunt,
664 2770 687 2793 «
708 2750 774 2797 ita
801 2759 849 2797 et
877 2749 971 2808 isti,
997 2768 1020 2794 »
1047 2749 1097 2796 id
1124 2759 1195 2796 est
1225 2747 1375 2794 Judaei
1402 2768 1424 2790 «
1448 2766 1578 2796 nunc
1613 2766 1712 2796 non
1746 2750 2056 2800 crediderunt
2087 2755 2135 2801 in
2169 2766 2374 2805 vestram

228 2828 624 2890 misericordiam,
648 2848 672 2874 »
698 2828 748 2875 id
780 2838 849 2875 est
879 2845 980 2876 non
1014 2836 1300 2893 receperunt
1328 2827 1719 2892 praedicationem
1754 2846 1849 2894 qua
1876 2848 1964 2879 vos
1997 2834 2373 2886 misericordiam

225 2926 253 2956 a
277 2911 381 2957 Deo
413 2910 660 2964 consecuti
689 2910 818 2969 estis,
854 2917 909 2956 ut
936 2919 1045 2974 post
1070 2925 1158 2956 vos
1190 2906 1253 2956 ad
1278 2907 1426 2957 fidem
1459 2909 1773 2974 postmodum
1803 2921 1850 2959 et
1877 2914 1967 2978 ipsi
1990 2916 2201 2978 veniant,
2241 2928 2287 2966 et
2316 2936 2375 2967 eo

224 2989 508 3037 humiliores
542 2989 811 3038 efficiantur
840 2989 975 3055 quod
1010 2989 1073 3037 ad
1108 2988 1256 3036 fidem
1284 3005 1371 3036 vos
1399 2999 1679 3054 sequantur,
1708 2993 1842 3056 quasi
1874 2995 2082 3061 exempli
2104 3000 2246 3046 vestri
2279 3017 2377 3048 ma-

226 3071 417 3134 gisterio
455 3071 571 3118 hinc
606 3071 782 3119 edocti.
820 3090 844 3116 «
867 3069 1113 3118 Conclusit
1150 3080 1329 3130 autem,
1351 3089 1375 3113 >³
1401 3069 1451 3116 id
1476 3079 1547 3118 est
1577 3072 1785 3120 caecitate
1813 3073 2106 3125 infidelitatis
2129 3078 2229 3143 jam
2258 3099 2376 3129 con-

227 3152 392 3216 stringi
415 3169 584 3200 omues
613 3162 711 3200 tam
737 3151 926 3200 Judaeos
959 3151 1139 3199 scilicet
1167 3167 1314 3216 quam
1344 3153 1521 3199 Gentes
1549 3154 1786 3218 promisit,
1815 3165 1867 3202 ut
1903 3157 1952 3204 in
1988 3161 2207 3208 omnium
2244 3174 2374 3227 post-

228 3232 430 3279 modum
451 3234 768 3281 conversione
786 3248 1009 3296 magnam
1030 3248 1166 3280 suam
1186 3232 1490 3280 clementiam
1515 3233 1806 3297 ostenderet,
1827 3236 2002 3300 quibus
2026 3240 2245 3289 videlicet
2264 3254 2374 3290 ante

231 3308 377 3356 tidem
401 3310 586 3358 nullum
610 3312 762 3359 inesse
786 3311 1012 3359 meritum
1035 3319 1241 3370 constat,
1259 3310 1371 3375 quia
1397 3310 1498 3357 sine
1522 3310 1617 3359 fide
1640 3312 1934 3377 impossibile
1953 3326 2022 3363 est
2038 3317 2225 3381 placere
2248 3323 2368 3367 Deo.
