2638 3866
207 228 299 277 516
1012 219 1185 266 PETRI
1228 218 1542 266 ABAELARDI

196 329 294 392 jam
320 328 369 374 in
393 342 505 389 rege
531 333 695 370 nostra
718 330 887 384 regnat
917 319 1197 378 substantia,
1219 330 1267 367 et
1298 319 1394 367 illic
1415 336 1605 385 semper
1626 329 1786 368 mente
1819 319 2048 368 membris
2070 320 2343 370 inhabitan-

201 409 319 456 dum
341 423 467 465 esse,
491 420 588 468 quo
610 403 711 466 jam
728 401 1019 466 praecesserit
1046 410 1190 466 caput
1210 410 1458 447 nostrum.·
1477 400 1618 447 Unde
1645 399 1900 466 Apostolus
1913 403 1942 460 ²,
1966 420 1990 446 ι(
2013 403 2129 460 Quae
2154 418 2341 449 sursum
2397 464 2403 468 ,

198 497 327 548 sunt,
365 486 535 549 inquit,
568 482 782 547 quaerite,
811 479 895 528 ubi
921 480 1136 528 Christus
1156 490 1227 528 est
1258 481 1307 527 in
1337 480 1530 528 dextera
1566 481 1655 529 Dei
1693 482 1861 528 Patris.
1885 483 2065 555 »xCum
2096 482 2256 546 itaque
2290 483 2339 529 in
2360 461 2439 544 ft?

198 565 422 614 omnibus
450 579 554 628 quae
582 564 631 609 in
662 578 806 609 carne
829 562 1022 625 gesserit
1047 561 1306 623 Dominus,
1338 570 1513 608 nostrae
1548 562 1607 608 sit
1636 561 1919 609 eruditionis
1954 561 2177 623 intentio,
2214 571 2341 609 recte

196 646 296 693 sola
313 644 553 692 incarnari
576 643 819 707 Sapientia
841 642 1032 701 dicitur,
1067 651 1115 688 et
1147 641 1196 688 in
1224 658 1367 689 carne
1387 658 1531 706 quam
1556 642 1739 707 accepit
1761 643 1850 689 ista
1874 641 2016 688 nobis
2039 641 2338 700 exhibuisse3

195 726 310 790 quia
327 725 388 772 ad
404 725 500 771 hoc
527 724 693 771 omnia
716 723 857 788 gessit
881 723 931 769 in
956 738 1119 781 carne,
1142 731 1196 768 ut
1218 738 1309 769 nos
1335 738 1449 770 vera
1471 722 1682 769 erudiret
1711 723 1967 787 Sapientia,
1994 739 2099 786 quae
2130 722 2192 770 ad
2216 722 2341 769 salu-

194 816 290 853 tem
313 804 604 852 sufficerent.
632 803 729 861 Qui
752 802 839 850 etsi
862 803 912 849 in
932 801 1173 866 aliquibus
1196 802 1272 849 vel
1295 802 1535 850 miraculis
1559 802 1636 850 vel
1658 802 1762 850 aliis
1784 802 1917 850 factis
1937 819 2073 850 suam
2096 802 2342 850 exhiberet

193 887 479 951 potentiam,
521 884 686 932 omnia
717 883 780 931 ad
808 884 1127 930 intentionem
1158 882 1388 931 doctrinae
1412 893 1648 948 spectant,
1685 894 1739 931 ut
1772 884 1904 931 factis
1932 899 2128 948 quoque
2159 900 2250 930 nos
2281 882 2342 930 de

192 966 295 1031 ipsa
322 982 408 1013 sua
443 965 659 1030 potentia
689 964 751 1011 ad
774 963 1138 1029 percipiendam
1170 963 1317 1010 fidem
1348 963 1577 1010 erudiret.
1606 964 1742 1011 Prius
1774 964 1936 1028 itaque
1965 963 2218 1011 docendus
2242 972 2344 1010 erat

190 1045 361 1108 homo,
395 1047 478 1109 qui
505 1044 582 1093 vel
607 1044 824 1091 crederet
855 1045 932 1091 vel
967 1054 1144 1108 ageret,
1182 1044 1358 1092 deinde
1392 1044 1454 1091 ad
1490 1060 1707 1091 amorem
1737 1044 2002 1092 trahendus
2035 1060 2206 1091 eorum
2237 1059 2343 1108 quae

191 1137 370 1174 nosset.
391 1130 500 1173 Haec
514 1136 674 1173 autem
686 1141 791 1189 quae
801 1125 851 1171 in
867 1140 1012 1171 carne
1023 1125 1164 1188 gessit
1178 1125 1437 1185 Dominus,
1453 1124 1516 1171 ad
1528 1124 1799 1173 doctrinam
1815 1125 2034 1184 attinent,
2050 1134 2104 1171 ut
2114 1124 2337 1171 diximus.

191 1206 263 1254 Ad
296 1208 474 1254 amoris
498 1223 614 1253 vero
647 1205 904 1266 fervorem,
940 1205 1025 1269 qui
1055 1206 1220 1252 omnia
1251 1205 1467 1252 tolleret²
1492 1205 1708 1264 adversa,
1742 1215 1798 1252 ut
1833 1204 1984 1252 libera
2013 1221 2134 1252 voce
2163 1202 2343 1267 ubique

190 1296 427 1335 terrarum
451 1287 655 1334 verbum
679 1286 767 1333 Dei
797 1285 1155 1351 praedicaretur,
1192 1286 1368 1333 infusio
1399 1285 1478 1332 illa
1506 1286 1736 1350 Spiritus,
1769 1301 1875 1349 quae
1910 1301 2054 1351 super
2081 1283 2344 1350 discipulos

192 1367 253 1415 de
278 1371 583 1415 Pentecostes
606 1367 654 1413 in
675 1367 794 1430 ⁴igne
823 1376 895 1413 est
923 1366 1150 1414 revelata.
1179 1366 1274 1413 Sed
1294 1366 1408 1414 dicit
1437 1366 1558 1413 mihi
1580 1366 1752 1431 aliquis
1781 1365 1917 1431 quod
1944 1365 2048 1412 haec
2072 1365 2341 1413 incarnatio

190 1463 302 1494 cum
321 1465 375 1494 ex
403 1464 593 1494 summa
618 1446 720 1494 sola
744 1446 1084 1494 misericordiae
1111 1446 1285 1494 divinae
1309 1448 1478 1511 gratia,
1500 1463 1600 1494 non
1625 1463 1681 1494 ex
1706 1447 1887 1494 meritis
1909 1446 2086 1494 nostris
2111 1445 2234 1493 sacta
2261 1446 2338 1505 sit,

192 1529 399 1575 maxime
423 1528 618 1593 Spiritui
644 1526 902 1574 tribuenda
924 1536 1016 1587 est,
1047 1537 1099 1574 ut
1118 1528 1296 1575 scilicet
1327 1528 1534 1593 Spiritus
1560 1528 1722 1593 potius
1753 1543 1900 1592 quam
1926 1527 2070 1574 Filius
2102 1526 2343 1574 incarnari

194 1608 453 1656 diceretur.
481 1608 623 1655 Unde
651 1617 699 1654 et
721 1608 953 1672 scriptum
975 1618 1064 1670 est,
1093 1627 1116 1653 «
1135 1610 1411 1674 Conceptus
1434 1626 1493 1656 ex
1511 1609 1692 1674 Spiritu
1711 1618 1897 1670 sancto,
1920 1627 1942 1652 »
1961 1607 2056 1655 hoc
2071 1616 2143 1655 est
2161 1623 2221 1654 ex
2240 1606 2345 1654 sola

189 1688 485 1753 benignitate
508 1688 848 1735 misericordiae
873 1705 968 1735 suae
984 1689 1281 1736 incarnatus.
1304 1689 1376 1737 Ad
1397 1690 1531 1753 quod
1551 1689 1948 1754 respondendum
1971 1698 2044 1736 est
2059 1687 2194 1751 quod
2213 1686 2346 1736 aliud

190 1780 261 1817 est
284 1770 473 1835 concipi
500 1786 556 1816 ex
583 1769 780 1835 Spiritu,
807 1769 939 1816 aliud
961 1769 1194 1834 Spiritum
1216 1770 1438 1835 concipi,
1465 1770 1562 1817 hoc
1586 1779 1656 1817 est
1678 1770 1947 1830 incarnari3
1974 1770 2098 1817 sicut
2120 1768 2252 1817 aliud
2274 1776 2346 1815 est

189 1866 245 1897 ex
269 1866 395 1915 aqua
418 1859 465 1897 et
487 1850 665 1915 Spiritu
688 1850 981 1914 regenerari,
1010 1849 1140 1896 aliud
1164 1866 1341 1914 aquam
1363 1860 1410 1897 et
1432 1851 1665 1915 Spiritum
1688 1850 1975 1914 regenerari.
1994 1850 2043 1896 Si
2060 1849 2168 1913 quis
2183 1849 2344 1911 itaque

189 1930 287 1976 vim
317 1930 462 1994 hujus
489 1930 842 1978 enunciationis
875 1929 1120 1989 attendat,
1157 1930 1301 1977 Filius
1331 1941 1404 1978 est
1433 1931 1736 1990 incarnatus,
1769 1930 1832 1977 ad
1854 1945 2001 1994 quam
2034 1928 2214 1976 scilicet
2237 1943 2345 1974 eam

187 2020 469 2057 sanctorum
494 2011 755 2058 auctoritas
787 2010 1004 2068 instituit,
1032 2010 1163 2056 solus
1196 2020 1265 2057 est
1291 2010 1438 2057 Filius
1468 2011 1765 2071 incarnatuS,
1797 2026 1898 2058 non
1935 2010 2079 2056 etiam
2105 2010 2244 2055 Pater
2269 2005 2346 2054 vel

188 2089 392 2154 Spiritus
419 2091 461 2136 :³
483 2090 598 2154 quia
627 2089 708 2136 hic
732 2099 804 2137 est
833 2106 1018 2148 sensuS‚
1050 2106 1106 2137 ac
1139 2090 1179 2136 si
1209 2090 1446 2151 dicamus,
1475 2090 1610 2155 quod
1642 2090 1704 2138 ad
1729 2091 1825 2137 hoc
1856 2090 2015 2137 solum
2038 2087 2115 2135 vel
2139 2087 2345 2135 maxime

190 2172 321 2218 Deus
352 2171 628 2218 incarnatus
659 2180 747 2232 est,
784 2180 838 2217 ut
859 2187 973 2218 suos
1000 2170 1364 2235 praedestinatos
1391 2188 1515 2218 verae
1539 2172 1792 2236 Sapientiae
1823 2170 1929 2218 luce
1958 2171 2008 2216 in
2042 2169 2148 2234 ipso
2177 2165 2346 2214 habitu

191 2252 348 2297 carnis
369 2250 546 2298 visibili
575 2250 849 2298 illustraret.
883 2253 1007 2298 Cum
1036 2251 1198 2315 itaque
1229 2251 1326 2297 sint
1356 2252 1407 2298 in
1440 2251 1629 2299 diversa
1663 2267 1813 2316 opera
1847 2251 1990 2297 trium
2027 2263 2347 2314 personarum

190 2347 398 2394 quarum
432 2331 720 2378 nullomodo
756 2331 948 2378 diversa
982 2341 1052 2378 est
1077 2332 1301 2392 essentia,
1326 2348 1417 2396 pro
1448 2331 1723 2379 diversitate
1758 2342 1921 2379 tamen
1954 2345 2275 2395 personarum
2298 2337 2345 2376 et

192 2428 397 2476 operum
420 2411 642 2476 quaedam
670 2411 938 2476 specialiter
961 2427 1111 2476 opera
1131 2412 1218 2457 uni
1241 2428 1459 2476 personae
1481 2422 1732 2476 tamquam
1752 2412 1973 2477 propria,
2002 2409 2224 2474 quaedam
2245 2408 2340 2456 alii.

190 2492 320 2539 Patri
337 2491 535 2556 quidem
559 2492 755 2557 proprie
776 2491 1058 2539 tribuuntur
1074 2508 1131 2539 ea
1150 2508 1256 2555 quae
1276 2492 1338 2539 ad
1358 2494 1625 2557 potentiam
1646 2493 1908 2558 pertinent,
1931 2491 2053 2538 sicut
2072 2499 2143 2537 est
2158 2505 2344 2536 creasse

190 2582 363 2619 cuncta
393 2589 451 2620 ex
473 2572 647 2632 nihilo,
683 2589 770 2637 per
790 2571 1007 2619 Verbum
1036 2581 1200 2619 tamen
1233 2588 1392 2631 suum,
1421 2589 1522 2620 non
1547 2572 1764 2620 Verbum
1787 2588 1873 2636 per
1896 2574 2116 2629 Patrem3
2143 2569 2220 2615 vel
2252 2568 2346 2615 dis-

189 2669 372 2716 ponere
402 2654 567 2700 omnia
594 2670 685 2719 pro
721 2652 921 2700 arbitrio
951 2670 1067 2713 suo,
1094 2653 1172 2700 vel
1202 2654 1460 2718 imperare,
1484 2652 1561 2699 vel
1595 2652 1711 2699 dare
1742 2661 2021 2717 potestates,
2046 2650 2123 2697 vel
2157 2649 2344 2697 mittere

190 2732 362 2779 Filium
385 2751 526 2781 suum
551 2734 601 2780 in
626 2733 884 2795 mundum,
910 2733 988 2780 vel
1014 2732 1343 2781 obedientiam
1369 2733 1605 2798 impendi,
1632 2732 1764 2779 unde
1788 2732 2019 2796 scriptum
2042 2732 2139 2778 est*
2165 2749 2188 2772 α
2209 2728 2344 2776 Obe—

193 2811 328 2859 diens
365 2815 519 2873 Patri,
540 2834 563 2858 »
590 2823 637 2861 et
667 2824 915 2879 postremo
948 2814 1114 2861 omnia
1141 2830 1247 2878 quae
1280 2813 1342 2860 ad
1369 2813 1638 2878 potentiam
1662 2829 1720 2859 ac
1745 2812 2063 2859 reverentiam
2090 2809 2345 2873 majestatis

192 2893 459 2954 pertinent,
496 2896 624 2941 Patri
655 2895 921 2959 specialiter
953 2893 1250 2951 tribuuntur,
1291 2894 1427 2958 quod
1462 2894 1606 2941 etiam
1642 2892 1789 2940 verba
1825 2892 1997 2940 Christi
2033 2900 2198 2956 aperte
2231 2888 2346 2936 insi-

195 2981 361 3032 nuant,
390 2990 501 3019 cum
525 2974 746 3021 videlicet
778 2974 1055 3022 humanitas
1085 2974 1187 3038 ejus
1217 2975 1266 3021 in
1299 2975 1536 3022 anxietate
1563 2975 1716 3040 posita
1736 3011 1748 3033 ,
1784 2973 2007 3037 quotiens
2039 2988 2067 3019 a
2096 2969 2343 3018 divinitate

195 3050 243 3096 in
271 3067 417 3098 unam
438 3069 695 3116 personam
721 3054 811 3100 sibi
830 3055 966 3103 unita
985 3071 1131 3119 opem
1147 3055 1357 3115 virtutis,
1377 3065 1459 3102 aut
1475 3056 1908 3118 quotienscumque
1924 3068 2088 3118 preces
2104 3051 2150 3097 ei
2167 3048 2340 3107 fundit,

193 3130 298 3178 solo
322 3131 563 3179 vocabulo
587 3134 739 3179 Patris
765 3136 939 3193 utitur,
972 3136 1126 3199 ipsam
1160 3135 1340 3182 scilicet
1366 3133 1801 3182 commemorando
1832 3132 2100 3197 potentiam
2127 3145 2222 3193 qua
2251 3143 2341 3193 po·

237 3317 242 3335 ¹
262 3314 383 3355 Colos„
401 3324 472 3356 cap.
493 3324 547 3355 ιιι,
568 3324 600 3348 v.
621 3320 650 3349 1.
668 3317 727 3338 -ἒ
739 3314 826 3356 Lege
844 3315 1027 3350 Toleraret.
1044 3334 1083 3341 —
1098 3317 1176 3350 ³Hic
1193 3319 1306 3350 deesse
1324 3318 1448 3359 aliquid
1459 3319 1676 3358 suspicamur,
1694 3323 1727 3349 at
1747 3303 1891 3350 Videbit.
1906 3317 1964 3339 —⁴
1979 3313 2092 3353 Phil..
2114 3322 2188 3353 cap.
2206 3321 2240 3353 ιι,
2258 3322 2289 3344 v.
2307 3313 2340 3345 8.
