2638 3866
270 163 366 210 798
1192 161 1499 210 APPENDIX.

268 264 384 306 Deus
406 274 499 306 tota
521 263 703 306 trinitas.
734 282 750 300 »
780 264 1066 323 Augustinus:
1096 282 1114 300 «
1141 263 1291 323 Igitur,
1317 273 1367 305 ut
1400 279 1490 306 non
1518 263 1658 306 solum
1679 263 1799 323 quod
1820 263 1972 307 beatus
1993 264 2247 308 Ambrosius
2273 281 2424 309 verum

270 354 313 386 et
345 343 463 402 qu'od
491 354 661 386 sanctus
692 343 981 403 Hieronymus
1016 343 1159 387 dicam
1186 359 1197 386 ε
1235 360 1325 386 ιιοῐι
1368 344 1510 387 solum
1541 343 1809 388 divinitatem
1838 345 1970 405 patris
2002 345 2079 388 sed
2114 361 2194 388 nec
2238 345 2315 388 filii
2343 361 2423 390 nec

269 422 439 480 spiritus
483 421 618 478 sancti
651 432 849 463 naturam
877 431 1055 480 possunt
1083 422 1198 464 oculi
1227 422 1365 464 carnis
1399 422 1603 481 aspicere.
1633 442 1652 461 ι
1686 423 1796 465 Item
1823 422 1869 464 in
1904 422 2118 464 Doctrina
2145 422 2387 465 christiana
2409 439 2420 467 ι

272 521 291 539 α
312 502 398 543 Res
418 501 572 559 quibus
591 499 790 554 fruimur,
816 511 939 560 pater
960 511 1004 543 et
1021 500 1131 544 filius
1147 512 1189 544 et
1203 502 1373 560 spiritus
1396 511 1584 555 sanctus,
1614 512 1657 545 et
1677 502 1771 544 haec
1790 502 1956 545 trinitas
1980 517 2066 544 una
2095 501 2422 560 quodammodo

267 596 334 623 res
357 591 435 623 est.
456 601 474 619 »
502 582 614 623 Item
640 596 650 623 z
674 601 691 619 «
718 582 769 623 In
791 581 992 627 omnibus
1014 582 1141 624 rebus
1178 581 1262 624 illae
1288 582 1391 624 solae
1419 593 1518 625 sunt
1552 583 1707 641 quibus
1744 582 1976 625 fraendum
2005 592 2092 636 est,
2117 597 2221 641 quas
2244 593 2424 626 aeternas

267 671 395 719 atque
437 661 812 704 incommutabiles
842 660 1043 704 diximus.
1069 681 1088 699 »
1114 661 1238 704 Idem
1275 661 1328 703 de
1349 663 1504 720 Agone
1523 662 1760 705 christiano
1781 678 1795 704 :
1827 682 1844 700 α
1871 662 2105 705 Credamus
2127 662 2172 703 in
2194 672 2360 720 patrem
2375 672 2424 706 et

265 740 400 783 filium
426 750 470 783 et
496 741 692 800 spiritum
722 752 939 795 sanctum,
971 742 1071 802 haec(
1095 752 1254 784 aeterna
1282 752 1381 784 sunt
1409 752 1536 801 atque
1557 741 1943 785 incommutabilia.
1972 763 1990 780 n
2017 741 2147 784 Unde
2168 741 2385 785 Johannes
2407 757 2419 786 ε

270 842 289 859 «
305 822 418 884 Tresv
431 831 531 863 sunt
548 821 594 863 in
617 821 742 874 coelo,
768 821 842 880 qui
860 822 1154 864 testimonium
1177 822 1427 880 perhibent,
1445 832 1568 881 pater
1584 832 1627 864 et
1646 822 1756 864 filius
1778 832 1823 864 et
1840 822 2010 881 spiritus
2028 831 2213 864 sanctus.
2243 841 2262 859 2»
2282 821 2423 864 Scien-

266 900 370 943 dum
405 911 470 944 est
495 916 622 955 vero,
648 900 767 959 quod
795 901 841 943 in
868 901 1104 944 substantia
1132 912 1289 944 sanctae
1312 902 1513 944 trinitatis
1534 901 1737 961 quaelibet
1758 902 1937 945 nomina
1967 918 2056 945 non
2085 900 2203 944 aliud
2232 911 2276 944 et
2305 901 2424 945 aliud

264 980 505 1041 significant
519 969 542 1035 ’‚
564 982 651 1023 sive
674 991 883 1039 quantum
915 981 972 1024 ad
994 992 1137 1040 partes
1161 982 1248 1024 sive
1270 972 1480 1040 quantum
1505 981 1561 1033 ad
1583 982 1827 1040 qualitates,
1851 981 1927 1025 sed
1947 982 2085 1041 ipsam
2107 981 2243 1024 solam
2264 997 2355 1024 non
2377 982 2423 1025 in

231 1054 236 1061 ³
262 1073 405 1122 partes
453 1061 634 1104 divisam
680 1077 761 1104 nec
796 1078 874 1121 per
912 1063 1135 1121 qualitates
1172 1073 1381 1105 mutatam
1425 1061 1665 1122 significant
1696 1063 1994 1106 substantiam.
2041 1062 2144 1105 Non
2179 1062 2308 1122 igitur
2344 1078 2423 1122 per

262 1158 491 1202 personam
523 1141 640 1185 aliud
671 1141 832 1201 aliquid
860 1142 1144 1201 significamus
1177 1159 1310 1202 quam
1342 1158 1420 1202 per
1448 1142 1754 1197 substantiam,
1791 1142 1891 1185 licet
1921 1157 1974 1185 ex
2002 1141 2194 1201 quadam
2214 1141 2423 1201 loquendi

262 1221 571 1265 consuetudine
595 1221 809 1280 triplicare
838 1222 1049 1265 soleamus
1069 1239 1323 1282 personam,
1351 1239 1442 1266 non
1473 1222 1770 1276 substantiam,
1803 1223 1912 1265 sicut
1935 1222 2076 1265 Graeci
2107 1222 2322 1282 triplicare
2345 1238 2422 1265 so-

263 1302 354 1345 lent
389 1302 687 1345 substantiam.
720 1301 871 1360 Neque
893 1318 995 1345 vero
1028 1302 1261 1346 dicendum
1296 1313 1381 1357 est,
1416 1301 1535 1361 quod
1567 1303 1613 1344 in
1642 1302 1727 1345 fide
1761 1303 1961 1346 trinitatis
1993 1313 2136 1345 errent
2162 1302 2421 1362 triplicando

263 1383 569 1433 substantiam,
602 1383 702 1440 quia
726 1382 826 1425 licet
849 1382 971 1426 aliter
1004 1382 1150 1426 dicant
1174 1398 1306 1442 quam
1331 1399 1428 1437 nos,
1455 1382 1501 1425 id
1523 1393 1670 1425 tamen
1697 1383 1880 1426 credunt
1901 1383 2018 1442 quod
2041 1398 2141 1437 nos,
2167 1383 2290 1441 quia,
2315 1383 2423 1426 sieut

265 1463 474 1515 diximus,
508 1463 594 1505 sive
624 1478 809 1522 persona
838 1463 924 1506 sive
954 1463 1191 1506 substantia
1222 1463 1308 1506 sive
1341 1463 1522 1506 essentia
1551 1463 1598 1504 in
1619 1463 1712 1506 Deo
1737 1479 1910 1522 prorsus
1941 1462 2059 1505 idem
2086 1461 2340 1521 significant.
2367 1463 2421 1505 In

264 1544 480 1587 locutione
516 1543 633 1586 enim
669 1554 839 1585 tantum
873 1543 1094 1586 diversitas
1132 1554 1220 1598 est,
1261 1544 1306 1585 in
1344 1542 1430 1586 fide
1475 1545 1638 1598 unitas,
1679 1543 1870 1602 alioquin
1899 1545 1991 1600 jam
2024 1559 2113 1593 non
2151 1552 2261 1585 esset
2304 1542 2422 1602 apud

264 1625 438 1667 Graecos
472 1622 664 1665 ecclesia.
699 1622 744 1664 Si
779 1633 923 1665 autem
957 1623 1038 1682 ipsi
1066 1623 1124 1665 sic
1153 1623 1372 1682 loquendo
1405 1639 1541 1666 unum
1578 1623 1728 1666 dicunt
1745 1655 1756 1677 ,
1795 1638 1928 1682 quare
1963 1638 2043 1666 nos
2078 1621 2196 1665 idem
2233 1621 2420 1666 dicendo

263 1704 524 1746 mentiamur
555 1719 646 1745 non
679 1701 825 1745 video.
854 1723 871 1740 »
901 1703 965 1745 De
989 1702 1230 1746 diversitate
1254 1703 1409 1746 divinae
1449 1704 1696 1747 substantiae
1732 1704 1819 1746 sive
1851 1719 1929 1763 per
1960 1703 2183 1762 qualitates
2220 1703 2309 1746 sive
2345 1718 2422 1762 per

264 1794 405 1843 partes
423 1783 574 1826 beatus
586 1782 856 1835 Ambrosius,
873 1782 925 1824 de
940 1782 1068 1835 Fide,
1096 1794 1139 1825 et
1158 1783 1309 1826 beatus
1322 1785 1601 1843 Augustinus,
1623 1785 1676 1826 de
1700 1784 1935 1838 Trinitate,
1960 1783 2019 1825 sic
2040 1782 2293 1842 loquuntur.
2310 1783 2420 1824 Am-

264 1864 433 1906 brosius
453 1879 463 1906 :
491 1883 507 1901 α
523 1864 639 1905 Deus
661 1877 823 1905 nomen
847 1872 910 1904 est
934 1861 1180 1904 substantiae
1207 1863 1430 1922 simplicis,
1454 1879 1544 1905 non
1567 1866 1809 1920 conjunctae
1837 1863 1905 1905 vel
1925 1863 2199 1921 compositae,
2225 1863 2293 1904 cui
2315 1861 2423 1904 nihil

265 1943 447 1999 accidat,
465 1942 540 1986 sed
564 1943 702 1985 solum
713 1942 832 2001 quod
846 1942 1041 1985 divinum
1063 1953 1126 1985 est
1146 1943 1192 1986 in
1215 1954 1367 1985 natura
1387 1944 1546 1986 habeat
1564 1959 1655 1986 sua.
1674 1963 1690 1981 u
1706 1943 1986 2002 Augustinus:
2004 1962 2020 1979 α
2037 1941 2252 2000 Quicquid
2265 1957 2419 1984 secun-

265 2024 370 2066 dum
385 2024 609 2083 qualitates
631 2023 717 2065 dici
737 2033 859 2082 pater
869 2021 1056 2075 videtur,
1079 2021 1316 2064 secundum
1337 2023 1618 2065 substantiam
1637 2033 1681 2065 et
1705 2023 1931 2067 essentiam
1949 2032 2013 2064 est
2034 2021 2377 2081 intelligendum.
2394 2042 2413 2060 n

263 2105 376 2147 Item
403 2119 412 2146 :
443 2124 459 2141 «
485 2103 673 2145 Nomina
696 2113 881 2161 quatuor
904 2113 1024 2156 sunt,
1049 2117 1116 2144 res
1139 2112 1283 2145 autem
1303 2118 1389 2145 una
1418 2114 1496 2146 est.
1530 2102 1717 2157 Quando
1751 2118 1852 2162 ergo
1883 2103 1976 2144 haec
2007 2101 2422 2157 noniinagvariamus

265 2185 350 2226 sive
373 2183 642 2243 singulariter
671 2183 757 2225 sive
785 2182 1005 2241 pluraliter
1025 2181 1311 2241 proferendo,
1344 2199 1456 2237 non,
1486 2183 1587 2241 quia
1615 2182 1732 2226 aliud
1759 2198 1895 2225 unum
1926 2197 2056 2241 quam
2087 2181 2267 2224 alterum
2296 2182 2422 2241 signi-

264 2264 385 2319 ficet,
410 2266 494 2307 hoc
523 2264 724 2317 facimus,
757 2262 834 2305 sed
854 2278 935 2321 pro
964 2262 1055 2305 sola
1082 2262 1351 2321 loquentium
1372 2264 1617 2318 voluntate,
1648 2264 1803 2323 quibus
1823 2264 1917 2306 talis
1938 2261 2146 2319 loquendi
2174 2277 2274 2304 usus
2294 2278 2419 2305 com-

265 2345 443 2404 placuit.
474 2345 518 2387 Si
542 2345 659 2387 enim
682 2343 859 2386 diversae
882 2354 1025 2402 partes
1046 2343 1108 2385 ibi
1127 2355 1291 2396 essent,
1315 2355 1364 2386 ut
1386 2344 1518 2387 altera
1541 2360 1749 2403 persona,
1775 2344 1907 2387 altera
1930 2343 2165 2386 substantia
2187 2343 2416 2396 diceretur,

266 2425 454 2468 fortassis
483 2425 593 2467 ratio
623 2423 763 2482 aliqua
795 2439 943 2466 earum
980 2439 1057 2466 cur
1084 2440 1223 2466 uuum
1252 2423 1539 2483 singulariter,
1575 2424 1755 2467 alterum
1782 2423 2002 2483 pluraliter
2029 2423 2341 2482 proferremus,
2372 2432 2422 2464 ut

265 2505 468 2559 hominis,
504 2505 604 2563 quia
628 2504 710 2546 alia
730 2519 828 2563 pars
858 2514 922 2546 est
948 2519 1129 2563 corpus,
1162 2505 1243 2547 alia
1273 2504 1440 2557 anima,
1470 2519 1604 2548 unam
1634 2505 1823 2547 animam
1845 2504 2044 2557 dicimus,
2075 2503 2151 2545 sed
2172 2502 2295 2562 plura
2317 2517 2419 2545 cor-

269 2601 376 2645 pora
410 2595 587 2645 propter
618 2584 809 2643 corporis
842 2594 983 2643 partes
1014 2583 1227 2639 diversas3
1257 2584 1334 2627 sed
1358 2599 1498 2643 neque
1530 2584 1612 2626 alia
1639 2584 1818 2642 qualitas
1842 2599 1919 2643 per
1940 2598 2191 2643 personam,
2227 2581 2310 2624 alia
2342 2597 2420 2641 per

267 2667 547 2709 substantiam
572 2663 642 2707 vel
672 2665 899 2707 essentiam
927 2663 1249 2724 significaretur,
1275 2666 1376 2724 quia
1389 2697 1400 2719 ,
1426 2666 1535 2708 sicut
1558 2667 1650 2722 jam
1672 2664 1882 2719 diximus,
1906 2664 1952 2706 in
1974 2664 2068 2706 Deo
2101 2663 2217 2705 nulla
2246 2677 2419 2721 prorsus

267 2743 448 2802 qualitas
471 2754 549 2786 est.
569 2763 586 2781 ιι
598 2742 665 2785 Ex
676 2743 759 2785 hac
778 2742 906 2802 igitur
927 2753 1172 2800 sanctarum
1194 2742 1507 2802 Scripturarum
1522 2743 1828 2786 numerositate
1849 2741 2030 2802 diligens
2050 2741 2185 2784 lector
2204 2739 2416 2800 intelligit,

269 2836 437 2867 sanctos
463 2824 538 2882 qui
565 2839 636 2866 eas
660 2823 1003 2881 conscripserunt
1027 2839 1301 2882 nequaquam
1329 2825 1374 2866 in
1396 2825 1489 2866 Deo
1513 2834 1678 2866 tantam
1700 2823 2038 2883 singularitatem
2067 2820 2347 2875 intellexisse,
2371 2831 2420 2863 ut

263 2898 356 2946 'una
385 2903 475 2946 sola
506 2919 599 2958 res,
625 2918 712 2945 una
746 2902 972 2962 singularis
1003 2903 1240 2946 substantia
1271 2903 1407 2945 tribus
1438 2903 1519 2946 illis
1550 2904 1797 2947 nominibus
1827 2902 2126 2962 appellaretur,
2161 2917 2216 2944 ne
2246 2902 2331 2943 hoc
2362 2900 2417 2944 de

268 2983 363 3026 Deo
392 2984 619 3026 sentientes
647 2983 691 3024 in
720 2982 838 3024 illam
865 2982 1155 3025 Sabellianam
1182 2983 1366 3026 haeresin
1399 2983 1663 3026 laberentur.
1688 2982 1827 3026 Multa
1854 2984 1971 3025 e‘nim
1992 2980 2339 3024 inconvenientia
2364 2995 2417 3022 ex

266 3064 348 3106 hac
381 3062 622 3105 sabelliana
653 3062 945 3122 singularitate
979 3062 1149 3106 videtur
1180 3064 1401 3122 consequi.
1440 3064 1591 3123 Neque
1621 3079 1724 3106 vero
1759 3079 1810 3106 ea
1839 3078 1934 3122 quae
1967 3061 2057 3105 dixi
2087 3061 2188 3125 ideo
2221 3060 2334 3115 dixi,
2369 3071 2417 3102 ut

267 3142 453 3201 aliquem
485 3141 688 3195 doceam,
714 3141 790 3184 sed
811 3143 953 3200 potius
967 3174 978 3196 ,
1012 3143 1046 3184 si
1074 3158 1213 3185 sacras
1236 3143 1474 3202 Scripturas
1503 3159 1593 3186 non
1620 3154 1736 3186 recte
1764 3142 1958 3202 intelligo
1973 3174 1985 3196 ,
2017 3141 2202 3195 discam,
2239 3140 2340 3198 quia
2370 3139 2415 3180 in

268 3222 470 3266 omnibus
503 3222 692 3281 paratior
721 3237 817 3263 sum
845 3221 1007 3265 discere
1040 3238 1170 3280 quam
1200 3222 1381 3277 docere,
1423 3233 1467 3265 et
1497 3223 1611 3265 malo
1648 3222 1796 3265 audire
1830 3222 2082 3282 magistrum
2111 3234 2242 3278 quam
2277 3217 2418 3260 audiri
