2638 3866
244 257 338 303 570
1046 247 1219 299 PETRI
1257 250 1573 300 ABAELARDI

241 366 451 415 potestate
471 355 693 397 hominem
715 353 755 395 ei
778 352 943 395 auferre
961 362 1178 411 potuerat,
1200 353 1335 412 magis
1352 353 1515 410 justitia
1530 363 1573 396 et
1586 352 1828 396 humilitate
1849 354 1894 395 in
1917 369 2017 397 eum
2035 366 2241 401 uteretur.
2261 358 2382 403 Alio-

241 421 344 480 quin
373 421 528 464 inferre
555 419 595 462 ei
621 419 823 475 injuriam
844 417 1086 472 videretur,
1121 433 1218 461 cum
1236 435 1240 439 ·
1247 421 1343 475 jure
1371 419 1592 462 hominem
1615 420 1689 478 qui
1715 435 1760 463 se
1782 419 1843 462 illi
1871 421 2211 481 mancipaverat,
2242 426 2384 483 possi-

243 487 379 530 deret.
414 487 506 544 Ego
537 500 640 527 vero
666 499 690 527 e
718 495 869 527 contra
892 482 1006 537 dico,
1032 494 1077 526 et
1100 485 1267 528 ratione
1286 483 1687 544 irrefragiliprobo,
1716 485 1835 544 quod
1864 485 2060 530 diabolus
2086 488 2133 530 in
2161 488 2383 533 hominem

242 552 405 594 nullum
423 552 490 606 jus
511 550 728 592 habuerit.
753 550 904 609 Neque
920 550 1043 600 ‚enim
1059 551 1133 608 qui
1154 566 1254 593 eum
1276 549 1531 610 decipiendo
1555 567 1580 594 a
1600 551 1862 608 subjectione
1886 550 2051 594 domini
2073 554 2136 595 sui
2158 553 2379 608 alienavit,

241 617 424 674 aliquam
455 626 713 675 potestatem
743 631 869 675 super
899 631 998 658 eum
1030 615 1179 658 debuit
1202 616 1415 676 accipere3
1446 617 1605 676 potius,
1630 617 1664 659 si
1687 633 1818 676 quam
1846 618 1963 677 prius
1984 617 2164 661 haberet
2182 651 2194 673 ‚
2234 619 2383 663 debuit

239 683 448 724 amittere.
475 681 560 735 Qui
582 682 697 724 enim
722 697 922 724 concessa
949 681 1030 723 sibi
1058 681 1247 731 abutitur
1276 692 1513 742 potestate,
1543 684 1632 740 ejus
1659 682 1930 743 privilegium
1963 694 2152 726 meretur
2181 684 2379 743 perdere.

241 746 357 788 Sicut
389 747 422 789 si
445 758 586 789 essent
606 758 689 790 tres
712 747 819 790 servi
842 747 1017 803 alicujus
1041 746 1221 798 domini,
1248 763 1433 806 quorum
1453 748 1530 790 uni
1555 749 1883 808 praerogativam
1904 765 2031 809 super
2063 749 2166 792 alios
2198 749 2383 793 dedisset

242 811 466 866 dominus,
500 822 542 854 et
570 812 641 855 ille
663 829 688 855 a
710 812 902 855 dominio
935 812 1102 855 domini
1128 823 1171 855 et
1199 813 1462 870 subjectione
1489 813 1738 856 subtrahere
1768 814 1993 869 niteretur,
2027 830 2116 857 non
2154 831 2279 875 super
2307 831 2382 859 eos

238 888 495 936 potestatem
513 878 698 937 aliquam
721 879 931 938 acciperet
952 894 977 920 a
1000 878 1195 933 domino,
1221 877 1297 922 sed
1319 890 1418 922 ante
1440 895 1685 923 concessam
1702 895 1756 922 ex
1776 881 1967 939 nequitia
1982 896 2056 923 sua
2076 881 2290 940 perderet.
2306 883 2382 926 Est

238 953 281 984 et
311 943 394 986 alia
422 960 572 998 causa,
607 960 737 1004 quare
767 946 836 1001 jus
863 943 1030 986 nullum
1051 945 1097 986 in
1120 960 1173 988 eo
1194 945 1418 999 habuerit,
1450 946 1552 1004 quia
1578 945 1649 988 ille
1671 961 1715 988 se
1743 946 1784 988 ei
1807 946 2076 1005 emancipare
2098 962 2190 989 non
2220 949 2377 1006 potuit.

240 1007 513 1069 Quamquam
543 1011 659 1053 enim
685 1010 833 1069 aliquis
855 1026 998 1053 servus
1022 1026 1046 1053 a
1067 1009 1243 1054 domino
1266 1026 1343 1054 suo
1368 1010 1524 1071 fugiat,
1548 1027 1639 1054 non
1660 1022 1805 1054 tamen
1830 1011 1952 1054 alteri
1974 1026 2017 1054 se
2035 1013 2131 1068 jure
2152 1027 2231 1071 pro
2257 1028 2381 1056 servo

238 1074 406 1118 tradere
436 1087 592 1136 potest.
626 1077 760 1136 Igitur
791 1092 890 1119 cum
916 1092 1060 1119 servus
1080 1077 1467 1137 emancipationem
1503 1077 1567 1119 sui
1595 1076 1733 1120 facere
1765 1093 1856 1120 non
1885 1077 2043 1136 possit,
2066 1078 2200 1120 homo
2236 1089 2381 1122 autem

240 1141 626 1201 emancipationem
649 1142 775 1185 istam
796 1142 958 1194 fecerit,
985 1153 1152 1185 constat
1171 1143 1393 1186 hominem
1420 1143 1499 1185 sub
1521 1153 1730 1203 potestate
1756 1142 1919 1186 diaboli
1944 1158 2035 1185 non
2055 1143 2198 1197 fuisse,
2225 1159 2305 1187 nec
2326 1144 2381 1187 de

239 1207 328 1262 ejus
350 1208 550 1251 servitute
570 1206 844 1268 redemptum
865 1223 971 1251 esse.
993 1207 1125 1251 Venit
1147 1224 1250 1269 ergo
1273 1209 1404 1251 Filius
1423 1208 1527 1270 Dei,
1553 1224 1643 1251 11011
1666 1219 1714 1251 ut
1733 1209 1956 1251 hominem
1978 1208 2032 1251 de
2051 1220 2265 1268 potestate
2290 1209 2384 1253 dia-

238 1270 330 1314 boli
360 1272 615 1328 redimeret,
643 1289 741 1316 cum
776 1289 857 1317 nec
887 1274 978 1334 ipse
1010 1273 1207 1316 diabolus
1231 1274 1417 1333 pretium
1457 1273 1633 1333 aliquod
1676 1274 1779 1317 inde
1809 1275 2041 1334 reciperet,
2075 1275 2210 1318 immo
2240 1276 2382 1318 homi-

237 1352 339 1379 nem
371 1355 592 1398 nunquam
621 1339 946 1383 reconciliatum
962 1341 1057 1383 Deo
1090 1339 1244 1394 vellet,
1278 1339 1355 1383 sed
1386 1350 1435 1383 ut
1465 1356 1566 1383 eum
1597 1356 1622 1383 a
1653 1340 1852 1384 servitute
1883 1341 2069 1400 peccati,
2108 1340 2382 1384 dilectionem

238 1417 358 1445 suam
391 1404 431 1447 ei
459 1405 715 1461 infundens,
750 1405 998 1459 redimeret,
1031 1421 1075 1449 se
1102 1406 1244 1465 ipsum
1264 1407 1452 1466 pretium
1482 1416 1525 1449 et
1546 1406 1732 1449 hostiam
1754 1421 1905 1466 puram
1935 1407 2045 1466 patri
2079 1405 2304 1450 offerendo
2340 1418 2383 1449 et

238 1467 460 1514 solvendo.
481 1471 577 1515 Hoc
599 1471 744 1514 multis
768 1470 953 1530 denique
972 1471 1114 1514 modis
1137 1471 1244 1527 aliis,
1269 1472 1344 1516 sed
1360 1471 1479 1515 nullo
1501 1483 1591 1515 tam
1611 1472 1885 1516 convenienti
1907 1471 2046 1515 facere
2068 1472 2225 1531 potuit.
2247 1472 2384 1516 Possi-

236 1533 378 1577 bilitas
391 1546 536 1580 tamen
559 1538 639 1581 ista
663 1537 718 1580 ad
741 1537 847 1596 quid
868 1537 1093 1592 referatur,
1116 1538 1216 1581 satis
1237 1554 1447 1599 superque
1470 1538 1570 1581 satis
1593 1537 1926 1581 determinatum
1947 1553 2036 1580 esse
2059 1538 2258 1581 arbitror.
2273 1539 2380 1580 Cum

239 1610 383 1643 autem
407 1602 568 1664 aliquid
589 1604 701 1646 bene
724 1603 863 1647 facere
887 1604 1011 1646 nobis
1031 1602 1234 1658 sufficiat,
1257 1621 1348 1648 non
1370 1620 1470 1648 eum
1492 1605 1565 1663 qui
1585 1619 1751 1646 summe
1773 1603 1914 1646 bonus
1935 1614 2000 1646 est
2015 1636 2027 1659 ,
2049 1604 2130 1646 nisi
2151 1619 2204 1647 eo
2228 1603 2379 1657 modo,

239 1680 324 1723 quo
357 1668 507 1712 melius
539 1680 682 1729 potest
708 1670 902 1723 evenire,
928 1668 1165 1728 quidquam
1192 1669 1332 1713 facere
1360 1670 1562 1713 convenit
1583 1668 1650 1713 vel
1683 1669 1820 1712 decet.
1845 1668 1932 1712 Sed
1965 1668 2085 1712 nullo
2114 1669 2283 1712 meliori
2310 1681 2384 1713 aut

239 1732 368 1775 etiam
394 1744 484 1777 tam
507 1735 627 1777 bono
650 1735 784 1778 modo
812 1735 1055 1794 redemptio
1075 1735 1155 1778 ista
1176 1736 1319 1795 potuit
1338 1735 1445 1790 fieri,
1471 1751 1601 1795 quam
1623 1735 1658 1778 si
1679 1734 1810 1779 Filius
1840 1736 1921 1778 Dei
1946 1735 2081 1778 homo
2110 1735 2247 1778 fieret.
2273 1735 2381 1778 Cum

236 1797 371 1842 homo
390 1816 575 1860 namque
599 1817 624 1844 a
644 1812 821 1860 peccato
844 1812 953 1844 esset
966 1799 1229 1855 liberandus,
1251 1801 1495 1862 oportebat,
1510 1812 1558 1844 ut
1578 1801 1719 1844 verbis
1739 1800 1988 1860 praedicatio
2005 1813 2048 1844 et
2067 1817 2249 1861 operum
2264 1802 2382 1844 exhi-

237 1861 345 1907 bitio
368 1865 503 1911 fieret.
531 1868 637 1910 Haec
660 1878 804 1910 autem
826 1878 915 1909 tam
931 1867 1236 1910 convenienter
1257 1867 1471 1926 nequiret,
1496 1867 1578 1909 nisi
1590 1866 1721 1910 Filius
1742 1867 1824 1909 Dei
1845 1868 1979 1910 homo
2001 1868 2136 1910 factus
2155 1867 2379 1911 hominem

237 1929 478 1976 instrueret.
498 1933 566 1976 Sic
582 1934 696 1976 enim
713 1944 756 1976 et
776 1934 910 1976 homo
927 1932 1078 1975 melior
1099 1931 1235 1987 fieret,
1254 1943 1296 1975 et
1309 1932 1507 1976 diabolus
1528 1933 1662 1993 magis
1678 1931 1860 1987 doleret,
1882 1934 1957 1992 qui
1978 1944 2138 1992 quanto
2159 1932 2379 1986 meliorem

236 1995 459 2041 hominem
480 1999 612 2052 videt,
641 2009 762 2042 tanto
784 2000 918 2058 magis
939 1998 1125 2051 invidet,
1150 2009 1193 2041 et
1213 2010 1375 2057 quanto
1396 2000 1532 2059 magis
1551 1998 1737 2053 invidet,
1763 2009 1885 2042 tanto
1906 1999 2041 2059 magis
2064 1998 2194 2042 debet
2215 2000 2375 2058 puniri.

236 2061 310 2104 Est
332 2075 375 2106 et
397 2065 479 2109 alia
499 2064 764 2108 rationabilis
785 2080 912 2107 causa
926 2097 938 2119 ,
964 2064 1122 2108 scilicet
1143 2065 1376 2119 humilitas,
1401 2065 1516 2124 quia,
1540 2075 1587 2108 ut
1611 2065 1658 2108 in
1679 2064 1902 2108 Ezechiele
1920 2065 2118 2119 habetur,
2143 2080 2231 2107 vox
2252 2080 2379 2124 super

235 2126 554 2174 firmamentum
582 2147 739 2174 sonans
774 2130 861 2173 alas
884 2142 1078 2173 extensas
1105 2130 1206 2174 facit
1233 2131 1455 2174 inclinare.
1489 2131 1533 2173 Si
1565 2131 1683 2174 enim
1716 2141 1922 2189 martyres
1952 2130 2197 2189 exemplum
2230 2132 2381 2173 mortis

235 2194 389 2237 Christi
411 2213 502 2239 non
518 2196 783 2249 habuissent,
807 2207 946 2238 morte
970 2212 1045 2238 sua
1064 2207 1234 2239 tantum
1256 2213 1335 2256 pro
1357 2198 1452 2239 Deo
1474 2196 1614 2239 facere
1638 2206 1873 2256 putassent,
1900 2211 1985 2255 quo
2008 2195 2104 2255 plus
2126 2196 2275 2254 aliquis
2298 2212 2379 2256 pro

235 2260 329 2302 Deo
355 2261 492 2305 facere
515 2278 637 2322 posse
661 2261 903 2304 nullatenus
929 2262 1156 2305 aestimaret
1181 2278 1191 2305 ε
1214 2263 1315 2306 ideo
1335 2274 1455 2305 tanta
1477 2261 1695 2304 humilitas
1715 2277 1804 2304 non
1831 2273 1953 2304 esset.
1980 2260 2066 2304 Sed
2085 2261 2234 2304 vident
2254 2261 2380 2304 Chri-

236 2336 363 2378 stum,
387 2329 461 2386 qui
481 2329 627 2370 omnia
649 2329 694 2369 in
709 2343 841 2369 manu
857 2343 933 2370 sua
954 2327 1162 2381 habebat,
1186 2329 1384 2371 universa
1406 2327 1764 2371 contumeliarum
1786 2343 1944 2387 genera
1961 2343 2148 2386 passum,
2167 2327 2241 2386 qui
2257 2338 2385 2369 nocte

237 2402 400 2450 captus,
427 2393 483 2435 ad
500 2391 688 2447 Annam,
714 2393 770 2435 ad
791 2394 1014 2451 Caipham,
1036 2393 1089 2435 ad
1105 2392 1306 2448 Pilatum,
1327 2393 1383 2436 ad
1399 2393 1622 2436 Herodem
1639 2393 1808 2447 ductus,
1828 2393 1981 2436 faciem
2000 2393 2178 2446 velatus,
2200 2408 2386 2451 conspu-

235 2467 318 2510 tus,
342 2458 510 2518 ligatus,
536 2458 771 2519 flagellatus
785 2491 796 2511 ,
822 2457 984 2510 illusus,
1009 2458 1146 2517 spinis·
1162 2469 1407 2513 coronatus,
1433 2474 1623 2518 purpura
1646 2458 1836 2512 indutus,
1861 2469 2000 2500 morte
2023 2458 2264 2516 turpissima
2286 2469 2383 2499 tan-

237 2521 337 2566 dem
355 2524 667 2567 condemnatus
689 2535 732 2567 et
753 2539 852 2566 cum
875 2524 1031 2582 iniquis
1055 2535 1117 2566 est
1131 2535 1366 2583 reputatus,
1392 2534 1435 2565 et
1458 2540 1547 2565 non
1563 2523 1702 2566 solum
1721 2524 1766 2565 in
1790 2534 1943 2575 morte,
1969 2539 2120 2566 verum
2136 2523 2266 2565 etiam
2287 2534 2383 2582 post

233 2600 419 2633 mortem
441 2605 540 2633 eum
563 2589 873 2643 custodierunt,
901 2600 946 2632 et
966 2589 1126 2631 famam
1145 2591 1235 2646 ejus
1255 2589 1406 2631 tamin
1429 2604 1490 2642 se,
1517 2604 1647 2646 quam
1666 2589 1712 2630 in
1736 2587 1826 2630 aliis
1846 2588 2115 2647 exstinguere
2137 2587 2380 2647 cupierunt.

234 2655 366 2710 Quod
389 2668 533 2699 autem
553 2656 694 2715 passio
716 2657 796 2699 ista
817 2670 906 2715 prae
923 2655 1087 2698 caeteris
1109 2654 1323 2697 difficilior
1338 2654 1480 2709 fuerit,
1501 2653 1619 2697 idem
1636 2669 1715 2713 per
1731 2654 1995 2697 Hieremiam
2018 2663 2214 2708 testatur,
2237 2651 2383 2696 dicens

235 2722 293 2763 sic
319 2723 396 2765 :0
423 2739 500 2766 vos
522 2737 696 2776 omnes,
720 2722 794 2780 qui
815 2721 1002 2764 tran-sitis
1024 2736 1103 2780 per
1125 2721 1256 2771 viam,
1283 2719 1512 2775 attendite,
1537 2720 1572 2762 si
1595 2730 1658 2763 est
1678 2719 1806 2762 dolor
1827 2720 1935 2762 sicut
1964 2719 2089 2762 dolor
2109 2734 2246 2761 1110115.
2272 2719 2384 2762 Huic

235 2802 338 2847 ergo
358 2789 548 2848 passioni
570 2799 724 2831 cuncta
746 2799 986 2846 martyrum
1005 2797 1221 2830 tormenta
1243 2796 1492 2845 comparata
1515 2785 1636 2844 quasi
1659 2785 1778 2828 nulla
1800 2800 1889 2828 esse
1911 2785 2188 2835 videbuntur,
2215 2794 2258 2827 et
2283 2784 2383 2827 ideo

235 2868 325 2895 non
344 2865 487 2912 potest
507 2854 659 2913 aliquis
681 2870 725 2897 se
746 2854 793 2897 in
813 2854 1010 2912 passione
1032 2853 1094 2895 illi
1118 2853 1398 2912 aequiparare.
1423 2847 1478 2894 Et
1498 2852 1584 2894 hoc
1604 2860 1746 2894 tetum
1768 2850 1928 2893 factum
1948 2861 2136 2904 consuit,
2163 2860 2211 2893 ut
2233 2861 2380 2894 osten-

237 2917 358 2960 deret
378 2931 584 2978 quantam
607 2919 883 2963 dilectionem
912 2920 957 2961 in
982 2919 1159 2962 homine
1180 2918 1377 2972 haberet,
1400 2929 1447 2960 ut
1467 2928 1511 2961 et
1533 2917 1755 2964 hominem
1776 2915 1914 2976 magis
1939 2916 1996 2959 ad
2020 2916 2086 2959 sui
2109 2916 2383 2966 dilectionem

237 2984 505 3028 accenderet.
539 2986 668 3028 Unde
694 3000 704 3028 :
728 2986 779 3028 In
801 2986 885 3027 hoc
914 2995 1175 3044 cognoscent
1209 2999 1384 3036 omnes,
1417 2984 1520 3042 quia
1550 2983 1638 3025 mei
1668 2983 1776 3025 estis·
1796 2982 2007 3042 discipuli,
2045 2982 2079 3024 si
2108 2981 2382 3032 dilectionem

234 3046 466 3091 habueritis
490 3049 545 3092 ad
566 3050 766 3092 invicem.
791 3051 846 3091 Et
867 3050 1099 3108 Apostolus
1127 3064 1137 3091 :
1163 3050 1223 3091 Ut
1244 3049 1349 3107 quid
1371 3050 1585 3097 Christus,
1618 3064 1718 3091 cum
1743 3047 1884 3091 adhuc
1912 3047 2071 3090 infirmi
2099 3061 2283 3090 essemus
2303 3043 2379 3087 ’50-

235 3112 425 3155 cundum
452 3126 619 3174 tempus
633 3131 714 3174 pro
735 3115 877 3174 impiis
904 3125 1098 3157 mortuus
1121 3114 1212 3157 est?
1233 3116 1289 3156 Et
1308 3115 1410 3158 alibi
1438 3131 1448 3158 z
1475 3115 1544 3158 Sic
1566 3116 1682 3158 Deus
1706 3113 1856 3157 dilexit
1877 3113 2089 3156 mundum
2104 3116 2119 3167 ,’
2139 3123 2187 3154 ut
2222 3110 2378 3153 Filium

236 3193 360 3221 suum
388 3179 656 3239 unigenitum
680 3179 818 3222 daret.
846 3180 906 3221 Ut
934 3179 1049 3221 enim
1079 3180 1264 3222 Hilarius
1288 3179 1391 3223 dicit
1418 3196 1428 3223 :
1453 3180 1591 3240 Magis
1621 3179 1769 3222 dilexit
1796 3180 2019 3222 hominem
2049 3192 2179 3235 quam
2207 3186 2381 3218 caeteras

234 3254 460 3287 creaturas.
486 3244 613 3287 Unde
638 3255 680 3286 et
707 3255 884 3303 propter
906 3259 1006 3286 eum
1031 3243 1245 3287 mundum
1268 3245 1389 3298 fecit,
1414 3257 1456 3288 et
1478 3246 1639 3299 omnia,
1669 3260 1765 3303 quae
1790 3254 1889 3286 sunt
1909 3244 1954 3284 in
1977 3252 2133 3284 ornatu
2159 3240 2312 3283 mundi
2335 3251 2378 3282 et

234 3325 333 3352 eum
346 3302 476 3368 'quasi
494 3309 717 3353 dominum
739 3320 782 3351 et
801 3325 1089 3368 possessorem
1111 3311 1155 3352 in
1177 3310 1323 3352 medio
1342 3311 1515 3364 locavit,
1537 3311 1661 3368 eique
1686 3308 1860 3368 angelos
1879 3309 1923 3350 in
1941 3306 2222 3350 ministerium
2246 3305 2380 3365 depu-
