2638 3866
265 252 322 298 lili
332 252 361 298 8
1076 250 1244 297 PETRI
1282 250 1595 299 ABAELARDl

267 352 429 399 christi
471 365 743 415 praeconeS,
783 365 869 414 per
905 366 1027 414 quos
1066 349 1218 398 hostis
1257 350 1459 399 humani
1495 354 1681 416 generis
1721 353 1866 402 fidem
1909 354 2128 401 omnium
2163 353 2404 401 bonorum

272 430 638 478 fundamentum
672 427 960 477 labefactare
1010 440 1228 479 conatur.
1279 431 1463 479 Talium
1510 450 1594 481 ora
1644 434 1896 499 quondam
1934 434 2173 481 miraculis
2213 433 2407 480 obtrusa

266 520 393 570 sunt,
431 525 543 556 cum
573 507 640 555 illi
671 508 847 570 verbis,
880 510 1030 557 sancti
1068 527 1181 557 vero
1214 521 1373 576 patres
1406 513 1689 561 dimicarent
1725 515 1874 562 factis.
1903 513 2237 560 Praeterierunt
2270 513 2405 560 mira-

271 589 395 648 cula,
420 588 569 635 crevit
590 588 799 649 malitia3
824 588 1006 637 fallacia
1028 589 1245 638 membra
1270 608 1356 640 sua
1377 592 1608 640 adversus
1629 594 1877 642 veritatem
1893 594 1993 657 jam
2016 592 2207 640 effrenis
2235 602 2403 647 armat,

268 679 409 734 atque
443 685 596 715 unum
622 669 723 733 jam
758 678 990 734 superest,
1027 680 1081 718 ut
1114 672 1198 735 qui
1234 689 1333 719 non
1372 683 1625 738 possumus
1660 674 1810 733 factis,
1846 690 2113 739 pugnemus
2148 671 2324 731 verbis,
2360 672 2406 719 in

267 751 367 814 ipsa
404 747 574 796 confisi
607 749 806 796 veritate
838 767 945 814 quae
980 750 1239 809 confortat,
1274 752 1465 800 dicens¹
1493 771 1503 800 :
1536 754 1749 801 «Ponite
1778 754 1827 801 in
1857 753 2085 800 cordibus
2110 752 2276 799 vestris
2309 769 2407 799 non

273 829 600 894 praemeditare
635 829 888 894 quomodo
927 830 1284 896 respondeatis;
1311 849 1400 897 ego
1437 834 1568 880 enim
1602 833 1730 881 dabo
1763 832 1902 880 vobis
1937 850 1991 880 os
2029 842 2076 880 et
2109 831 2405 897 sapientiam,

269 910 461 957 cuinon
487 919 716 975 poterunt
738 910 973 968 resistere,
999 920 1047 958 et
1069 911 1400 961 contradicere
1426 930 1594 961 omnes
1617 914 1876 961 adversarii
1903 914 2065 960 vestri.
2089 931 2112 956 »

332 991 487 1054 Supra
514 990 761 1037 universos
794 1000 955 1038 autem
994 991 1216 1039 inimicos
1253 992 1428 1040 Christi
1464 1003 1560 1041 tam
1591 993 1841 1041 haereticos
1873 1010 2021 1059 quam
2055 991 2262 1052 Judaeos,
2313 994 2410 1040 sive

266 1070 495 1129 Gentiles,
524 1069 744 1118 subtilius
766 1069 913 1118 fidem
943 1081 1116 1119 sanctae
1139 1072 1381 1120 Trinitatis
1412 1074 1714 1139 perquirunt,
1743 1084 1790 1122 et
1811 1074 1993 1122 acutius
2022 1072 2270 1137 arguendo
2294 1089 2410 1119 con-

273 1151 478 1198 tendunt
509 1151 803 1216 professores
831 1149 1106 1211 dialecticae,
1145 1169 1230 1200 seu
1262 1154 1599 1218 importunitas
1629 1154 1972 1220 sophistarum,
2002 1170 2126 1218 quos
2151 1151 2409 1200 verborum

270 1232 461 1295 agmine
491 1241 633 1296 atque
670 1248 952 1279 sermonum
990 1231 1304 1280 inundatione
1334 1233 1502 1280 beatos
1539 1250 1640 1282 esse
1674 1234 1803 1282 Plato
1839 1233 2087 1282 irridendo
2113 1232 2314 1298 judicat.
2355 1234 2411 1278 Hi

270 1321 665 1375 argumentorum
699 1311 921 1359 exercitio
950 1311 1121 1359 confisi
1165 1312 1280 1376 quid
1315 1314 1660 1362 murmurarint
1689 1315 1882 1376 scimus,
1915 1314 2002 1362 ubi
2026 1313 2223 1362 facultas
2251 1322 2413 1378 aperte

271 1391 536 1456 garriendi²
559 1408 659 1439 non
685 1392 851 1454 datur;
874 1392 944 1454 hi,
971 1393 1190 1457 inquam,
1218 1409 1318 1440 non
1337 1403 1526 1441 utentes
1543 1403 1662 1453 arte,
1685 1394 1775 1442 sed
1797 1394 2066 1442 abutentes.
2094 1397 2260 1458 Neque
2283 1394 2411 1440 enim

270 1473 520 1521 scientiam
557 1472 866 1535 dialecticae„
890 1483 973 1520 aut
1011 1473 1265 1537 cujuslibet
1306 1473 1514 1522 liberalis
1566 1474 1697 1535 artiS,
1742 1475 1827 1522 sed
1872 1474 2106 1522 fallaciam
2146 1472 2413 1538 sophistica·

271 1553 667 1612 condemnamus,
700 1553 962 1618 praesertim
994 1570 1107 1600 cum
1136 1555 1218 1600 SS.
1257 1571 1452 1620 quoque
1488 1558 1684 1602 Patrum
1714 1555 1898 1619 judicio
1920 1554 2036 1601 haec
2066 1570 2142 1601 ars
2177 1554 2380 1600 maxime
2399 1590 2410 1612 ,

273 1643 324 1680 ut
354 1651 496 1699 supra
534 1634 858 1694 meminimus,
897 1634 1284 1696 commendetur,
1323 1645 1371 1682 et
1407 1635 1575 1683 ceteris
1608 1635 1905 1701 praeferatur.
1934 1638 2082 1682 Tenet
2117 1634 2276 1698 itaque
2314 1632 2414 1680 haec

272 1713 595 1779 philosophia,
623 1714 886 1761 acutissimi
907 1713 1051 1777 gladii
1074 1715 1240 1774 instar,
1267 1732 1366 1779 quo
1390 1725 1623 1779 tyrannus
1645 1715 1706 1764 ad
1730 1715 1991 1780 perniciem
2012 1730 2232 1779 praeceps,
2246 1713 2411 1769 utitur,

273 1794 333 1841 ad
352 1793 681 1841 defensionem
704 1810 759 1841 ac
782 1810 872 1859 pro
890 1794 1159 1840 intentione
1184 1795 1419 1841 utentium
1446 1796 1566 1842 sicut
1591 1795 1854 1860 plurimum
1878 1794 2124 1860 prodesse,
2152 1795 2216 1841 ita
2242 1803 2288 1840 et
2305 1794 2415 1858 plu-

273 1869 448 1922 rimum
483 1891 660 1922 nocere
697 1884 872 1940 potest.
911 1874 1097 1921 Scimus
1130 1874 1328 1937 quidem
1365 1891 1391 1921 a
1428 1875 1775 1940 Peripateticis,
1815 1892 1939 1939 quos
1978 1892 2108 1922 nunc
2144 1873 2416 1921 dialecticos

273 1956 584 2022 appellamus,
615 1954 875 2002 nonnullas
905 1965 951 2002 et
981 1955 1212 2002 maximas
1245 1954 1447 2002 haereses
1471 1965 1569 2002 tam
1601 1956 1874 2003 Stoicorum
1898 1971 2044 2020 quam
2071 1954 2414 2019 Epicureorum

273 2036 414 2084 rectis
444 2034 712 2085 rationibus
741 2052 843 2083 esse
871 2051 1128 2101 repressas,
1167 2035 1287 2082 sicut
1323 2045 1390 2083 est
1417 2035 1497 2083 illa
1534 2035 1595 2083 de
1619 2052 1713 2099 qua
1732 2045 1918 2083 contra
1951 2035 2138 2094 Stoicos
2172 2033 2417 2099 disputant

272 2126 318 2164 et
345 2117 610 2164 fortissimis
631 2125 851 2163 astruunt
874 2115 1182 2180 argumentis,
1209 2115 1342 2179 quod
1367 2116 1478 2163 licet
1499 2118 1627 2163 Deus
1649 2115 1709 2162 ab
1731 2125 1910 2163 aeterno
1937 2124 2116 2163 cuncta·
2134 2113 2413 2179 providerit,

273 2206 415 2262 atque
453 2196 601 2262 ipsius
640 2195 947 2261 providentia
984 2195 1186 2242 omnino
1223 2195 1320 2242 falli
1354 2212 1454 2243 non
1481 2197 1650 2262 possit,
1688 2212 1778 2243 nec
1815 2206 1975 2244 tamen
2009 2195 2120 2242 ideo
2154 2203 2325 2242 cuncta
2362 2211 2416 2239 ex

275 2278 553 2325 necessitate
591 2276 903 2342 proveniunt,
948 2285 1003 2322 ut
1032 2275 1208 2322 scilicet
1244 2275 1446 2323 humani
1481 2287 1646 2342 pereat
1677 2276 1873 2324 libertas
1915 2276 2114 2324 arbitrii.
2161 2274 2381 2339 Alioquin
2403 2311 2414 2333 ,

271 2358 428 2422 inquit
450 2358 674 2422 princeps
699 2356 1123 2422 Peripateticorum
1147 2356 1419 2404 Aristoteles
1439 2357 1488 2403 in
1516 2359 1583 2403 1x³
1608 2357 2009 2418 Perc’lzermem‘as,
2037 2372 2137 2403 non
2173 2354 2417 2419 oportebit

273 2438 513 2485 consiliari
545 2453 702 2500 neque
735 2436 985 2501 negotiari.
1024 2435 1271 2483 Delibero
1293 2447 1456 2495 autem
1491 2437 1689 2484 arbitrio
1723 2438 2091 2485 convenientius
2125 2435 2238 2483 alibi
2268 2435 2415 2493 disse·

272 2517 479 2565 rendum
503 2516 644 2564 nobis
668 2532 981 2564 reservamus.
1008 2516 1103 2563 Sed
1124 2533 1283 2580 neque
1309 2516 1453 2564 ullam
1481 2518 1729 2565 scientiam
1754 2518 1930 2565 malam
1953 2533 2053 2564 esse
2077 2515 2413 2571 concedimus,

274 2599 419 2647 ctiam
454 2598 584 2647 illam
614 2615 718 2663 quae
754 2597 815 2645 de
851 2596 979 2645 malo
1017 2607 1106 2658 est,
1145 2612 1249 2661 quae
1279 2596 1410 2660 justo
1452 2597 1641 2644 homini
1677 2598 1842 2645 deesse
1883 2614 1983 2645 non
2019 2605 2194 2662 potest,
2231 2611 2332 2642 non
2368 2604 2418 2641 ut

274 2681 455 2727 malum
476 2689 600 2743 agat,
626 2678 710 2726 sed
737 2687 790 2725 ut
811 2694 839 2726 a
856 2677 984 2726 malo
1010 2677 1301 2743 praecognito
1325 2677 1415 2724 sibi
1439 2677 1718 2743 provideat3
1747 2677 1882 2742 quod
1901 2677 1992 2724 nisi
2011 2677 2275 2740 cognitum,
2304 2684 2418 2729 teste

279 2761 459 2822 Boetio,
489 2761 638 2807 vitare
657 2776 758 2806 non
784 2767 961 2824 posset.
989 2761 1095 2805 Non
1120 2767 1191 2805 est
1219 2758 1400 2805 malum
1421 2759 1541 2805 scire
1567 2757 1790 2823 decipere
1825 2757 1897 2805 vel
1921 2757 2197 2817 adulterari,
2225 2755 2310 2802 sed
2333 2755 2421 2801 ista

278 2841 595 2901 committere,
629 2839 742 2904 quia
773 2839 873 2902 ejus
905 2838 973 2885 rei
1004 2837 1134 2885 bona
1158 2847 1229 2885 est
1250 2838 1482 2901 cognitio,
1521 2839 1657 2902 cujus
1682 2838 1886 2903 pessima
1921 2847 1992 2885 est
2015 2837 2170 2896 acti03
2206 2844 2252 2882 et
2278 2851 2420 2881 nemo

282 2931 443 2984 peccat
474 2918 826 2983 cognoscendov
846 2927 1116 2984 peccatum,
1144 2917 1230 2965 sed
1260 2918 1628 2965 committendo.
1666 2918 1714 2964 Si
1743 2934 1850 2982 quae
1875 2927 2035 2965 autem
2070 2915 2265 2964 scientia
2297 2914 2421 2960 mala

282 3010 418 3060 esset,
458 3001 621 3063 utique
655 2988 703 3047 et
737 2998 919 3047 malum
954 3008 1075 3046 esset
1109 2998 1328 3063 quaedam
1364 3015 1673 3063 cognoscere,
1713 3015 1803 3046 nec
1826 2998 1927 3062 jam
1958 2997 2144 3045 absolvi
2179 3011 2208 3042 a
2242 2993 2421 3042 malitia

283 3082 410 3126 Deus
443 3090 603 3146 posset
642 3080 725 3144 qui
763 3080 927 3126 omnia
964 3079 1116 3126 novit.
1160 3082 1211 3125 In
1252 3079 1357 3143 ipso
1394 3079 1525 3125 enim
1561 3078 1666 3126 solo
1701 3077 1952 3143 plenitudo
1989 3086 2061 3125 est
2094 3074 2419 3131 scientiarum,

282 3159 418 3223 cujus
442 3159 626 3206 donum
651 3160 809 3205 omnis
837 3160 1050 3206 scientia.
1088 3159 1293 3205 Scientia
1321 3159 1500 3224 quippe
1531 3169 1598 3206 est
1630 3158 1998 3223 comprehensio
2032 3155 2236 3202 veritatis
2262 3169 2421 3199 rerum

337 3346 445 3385 ¹Luc.,
464 3354 537 3386 cap.
556 3354 623 3385 xxi,
642 3353 672 3377 V.
693 3346 740 3378 14.
761 3362 801 3369 —
817 3346 828 3363 ²
842 3343 1026 3384 Legendtuu
1046 3346 1127 3377 sorte
1144 3346 1191 3378 eis
1208 3347 1321 3380 datur.
