2638 3866
330 147 426 198 246
1135 142 1307 189 PETRI
1346 140 1658 190 ABAELARDI

326 247 460 294 toriae
481 244 646 292 mortis
662 250 947 301 reservatur,
975 251 1030 289 ut
1052 259 1110 290 eo
1130 243 1288 307 minus
1306 243 1454 291 vitam
1475 243 1656 291 habere
1685 245 1999 309 temporalem
2026 256 2325 313 appetamUS,
2359 269 2456 317 quo

326 326 507 374 facilius
531 340 637 372 eam
667 322 793 369 finiri
815 322 1135 387 prospicimus
1160 332 1207 370 et
1232 323 1455 370 aerumnis
1478 323 1743 388 subjacere,
1777 332 1823 370 et
1849 340 1956 373 eam
1980 327 2184 392 amplius
2207 328 2458 394 diligamus

325 423 430 471 quae
455 422 565 453 vere
588 404 729 450 beata
751 411 822 450 est
844 412 891 449 et
914 401 1060 449 finem
1084 419 1182 450 non
1208 401 1370 450 habet.
1397 406 1506 451 Haec
1528 403 1590 451 de
1618 403 1836 468 originali
1873 415 2072 470 peccato
2107 423 2210 455 non
2242 419 2340 458 tam
2368 427 2456 477 pro

325 487 582 533 assertione
601 499 747 547 quam
771 498 862 548 pro
885 483 1133 547 opinione,
1156 498 1246 529 nos
1271 481 1334 530 ad
1356 499 1564 548 praesens
1583 483 1757 532 dixisse
1782 484 2001 534 sufficiat.
2029 489 2166 535 Nunc
2187 488 2250 537 ad
2269 493 2456 557 exposi-

323 567 503 613 tionem
522 565 688 611 litterae
709 562 979 610 redeamus.

390 648 525 692 «Lex
550 654 712 691 autem
735 642 1032 690 subintravit.
1053 660 1076 687 »
1110 644 1174 689 Ac
1196 643 1234 690 si
1253 643 1422 707 aliquis
1448 653 1680 708 quaereret
1701 662 1711 692 ε
1739 645 1868 703 Quid
1890 662 2004 710 ergo
2022 646 2116 711 egit
2140 647 2216 695 lex
2239 659 2349 698 ante
2373 651 2458 699 ad·

320 734 518 772 ventum
542 724 733 787 Christi,
754 724 792 771 si
809 733 975 789 postea
997 722 1212 770 Christus
1245 723 1505 771 adveniens
1539 735 1735 790 peccata
1766 725 2002 775 abstulit?
2036 728 2309 794 Respondet
2345 731 2459 795 quia

319 806 395 852 lex
419 822 519 852 non
537 804 695 853 solum
717 814 912 870 peccata
943 820 1042 851 non
1065 803 1277 866 abstulit,
1305 804 1389 852 sed
1413 804 1560 867 auxit,
1597 814 1651 852 ut
1683 807 1950 855 necessario
1979 807 2194 856 Christus
2219 809 2282 858 ad
2319 810 2459 859 aufe·

319 885 521 933 rendam
542 901 736 950 quoque
758 883 1088 932 habitudinem
1109 893 1420 949 peccatorum
1445 884 1774 934 descenderet.
1792 890 1851 934 Et
1872 887 1968 935 hoc
1985 897 2071 949 est,
2098 907 2120 934 «
2138 890 2214 937 lex
2231 910 2254 934 >2
2281 890 2459 939 scilicet

319 966 510 1030 scripta,
542 964 884 1024 «subintravit,
904 984 926 1007 ,υ
953 974 1064 1029 post
1086 964 1373 1027 naturalem,
1415 985 1438 1009 ι(
1467 975 1518 1012 ut
1546 965 1814 1014 abundaret
1827 967 2072 1016 delictum.
2099 987 2122 1014 »
2162 972 2266 1017 Hoc
2297 979 2459 1019 autem

319 1045 501 1092 dictum
525 1055 611 1106 est,
639 1044 887 1109 quomodo
910 1045 949 1091 si
971 1044 1158 1092 dicatur
1175 1045 1235 1093 de
1258 1045 1439 1110 aliquo,
1482 1064 1506 1091 «
1531 1046 1673 1106 exivit
1693 1056 1747 1094 ut
1770 1057 2056 1109 moreretur,
2077 1066 2101 1093 »
2130 1048 2181 1096 id
2203 1059 2275 1098 est
2294 1050 2455 1111 exivit,

318 1134 364 1172 et
385 1135 642 1191 propterea
664 1142 795 1172 mors
815 1134 886 1172 est
906 1125 1177 1183 subsecuta,
1203 1114 1304 1173 non
1328 1126 1462 1191 quod
1484 1126 1575 1174 hac
1594 1127 1861 1175 intentione
1884 1128 2046 1176 exiret.
2086 1129 2163 1177 Sic
2185 1139 2232 1177 et
2253 1146 2340 1195 per
2363 1129 2459 1179 hoc

317 1206 451 1269 quod
474 1206 548 1253 lex
570 1205 681 1253 data
703 1215 772 1253 est
795 1205 978 1271 populo
999 1205 1182 1267 rebelli,
1209 1216 1461 1272 peccatum
1479 1222 1566 1272 per
1588 1208 2011 1271 transgressionem
2035 1209 2290 1274 plurimam
2307 1209 2460 1258 abun-

316 1284 462 1333 davit.
489 1285 624 1333 «Ubi
645 1295 824 1346 autem,
849 1304 872 1331 »
895 1286 945 1333 id
971 1296 1041 1334 est
1063 1287 1112 1333 in
1136 1286 1311 1334 eodem
1333 1287 1536 1352 populo,
1566 1287 1614 1334 in
1632 1305 1732 1352 quo
1752 1305 1838 1354 per
1863 1290 2291 1353 transgressionem
2313 1291 2457 1339 etiam

314 1365 429 1430 legis
451 1368 652 1432 scriptae,
686 1366 991 1415 «abundavit
1016 1376 1285 1433 peccatum,
1322 1366 1737 1433 superabundavit
1767 1378 1816 1416 et
1850 1369 1998 1434 gratia
2021 1389 2044 1413 2>
2073 1369 2266 1432 Christi,
2298 1370 2351 1418 id
2385 1382 2457 1421 est

315 1445 445 1494 dona
469 1445 529 1494 ab
554 1463 612 1494 eo
641 1447 784 1511 gratis
806 1463 908 1494 non
931 1464 1021 1512 pro
1047 1448 1228 1495 meritis
1251 1447 1443 1511 collata,
1467 1457 1573 1495 tum
1597 1448 1711 1512 quia
1734 1448 1802 1496 ibi
1818 1449 2020 1497 salutem
2041 1459 2256 1498 nostram
2273 1451 2456 1516 specia-

314 1525 420 1573 liter
440 1536 664 1591 operatus
688 1537 775 1588 est,
807 1537 906 1575 tam
939 1527 1169 1592 patiendo
1201 1529 1380 1576 scilicet
1419 1544 1568 1593 quam
1602 1528 1940 1594 praedicando3
1975 1528 2106 1577 unde
2129 1530 2196 1577 ait
2215 1533 2256 1577 ²:
2293 1549 2316 1574 <c
2348 1533 2456 1579 Non

314 1621 420 1654 sum
444 1606 615 1655 missus
637 1608 727 1654 nisi
751 1607 812 1655 ad
836 1624 949 1655 oves
972 1625 1078 1673 quae
1103 1609 1349 1674 perierunt
1373 1608 1548 1656 domus
1571 1608 1733 1669 Israel,
1760 1628 1784 1654 »
1820 1608 1898 1656 vel
1919 1610 2208 1658 remittendo
2241 1619 2454 1675 peccata,

315 1696 398 1734 aut
422 1687 650 1735 miracula
676 1686 916 1747 faciendo,
942 1688 1039 1735 sive
1063 1689 1320 1753 patiendo,
1350 1688 1675 1753 resurgendo,
1709 1689 2038 1753 ascendendo,
2066 1690 2298 1755 Spiritum
2326 1706 2456 1739 sanc-

314 1775 418 1813 tum.
451 1766 708 1829 mittendo,
742 1768 987 1833 apostolos
1019 1777 1066 1815 et
1098 1769 1284 1833 priores
1309 1768 1488 1816 electos
1518 1768 1633 1816 inde
1665 1770 1910 1833 colligens,
1942 1786 2031 1834 per
2057 1786 2181 1834 quos
2206 1770 2458 1818 universus

314 1847 630 1912 postmodum
653 1847 782 1895 orbis
803 1849 1064 1913 acquisitus
1087 1859 1158 1896 est
1175 1852 1297 1897 Deo.
1319 1848 1602 1898 Abundasse
1632 1860 1887 1915 peccatum
1915 1850 2048 1912 dicit,
2074 1859 2122 1898 et
2146 1850 2458 1916 superabun—

316 1926 451 1975 dasse
472 1928 689 1992 gratiam,
713 1945 819 1993 quae
842 1945 943 1976 non
967 1928 1127 1976 solum
1149 1939 1403 1995 peccatum
1426 1929 1640 1990 abstulit,
1657 1946 1826 1978 verum
1849 1930 1993 1977 etiam
2023 1929 2224 1978 virtutes
2253 1930 2459 1978 contulit

314 2017 362 2055 et
378 2008 724 2073 multiplicavit,
755 2017 852 2056 tam
877 2007 1124 2056 visibiliter
1158 2009 1209 2055 in
1243 2009 1501 2072 miraculiS,
1542 2026 1691 2074 quam
1726 2009 2031 2075 spiritualiter
2063 2010 2115 2056 in
2148 2009 2459 2059 interioribus

311 2088 483 2135 animae
515 2088 677 2137 bonis.
720 2107 743 2134 «
773 2092 836 2136 Ut
868 2089 1009 2149 sicut,
1040 2108 1063 2132 >³
1103 2088 1154 2135 id
1185 2098 1256 2137 est
1277 2089 1458 2137 adhoc
1479 2089 1745 2139 abundavit
1776 2090 1878 2139 haec
1902 2090 2069 2155 gratia,
2097 2089 2149 2137 id
2178 2100 2250 2139 est
2274 2090 2406 2139 dona
2429 2106 2458 2137 a

313 2167 500 2216 Christo
524 2170 666 2234 gratis
691 2168 881 2230 collata,
906 2177 999 2216 «ut
1023 2168 1127 2233 ipsa
1150 2178 1318 2232 regnet
1337 2185 1425 2234 per
1443 2170 1693 2233 justitiam,
1713 2189 1738 2215 »
1764 2170 1815 2218 id
1839 2180 1928 2231 est,
1953 2186 2153 2234 regnum
2181 2169 2374 2233 justitiae
2405 2170 2455 2217 in

311 2247 454 2296 nobis
491 2249 710 2311 aedificet,
751 2266 856 2314 quae
895 2247 1123 2296 omnibus
1158 2249 1362 2314 imperet
1395 2249 1697 2311 libidinibus,
1736 2260 1784 2298 et
1818 2250 2008 2298 illicitos
2040 2250 2246 2298 refrenet
2274 2258 2454 2312 motus,

311 2329 628 2394 praeparando
657 2346 747 2377 nos
774 2329 857 2392 ita,
899 2349 923 2373 <c
955 2330 1006 2376 in
1041 2330 1189 2377 vitam
1224 2338 1467 2391 aeternam,
1497 2349 1520 2373 2>
1547 2339 1595 2377 et
1614 2329 1728 2391 hoc,
1761 2346 1888 2395 «per
1909 2330 2170 2391 Christum,
2197 2348 2222 2375 n
2247 2330 2458 2395 seipsum

310 2424 400 2472 pro
424 2409 566 2457 nobis
588 2409 798 2458 hostiam
820 2409 1123 2468 offerentem,
1154 2428 1178 2454 «
1205 2410 1328 2457 sicut
1350 2418 1491 2457 antea
1514 2409 1749 2472 regnavit,
1775 2428 1800 2454 »
1835 2409 1887 2456 id
1919 2419 1989 2457 est
2013 2426 2216 2474 regnum
2247 2426 2389 2457 suum
2410 2419 2459 2457 et

312 2479 585 2536 dominium
606 2490 794 2551 habuit,
826 2509 850 2535 «
876 2490 927 2537 in
959 2488 1102 2537 nobis
1124 2498 1395 2555 peccatum,
1423 2510 1446 2534 >›
1470 2489 1652 2536 ducens
1673 2504 1765 2536 nos
1787 2489 1853 2537 ita
1882 2507 1904 2534 α
1925 2489 1976 2536 in
1999 2498 2208 2537 mortem
2229 2508 2252 2536 υ
2277 2490 2457 2538 scilicet

312 2578 496 2616 aeternae
512 2570 854 2618 damnationis.

378 2668 400 2694 «
415 2650 544 2707 Quid
556 2667 671 2715 ergo
688 2650 924 2711 dicemus,
943 2659 1034 2697 etc.
1055 2670 1078 2694 2>
1096 2649 1508 2716 Quandoquidem
1519 2649 1605 2697 ubi
1618 2648 1883 2696 abundavit
1896 2647 2140 2708 delictum,
2161 2648 2457 2715 superabun-

313 2726 444 2774 davit
467 2730 631 2792 gratia,
654 2730 834 2778 diceret
850 2730 1039 2795 aliquis,
1060 2729 1179 2794 quid
1201 2730 1418 2778 dicemus
1436 2730 1530 2777 nisi
1545 2739 1601 2777 ut
1622 2745 1983 2795 perseveremus
2002 2729 2052 2775 in
2072 2739 2288 2794 peccam,
2313 2739 2368 2777 ut
2389 2730 2457 2777 sic

312 2806 362 2853 in
380 2806 521 2855 nobis
547 2829 569 2854 α
591 2811 737 2873 gratia
755 2809 988 2872 abundet,
1009 2829 1032 2854 >2
1055 2809 1177 2857 sicut
1192 2810 1242 2859 in
1262 2809 1353 2858 illis
1373 2810 1393 2856 Ρ
1413 2830 1436 2854 «
1456 2810 1604 2871 Absit,
1625 2828 1648 2855 »
1671 2809 1829 2874 inquit
1850 2809 2109 2875 Apostolus
2124 2825 2181 2858 ex
2200 2825 2286 2858 sua
2298 2819 2450 2876 parte,

312 2885 408 2933 hoc
431 2889 773 2950 concedamus,
799 2890 974 2937 scilicet
991 2890 1397 2955 perseverandum
1418 2906 1637 2954 unquam
1659 2906 1760 2937 esse
1782 2889 1926 2937 nobis
1949 2889 2107 2954 aliqua
2128 2890 2382 2938 occasione
2404 2890 2454 2937 in

312 2976 526 3030 peccato.
558 2988 579 3013 «
605 2970 699 3026 Qui
718 2970 847 3016 enim
870 2971 1050 3017 mortui
1079 2987 1243 3017 sumus
1268 2980 1486 3035 peccato.
1508 2989 1532 3015 »
1557 2972 1619 3018 Ac
1642 2971 1681 3017 si
1703 2970 1912 3018 diceret:
1940 2973 2047 3028 Non
2076 2979 2147 3017 est
2169 2969 2311 3017 nobis
2337 2986 2454 3034 per-

313 3047 611 3095 manendum
630 3049 680 3094 in
702 3059 920 3113 peccato,
960 3050 1073 3113 quia
1102 3066 1192 3097 nec
1227 3050 1526 3099 manendum
1563 3050 1726 3115 aliquo
1752 3050 1921 3113 modo,
1961 3067 2073 3098 cum
2099 3050 2143 3098 ei
2165 3066 2330 3097 sumus
2349 3050 2449 3114 Jam

354 3231 362 3249 ¹
377 3228 506 3271 Manli„
523 3239 594 3271 cap.
615 3239 669 3272 xv,
687 3240 716 3264 v.
733 3232 783 3264 24.
