2638 3866
248 303 300 350 61
313 303 344 348 4
1059 297 1229 344 PETRI
1265 296 1577 345 ABAELARDI

1138 551 1380 609 CAPUT
1426 552 1493 609 X.

668 694 781 744 Quod
814 694 1018 733 multitudo
1044 692 1238 732 bonorum
1269 707 1349 733 non
1380 702 1437 733 est
1466 693 1603 733 melius
1630 707 1711 733 uno
1737 693 1946 733 bonorum.

304 823 355 866 In
381 836 526 885 opere
552 836 665 867 vero
691 829 737 866 et
760 820 1028 866 intentione
1050 835 1140 866 nec
1159 818 1434 866 bonitatum
1458 828 1540 866 aut
1559 818 1798 866 bonarum
1820 835 1981 866 rerum
2004 835 2234 866 numerus
2257 835 2378 866 con—

235 902 400 948 sistere
422 900 631 947 videtur.
663 903 785 947 Cum
815 901 941 947 enim
973 900 1105 947 bona
1132 900 1337 947 intentio
1367 909 1414 947 et
1443 899 1577 947 bona
1598 901 1813 965 operatio
1840 900 2031 959 dicitur,
2057 900 2155 947 hoc
2187 909 2275 957 est,
2320 917 2377 947 ex

234 982 364 1029 bona
399 982 667 1029 intentione
701 981 986 1046 procedens,
1020 980 1125 1028 sola
1153 980 1341 1028 bonitas
1372 981 1654 1028 intentionis
1687 981 1988 1044 designatur;
2014 994 2106 1028 nec
2131 981 2180 1027 in
2207 980 2373 1027 eadem

234 1061 580 1126 significatione
614 1079 794 1109 nomen
829 1062 948 1109 boni
987 1062 1233 1119 retinetur,
1273 1073 1326 1109 ut
1350 1061 1490 1127 plura
1525 1061 1655 1108 bona
1690 1061 1850 1109 dicere
1885 1062 2145 1126 possimu8.'
2183 1064 2304 1108 Nam
2330 1070 2377 1107 et

232 1159 345 1189 cum
381 1142 582 1190 dicimus
613 1143 879 1208 simplicem
905 1143 1156 1190 hominem
1188 1140 1307 1201 esse,
1337 1150 1383 1189 et
1406 1142 1671 1207 simplicem
1693 1141 1979 1203 dictionem3
2006 1157 2107 1188 non
2138 1140 2248 1188 ideo
2274 1139 2376 1187 haec

232 1239 334 1270 esse
367 1222 679 1269 concedimus
714 1222 850 1287 plura
879 1223 1131 1288 simplicia,
1157 1239 1268 1269 cum
1293 1222 1390 1269 hoc
1422 1236 1602 1269 nomen
1634 1222 1841 1287 simplex
1868 1222 2004 1269 aliter
2033 1221 2136 1278 hic,
2163 1230 2210 1268 et
2239 1219 2374 1267 aliter

230 1302 295 1349 ibi
325 1312 556 1349 sumatur.
585 1305 735 1349 Nemo
763 1318 878 1366 ergo
908 1319 997 1350 nos
1027 1312 1195 1366 cogat,
1230 1311 1283 1348 ut
1305 1318 1417 1348 cum
1443 1301 1587 1348 bonae
1613 1302 1868 1350 intentioni
1892 1301 2022 1349 bona
2049 1301 2265 1366 operatio
2289 1300 2372 1347 ad-

229 1383 375 1441 ditur,
395 1382 738 1441 concedamus,
757 1382 944 1430 bonum
965 1382 1100 1430 bono
1121 1381 1379 1448 superaddi
1395 1391 1626 1447 tanquam
1641 1382 1778 1447 plura
1799 1383 1892 1429 sint
1907 1383 2057 1440 bona,
2077 1397 2167 1446 pro
2187 1379 2362 1444 quibus

229 1463 549 1510 remuneratio
575 1479 788 1510 crescere
811 1462 1005 1522 debeat,
1033 1479 1163 1521 cum,
1193 1473 1246 1510 ut
1274 1463 1457 1511 dictum
1488 1473 1587 1522 est,
1622 1479 1712 1510 nec
1737 1462 1873 1527 plura
1896 1462 2027 1510 bona
2059 1471 2186 1509 reete
2213 1460 2373 1508 dicere

229 1544 467 1608 possimus
485 1543 583 1604 illa,
613 1543 790 1608 quibus
818 1543 936 1590 boni
958 1542 1250 1591 vocabuium
1272 1558 1579 1608 nequaquam
1604 1559 1703 1590 uno
1727 1542 1875 1590 modo
1898 1543 2139 1590 convenit.

1097 1744 1339 1839 CAPUT
1385 1782 1487 1839 xl.

841 1922 956 1972 Quod
986 1922 1200 1961 intentione
1232 1922 1335 1960 bona
1369 1922 1418 1960 sit
1452 1935 1551 1974 opus
1584 1921 1747 1960 bonum.

639 1907 659 1921 x

290 2049 474 2093 Bonam
507 2047 687 2111 quippe
725 2046 1062 2106 intentionem,
1102 2044 1199 2093 hoc
1229 2055 1333 2103 est,
1381 2055 1562 2093 rectam
1594 2046 1644 2092 in
1677 2062 1727 2092 se
1764 2045 2000 2092 dicimus:
2037 2044 2368 2109 operationem

223 2143 356 2184 vero,
384 2143 484 2173 non
516 2126 651 2190 quod
674 2125 791 2172 boni
818 2125 999 2190 aliquid
1022 2125 1072 2173 in
1101 2143 1151 2173 se
1180 2126 1432 2191 suscipiat,
1460 2126 1543 2173 sed
1563 2125 1700 2191 *quod
1723 2142 1781 2172 ex
1807 2124 1939 2172 bona
1959 2125 2226 2171 intentione
2255 2140 2368 2189 pro-

227 2207 382 2255 cedat.
412 2206 552 2254 Unde
580 2217 627 2253 et
659 2206 720 2253 ab
756 2205 928 2254 eodem
959 2205 1159 2254 homine
1195 2224 1305 2254 cum
1340 2207 1388 2253 in
1416 2206 1614 2255 diversis
1644 2204 1942 2271 temporibus
1972 2204 2113 2252 idem.
2138 2203 2243 2263 fiat,
2279 2221 2369 2268 pro

226 2287 497 2334 diversitate
522 2297 682 2334 tamen
715 2286 995 2334 intentionis
1025 2287 1125 2351 ejus
1156 2288 1374 2352 operatio
1407 2287 1557 2335 modo
1587 2287 1740 2344 bona,
1769 2285 1918 2334 modo
1942 2285 2067 2332 maJa
2096 2284 2284 2339 dicitur,
2322 2295 2368 2331 et

225 2368 288 2414 ita
318 2368 444 2414 circa
474 2366 664 2413 bonum
690 2377 737 2413 et
760 2366 940 2414 malum
962 2367 1137 2413 variari
1162 2367 1365 2418 videtur.
1396 2366 1526 2414 Sicut
1548 2366 1650 2414 haec
1673 2366 1942 2431 propositio
1974 2367 2194 2412 Socrates
2218 2362 2363 2424 sedet,

223 2447 299 2494 vel
322 2448 423 2510 ejus
441 2446 707 2494 intellectus
730 2447 854 2494 circa
878 2463 1047 2501 verum
1070 2457 1117 2493 et
1142 2446 1312 2493 falsum
1336 2448 1562 2506 variatur,
1590 2446 1739 2493 modo
1762 2448 1956 2492 Socrate
1979 2445 2192 2502 sedente,
2215 2443 2365 2491 modo

226 2538 398 2574 stante.
424 2530 582 2585 Quam
614 2527 810 2591 quidem
834 2527 1236 2592 permutationem
1262 2526 1495 2573 varietatis
1520 2527 1646 2573 circa
1667 2543 1835 2573 verum
1860 2536 1907 2572 et
1936 2525 2105 2572 falsum
2130 2525 2195 2571 ita
2219 2524 2267 2569 in
2293 2523 2366 2569 his

225 2607 496 2654 Aristoteles
513 2600 791 2670 contingere
809 2606 941 2667 dicit,
963 2623 1063 2653 non
1080 2605 1211 2671 quod
1230 2607 1349 2671 ipsa,
1371 2623 1475 2670 quae
1493 2606 1619 2653 circa
1633 2622 1800 2653 verum
1816 2604 1892 2651 vel
1911 2604 2079 2652 falsum
2095 2611 2360 2660 mutantur,

222 2686 402 2751 aliquid
435 2687 693 2751 suscipiant
725 2687 797 2733 sui
822 2687 1111 2747 mutatione,
1139 2686 1222 2734 sed
1249 2686 1382 2750 quod
1406 2703 1481 2734 res
1505 2685 1744 2749 subjecta,
1773 2684 1822 2732 id
1845 2695 1940 2753 est,
1968 2684 2210 2744 Socrates,
2236 2684 2284 2729 in
2314 2699 2364 2729 se

225 2768 329 2830 ipso
351 2777 620 2828 moveatur,
646 2767 705 2814 de
729 2768 938 2814 sessione
962 2767 1141 2814 scilicet
1163 2767 1224 2814 ad
1249 2768 1529 2826 stationem,
1554 2767 1631 2814 vel
1654 2784 1680 2813 e
1704 2767 1958 2813 converso.

1077 3006 1320 3066 CAPUT
1368 3007 1502 3065 XII.

914 3147 1028 3186 Unde
1062 3147 1165 3186 bona
1199 3148 1361 3186 intentio
1400 3148 1448 3186 sit
1484 3147 1662 3186 dicenda.

288 3272 410 3316 Sunt
449 3280 610 3316 autem
651 3271 733 3333 qui
769 3269 947 3316 bonam
985 3270 1060 3317 vel
1107 3280 1286 3317 rectam
1324 3272 1641 3317 intentionem
1680 3286 1781 3316 esse
1806 3269 2113 3326 arbitrantur,
2149 3270 2356 3332 quoties-

222 3367 429 3414 cumque
449 3366 508 3417 ‘se
532 3350 702 3413 aliquis
730 3350 853 3396 bene
879 3367 1015 3413 agere
1038 3350 1211 3410 credit,
1246 3361 1292 3398 et
1314 3344 1417 3397 Deo
1441 3350 1628 3414 placere
1661 3349 1708 3395 id
1739 3349 1870 3413 quod
1900 3349 2035 3406 facit3
2072 3350 2191 3395 sicut
2223 3360 2267 3396 et
2291 3349 2354 3396 illi
