2638 3866
225 241 320 289 398
1032 239 1204 286 PETRI
1239 238 1554 289 ABAELARDI

226 340 434 388 fortassis
462 349 605 406 poeta
637 340 890 403 ignorante
924 339 1042 405 quid
1069 340 1118 387 in
1152 340 1330 405 Sybilla
1351 343 1428 390 vel
1458 342 1507 389 in
1541 358 1600 390 eo
1627 342 1829 407 Spiritus
1853 352 2045 391 sanctus
2068 342 2363 409 loqueretur,

227 423 347 470 sicut
381 432 429 469 et
466 421 526 468 de
565 420 746 485 Caipha
778 423 977 486 contigit
1014 422 1229 469 dicente¹
1270 442 1280 469 ι
1320 424 1488 481 «Quia
1530 423 1723 489 expedit
1760 434 1813 470 ut
1851 440 1976 472 unus
2008 426 2240 472 moriatur
2277 443 2367 492 pro

226 502 426 568 popuIO,
457 511 502 548 et
537 519 637 549 non
667 512 768 550 tota
804 520 918 567 gens
945 513 1126 568 pereat.
1151 523 1174 548 »
1207 502 1296 551 Ubi
1318 514 1366 551 et
1391 503 1641 552 subditur²
1667 521 1678 552 ε
1710 524 1732 548 α
1751 507 1854 553 Hoc
1879 515 2039 553 autem
2063 522 2090 553 a
2112 506 2367 571 semetipso

225 599 323 629 non
360 582 493 629 dixit.
519 601 542 627 »
572 583 810 631 Facillime
845 593 1007 631 autem
1030 600 1086 631 ex
1109 583 1514 649 subsequentibus
1535 585 1758 633 convinci
1789 595 1965 651 potest,
1989 585 2118 633 hanc
2152 586 2369 650 eglogam

223 663 284 710 de
316 662 449 709 nullo
485 664 717 711 veraciter
752 675 836 712 aut
871 664 1216 712 convenienter
1248 665 1401 730 accipi
1433 681 1591 731 posse,
1625 665 1716 712 nisi
1746 665 1808 713 de
1839 667 2088 714 incarnato
2112 666 2368 730 Unigenito

224 744 310 790 Dei
336 744 494 808 typice
526 761 661 792 more
689 745 975 811 prophetico
1006 745 1244 807 dicantur,
1277 762 1389 793 cum
1415 746 1710 818 apertissime
1743 746 1856 795 falsa
1887 757 1932 795 et
1958 747 2162 794 omnino
2192 747 2369 812 impos·

225 824 381 871 sibilia
418 824 846 889 deprehendantur
877 843 997 885 esse,
1033 826 1073 873 si
1108 826 1170 874 ad
1198 826 1403 874 litteram
1428 836 1749 892 exponantur,
1787 843 1879 874 nec
1908 826 2076 875 saltem
2111 825 2370 874 commode

223 906 272 951 in
310 904 663 964 adulationem,
702 916 754 953 ut
791 905 1081 971 quibusdam
1117 906 1321 969 videtur,
1363 906 1548 966 afferri,
1590 924 1695 971 quae
1738 907 1898 955 statim
1928 907 2112 972 judicio
2148 907 2370 955 omnium

230 995 474 1050 tamquam
504 985 804 1035 incredibilia
830 997 1140 1053 respuuntur,
1169 996 1223 1034 ut
1247 987 1396 1051 magis
1421 996 1760 1035 commoveant
1785 997 1954 1036 contra
1982 1004 2073 1034 nos
2098 987 2370 1035 auditorem

225 1064 290 1122 ad>
323 1065 720 1129 indignationem,
756 1083 904 1132 quam
937 1066 998 1114 ad
1030 1066 1416 1115 benevolentiam
1446 1066 1653 1115 trahant.
1691 1067 1786 1116 Sed
1819 1067 1922 1116 haec
1955 1067 2227 1132 diligentius
2259 1065 2371 1114 alibi

226 1145 366 1193 nobis
389 1146 690 1194 ostendenda
712 1164 795 1194 seu
820 1148 1111 1214 exponenda
1132 1158 1405 1210 occurrent,
1431 1164 1544 1195 cum
1564 1147 1625 1195 de
1647 1149 1984 1196 Incarnatione
2005 1148 2185 1196 scilicet
2205 1145 2367 1208 Verbi,

228 1228 376 1291 magis
398 1244 547 1292 quam
573 1227 633 1275 de
659 1227 906 1276 divinitate
928 1228 1030 1292 ejus
1052 1230 1326 1277 testimonia
1347 1228 1666 1277 conferemus.

288 1310 426 1355 Nunc
461 1308 620 1372 itaque
643 1308 706 1356 ad
733 1309 981 1374 proposita
1012 1308 1074 1357 de
1096 1309 1348 1357 divinitate
1374 1309 1516 1357 Verbi
1539 1309 1815 1357 testimonia
1842 1319 2156 1371 revertamur,
2187 1321 2233 1358 et
2259 1327 2371 1358 cum

227 1388 408 1436 Davide
453 1399 500 1436 et
546 1390 807 1436 Salomone
840 1389 1033 1454 regibus
1076 1391 1220 1438 lsrael
1267 1391 1464 1438 tertium
1505 1389 1821 1438 adhibeamus
1859 1391 2072 1454 gentium
2110 1407 2271 1454 regem
2310 1391 2371 1438 ad

226 1470 401 1516 summi
435 1470 715 1517 vaticinium
753 1472 904 1535 Regis.
932 1471 1063 1529 Quid
1096 1472 1226 1519 enim
1261 1472 1472 1537 apertius
1506 1471 1589 1519 illo
1623 1471 1897 1519 testimonio
1920 1471 2374 1519 Nabuchodonosor

226 1550 286 1599 de
315 1550 433 1597 Filio
459 1551 604 1597 Dei³?
629 1571 652 1596 «
677 1554 813 1613 Ecce,
839 1552 1012 1617 inquit,
1036 1552 1181 1600 video
1202 1553 1333 1600 viros
1357 1552 1541 1601 solutos
1569 1562 1780 1617 quatuor
1801 1551 2104 1599 ambulantes
2134 1551 2183 1598 in
2209 1551 2370 1599 medio

226 1630 362 1694 ignis,
390 1641 436 1678 et
457 1632 637 1696 species
661 1634 818 1696 quarti
842 1632 1009 1679 similis
1032 1634 1148 1680 Filio
1172 1633 1278 1681 Dei.
1304 1653 1326 1679 n

288 1714 428 1759 Juvat
456 1722 617 1759 autem
643 1713 856 1760 Dindimi
886 1714 1008 1778 regis
1031 1717 1410 1777 Bragmanorum
1432 1713 1608 1761 inferre
1635 1713 1985 1773 testimonium,
2010 1722 2065 1761 ut
2087 1713 2137 1760 in
2161 1722 2371 1777 quatuor

226 1809 391 1856 regum
427 1793 709 1840 auctoritate
740 1803 916 1840 nostrae
950 1795 1148 1841 assertio
1186 1793 1297 1841 fidei
1329 1794 1668 1859 praeemineat;
1703 1794 1913 1840 duorum
1946 1793 2144 1858 quidem
2179 1793 2374 1842 Judoeo-

225 1890 333 1920 rum
371 1884 418 1920 et
455 1874 664 1921 duorum
700 1875 987 1934 Gentilium;
1025 1875 1182 1922 David
1218 1875 1394 1923 scilicet
1423 1884 1471 1922 et
1505 1874 1796 1934 Salomonis,
1836 1873 2290 1921 Nabuchodonosor
2327 1883 2374 1920 et

227 1953 469 2015 Dindimi;
504 1955 696 2019 sintque
725 1954 776 2001 hi
807 1965 1016 2019 quatuor
1038 1945 1172 2020 reges
1194 1955 1331 2021 quasi
1355 1964 1566 2020 quatuor
1595 1964 1710 2002 rotae
1732 1954 1910 2002 nobilis
1931 1954 2175 2019 quadrigae
2197 1953 2374 2001 summi
2430 1998 2432 2001 ,

228 2034 380 2097 Regis,
418 2051 504 2099 per
532 2051 653 2100 quas
680 2035 899 2083 videlicet
930 2035 1049 2083 fides
1077 2045 1287 2101 quatuor
1316 2035 1715 2100 evangelistarum
1748 2034 1810 2083 de
1841 2045 2006 2083 sancta
2031 2034 2260 2081 Trinitate
2289 2049 2375 2099 per

227 2115 505 2162 universum
546 2116 786 2164 deferatur
822 2116 1081 2176 mundum,
1117 2127 1165 2164 et
1206 2126 1342 2164 tanto
1378 2133 1546 2182 regum
1571 2116 1829 2165 auctoritas
1863 2116 1922 2163 sit
1957 2114 2162 2175 firmior,
2188 2124 2372 2180 quanto

226 2205 435 2260 potestas
479 2197 756 2259 sublimior3
795 2208 843 2246 et
881 2198 966 2263 qui
1003 2197 1160 2245 edicta
1194 2197 1389 2263 populis
1427 2197 1652 2263 legesque
1688 2197 1966 2263 proferunt,
2003 2211 2146 2243 sacrae
2180 2212 2375 2260 quoque

228 2275 339 2324 fidei
368 2277 594 2341 dogmata
621 2279 830 2327 tradant.
866 2279 938 2326 Ait
969 2279 1130 2344 itaque
1154 2278 1413 2327 Dindimus
1441 2279 1489 2326 in
1514 2279 1670 2344 prima
1698 2277 1760 2326 ad
1793 2276 2114 2325 Alexandrum
2135 2276 2371 2342 Epistola,

228 2358 310 2415 ait,
335 2358 554 2422 inquam,
591 2360 657 2408 sic
698 2378 707 2407 :
755 2363 924 2408 «Inter
959 2370 1116 2408 cetera
1152 2360 1396 2424 religionis
1438 2359 1515 2407 vel
1546 2359 1659 2407 fidei
1692 2375 1787 2406 suae
1822 2359 1976 2422 gentis
2007 2358 2235 2422 insignia,
2273 2373 2372 2404 non

230 2438 425 2503 suscipit
455 2442 582 2487 Deus
610 2457 743 2488 sacra
775 2441 1053 2505 sanguinea,
1085 2440 1270 2487 cultum
1295 2440 1448 2504 diligit
1470 2440 1794 2499 incruentum,
1821 2438 2003 2504 spernit
2026 2438 2215 2485 funesta
2246 2435 2376 2484 liba-

232 2520 362 2565 mina
376 2556 387 2577 ,
407 2520 555 2568 verbo
578 2522 867 2587 propitiatur
890 2520 1157 2582 orantibUS,
1181 2520 1315 2585 quod
1335 2520 1494 2568 solum
1510 2520 1555 2568 ei
1568 2536 1682 2567 cum
1704 2519 1904 2566 homine
1920 2528 2009 2577 est,
2029 2533 2210 2582 suaque
2233 2517 2375 2563 nimis

232 2598 539 2648 similitudine
563 2601 842 2650 delectatur.
869 2605 987 2649 Nam
1015 2600 1225 2648 Verbum
1248 2604 1380 2649 Deus
1410 2610 1481 2648 est
1498 2637 1510 2658 ,
1548 2599 1644 2647 hoc
1663 2598 1903 2646 mundum
1926 2597 2119 2658 creavit,
2141 2596 2235 2644 hoc
2257 2596 2376 2660 regit

233 2687 372 2742 atque
405 2681 487 2728 alit
521 2683 702 2744 omnia,
737 2682 835 2730 hoc
865 2698 1178 2743 veneramur,
1216 2681 1311 2730 hoc
1341 2679 1682 2746 diligimusjsex
1708 2679 1804 2727 hoc
1826 2679 2047 2744 spiritum
2072 2677 2321 2725 trahimus.
2351 2696 2371 2721 υ

298 2762 366 2806 Ex
407 2763 626 2826 Epzls‘tola
663 2773 835 2827 quarta
873 2765 1064 2811 Senecae
1101 2762 1163 2810 ad
1201 2762 1404 2810 Paulum
1442 2780 1453 2809 ε
1508 2760 1792 2807 «Profiteor
1839 2759 1965 2807 bene
2005 2774 2083 2806 me
2121 2768 2376 2823 acceptum

236 2838 439 2888 lectione
472 2843 740 2891 litterarum
774 2854 967 2892 tuarum
1001 2860 1122 2910 quas
1152 2842 1384 2904 Calamis,
1422 2841 1702 2902 Corinthiis,
1745 2838 1925 2888 Achaeis
1956 2839 2142 2887 misisti.
2176 2839 2377 2904 Spiritus

238 2934 431 2983 quoque
462 2919 653 2971 sanctus
679 2925 728 2971 in
756 2934 804 2971 te
832 2940 978 2990 supra
1010 2924 1223 2972 excelsos
1249 2923 1503 2972 sublimior
1541 2922 1652 2971 satis
1683 2920 1982 2968 venerabiles
2021 2936 2188 2967 sensus
2218 2919 2377 2983 expri—

234 2998 336 3044 mit.
369 3018 392 3043 »

302 3079 351 3126 Si
371 3080 566 3143 quidem
588 3085 717 3130 Deus
739 3085 840 3149 ipse
862 3085 1056 3149 spiritus
1077 3094 1221 3148 atque
1243 3101 1380 3132 mens
1402 3094 1490 3146 est,
1524 3093 1669 3149 atque
1691 3082 1803 3131 ideo
1824 3097 1925 3129 non
1950 3080 2148 3129 terrenis
2171 3078 2371 3139 divitiis,

238 3175 327 3206 nec
361 3159 576 3223 largitate
611 3163 855 3224 munifica,
889 3164 971 3212 sed
1002 3164 1234 3228 religiosis
1268 3164 1497 3230 operibus
1534 3173 1582 3213 et
1618 3163 1877 3229 gratiarum
1914 3160 2103 3209 actione
2138 3158 2368 3224 placatur.

302 3348 415 3390 Joam,
434 3357 507 3389 cap.
525 3357 562 3390 n,
578 3357 608 3382 ν.
627 3348 680 3383 50.
701 3366 738 3372 —
758 3349 769 3368 ²
784 3348 891 3390 lbid.,
911 3359 943 3383 v.
958 3350 1011 3383 51.
1029 3368 1061 3375 —-
1081 3351 1093 3370 ³
1116 3351 1219 3392 Dum,
1237 3359 1309 3391 cap.
1329 3359 1376 3391 m,
1393 3360 1422 3383 v.
1441 3352 1494 3384 92.
