2638 3866
216 296 267 343 61
281 300 310 344 2
649 314 651 316 ·
1020 295 1189 341 PETRI
1224 295 1539 343 ABAELARDI

281 396 466 454 Quibus
491 393 762 459 respondeo
792 411 802 439 :
831 392 963 456 quod
993 394 1032 439 si
1061 410 1300 458 ponamus
1323 395 1430 460 plus
1455 396 1574 443 illud
1601 406 1755 445 totum
1777 398 1934 446 valere
1960 417 2104 465 quam
2129 402 2341 465 singula3

215 476 433 539 nunquid
465 475 576 521 ideo
603 474 773 537 majori
806 474 1194 521 remuneratione
1228 475 1427 539 dignum
1460 477 1678 540 cogimur
1712 479 2005 527 concedere?
2031 483 2138 528 Non
2162 483 2343 545 utique.

212 558 359 603 Multa
394 556 573 619 quippe
606 564 717 601 sunt
749 564 844 601 tam
868 554 1079 601 animata
1113 571 1258 618 quam
1289 556 1566 619 inanimata,
1603 575 1810 622 quorum
1838 560 2094 607 multitudo
2126 561 2187 608 ad
2210 562 2346 626 plura

215 636 337 683 utilis
361 645 445 695 est,
474 651 620 698 quam
642 634 1029 699 unumquodque
1052 635 1102 681 in
1125 651 1179 682 ea
1205 635 1508 684 multitudine
1533 639 1957 704 comprehensum,
1990 640 2163 704 quibus
2185 652 2344 690 tamen

212 715 439 762 omnibus
478 715 608 762 nulla
648 731 844 780 prorsus
882 716 1205 762 remuneratio
1241 715 1460 764 debetur.
1504 721 1627 766 Ecce
1667 721 1793 766 enim
1835 719 1924 766 bos
1961 720 2075 767 bovi
2108 721 2184 768 vel
2220 738 2345 786 equo

210 796 479 860 adjunctus,
519 796 616 843 sive
645 795 827 859 lignum
862 795 992 858 ligno
1016 795 1091 842 vel
1114 796 1257 853 ferro,
1297 813 1374 843 res
1408 797 1607 861 quidem
1634 798 1774 846 bonae
1799 809 1925 856 sunt,
1964 810 2011 847 et
2038 801 2145 866 plus
2177 818 2345 850 eorum

212 876 467 924 multitudo
492 893 640 939 quam
665 876 849 939 singula
867 876 1010 935 valet,
1032 892 1142 923 cum
1168 887 1326 924 tamen
1352 877 1471 924 nihil
1491 879 1695 926 omnino
1719 880 2118 927 remunerationis
2140 882 2346 946 amplius

210 957 399 1005 habeat.

275 1041 471 1098 Revera,
500 1038 704 1101 inquies,
731 1037 797 1084 ita
819 1046 919 1096 est3
951 1037 1062 1100 quia
1086 1053 1185 1083 non
1213 1048 1324 1085 sunt
1342 1038 1455 1085 talia
1477 1055 1581 1102 quae
1605 1041 1776 1087 mereri
1799 1041 2000 1105 possint,
2026 1058 2136 1088 cum
2161 1043 2344 1090 rati0ne

208 1128 418 1165 careant.
451 1117 543 1164 Sed
573 1116 794 1180 nunquid
827 1133 950 1181 opus
973 1127 1192 1164 nostrum
1221 1118 1461 1165 rationem
1484 1118 1653 1176 habet,
1677 1129 1728 1166 ut
1752 1121 1921 1168 mereri
1944 1121 2131 1185 possit?
2155 1124 2344 1187 Nequa-

207 1215 352 1262 quam
371 1236 382 1253 ‚
409 1198 594 1261 inquies
608 1215 621 1253 3
654 1196 740 1243 sed
762 1206 924 1243 tamen
959 1198 1130 1244 mereri
1154 1214 1276 1262 opus
1308 1197 1509 1259 dicitur,
1537 1199 1650 1262 quia
1672 1216 1762 1247 nos
1783 1201 1955 1247 mereri
1978 1201 2105 1259 facit,
2132 1201 2227 1248 hoc
2248 1211 2343 1258 est,

208 1278 379 1342 dignos
401 1276 814 1336 remuneratione,
842 1276 916 1324 vel
942 1278 1108 1324 saltem
1134 1278 1332 1341 majore.
1367 1278 1461 1325 Sed
1485 1278 1580 1326 hoc
1608 1279 1824 1344 profecto
1856 1297 2002 1345 supra
2035 1282 2312 1344 negavimus
2328 1319 2341 1343 ,

205 1368 251 1404 et
284 1374 370 1404 cur
391 1357 667 1421 negandum
692 1357 751 1402 sit
786 1365 917 1403 extra
952 1373 1008 1403 ea
1036 1374 1140 1421 quae
1162 1357 1394 1417 diximus,
1420 1358 1601 1422 accipe.
1628 1360 1750 1406 Sunt
1770 1359 1870 1406 duo
1893 1360 1941 1406 in
1967 1361 2140 1408 eodem
2163 1378 2343 1426 propo-

205 1439 295 1484 sito
330 1436 598 1485 aedificandi
631 1437 804 1484 domos
840 1452 1135 1501 pauperum,
1175 1436 1294 1484 alter
1327 1436 1599 1484 devotionis
1632 1455 1727 1485 suae
1763 1438 1986 1486 affectum
2016 1440 2200 1505 implet,
2227 1440 2347 1488 alter

207 1535 319 1565 vero
356 1518 560 1582 pecunia
594 1533 740 1581 quam
772 1527 1148 1582 praeparaverat,
1180 1516 1272 1564 sibi
1294 1516 1530 1564 violenter
1563 1517 1745 1577 ablata,
1773 1521 1907 1583 quod
1936 1521 2191 1584 proposuit
2225 1537 2345 1568 con-

206 1614 445 1645 summare
476 1614 576 1644 non
612 1597 917 1661 permittitur,
944 1597 1076 1644 nulla
1098 1598 1171 1644 sui
1195 1598 1337 1663 culpa
1359 1597 1704 1645 interveniente
1719 1635 1731 1658 ,
1758 1598 1842 1645 sed
1864 1598 1965 1645 sola
1985 1615 2096 1646 eum
2118 1599 2345 1648 violentia

205 1677 542 1742 praepediente.
571 1676 800 1741 Nunquid
825 1677 926 1740 ejus
950 1677 1174 1723 meritum
1200 1677 1250 1724 id
1273 1677 1408 1741 quod
1429 1677 1635 1724 exterius
1654 1688 1725 1724 est
1746 1688 1926 1738 actum,
1952 1679 2170 1732 minuere
2189 1681 2346 1745 potuit

208 1774 269 1822 ap
278 1757 345 1803 ud
362 1761 535 1814 Deum,
559 1767 641 1804 aut
659 1756 839 1803 malitia
860 1756 1051 1803 alterius
1074 1773 1185 1803 eum
1208 1758 1365 1803 minus
1384 1757 1727 1822 acceptabilem
1747 1761 1850 1805 Deo
1872 1758 2026 1806 facere
2042 1760 2216 1823 potuit,
2240 1762 2341 1824 qui,

211 1847 655 1902 quantumcumque
689 1837 872 1902 potuit,
911 1853 1002 1902 pro
1036 1839 1141 1884 Deo
1178 1836 1318 1883 fecit?
1349 1837 1573 1901 Alioquin
1606 1838 1890 1900 magnitudo
1923 1840 2137 1903 pecuniae
2169 1857 2345 1886 unum-

206 1935 445 1982 quemque
483 1917 732 1964 meliorem
763 1934 819 1964 ac
863 1916 1133 1980 digniorem
1171 1916 1323 1963 facere
1356 1927 1544 1982 posset,
1591 1918 1631 1963 si
1667 1917 1889 1964 videlicet
1913 1918 1975 1964 ad
2011 1919 2235 1966 meritum
2270 1920 2346 1966 vel

206 2008 516 2061 augmentum
548 1998 704 2045 meriti
729 1996 964 2062 proficere
998 1997 1102 2061 ipsa
1132 2006 1318 2060 posset,
1350 2006 1398 2043 et
1426 2013 1524 2060 quo
1550 1996 1748 2043 ditiores
1776 1996 2000 2044 homines
2035 2008 2216 2059 essent,
2246 2015 2344 2046 me-

206 2078 348 2125 liores
378 2077 480 2125 fieri
500 2087 714 2142 possent,
742 2094 854 2124 cum
886 2077 978 2141 ipsi
1000 2093 1058 2123 ex
1083 2077 1224 2140 copia
1249 2075 1526 2122 divitiarum
1548 2075 1798 2123 devotioni
1830 2093 1924 2123 suae
1947 2076 2054 2141 plus
2076 2088 2272 2142 possent
2294 2079 2344 2126 in

206 2157 434 2223 operibus
465 2157 660 2205 addere.
687 2156 833 2215 Quod
868 2156 1066 2220 quidem
1089 2156 1375 2215 existimare,
1414 2165 1466 2202 ut
1502 2171 1619 2220 opes
1653 2154 1832 2202 scilicet
1859 2155 1920 2202 ad
1950 2173 2114 2205 veram
2142 2157 2346 2207 beatitu-

207 2239 397 2299 dinem,
441 2237 516 2285 vel
550 2237 613 2284 ad
648 2238 817 2284 animae
854 2235 1134 2300 dignitatem
1170 2235 1431 2299 quicquam
1460 2235 1649 2282 valeant
1688 2235 1924 2295 conferre,
1965 2236 2043 2283 vel
2073 2236 2134 2284 de
2168 2238 2347 2284 meritis

207 2335 471 2383 pauperum
505 2319 765 2382 quicquam
793 2316 1006 2374 auferre,
1036 2332 1226 2362 summa
1252 2326 1323 2362 est
1345 2314 1546 2362 insania.
1587 2315 1636 2362 Si
1665 2324 1826 2362 autem
1855 2316 2066 2363 animam
2098 2316 2346 2364 meliorem

207 2398 395 2445 efficere
418 2415 517 2445 non
538 2407 694 2462 potest
716 2397 951 2462 possessio
977 2412 1157 2456 rerum,
1186 2395 1348 2459 utique
1371 2411 1461 2442 nec
1484 2411 1592 2442 eam
1621 2397 1725 2442 Deo
1745 2395 1980 2443 cariorem
2001 2396 2152 2444 facere
2172 2407 2343 2462 potest,

205 2496 293 2527 nec
316 2496 423 2527 eam
446 2480 492 2526 in
517 2477 813 2525 beatitudine
834 2477 988 2525 meriti
1014 2476 1276 2540 quicquam
1298 2474 1537 2522 obtinere.

1048 2698 1288 2757 CAPUT
1331 2696 1498 2758 VIII.

1126 2823 1139 2840 ,,

826 2852 882 2888 De
923 2850 1234 2889 remuneratione
1273 2863 1435 2902 operum
1471 2850 1723 2889 exteriorum.

278 2977 372 3021 Nec
399 2985 558 3022 tamen
590 2992 820 3039 negamus
843 2977 893 3022 in
926 2976 1017 3023 hac
1039 2977 1135 3023 vita
1160 2975 1301 3023 bonis
1330 2977 1430 3023 istis
1453 2976 1682 3041 operibus
1703 2975 1778 3022 vel
1802 2974 1937 3022 malis
1959 2973 2139 3039 aliquid
2165 2974 2338 3032 tribui,

212 3064 262 3100 ut
292 3070 346 3100 ex
370 3057 588 3118 praesenti
616 3055 929 3103 retributione
951 3058 998 3102 in
1025 3057 1220 3120 praemio
1243 3056 1317 3102 vel
1341 3073 1485 3121 poena
1506 3056 1711 3121 amplius
1732 3055 1794 3102 ad
1814 3054 1948 3102 bona
1969 3056 2239 3111 incitemur,
2265 3050 2340 3098 vel

211 3151 238 3181 a
272 3133 405 3181 malis
440 3134 759 3194 retrahamur;
791 3145 838 3181 et
870 3136 930 3182 de
965 3135 1067 3182 aIIis
1098 3135 1177 3182 alii
1208 3137 1425 3200 exempla
1458 3145 1649 3183 sumant
1679 3136 1729 3182 in
1763 3134 1990 3182 faciendis
2024 3149 2127 3196 quae
2161 3147 2339 3179 conve·

212 3214 369 3275 niunt,
396 3214 471 3261 vel
495 3213 717 3260 cavendis
739 3229 843 3275 quae
865 3231 966 3260 non
991 3215 1304 3261 conveniunt.
