2638 3866
801 221 860 269 IN
894 217 1226 267 EPISTOLAM
1259 219 1341 269 AD
1376 219 1684 269 ROMANOS.
2219 215 2312 264 463

163 337 333 372 eorum
353 321 579 387 proprius
600 319 855 386 Apostolus
877 318 1141 367 destinatus
1163 329 1249 368 est.
1272 320 1413 368 Unde
1433 329 1481 369 et
1499 319 1673 368 doctor
1696 318 1909 383 gentium
1931 316 2199 383 specialiter
2215 316 2314 383 ipse

163 402 322 451 dictus
343 411 430 450 est.
459 402 582 449 Hinc
606 410 676 449 est
697 399 817 448 illud
836 400 887 447 in
907 399 1103 448 Actibus
1124 402 1483 466 Apostolorum,
1507 400 1698 448 dicente
1721 399 1896 465 Spiritu
1921 399 2113 447 sancto¹
2138 415 2149 446 ε
2180 417 2204 443 «
2231 399 2312 445 Se-

163 492 353 548 gregate
377 482 496 531 mihi
519 481 787 530 Barnabam
817 491 864 529 et
887 481 1086 529 Paulum
1115 481 1165 528 in
1197 499 1320 548 opus
1348 480 1599 530 ministerii
1621 480 1683 528 ad
1713 480 1846 544 quod
1881 479 2117 546 assumpsi
2155 495 2255 528 eos.
2285 498 2309 524 n

165 564 477 629 Evangelium
508 563 640 612 bona
680 563 983 610 annuntiatio
1014 562 1207 624 dicitur,
1243 579 1302 611 eo
1329 563 1549 612 videlicet
1572 561 1709 628 quod
1731 561 2013 625 Evangelica
2041 559 2315 626 praedicatio

161 646 379 694 enuntiet
401 645 697 711 completum
715 643 850 709 quod
871 654 1012 692 antea
1030 654 1131 692 erat
1141 644 1448 710 promissum.

230 747 253 770 «
277 726 425 785 Quod
444 735 554 774 ante
579 725 882 791 promiserat.
911 745 934 768 n
958 725 1328 773 Commendatio
1349 737 1420 774 est
1446 724 1688 789 Evangelii
1708 723 1842 788 quod
1866 724 1980 771 olim
2001 739 2030 770 a
2051 725 2156 770 Deo
2174 722 2315 771 nobis

160 808 455 873 promissum
477 807 608 854 dicit.
636 825 660 851 «
679 808 768 853 Per
793 804 1056 871 Prophetas
1073 823 1203 855 suos.
1230 825 1254 851 »
1282 810 1435 855 Nemo
1458 806 1590 854 enim
1619 821 1722 853 rem
1756 803 1917 865 vilem,
1952 811 2006 851 ut
2023 803 2089 851 ait
2111 802 2312 851 Ambro-

159 889 285 949 sius,
318 889 504 953 magnis
537 886 839 954 praeconibus
874 888 1083 935 nuntiat.
1120 891 1208 935 Per
1242 888 1535 936 Hieremiam
1563 886 1803 934 Dominus
1825 885 1988 933 dicit²z
2014 903 2037 930 «
2061 887 2182 932 Ecce
2214 884 2314 932 dies

137 970 376 1031 ·veniunt,
402 979 452 1017 et
479 967 832 1017 consummabo
862 971 1219 1016 Testamentum
1244 986 1427 1018 novum
1443 1007 1454 1026 ‚
1483 978 1577 1017 etc.
1603 988 1626 1012 2>
1658 969 1782 1015 Suos
1811 965 1929 1014 dicit
1955 964 2218 1032 prophetas
2252 965 2313 1013 ad

158 1050 478 1099 differentiam
510 1050 740 1098 salsorum
764 1050 865 1098 sive
893 1050 1232 1116 reproborum,
1260 1052 1383 1099 sicut
1405 1050 1597 1098 Balaam
1615 1049 1690 1097 vel
1716 1049 1800 1114 qui
1823 1064 1911 1114 per
1932 1047 2152 1113 spiritum
2176 1045 2314 1094 mali-

157 1148 304 1195 gnum
339 1148 697 1198 nonnunquam
725 1131 882 1179 futura
913 1132 1197 1198 praedicunt.
1240 1133 1482 1199 Propheta
1513 1132 1694 1198 quippe
1728 1137 1799 1178 est.
1833 1129 1918 1195 qui
1952 1128 2107 1176 futura
2141 1127 2310 1193 praedi-

157 1213 315 1261 cendo
335 1214 530 1262 revelat.
555 1213 697 1261 Unde
716 1223 763 1261 et
781 1212 1022 1280 propheta
1042 1215 1179 1279 quasi
1196 1231 1224 1262 a
1239 1214 1595 1281 prophetando,
1614 1212 1664 1260 id
1681 1221 1768 1274 est,
1788 1209 2096 1277 praedicendo
2116 1209 2307 1257 dicitur.

158 1315 183 1338 «
218 1297 273 1341 ln
315 1296 579 1362 scripturis.
618 1316 642 1340 2>
681 1295 745 1343 Ut
778 1312 880 1342 non
925 1295 1082 1343 solum
1117 1296 1276 1344 verbis
1317 1296 1415 1345 hoc
1450 1295 1698 1362 prophetae
1732 1292 2103 1354 annuntiarent,
2142 1309 2310 1340 verum

154 1376 298 1424 etiam
335 1377 581 1442 scripturis
629 1376 992 1425 confirmarent.
1042 1396 1066 1421 (ε
1102 1379 1304 1426 Sanctis.
1342 1399 1366 1422 υ
1398 1381 1503 1425 Hoc
1536 1387 1607 1425 est
1645 1375 1708 1424 ad
1745 1374 2007 1423 sanctitatis
2037 1373 2310 1421 doctrinam

151 1466 198 1503 et
232 1456 476 1522 religionis
507 1459 716 1506 formam
746 1458 1056 1523 conscriptis,
1089 1469 1137 1506 et
1168 1459 1345 1525 Spiritu
1375 1468 1543 1506 sancto
1582 1457 1793 1505 dictante
1828 1455 2124 1521 compositis.
2175 1474 2198 1498 α
2237 1458 2309 1502 De

151 1537 253 1586 filio
285 1555 391 1587 suo.
421 1560 444 1584 >³
472 1540 526 1587 Id
549 1549 619 1587 est
639 1539 839 1605 proprio
875 1549 923 1587 et
949 1540 1266 1602 substantiali,
1295 1557 1395 1588 non
1425 1539 1674 1606 adoptivo.
1719 1558 1742 1583 «
1771 1538 1867 1596 Qui
1899 1536 2050 1584 factus
2081 1545 2152 1584 est
2173 1537 2215 1584 ei
2251 1552 2309 1584 ex

149 1619 332 1666 semine
368 1620 525 1668 David
557 1620 824 1668 secundum
849 1636 1063 1669 carnem.
1097 1639 1120 1666 »
1157 1620 1211 1667 ld
1243 1631 1312 1668 est
1340 1621 1605 1669 humanam
1639 1628 1885 1679 naturam,
1921 1618 2002 1683 qui
2041 1616 2308 1665 secundum

149 1699 362 1749 divinam
400 1701 712 1749 solummodo
752 1711 824 1748 est
856 1702 1062 1765 genitus.
1118 1701 1236 1748 «Ei.
1265 1720 1288 1746 υ
1326 1701 1515 1748 Scilicet
1562 1704 1666 1748 Deo
1706 1700 1848 1761 Patri,
1892 1698 1942 1746 id
1980 1707 2067 1760 est,
2113 1698 2175 1745 ad
2218 1697 2308 1745 ho-

148 1797 320 1828 norem
346 1782 493 1847 ipsius
522 1783 607 1847 qui
632 1797 822 1847 semper
844 1782 894 1828 in
923 1781 1043 1829 Filio
1069 1781 1362 1846 glorificatus
1397 1792 1468 1829 est
1495 1791 1541 1829 et
1567 1781 1835 1829 honoratus
1868 1796 1879 1827 :
1910 1796 2022 1827 cum
2048 1780 2151 1845 ipse
2181 1778 2309 1827 dicat

147 1860 290 1910 Filius
333 1863 423 1910 Dei
455 1863 704 1928 propriam
736 1862 939 1928 gloriam
966 1879 1017 1910 se
1062 1879 1164 1910 non
1208 1879 1438 1927 quaerere,
1482 1862 1566 1910 sed
1596 1862 1699 1926 ejus
1731 1863 1814 1927 qui
1851 1861 1980 1908 misit
2010 1877 2142 1908 eum.
2190 1879 2213 1907 ι(
2239 1864 2308 1909 Ex

147 1943 331 1991 semine
365 1943 539 1992 David.
562 1965 584 1988 >a
609 1943 664 1991 ld
696 1953 789 2005 est,
812 1961 869 1991 ex
892 1944 1062 2006 Maria,
1090 1960 1195 2008 quae
1214 1945 1303 1991 fuit
1324 1961 1383 1991 ex
1410 1944 1556 2009 stirpe
1578 1942 1736 1991 David
1753 1978 1767 2001 ,
1795 1959 1907 1990 cum
1936 1951 2036 1989 tam
2066 1940 2305 1989 Abraham

146 2039 294 2089 quam
325 2026 482 2074 David
508 2026 766 2091 promissio
798 2025 861 2073 de
893 2025 1083 2073 Christo
1118 2027 1241 2075 facta
1276 2026 1364 2086 sit;
1398 2036 1452 2074 ut
1482 2025 1705 2073 videlicet
1726 2024 1789 2072 de
1810 2040 1982 2072 eorum
2016 2023 2200 2071 semine
2220 2040 2308 2089 per

145 2115 349 2154 matrem
388 2122 525 2154 suam
557 2117 847 2155 nasceretur.
884 2107 973 2154 Hic
1007 2116 1169 2154 tamen
1210 2106 1367 2154 solum
1400 2116 1749 2154 commemorat
1783 2104 1957 2168 David,
1991 2105 2076 2170 qui
2100 2105 2306 2170 graviter

142 2203 499 2253 nonnunquam
531 2188 750 2253 deliquit,
786 2204 888 2235 non
922 2187 1163 2236 Abraham
1187 2188 1271 2253 qui
1302 2188 1509 2236 maxime
1535 2188 1693 2252 justus
1719 2187 1978 2254 apparuitt
2009 2196 2062 2234 ut
2084 2185 2305 2234 videlicet

145 2266 318 2316 divinae
339 2270 514 2332 gratiae,
532 2286 634 2317 non
654 2269 835 2317 meritis
858 2269 1116 2317 hominum
1140 2279 1298 2317 totum
1331 2269 1476 2334 hujus
1497 2269 1842 2318 incarnationis
1866 2267 2105 2316 tribuatur
2127 2277 2304 2333 myste-

144 2348 289 2397 rium.
333 2349 517 2398 Sufficit
552 2351 695 2398 etiam
730 2350 985 2398 nominare
1009 2350 1192 2409 David,
1218 2351 1365 2399 tacito
1406 2349 1663 2411 Abraham,
1696 2367 1810 2398 curn
1831 2366 1919 2416 per
1946 2347 2104 2397 David
2126 2349 2210 2414 qui
2243 2347 2304 2395 de

143 2445 317 2493 genere
340 2430 542 2478 Abrahae
565 2441 654 2491 est,
680 2431 926 2478 Christum
949 2431 1011 2479 de
1030 2448 1203 2496 genere
1227 2431 1426 2479 Abrahae
1451 2448 1554 2479 esse
1577 2431 1767 2479 doceat.

213 2530 236 2554 <c
270 2512 367 2570 Qui
395 2511 759 2577 praedestinatus
795 2522 884 2560 est.
907 2531 937 2558 ,„
977 2516 1084 2561 Hoc
1120 2523 1221 2573 est,
1257 2513 1423 2561 divina
1465 2515 1615 2578 gratia
1650 2522 1961 2578 praeparatus,
1998 2526 2088 2576 pro
2122 2525 2220 2575 qua
2255 2518 2302 2557 et

145 2592 285 2639 matri
320 2592 423 2656 ejus
461 2592 644 2641 dictum
679 2595 780 2641 est¹³
807 2611 818 2640 t
853 2613 877 2639 «
916 2595 1037 2656 Ave,
1077 2595 1227 2658 gratia
1257 2593 1420 2659 plena.
1457 2613 1480 2637 »
1522 2593 1880 2641 Praedestinatio
1914 2592 2095 2657 quippe
2124 2590 2302 2638 dicitur

144 2670 315 2719 divinae
346 2674 505 2738 gratiae
531 2674 832 2740 praeparatio.
876 2674 1242 2723 Praedestinatus
1275 2684 1364 2732 est,
1398 2675 1597 2739 inquam
1626 2694 1649 2718 (ε
1676 2673 1822 2721 Filius
1848 2673 1937 2721 Dei
1970 2673 2018 2719 in
2048 2671 2241 2718 virtute.
2271 2689 2297 2715 »

142 2758 248 2802 Hoc
271 2764 359 2817 est,
386 2766 438 2803 ut
456 2767 579 2804 esset
602 2758 752 2804 virtus
777 2768 824 2805 et
849 2758 1080 2806 fortitudo
1103 2759 1325 2806 omnium
1349 2758 1393 2804 ei
1415 2757 1760 2805 cohaerentium
1777 2773 1866 2822 per
1889 2755 2054 2803 fldem.
2084 2775 2106 2798 «
2124 2757 2302 2802 Secun-

143 2834 261 2883 dum
278 2836 509 2901 Spiritum
527 2836 934 2886 sanctificationis.
948 2858 967 2881 n
986 2837 1060 2886 Ad
1071 2837 1171 2885 duo
1184 2838 1427 2903 praemissa
1445 2837 1544 2885 duo
1564 2837 1655 2885 alia
1674 2836 1931 2897 subnectit,
1958 2835 2096 2901 quasi
2115 2834 2301 2899 singula

144 2916 342 2980 singulis
368 2916 595 2964 reddens.
618 2917 688 2964 Ad
718 2917 838 2965 illud
855 2918 1056 2983 quidem
1079 2917 1217 2982 quod
1231 2907 1392 2982 primo
1417 2917 1536 2965 dixit
1559 2937 1583 2963 «
1602 2918 1686 2983 qui
1709 2917 1860 2966 factus
1883 2924 1954 2965 est
1974 2917 2019 2964 ei
2036 2933 2093 2964 ex
2117 2916 2299 2964 semine

142 2997 299 3045 David
329 2998 599 3046 secundum
633 3014 830 3046 carnem
849 3035 861 3061 ‚
879 3018 902 3044 n
938 2998 1066 3046 istud
1100 2998 1363 3063 subjungit,
1411 3019 1434 3043 ε(
1452 2998 1719 3047 secundum
1761 2998 1993 3065 Spiritum
2033 2996 2300 3046 sanctifica·

145 3077 304 3141 tionis,
327 3098 350 3124 η
375 3078 474 3127 hoc
511 3089 581 3127 est
607 3094 694 3145 per
721 3080 1055 3146 operationem
1085 3079 1259 3128 divinae
1287 3081 1463 3145 gratiae,
1506 3096 1611 3145 quae
1639 3080 1843 3146 Spiritus
1872 3088 2068 3128 sanctus
2103 3078 2293 3135 dicitur,

186 3287 193 3305 ¹
211 3285 281 3318 Act.
296 3287 423 3327 Apost„
446 3296 517 3328 cap.
538 3296 615 3328 xm,
632 3296 661 3320 r.
681 3291 713 3321 ¹2.
731 3306 769 3311 —
786 3289 797 3308 ²
812 3288 947 3325 Jerem„
964 3297 1036 3329 cap.
1054 3297 1134 3321 xxxi
1147 3311 1157 3328 ,
1179 3298 1210 3320 v.
1230 3291 1266 3323 31
1286 3299 1294 3320 :
1309 3300 1328 3318 α
1345 3288 1428 3322 Ecce
1446 3289 1517 3322 dies
1532 3289 1685 3329 venient,
1701 3289 1781 3322 dicit
1801 3287 1975 3330 Dominus,
1993 3292 2027 3320 et
2047 3286 2160 3319 teriam
2183 3284 2295 3317 domui

141 3337 240 3372 lsrael
253 3344 286 3373 et
301 3340 412 3373 domui
426 3340 510 3375 Juda
527 3341 631 3375 t'oedus
649 3351 779 3376 novum.
793 3355 811 3372 ιο
822 3359 863 3368 --
877 3343 890 3364 ⁸
907 3342 1000 3384 Luc„
1014 3352 1086 3385 cap.
1104 3352 1129 3385 1,
1147 3352 1178 3377 v,
1197 3345 1249 3377 28.
