2638 3866
317 208 412 255 494
1125 207 1295 255 PETRI
1330 205 1642 254 ABAELARDI

315 310 373 356 sit
395 326 504 357 eum
530 310 671 358 fuisse
695 326 794 357 non
820 309 1226 376 praedestinatum,
1252 325 1342 356 nec
1364 306 1647 355 salvandum
1669 325 1678 353 z
1704 323 1804 355 non
1830 317 1990 355 tamen
2015 323 2127 354 cum
2158 307 2453 356 determina-

317 390 446 438 tione
469 407 634 437 verum
659 400 729 437 est
745 390 921 453 dicere,
950 390 1083 455 quod
1107 407 1219 437 eum
1242 388 1468 455 possibile
1492 398 1562 436 est
1587 388 1826 450 damnari,
1853 405 1964 436 cum
1989 388 2047 435 sit
2071 387 2451 453 praedestinatus,

317 469 388 517 vel
413 487 526 517 cum
550 471 609 517 sit
633 470 907 518 salvandus.
930 471 1007 518 Sic
1027 481 1074 519 et
1107 487 1236 532 eum,
1274 470 1359 535 qui
1391 478 1606 517 curtatus
1633 478 1722 527 est,
1759 468 1988 534 possibile
2017 479 2088 516 est
2118 468 2298 517 habere
2328 468 2454 516 duos

318 550 480 614 pedes,
506 567 616 598 cum
634 551 693 598 sit
716 552 875 599 omnis
896 551 1047 599 homo
1070 551 1222 617 bipes,
1250 561 1297 598 et
1320 568 1432 598 eum
1448 550 1531 614 qui
1548 565 1699 597 caecus
1714 560 1785 596 est
1802 549 2027 614 possibile
2047 559 2118 596 est
2139 549 2334 610 videre;
2353 565 2454 596 non

318 639 475 677 tamen
502 631 728 695 possibile
750 641 820 679 est
838 642 1094 698 postquam
1114 641 1328 679 curtatus
1343 640 1430 691 est,
1455 631 1531 677 vel
1555 638 1810 694 postquam
1844 647 2013 678 caecus.
2049 629 2271 693 Alioquin
2304 629 2457 694 possi·

317 709 411 757 bile
432 721 554 759 esset
570 714 916 776 regressionem
941 712 1002 760 de
1021 712 1289 778 privatione
1309 711 1371 758 ad
1389 710 1608 758 habitum
1636 709 1756 771 fieri,
1791 710 1925 775 quod
1958 711 2146 777 penitus
2169 710 2341 757 falsum
2360 719 2452 756 est.

317 791 393 838 Sic
416 800 462 838 et
485 793 682 840 fortasse
700 810 801 841 non
820 803 892 840 est
911 792 1177 840 absurdum
1197 809 1288 840 nos
1300 791 1568 839 concedere
1584 791 1880 856 simpliciter,
1903 791 2036 855 quod
2059 808 2170 839 cum
2186 790 2452 848 hominem,

318 872 398 934 qui
418 874 522 919 Deo
545 874 708 920 unitus
731 883 819 933 est,
844 873 1070 939 possibile
1089 874 1147 920 sit
1170 889 1386 938 peccare,
1426 890 1526 919 non
1552 882 1714 919 tamen
1737 882 1995 937 postquam
2031 872 2192 919 unitus
2227 870 2303 918 vel
2335 870 2454 917 dum

318 955 477 1003 unitus
500 965 586 1003 est.
607 956 852 1004 Christum
872 974 1004 1018 vero,
1032 957 1082 1004 id
1106 966 1193 1015 est,
1216 958 1365 1004 Deum
1391 956 1532 1003 simul
1561 966 1607 1003 et
1642 956 1894 1004 hominem
1925 956 2082 1004 modis
2113 953 2339 1003 omnibus
2365 954 2456 1001 im-

309 1037 543 1099 possibile
566 1047 636 1085 est
656 1054 872 1103 peccare,
898 1055 1010 1086 011111
1032 1038 1255 1086 videlicet
1274 1038 1432 1103 ipsum
1451 1037 1626 1084 Christi
1649 1054 1829 1085 nomen
1861 1039 1948 1086 Dei
1987 1048 2034 1086 et
2063 1036 2275 1084 hominis
2302 1036 2458 1101 expri-

315 1126 413 1163 mat
437 1118 685 1166 unionem.
707 1123 769 1166 Ac
793 1119 862 1167 sic
885 1119 1020 1183 quod
1045 1119 1227 1166 dictum
1250 1128 1336 1177 est,
1359 1139 1382 1162 «
1401 1119 1559 1166 omnis
1579 1119 1732 1167 homo
1755 1118 1981 1180 mendax,
2007 1138 2027 1166 »1
2051 1117 2210 1166 modis
2229 1115 2457 1164 omnibus
2514 1160 2524 1167 .

314 1213 427 1244 vera
452 1197 640 1245 videtur
663 1215 764 1245 esse
784 1200 1070 1247 enuntiatio.

382 1297 404 1320 «
425 1278 556 1325 Sicut
584 1279 813 1343 scriptum
839 1289 932 1341 est,
960 1290 1013 1326 ut
1032 1279 1319 1343 justificeris.
1347 1301 1368 1323 »
1397 1280 1576 1328 Probat
1609 1297 1696 1346 per
1719 1282 2055 1329 auctoritatem
2087 1279 2283 1340 Psalmi,
2309 1293 2455 1343 quam

311 1373 451 1405 verax
471 1359 531 1405 sit
555 1362 683 1406 Deus
703 1360 751 1406 in
777 1361 1021 1425 promissis
1048 1361 1144 1408 suis
1161 1360 1481 1426 complendis,
1507 1370 1554 1408 et
1572 1361 1754 1409 stabilis
1776 1362 1824 1409 in
1851 1378 1941 1409 suo
1965 1360 2235 1428 proposito.
2264 1358 2457 1405 Promi-

310 1448 434 1485 serat
453 1439 630 1504 quippe
654 1441 891 1488 Dominus
913 1441 975 1488 ad
999 1441 1178 1502 David,
1205 1441 1340 1506 quod
1365 1441 1425 1489 de
1448 1443 1631 1489 semine
1652 1442 1754 1505 ejus
1776 1442 1990 1490 Christus
2014 1449 2308 1489 nasceretur.
2338 1440 2458 1498 Quae

312 1518 506 1580 quidem
534 1521 786 1584 promissio
804 1531 910 1586 post
926 1522 1214 1570 adulterium
1238 1522 1393 1570 David
1410 1522 1641 1571 cassanda
1654 1524 1856 1570 omnino
1879 1522 2151 1582 videbatur,
2179 1530 2227 1568 et
2250 1520 2456 1566 omnino

311 1603 631 1666 incongruum
654 1604 926 1664 videbatur,
952 1615 1006 1652 ut
1025 1605 1222 1652 ulterius
1250 1605 1311 1653 de
1339 1606 1521 1653 semine
1545 1615 1643 1653 tam
1668 1607 1935 1671 peccatoris
1961 1605 2173 1653 hominis
2198 1603 2342 1651 Filius
2369 1601 2457 1650 Dei

311 1698 504 1729 carnem
539 1684 817 1748 susciperet,
856 1694 904 1732 et
935 1686 999 1732 ita
1028 1688 1187 1732 Deum
1213 1686 1296 1750 qui
1326 1685 1422 1733 1100
1453 1686 1496 1732 01
1526 1687 1830 1751 promiserat,
1859 1686 2144 1733 mendacem
2175 1683 2278 1731 fieri
2310 1698 2456 1748 opor·

312 1772 449 1810 teret.
487 1762 634 1820 Quod
668 1780 978 1829 nequaquam
1019 1782 1160 1830 posse
1196 1766 1499 1830 contingere,
1537 1766 1667 1813 idem
1705 1767 1789 1831 qui
1815 1777 1911 1814 tam
1951 1766 2156 1831 graviter
2191 1763 2458 1827 deliquerat

311 1842 562 1890 attendens
576 1843 757 1891 aiebat1
786 1862 796 1889 t
825 1864 847 1889 α
867 1845 971 1892 Tibi
991 1845 1080 1893 soli
1103 1846 1324 1911 peccavi,
1356 1846 1405 1893 id
1425 1856 1512 1907 est,
1537 1847 1599 1894 ad
1625 1847 1862 1894 honorem
1889 1847 1956 1894 tui
1973 1856 2180 1904 tantum,
2204 1844 2288 1908 qui
2312 1844 2456 1890 etiam

313 1923 614 1988 iniquitatem
647 1924 771 1972 bene
800 1925 1020 1986 ordinas,
1058 1936 1106 1973 et
1139 1927 1202 1974 ad
1235 1927 1436 1991 gloriam
1471 1938 1600 1975 tuam
1636 1928 1801 1976 omnia
1830 1927 2087 1975 convertis.
2132 1945 2155 1970 α
2184 1927 2242 1972 Et
2276 1923 2458 1971 malum

310 2020 473 2051 coram
488 2013 533 2051 te
547 2004 651 2065 feci,
672 2025 693 2047 >³
721 2005 771 2051 id
785 2015 855 2053 est
872 2015 917 2053 te
937 2006 1133 2067 sciente,
1149 2023 1293 2072 quem
1314 2007 1434 2054 nihil
1454 2008 1594 2055 latet:
1618 2018 1669 2055 ut
1686 2025 1773 2074 per
1785 2008 1881 2055 1100
1896 2016 2123 2074 appareat
2142 2005 2458 2071 quamjustus

310 2084 398 2143 sis,
432 2085 515 2148 qui
536 2084 758 2132 videlicet
785 2102 899 2132 cum
932 2087 1051 2134 scias
1082 2087 1159 2135 me
1181 2088 1534 2153 promeruisse,
1560 2099 1613 2136 ut
1643 2105 1744 2135 non
1772 2088 1891 2135 mihi
1921 2087 2157 2154 promissa
2182 2084 2452 2143 custodias;

313 2174 470 2212 tamen
490 2165 602 2229 quia
626 2165 781 2228 justus
805 2183 855 2213 es
877 2176 926 2214 et
945 2184 1114 2228 verax,
1143 2185 1243 2215 non
1267 2178 1406 2234 potes
1428 2170 1799 2234 promissionem
1825 2178 1959 2216 tuam
1985 2168 2226 2215 frustrare.
2253 2165 2302 2212 Si
2326 2165 2457 2212 enim

312 2255 560 2310 peccatum
590 2245 686 2292 1100
717 2249 874 2294 Deum
899 2248 1083 2309 lateret,
1115 2266 1216 2296 non
1247 2249 1490 2297 videretur
1513 2267 1655 2298 031153
1681 2267 1828 2315 quare
1856 2249 2224 2316 promissionem
2247 2262 2348 2293 non
2371 2246 2459 2292 im-

311 2325 478 2390 pleret.
505 2328 641 2373 Nunc
670 2337 831 2375 autem
863 2345 973 2375 cum
997 2330 1117 2376 sciat
1144 2339 1393 2394 peccatum
1418 2331 1672 2389 committi,
1698 2341 1744 2378 et
1766 2339 2050 2396 peccantem
2079 2327 2310 2375 meruisse
2342 2342 2458 2373 con-

312 2407 528 2466 trarium,
556 2417 710 2454 servat
728 2418 888 2456 tamen
908 2409 1209 2457 immobilem
1229 2427 1325 2457 suae
1345 2411 1555 2458 veritatis
1580 2412 1919 2470 constantiam,
1947 2406 2260 2474 adimplendo
2282 2405 2460 2454 scilicet

313 2487 561 2551 promissa.
588 2508 610 2532 «
639 2491 699 2535 Ut
720 2489 992 2552 justificeris
1020 2491 1070 2537 in
1098 2490 1403 2538 sermonibus
1429 2492 1549 2550 tuis,
1579 2512 1600 2535 »
1628 2491 1676 2538 id
1702 2501 1773 2538 est
1795 2501 1850 2537 ut
1868 2487 2176 2554 exsequendo
2210 2501 2458 2533 sermones

315 2576 437 2627 tuos,
457 2567 517 2615 de
542 2569 942 2633 promissionibus
959 2587 1079 2635 quas
1100 2570 1220 2618 mihi
1242 2571 1411 2630 fecisti,
1430 2570 1720 2635 justificeris,
1737 2571 1788 2618 id
1811 2581 1882 2619 est
1894 2571 2049 2635 justus
2075 2578 2121 2616 et
2143 2583 2286 2615 verax
2310 2581 2458 2631 appa-

314 2662 431 2694 reas.
464 2668 487 2691 «
518 2651 576 2695 Et
597 2650 759 2697 vincas
777 2669 800 2695 »
827 2650 1005 2698 scilicet
1027 2651 1299 2699 humanum
1318 2652 1574 2716 judicium,
1603 2671 1627 2696 a
1646 2669 1756 2699 cum
1775 2651 2006 2715 judicaris
2026 2669 2047 2694 υ
2073 2649 2133 2696 31)
2154 2646 2455 2705 hominibus,

317 2727 363 2772 id
385 2738 455 2774 est
476 2731 686 2793 argueris
714 2731 979 2794 mendacii,
1017 2742 1247 2798 tanquam
1269 2733 1353 2798 qui
1379 2749 1481 2780 non
1510 2733 1666 2799 possis
1692 2731 1888 2779 ulterius
1920 2739 2119 2796 propter
2146 2727 2322 2775 delicta
2353 2741 2460 2773 mea

316 2815 445 2853 tuam
471 2810 839 2873 promissionem
862 2812 1140 2879 adimplere.
2298 2820 2306 2826 ”

386 2907 407 2928 α
429 2887 474 2932 81
492 2899 705 2935 311ῐο111.»
727 2892 1095 2956 Oppositionem
1113 2893 1176 2941 ad
1199 2895 1443 2959 praemissa
1466 2895 1567 2960 ipse
1584 2893 1768 2941 inducit
1792 2892 2064 2959 Apostolu5‚
2086 2889 2221 2954 quasi
2239 2879 2417 2936 diceret
2442 2905 2453 2932 :

319 2966 504 3013 Dictum
530 2979 600 3015 est
623 2972 776 3017 Deum
797 2971 1062 3035 justificari,
1085 2974 1135 3020 id
1157 2984 1227 3021 est
1249 2975 1429 3040 justum
1453 2985 1499 3022 et
1524 2991 1743 3023 veracem
1767 2975 1975 3022 maxime
2001 2985 2233 3038 apparere
2261 2985 2319 3016 ex
2349 2983 2459 3032 pec-

317 3046 456 3105 catis;
490 3064 602 3093 cum
631 3048 759 3095 illam
791 3051 967 3099 scilicet
1002 3054 1374 3118 promissionem
1413 3056 1537 3102 illius
1567 3056 1801 3121 impedire
1829 3062 2097 3118 nequeant,
2130 3051 2281 3097 immo
2312 3048 2457 3095 etiam

316 3126 416 3189 ipsa
436 3126 497 3173 ad
520 3128 719 3191 gloriam
743 3146 878 3178 suam
901 3143 1166 3181 convertat.
1193 3134 1287 3181 Sed
1312 3136 1352 3182 si
1383 3145 1578 3200 peccata
1609 3152 1718 3183 mea
1745 3135 1829 3196 ita,
1863 3143 1917 3180 ut
1939 3133 2123 3180 dictum
2144 3139 2231 3188 est,
2254 3129 2303 3176 in
2334 3143 2455 3193 prae-

352 3312 357 3328 ¹
375 3310 505 3346 Psalm.
525 3320 554 3351 L,
579 3321 607 3345 v.
628 3316 659 3346 G.
