2638 3866
1189 228 1500 277 DlALOGUS.
2323 229 2377 275 71
2393 232 2419 276 5

269 342 350 374 eas
382 324 575 373 evenire
606 334 951 391 proponuntur
971 326 1091 375 boni
1113 328 1404 378 vocabulum
1428 329 1753 395 applicamus,
1782 336 1833 375 ut
1854 326 2073 375 videlicet
2105 327 2199 374 hoc
2222 345 2323 376 esse
2347 331 2420 378 vel

270 423 371 455 non
408 423 511 455 esse
544 406 731 455 bonum
766 407 1013 471 dicamus,
1054 409 1148 458 tale
1177 421 1249 458 est
1283 428 1340 460 ac
1377 411 1416 458 si
1450 410 1690 458 diceretur
1725 409 1787 458 ad
1819 409 2030 474 aliquam
2062 409 2150 457 Dei
2186 410 2418 475 optimam

270 487 638 554 dispositionem
659 488 1024 555 complendam,
1056 490 1175 538 illud
1198 493 1525 540 necessarium
1554 508 1672 551 esse,
1708 491 1798 539 etsi
1820 507 1910 538 nos
1938 490 2140 538 omnino
2172 489 2249 538 illa
2276 490 2419 540 lateat

271 569 540 634 dispositio.
569 572 676 617 Non
701 569 832 617 enim
854 568 1062 635 aliquem
1089 572 1234 620 etiam
1255 571 1380 620 bene
1404 572 1558 620 facere
1591 570 1781 619 bonum
1802 580 1902 631 est,
1938 571 1977 618 si
1998 570 2094 619 hoc
2125 587 2235 619 eum
2267 571 2419 620 facere

272 649 414 698 alicui
441 650 615 698 divinae
643 649 939 698 ordinationi
964 667 1066 698 non
1087 654 1336 718 competit,
1363 653 1448 700 sed
1477 653 1636 719 potius
1662 652 1866 711 obsistit,
1893 652 1976 717 qui
2000 668 2088 699 nec
2114 651 2216 699 fieri
2242 662 2414 718 potest,

273 731 408 797 quod
439 731 795 792 rationabilem,
830 748 917 781 cur
941 732 1041 796 fiat,
1070 748 1265 782 causam
1292 752 1393 782 non
1423 734 1587 782 habet.
1613 736 1747 783 Tunc
1771 743 1931 782 autem
1960 733 2294 782 rationabilem
2317 752 2416 782 non

270 813 418 861 habet
435 829 649 872 eausam,
675 830 763 860 cur
784 812 884 874 fiat,
908 815 947 862 si
965 815 1085 880 quid
1107 831 1135 863 a
1155 819 1258 863 Deo
1279 816 1567 882 dispositum
1587 815 1841 882 praepediri
1861 832 2053 862 necesse
2075 825 2216 877 esset,
2242 817 2279 863 si
2300 816 2416 864 illud

273 895 590 959 contingeret.
631 895 764 960 Saepe
800 895 961 960 itaque
997 896 1187 962 decepti
1224 897 1454 957 dicimus,
1481 898 1595 962 quia
1628 896 1819 945 bonum
1849 906 1921 943 est
1955 912 2044 942 nos
2077 895 2170 943 hoc
2198 895 2271 943 vel
2303 895 2418 945 illud

272 976 445 1036 facere,
480 974 616 1040 quod
649 975 925 1024 faciendum
948 993 1051 1025 esse
1072 976 1135 1026 ab
1157 977 1387 1026 omnibus
1420 989 1659 1026 censetur.
1685 977 1778 1024 Sed
1804 993 1917 1024 cnm
1941 993 1969 1024 a
1991 975 2156 1024 divina
2178 977 2421 1025 dissentiat

273 1056 598 1117 ordinatione,
626 1073 713 1123 per
735 1074 950 1106 errorem
974 1060 1253 1118 mentimur,
1282 1059 1368 1107 sed
1390 1059 1631 1107 mendacii
1650 1059 1719 1106 rei
1741 1074 1841 1106 non
1868 1074 2032 1105 sumus
2057 1057 2123 1105 ita
2149 1058 2417 1122 opinantes,

274 1147 328 1185 ut
363 1137 584 1185 dicimus.
611 1138 708 1196 Qui
733 1138 877 1186 etiam
907 1156 1031 1206 saepe
1054 1157 1142 1206 per
1163 1157 1376 1188 errorem
1402 1140 1552 1188 multa
1577 1141 1626 1187 in
1653 1140 1870 1188 oratione
1901 1139 2124 1204 petimus,
2151 1156 2256 1204 quae
2280 1138 2421 1188 nobis

273 1235 301 1267 a
338 1221 443 1266 Deo
487 1218 804 1283 denegantur,
843 1221 928 1284 qui
961 1222 1130 1269 melius
1178 1239 1326 1288 quam
1360 1239 1451 1269 nos
1487 1223 1613 1287 ipse,
1651 1220 1769 1286 quid
1803 1219 1943 1268 nobis
1974 1220 2034 1267 sit
2067 1221 2417 1281 necessarium,

272 1300 506 1365 agnoscit.
538 1299 678 1348 Unde
710 1302 1006 1368 praecipuum
1029 1312 1100 1351 est
1124 1304 1192 1351 sic
1225 1303 1385 1351 dicere
1413 1321 1424 1349 :
1453 1304 1555 1351 Fiat
1576 1302 1798 1350 voluntas
1823 1311 1918 1349 tua.
1947 1304 2051 1348 Hoc
2074 1302 2120 1348 in
2146 1303 2422 1367 praesentia-

273 1398 383 1429 rum
408 1382 521 1429 satis
568 1391 640 1430 est
665 1398 744 1430 me
778 1382 976 1444 dixisse,
1012 1383 1075 1432 ad
1110 1384 1466 1433 ostendendum
1498 1382 1721 1432 videlicet
1752 1382 1956 1448 qualiter
1989 1399 2167 1430 nornen
2202 1383 2321 1430 boni
2355 1394 2426 1431 est

273 1461 664 1526 intelligendum,
690 1463 888 1528 quando
909 1481 1000 1530 pro
1023 1481 1076 1513 re
1099 1465 1232 1514 bona
1247 1465 1527 1531 simpliciter
1549 1465 1753 1512 sumitur
1778 1462 1854 1511 vel
1875 1463 2075 1528 quando
2098 1464 2239 1511 etiam
2263 1481 2424 1511 rerum

273 1543 526 1591 eventibus
558 1545 636 1592 vel
670 1545 870 1610 quando
905 1546 1320 1612 propositionibus
1360 1546 1644 1612 applicatur.
1687 1544 1835 1603 Quod
1872 1545 1984 1609 quia
2021 1561 2079 1592 ex
2120 1545 2426 1609 inquisitione

274 1625 452 1673 summi
485 1624 606 1673 boni
640 1626 878 1692 pendeat,
914 1627 954 1674 si
991 1627 1110 1692 quid
1140 1637 1380 1693 superest,
1407 1627 1542 1691 quod
1575 1626 1636 1674 de
1661 1626 1766 1691 ipso
1798 1624 1996 1673 ulterius
2026 1626 2173 1691 quaeri
2210 1641 2422 1686 censeas,

273 1706 385 1755 licet
408 1716 455 1754 te
479 1706 748 1755 subinferre
767 1707 843 1756 vel
868 1707 932 1755 ad
953 1706 1140 1773 reliqua
1155 1709 1405 1756 festinare.

330 1823 555 1877 [Dialogum
574 1823 679 1864 hunc
698 1824 875 1877 sequitur
889 1825 931 1864 in
952 1824 1095 1864 Codice
1112 1823 1407 1864 Vindobonensi
1427 1823 1646 1863 exhortatio
1665 1823 1867 1873 cujusdam
1887 1823 2062 1877 magistri
2081 1823 2265 1876 anonymi
2284 1822 2332 1862 ad
2347 1824 2430 1862 dis·

273 1887 446 1939 cipulum
465 1887 515 1926 de
527 1886 779 1939 inquisitione
797 1888 940 1927 summi
958 1887 1071 1935 boni,
1090 1901 1177 1940 quae
1198 1887 1355 1927 videtur
1371 1887 1531 1927 Denisio
1552 1887 1733 1935 (Codices
1749 1900 1837 1929 mss.
1864 1887 2073 1938 ‘theologici
2089 1887 2192 1926 Bibl.
2218 1889 2307 1926 Pal.
2335 1890 2431 1923 Vin-

273 1949 407 1990 dobon.
437 1952 559 1999 1794,
575 1951 669 1990 vul.
691 1953 726 1999 1,
747 1954 792 1990 P.
814 1965 860 1999 11,
883 1965 926 2004 p.
951 1952 1045 2002 199)
1077 1968 1094 1986 «ι
1121 1950 1282 2003 obliqua
1306 1951 1415 1989 crisis
1434 1951 1475 1989 in
1497 1950 1691 1990 Abaelardi
1717 1964 1817 2004 opus
1845 1950 2101 2002 discipulique
2127 1949 2385 2002 praemunitio.
2409 1966 2427 1984 π

272 2012 386 2052 Illam
406 2027 477 2053 suo
496 2014 599 2063 loco,
619 2023 664 2054 ut
680 2027 703 2053 a
722 2017 773 2056 D.
795 2014 1024 2054 Rheinwald
1043 2013 1147 2054 edita
1167 2022 1248 2063 est‚·
1261 2014 1568 2067 postponimus.]

364 2291 671 2351 EXORATIO’
706 2304 972 2350 MAGISTRI
1008 2304 1083 2350 An
1113 2302 1449 2350 DISCIPULUM
1484 2297 1555 2347 DE
1584 2300 1958 2356 INQUISITIONE
1982 2300 2154 2347 SUMMI
2189 2301 2339 2348 BONI.

337 2512 428 2566 ‚Fili
454 2512 714 2573 carissime,
749 2511 963 2560 studium
988 2522 1125 2560 tuum
1160 2511 1366 2559 delectat
1397 2527 1503 2572 me,
1533 2527 1633 2576 quo
1664 2511 1938 2576 sapientum
1969 2510 2143 2575 scripta
2176 2509 2431 2573 investigas

278 2611 365 2659 per
394 2603 440 2640 te
473 2594 636 2658 ipsum
658 2593 866 2657 legendo
902 2603 949 2641 et
980 2591 1324 2657 intelligend0,
1362 2595 1568 2659 quaeque
1603 2608 1704 2639 non
1739 2591 1962 2655 intelligis
1993 2607 2021 2638 a
2055 2607 2133 2638 me
2166 2590 2429 2653 ceterisque

278 2673 551 2721 senioribus
582 2673 929 2739 perquirendo.
966 2674 1155 2721 Etenim
1190 2672 1389 2720 scolaris
1420 2672 1502 2721 illa
1533 2673 1837 2733 exercitatio,
1877 2687 1973 2736 qua
2002 2670 2091 2718 sub
2125 2671 2259 2735 virga
2295 2671 2430 2736 pavi-

275 2763 434 2803 tantes
467 2753 730 2819 proficiunt
759 2754 1026 2818 ingeniosi,
1058 2752 1292 2801 deficiunt
1318 2753 1541 2814 hebetes,
1575 2752 1718 2800 bonae
1742 2751 1920 2800 indolis
1943 2751 2327 2800 adolescentibus
2350 2750 2429 2797 vix

278 2844 350 2883 est
373 2851 466 2900 pro
489 2833 788 2882 infantilibus
811 2835 1135 2896 nutrimentis,
1161 2834 1323 2899 qualia
1354 2850 1480 2899 saepe
1500 2832 1708 2881 vid-imus
1729 2832 1792 2881 ab
1815 2831 2156 2881 obstetricibus
2177 2831 2254 2880 vel
2278 2831 2429 2879 nutri-

279 2915 416 2963 cibus
455 2916 708 2964 massicata
742 2916 792 2963 in
837 2932 924 2964 ora
961 2915 1257 2980 vagientium
1300 2914 1647 2980 puerculorum
1675 2913 2024 2961 edentulorum
2060 2912 2213 2979 poni,
2248 2910 2429 2961 eisdem

279 2996 597 3044 renitentibus
632 3005 680 3043 et
713 2995 836 3043 offas
867 2995 1025 3044 aliena
1054 2995 1203 3043 saliva
1236 2994 1434 3044 infectas
1469 2994 1714 3042 interdum
1747 2993 2114 3044 Fastidientibus.
2143 2991 2283 3040 Unde
2319 3000 2430 3040 oum

280 3077 450 3143 primis
484 3076 690 3124 dentatis
719 3075 923 3127 maxillis
957 3093 1045 3142 per
1074 3093 1125 3125 se
1161 3075 1392 3124 mandere
1420 3084 1645 3141 possunt,
1670 3073 1734 3123 ab
1766 3074 1869 3123 aliis
1897 3074 2148 3122 masticata
2174 3082 2276 3122 non
2311 3073 2431 3120 reci—

256 3149 260 3152 *
281 3158 440 3223 piunt,
468 3158 620 3205 immo
643 3174 756 3206 cum
789 3157 1037 3223 discipulis
1068 3156 1363 3206 transeundo
1384 3173 1470 3222 per
1493 3165 1675 3220 segetes
1697 3156 1922 3222 copiosas
1947 3154 2173 3203 vellicant
2194 3164 2241 3202 et
2264 3153 2434 3200 fricant

329 3344 337 3364 ¹
351 3341 422 3375 Vox
436 3343 503 3376 haec
518 3345 552 3377 iu
569 3344 682 3378 codice
698 3347 804 3376 exstat
819 3343 976 3384 rescripta
992 3351 1093 3384 super
1104 3343 1199 3376 aliam
1217 3342 1384 3375 miniatam
1399 3347 1536 3374 erasam.
