2638 3866
309 262 326 306 1
344 258 402 306 16
1110 250 1280 297 PETRI
1314 240 1629 296 ABAELARDI

308 360 608 425 dispensator
637 359 764 403 Deus
786 371 872 419 per
891 369 948 400 ea
981 369 1085 416 quae
1115 361 1210 398 tam
1244 346 1522 396 mirabiliter
1563 354 1609 392 et
1642 343 1753 391 facit
1786 352 1832 390 et
1864 343 2071 405 ordinat,
2107 359 2166 391 ex
2199 345 2313 410 ipsis
2341 346 2437 392 suis

307 448 512 506 quantus
553 437 612 484 sit
654 433 880 500 operibus
918 431 1167 491 indicaret,
1211 429 1323 493 quia
1358 436 1404 474 et
1434 442 1521 490 per
1561 423 1837 489 qualitatem
1880 439 2084 488 operum
2123 439 2229 488 quae
2271 423 2435 473 viden·

308 529 384 567 tur
399 556 413 579 ,
457 515 664 565 absentis
707 511 898 561 artificis
943 510 1226 558 industriam
1273 506 1607 571 dijudicamus.
1665 505 1769 550 Hoc
1815 501 2011 566 quidem
2061 503 2210 551 modo
2251 513 2298 551 et
2333 504 2434 569 ipse

309 596 528 665 perhibet
545 593 815 661 Apostolus,
849 595 1005 639 Deum
1032 590 1104 638 sui
1123 589 1342 636 notitiam
1376 585 1596 651 reprobis
1618 591 1814 651 quoq'ue
1840 583 2115 646 contulisse,
2143 583 2276 648 juxta
2300 585 2432 648 quod

304 678 364 727 ad
387 680 628 725 Romanos
641 673 869 732 scribens,
886 669 1255 719 inexcusabilem
1275 682 1470 714 omnem
1487 664 1739 712 hominem
1761 679 1860 711 esse
1885 664 2146 725 convincit,
2172 673 2220 712 et
2242 663 2303 714 de
2321 681 2434 713 con·

308 768 487 824 temptu
512 757 585 805 sui
609 753 873 803 conditoris
897 769 997 800 esse
1017 748 1334 815 arguendum,
1360 763 1472 794 cum
1492 745 1594 810 ejus
1615 744 1836 793 notitiam
1854 744 1931 792 lex
1958 741 2059 810 ipsa
2081 745 2309 794 naturalis
2330 762 2436 812 quae

303 841 352 887 in
373 838 558 887 ratione
580 834 812 892 consistit,
839 833 983 880 etiam
1009 831 1109 878 sine
1132 829 1310 894 scripto
1328 844 1382 874 ex
1407 828 1508 893 ipsa
1539 842 1743 891 operum
1767 825 1868 890 ejus
1891 825 2186 874 exhibitione
2208 825 2432 875 omnibus

302 918 508 966 afferret.
537 917 612 964 Ait
636 915 815 980 quippe
840 914 943 960 sic¹:
972 933 994 956 «
1015 909 1264 959 Revelatur
1283 908 1354 955 ira
1364 907 1452 955 Dei
1473 907 1534 955 de
1551 905 1674 954 coelo
1693 922 1836 972 super
1855 922 2054 954 omnem
2075 906 2370 972 impietatem
2386 918 2433 955 et

301 998 578 1063 injustitiam
604 994 859 1042 hominum
884 1009 1050 1039 eorum
1078 990 1160 1055 qui
1181 989 1429 1037 veritatem
1448 987 1535 1035 Dei
1554 987 1602 1034 in
1635 986 1865 1051 injustitia
1883 985 2114 1034 detinent.
2142 987 2268 1045 Quia
2298 983 2434 1052 quod

302 1088 470 1127 notum
494 1086 565 1126 est
583 1076 688 1134 Dei,
722 1074 1025 1122 manifestum
1048 1081 1119 1118 est
1140 1071 1189 1118 in
1213 1069 1317 1117 illis.
1351 1071 1479 1116 Deus
1501 1069 1631 1116 enim
1654 1067 1744 1115 illis
1760 1067 1999 1115 revelavit.
2024 1066 2282 1116 Invisibilia
2303 1067 2430 1115 enim

298 1158 445 1224 ipsius
464 1174 491 1205 a
514 1166 731 1204 creatura
761 1153 945 1214 mundi,
972 1169 1060 1218 per
1082 1168 1137 1199 ea
1160 1167 1266 1215 quae
1289 1149 1410 1198 sacta
1445 1158 1573 1210 sunt,
1596 1147 1834 1196 intellecta
1856 1143 2236 1214 conspiciuntur,
2258 1148 2430 1214 sempi-

299 1248 429 1286 terna
456 1253 649 1302 quoque
669 1236 768 1299 ejus
790 1235 937 1281 virtus
961 1244 1007 1281 et
1027 1233 1270 1292 divinitas3
1297 1232 1362 1279 ita
1385 1240 1438 1278 ut
1459 1230 1563 1301 sint
1576 1229 1939 1290 inexcusabiles,
1959 1231 2090 1295 quia,
2117 1246 2229 1277 cum
2250 1245 2431 1294 cogno-

298 1319 470 1366 vissent
500 1319 673 1377 Deum,
701 1332 801 1362 non
826 1315 947 1361 sicut
976 1316 1138 1361 Deum
1166 1311 1583 1377 glorificaverunt,
1622 1320 1705 1359 aut
1738 1312 1910 1375 gratias
1939 1320 2156 1376 egerunt.
2178 1330 2201 1354 >2
2242 1313 2300 1357 Et
2323 1321 2431 1376 post

294 1397 470 1463 aliqua*
497 1416 506 1442 ε
539 1417 560 1440 c<
582 1399 784 1461 Propter
805 1393 938 1458 quod
961 1393 1293 1442 inexcusabilis
1315 1410 1382 1456 es,
1412 1409 1440 1440 o
1462 1392 1630 1450 homo,
1658 1393 1815 1440 omnis
1839 1392 1923 1457 qui
1942 1391 2144 1456 judicas,
2169 1409 2193 1435 »
2219 1390 2315 1438 hoc
2341 1400 2426 1451 est,
2479 1387 2485 1393 ’

292 1478 374 1543 qui
397 1477 594 1526 rationis
622 1477 762 1524 uteris
781 1475 964 1540 judicio
988 1475 1037 1522 in
1060 1473 1206 1523 bonis
1231 1484 1276 1522 et
1299 1474 1436 1521 malis
1459 1471 1802 1532 discernendis,
1831 1481 1973 1537 atque
1995 1472 2045 1519 in
2066 1471 2180 1538 ipsis
2204 1472 2431 1520 creatoris

292 1568 338 1605 et
371 1567 693 1605 creaturarum
728 1555 1036 1603 discutiendis
1075 1555 1275 1603 naturis.
1319 1554 1457 1602 Unde
1496 1564 1543 1602 et
1583 1553 1811 1601 Salomon
1852 1552 2115 1600 nonnullos
2151 1551 2322 1603 mundi
2357 1567 2430 1599 sa-

292 1639 475 1703 pientes
509 1655 557 1685 se
597 1637 907 1685 vehementer
941 1635 1168 1684 admirari
1203 1635 1451 1697 insinuaff,
1495 1633 1748 1699 quomodo
1783 1633 1963 1681 scilicet
1986 1632 2224 1681 mundum
2244 1632 2430 1681 ratione

290 1720 651 1783 vestigaverunt,
682 1728 998 1782 naturamque
1021 1717 1169 1783 ipsius
1191 1733 1278 1783 per
1299 1714 1509 1780 singulas
1526 1715 1674 1781 ipsius
1691 1724 1848 1780 partes
1871 1714 2101 1762 disserere
2124 1713 2287 1761 conati
2298 1722 2426 1775 sunt,

290 1798 509 1846 nondum
538 1809 800 1847 creatorem
821 1799 971 1864 ipsius
1004 1797 1455 1859 animadvertentes,
1483 1813 1630 1861 quem
1661 1795 1844 1843 facilius
1874 1796 2059 1843 ratione
2077 1794 2323 1859 percipere
2341 1809 2429 1858 po-

291 1889 462 1928 terant.
501 1900 522 1923 «
548 1880 595 1927 Si
625 1881 769 1939 enim,
805 1879 980 1943 inquit,
1007 1879 1194 1926 ratione
1229 1887 1415 1925 tantum
1448 1886 1712 1942 potuerunt
1734 1876 1871 1938 scire,
1901 1886 1954 1923 ut
1987 1884 2185 1941 possent
2201 1873 2429 1921 aestimare

289 1960 518 2021 seculum,
546 1961 795 2025 quomodo
817 1961 966 2026 ipsius
987 1959 1159 2008 mundi
1184 1961 1343 2006 Deum
1362 1967 1409 2006 et
1433 1968 1700 2006 creatorem
1725 1974 1824 2004 non
1853 1957 2034 2004 facilius
2057 1956 2379 2003 invenerunt?
2403 1973 2424 1997 >2

288 2042 389 2087 Hoc
413 2050 458 2087 et
480 2039 559 2088 ille
585 2041 819 2088 maximus
845 2042 1127 2088 Latinorum
1158 2038 1567 2105 Philosophorum
1589 2037 2046 2108 Tulliusdiligenter
2069 2036 2289 2096 intuitus,
2316 2052 2428 2084 cum

289 2137 385 2167 non
420 2120 575 2168 solum
611 2123 791 2187 optime
824 2122 1028 2181 factum,
1055 2122 1373 2170 verumetiam
1404 2121 1586 2187 optime
1615 2119 1809 2186 disponi
1841 2117 2079 2166 mundum
2110 2112 2424 2183 conspiceret,

288 2201 586 2264 providentia
610 2202 655 2249 id
684 2203 844 2268 potius
866 2200 961 2268 agi,
985 2219 1133 2268 quam
1167 2201 1368 2250 fortuitu
1409 2200 1723 2262 confirmans,
1768 2210 1866 2248 tam
1889 2215 2026 2247 suam
2057 2199 2105 2246 in
2134 2197 2247 2259 hoc,
2275 2212 2423 2263 quam

288 2291 567 2329 caeterorum
627 2285 863 2331 rationem
918 2284 1139 2350 exposuit
1192 2282 1618 2349 Philosophorum.
1689 2281 1827 2329 Unde
1879 2291 1950 2328 est
1993 2279 2113 2328 illud
2167 2279 2215 2326 in
2267 2277 2427 2344 primo

288 2361 590 2410 Refioricae‘:
616 2385 637 2408 «
666 2365 857 2426 Melius,
898 2365 1078 2430 inquit,
1121 2374 1409 2412 accurantur
1431 2380 1488 2411 ea
1510 2381 1616 2429 quae
1640 2362 1842 2411 consilio
1869 2370 2100 2426 geruntur
2135 2375 2281 2424 quam
2323 2375 2427 2424 quae

287 2442 386 2489 sine
411 2444 612 2492 consilio
637 2445 1047 2494 administrantur.
1074 2448 1262 2495 Domus
1283 2461 1340 2492 ea
1363 2461 1468 2509 quae
1489 2444 1677 2491 ratione
1692 2443 1887 2508 geritur,
1916 2440 2142 2489 omnibus
2163 2449 2234 2487 est
2258 2439 2427 2487 instru-

287 2520 405 2568 ctior
444 2522 604 2584 rebus,
634 2535 680 2573 et
704 2526 976 2591 apparatior
1001 2542 1148 2591 quam
1173 2541 1230 2573 ea
1253 2541 1357 2590 quae
1380 2534 1559 2572 temere
1582 2534 1629 2572 et
1653 2523 1788 2570 nullo
1820 2521 2023 2570 consilio
2047 2519 2422 2568 administratur.

289 2601 527 2650 Exercitus
550 2604 589 2651 is
621 2606 697 2652 cui
722 2616 792 2653 est
818 2606 1101 2672 praepositus
1121 2606 1310 2671 sapiens
1333 2614 1381 2653 et
1410 2604 1612 2653 callidus
1636 2604 1914 2669 imperator,
1951 2599 2180 2648 omnibus
2211 2597 2427 2665 partibus

290 2682 588 2730 commodius
622 2686 815 2750 regitur,
851 2704 999 2751 quam
1021 2687 1062 2734 is·
1087 2687 1172 2752 qui
1195 2684 1462 2734 temeritate
1483 2686 1560 2732 vel
1592 2684 1788 2733 stultitia
1810 2682 2010 2746 alicujus
2047 2679 2440 2729 administratur.'

290 2758 467 2807 Eadem
489 2764 662 2827 navigii
686 2766 806 2813 ratio
822 2777 909 2813 est.
943 2787 966 2811 »
990 2770 1095 2814 Hoc
1116 2767 1279 2831 itaque
1299 2765 1552 2833 proposito
1580 2775 1627 2812 et
1651 2763 1907 2812 collatione
1924 2759 2292 2820 similitudinum
2313 2774 2427 2807 con·

291 2838 533 2887 venienter
564 2852 798 2907 astructO,
841 2847 1222 2912 assumptionem
1255 2847 1416 2895 statim
1453 2861 1715 2910 aggregans
1754 2842 2049 2909 syllogismi:
2087 2862 2109 2885 «
2131 2839 2207 2889 Nil
2242 2835 2442 2896 autem‚''

287 2918 457 2981 inquit,
484 2924 700 2970 omnium
732 2943 892 2974 rerum
914 2927 1085 2975 melius
1107 2944 1256 2993 quam
1279 2928 1437 2975 omnis
1462 2925 1674 2974 mundus
1721 2923 2097 2973 administratur.
2127 2924 2246 2969 Nam
2277 2928 2325 2967 et
2354 2920 2424 2966 si-

288 3012 510 3059 gnorum,
534 3001 705 3066 inquit,
744 3015 873 3053 ortus
908 3018 956 3055 et
989 3008 1150 3055 obitus
1182 3007 1436 3055 definitum
1467 3007 1728 3072 quemdam
1760 3004 1983 3053 ordinem
2011 3011 2226 3061 servant,
2260 3009 2309 3047 et
2337 3015 2422 3046 an-

285 3080 415 3123 nuae¹⁵
427 3085 827 3133 commutationes
840 3103 939 3134 non
957 3087 1108 3135 modo
1130 3086 1340 3152 quadam
1358 3103 1415 3135 ex
1428 3088 1706 3135 necessitate
1720 3102 1910 3151 semper
1923 3084 2096 3133 eodem
2115 3080 2263 3130 modo
2280 3079 2418 3140 fiunt,
2441 3091 2445 3094 *

328 3285 459 3326 ¹Rom.,
481 3296 552 3327 cap.
571 3298 597 3328 ι,
611 3298 641 3320 v.
669 3292 716 3323 18.
737 3309 774 3315 —
793 3294 804 3312 ²
821 3295 929 3333 Rom.,
946 3306 1018 3337 cap.
1042 3306 1076 3337 n,
1094 3307 1123 3330 v.
1146 3302 1174 3331 1.
1193 3316 1231 3323 -
1246 3300 1258 3320 ⁸
1272 3300 1373 3341 Sap..
1393 3307 1465 3340 cap.
1487 3306 1557 3339 xm,
1575 3307 1604 3331 v.
1623 3300 1655 3331 9.
1676 3315 1716 3322 -
1730 3298 1741 3319 ⁴
1756 3299 1903 3337 lavent..
1920 3296 1977 3329 lib.
1997 3294 2022 3334 l,
2052 3303 2122 3335 cap.
2146 3301 2258 3327 xxxiv.
2276 3308 2319 3316 —-
2338 3293 2349 3312 ⁵
2369 3290 2421 3325 Sic

284 3336 364 3370 Cod.
394 3337 478 3372 Vict.
504 3340 643 3374 Animas
670 3346 754 3377 male
775 3347 852 3386 legit
874 3348 968 3382 Δηώ.
