2638 3866
297 158 360 206 52
1110 150 1275 199 PETRI
1309 147 1616 196 ABAELARDI

294 256 534 306 nuntiabit
553 254 708 302 vobis.
730 274 753 299 2>
782 251 922 299 Unde
945 261 992 300 et
1010 252 1211 318 Spiritus
1233 250 1472 315 sapientiae
1493 250 1591 298 sive
1610 247 1896 310 intellectus,
1921 246 2019 297 sive
2041 249 2247 298 scientiae
2270 249 2427 298 dictus

295 348 383 386 est.
423 335 569 395 Quod
602 351 714 382 vero
750 333 931 381 dictum
967 342 1038 380 est
1067 349 1078 377 :
1110 334 1282 378 «Mens
1312 329 1457 394 agitat
1488 329 1686 391 molem,
1706 348 1728 374 n
1751 329 1858 377 hoc
1887 339 1959 377 est
1990 329 2136 377 totius
2167 329 2425 378 mundanae

296 417 484 466 fabricae
501 415 812 481 quantitatem
836 413 974 478 quasi
999 421 1168 460 cuncta
1191 412 1241 458 in
1265 409 1449 457 mundo
1471 408 1679 457 vivificet
1697 418 1778 457 aut
1799 418 2009 470 moveat,
2036 410 2257 475 superius
2280 427 2427 476 expo·

294 498 431 545 sitam
473 495 683 543 Platonis
725 493 1012 541 sententiam
1047 491 1353 557 prosequitur
1396 488 1458 538 de
1494 490 1663 556 spiritu
1699 488 1813 552 Dei,
1853 488 1988 555 quod
2034 489 2214 538 scilicet
2253 495 2427 538 cuncta

294 577 474 642 optime
497 575 709 640 disponit
725 611 739 636 ,

799 743 873 758 ....
896 709 1147 768 Stabilisque
1168 722 1347 751 manens
1369 706 1444 750 dat
1465 716 1618 751 cuncta
1637 704 1847 752 mom-1¹.

289 888 448 945 Quam
486 885 682 950 quidem
720 885 1027 950 agitationem
1065 882 1235 930 animae
1269 881 1499 930 Salomon
1539 898 1738 947 quoque
1773 882 1823 928 in
1859 881 2147 931 Ecclesiaste
2178 880 2432 946 diligenter

289 958 559 1022 exprimens
583 957 673 1004 ait²
698 975 708 1004 ε
741 978 763 1002 α
789 956 950 1003 Oritur
973 955 1042 1002 sol
1072 964 1119 1001 et
1151 953 1353 1015 occidit,
1379 962 1426 1001 et
1451 953 1513 1001 ad
1534 953 1697 1001 locum
1727 970 1868 1001 suum
1889 955 2160 1014 revertitur,
2193 952 2433 1003 illustrans

290 1038 528 1085 universa.
565 1039 618 1084 In
644 1037 844 1084 circuitu
877 1035 1030 1100 pergit
1051 1034 1271 1099 Spiritus,
1298 1043 1346 1082 et
1368 1035 1418 1081 in
1442 1034 1625 1082 circulo
1662 1051 1750 1082 suo
1773 1035 2043 1083 revertitur.
2067 1055 2091 1079 2>
2118 1034 2238 1102 Quis
2259 1042 2331 1082 est
2353 1033 2434 1082 ille

288 1118 512 1178 circquS,
539 1117 630 1165 nisi
655 1117 864 1165 ambitus
885 1114 1075 1179 globosi
1100 1125 1148 1162 et
1172 1116 1331 1163 teretis
1354 1115 1505 1176 orbis,
1533 1115 1595 1163 de
1615 1132 1715 1180 quo
1740 1116 1973 1180 scriptum
1995 1125 2087 1178 est,
2112 1114 2248 1181 quia³
2274 1134 2298 1160 «
2318 1114 2434 1180 Spi-

286 1201 405 1246 ritus
427 1199 622 1246 Domini
647 1198 846 1263 replevit
870 1196 1042 1244 orbem
1064 1206 1298 1244 terrarum
1316 1196 1336 1243 Ξ)
1353 1218 1376 1242 »
1403 1197 1586 1244 Divinae
1613 1197 1792 1262 quippe
1812 1196 2041 1259 bonitatis
2065 1196 2215 1262 gratia
2240 1196 2307 1244 sic
2330 1212 2434 1243 om·

286 1280 367 1326 nia
390 1279 568 1344 replet,
597 1288 650 1325 ut
671 1277 790 1324 nihil
815 1278 1007 1343 penitus
1030 1277 1091 1325 ab
1113 1277 1407 1343 operationis
1428 1295 1524 1325 suae
1548 1277 1965 1326 administratione
1994 1288 2152 1338 vacet,
2181 1294 2288 1342 quae
2311 1277 2434 1324 sicut

286 1359 437 1406 solem
471 1358 647 1406 visibus
685 1358 860 1406 nostris
895 1359 1010 1405 oriri
1048 1357 1160 1405 facit
1195 1375 1278 1405 seu
1315 1358 1558 1418 occidere,
1596 1359 1663 1405 sic
1694 1367 1743 1406 et
1778 1367 1946 1407 caetera
1978 1375 2179 1424 quaeque
2220 1357 2435 1423 disponit

287 1439 485 1503 optime.
530 1439 661 1487 Adeo
699 1449 861 1487 autem
895 1438 1122 1505 praedicta
1155 1437 1339 1501 Virgilii
1369 1438 1519 1486 verba
1557 1438 1618 1486 de
1650 1439 1811 1486 anima
1843 1439 2014 1487 mundi
2054 1439 2252 1488 veritate
2287 1437 2434 1504 plena

283 1518 523 1580 videntur,
559 1530 614 1567 ut
638 1537 694 1567 ea
717 1537 912 1584 quoque
934 1520 1071 1585 quasi
1095 1519 1144 1565 in
1169 1519 1503 1567 auctoritatem
1524 1534 1767 1566 assumere
1790 1518 2015 1567 doctores
2037 1519 2189 1567 sancti
2213 1535 2313 1566 non
2340 1517 2434 1567 ab-

282 1588 576 1638 horruerint.
608 1591 747 1638 Unde
780 1601 827 1638 et
859 1592 1180 1655 Hieronymus
1221 1608 1331 1638 cum
1366 1591 1502 1638 illum
1530 1590 1789 1638 Ezechielis
1819 1590 1983 1638 locum
2020 1600 2310 1657 exponeret,
2346 1589 2433 1639 ubi

288 1671 519 1736 scriptum
546 1672 640 1719 est'‘
664 1690 674 1718 ι
707 1691 730 1717 «
758 1671 1028 1719 Introduxit
1066 1672 1115 1718 in
1141 1672 1316 1718 atrium
1341 1672 1539 1718 interius
1561 1689 1648 1738 per
1670 1673 1798 1719 viam
1820 1672 2102 1721 orientalem
2119 1709 2131 1733 ,
2154 1692 2178 1717 >2
2206 1671 2273 1719 ait
2298 1688 2310 1719 :
2343 1689 2367 1715 c<
2382 1669 2434 1718 Si

286 1761 446 1799 autem
478 1753 682 1799 exterius
715 1762 762 1800 et
794 1753 994 1800 interius
1024 1752 1286 1817 accipimus
1316 1753 1515 1814 atrium,
1542 1754 1611 1800 sic
1634 1752 2023 1817 intelligendum,
2055 1751 2190 1817 quod
2224 1755 2353 1799 Deus
2385 1760 2436 1801 et

286 1825 602 1874 circumfusus
626 1828 686 1874 sit
713 1837 760 1874 et
783 1827 968 1875 infusus
984 1865 995 1886 ‚
1022 1827 1188 1874 dicens
1217 1844 1303 1893 per
1329 1828 1647 1894 Prophetam⁸
1676 1847 1687 1876 :
1718 1829 1858 1887 «Qui
1885 1837 2017 1876 tenet
2038 1827 2214 1875 coelum
2237 1826 2400 1893 palma
2419 1862 2433 1888 ,

288 1915 336 1952 et
362 1916 540 1955 terram
562 1908 769 1972 pugillo,
790 1928 813 1953 »
840 1918 892 1955 ut
913 1909 1168 1957 videantur
1190 1910 1353 1956 omnia
1374 1910 1435 1958 ab
1458 1910 1540 1958 illo
1565 1909 1818 1970 concludi3
1845 1919 1894 1958 et
1917 1910 2135 1957 rursum⁸
2157 1926 2168 1955 :
2198 1926 2222 1953 «
2243 1906 2432 1955 Coelum

287 1996 445 2035 autem
463 1988 668 2036 thronus
693 1998 780 2051 est,
807 1999 933 2037 terra
950 1999 1111 2037 autem
1136 1990 1395 2038 scabellum
1418 1991 1600 2057 pedum
1624 2007 1897 2050 meorum,»
1918 1999 1972 2038 ut
1992 1990 2122 2038 intra
2145 1988 2311 2037 omnia
2332 2003 2436 2036 esse

287 2067 582 2117 credendum
605 2070 680 2131 sit,
701 2070 840 2133 juxta
864 2070 980 2117 illud
1010 2070 1351 2133 Virgilianum⁷
1375 2089 1385 2118 :

1850 2188 1872 2208 ό

702 2264 916 2324 Principio
940 2266 1094 2309 coelum
1118 2277 1161 2309 et
1182 2277 1342 2310 terram
1357 2299 1369 2316 ,
1393 2282 1652 2326 camposque
1669 2266 1895 2326 liquentes,

704 2336 1018 2396 Lucentemque
1040 2338 1219 2398 globum
1236 2338 1372 2392 lunae,
1397 2339 1649 2398 Titaniaque
1670 2350 1782 2382 astra

706 2408 881 2468 Spiritus
902 2410 1016 2453 intus
1037 2411 1135 2466 alit,
1159 2422 1381 2469 totamque
1403 2410 1542 2453 infusa
1563 2426 1642 2470 per
1663 2421 1779 2453 artus

703 2479 826 2523 Mens
850 2482 980 2541 agitat
1000 2481 1183 2537 molem,
1208 2492 1251 2525 et
1271 2497 1431 2542 magno
1453 2498 1497 2525 se
1518 2497 1698 2541 corpore
1717 2481 1883 2525 miscet.

292 2658 426 2708 Idem
447 2663 495 2709 in
518 2666 725 2730 Epistola
750 2669 900 2715 Pauli
917 2668 986 2715 ad
1003 2669 1249 2733 Ephesios,
1275 2668 1359 2716 lib.
1384 2671 1445 2715 11⁸
1470 2687 1480 2716 ε
1509 2689 1532 2713 α
1552 2669 1812 2717 Diversitas
1835 2677 1998 2716 autem
2019 2666 2437 2734 propositionum,

294 2739 342 2787 in
358 2742 531 2804 quibus
546 2745 718 2794 dicitur
731 2749 745 2772 ⁹
766 2767 777 2795 ε
801 2768 823 2794 «
844 2753 978 2796 Unus
992 2753 1121 2797 Deus
1138 2759 1185 2796 et
1197 2759 1333 2815 pater
1346 2750 1590 2810 omnium,
1609 2750 1694 2816 qui
1709 2766 1853 2816 super
1871 2750 2053 2810 omnia,
2076 2757 2127 2796 et
2142 2764 2230 2814 per
2245 2764 2436 2808 omnes,

299 2837 323 2863 α
356 2829 403 2866 et
433 2821 482 2867 in
514 2826 757 2888 omnibus,
779 2848 802 2871 »
826 2829 1066 2877 diversam
1094 2829 1457 2893 intelligentiam
1488 2830 1631 2896 sapit.
1663 2832 1819 2896 Super
1850 2830 2013 2877 omnia
2044 2828 2180 2877 enim
2211 2836 2281 2876 est
2309 2830 2440 2876 Deus

296 2902 434 2948 Pater
457 2904 540 2966 qui
562 2915 729 2953 auctor
753 2918 823 2954 est
843 2911 1080 2957 omnium.
1108 2914 1199 2957 Per
1219 2927 1388 2959 omnes
1410 2911 1554 2958 Filius
1574 2913 1659 2976 qui
1683 2921 1859 2959 cuncta
1881 2909 2185 2971 transcurrit,
2210 2907 2440 2972 vaditque

339 3107 494 3143 ¹consol.
521 3109 634 3151 Phil„
666 3112 724 3145 lib.
755 3110 811 3144 111.
826 3130 865 3136 —
881 3113 892 3132 ²
907 3113 1050 3155 Eccles.‚
1066 3124 1138 3155 cap.
1156 3115 1182 3155 1,
1197 3125 1228 3150 v.
1247 3118 1330 3150 5.—
1400 3126 1472 3159 cap.
1504 3127 1600 3160 vax,
1623 3128 1654 3152 v.
1674 3119 1704 3153 1.
1725 3136 1763 3143 —
1781 3120 1792 3140 ⁷
1804 3118 1941 3152 AEneid.
1953 3140 1963 3159 ‚
1977 3118 2036 3150 lib.
2054 3114 2099 3149 VI
2111 3138 2123 3158 ‚
2138 3124 2171 3149 v.
2188 3116 2250 3150 724
2264 3118 2299 3148 et
2313 3123 2383 3155 ⁵⁶⁴1·
2396 3132 2438 3140 -

295 3160 418 3203 ³Sap.‚
439 3171 512 3203 cap„
535 3171 560 3203 ι,
591 3173 621 3196 v.
653 3168 683 3198 7.
696 3182 736 3189 —-
751 3166 761 3185 ⁴
775 3166 912 3207 Ezech„
930 3177 1003 3208 cap.
1020 3177 1074 3208 xL,
1092 3178 1123 3202 v.
1141 3172 1193 3204 32.
1225 3171 1327 3213 opp..
1400 3172 1412 3191 ⁸
1428 3172 1530 3214 opp„
1554 3176 1580 3215 t,
1606 3171 1663 3213 111,
1688 3173 1753 3206 col.
1782 3174 1855 3206 362.
1872 3188 1914 3197 —
1927 3170 2094 3212 'Ephessn
2116 3178 2189 3211 ⁰³1>-
2207 3177 2254 3211 lv·
2269 3177 2300 3203 V·
2319 3169 2351 3202 ⁶·

293 3220 318 3249 t.
349 3216 409 3256 111,
425 3218 486 3249 col.
517 3219 591 3250 990.
606 3234 647 3241 ——
660 3218 672 3238 ⁵
687 3218 786 3260 1sai.‚
819 3229 890 3260 cap.
919 3229 975 3261 xi„
1007 3230 1039 3254 ν.
1073 3222 1123 3256 12.
1138 3240 1180 3247 ·—
1193 3224 1205 3244 ⁶
1219 3223 1326 3265 Ibid„
