<?xml version="1.0" encoding="UTF-8"?>
<!DOCTYPE html PUBLIC "-//W3C//DTD XHTML 1.0 Transitional//EN"
    "http://www.w3.org/TR/xhtml1/DTD/xhtml1-transitional.dtd">
<html xmlns="http://www.w3.org/1999/xhtml" xml:lang="en" lang="en">
 <head>
  <title>
</title>
<meta http-equiv="Content-Type" content="text/html;charset=utf-8" />
  <meta name='ocr-system' content='tesseract 3.04.00' />
  <meta name='ocr-capabilities' content='ocr_page ocr_carea ocr_par ocr_line ocrx_word'/>
</head>
<body>
  <div class='ocr_page' id='page_1' title='image "./operahactenusseo00abeluoft_0237.png"; bbox 0 0 2638 3866; ppageno 0'>
   <div class='ocr_carea' id='block_1_1' title="bbox 865 227 2379 280">
    <p class='ocr_par' dir='ltr' id='par_1_1' title="bbox 865 227 2379 280">
     <span class='ocr_line' id='line_1_1' title="bbox 865 227 2379 280; baseline 0.003 -7"><span class='ocrx_word' id='word_1_1' title='bbox 865 228 924 278; x_wconf 87' lang='lat' dir='ltr'><strong>IN</strong></span> <span class='ocrx_word' id='word_1_2' title='bbox 958 228 1290 278; x_wconf 83' lang='lat' dir='ltr'><strong>EPISTOLAM</strong></span> <span class='ocrx_word' id='word_1_3' title='bbox 1325 230 1408 280; x_wconf 82' lang='lat' dir='ltr'><strong>AD</strong></span> <span class='ocrx_word' id='word_1_4' title='bbox 1441 227 1746 278; x_wconf 83' lang='lat' dir='ltr'><strong>ROMANOS.</strong></span> <span class='ocrx_word' id='word_1_5' title='bbox 2284 231 2379 280; x_wconf 84' lang='lat'><strong>227</strong></span> 
     </span>
    </p>
   </div>
   <div class='ocr_carea' id='block_1_2' title="bbox 224 329 2433 2425">
    <p class='ocr_par' dir='ltr' id='par_1_2' title="bbox 224 329 2380 642">
     <span class='ocr_line' id='line_1_2' title="bbox 225 329 2379 397; baseline -0 -16"><span class='ocrx_word' id='word_1_6' title='bbox 225 333 359 381; x_wconf 91' lang='lat' dir='ltr'><strong>mini.</strong></span> <span class='ocrx_word' id='word_1_7' title='bbox 385 352 408 376; x_wconf 75' lang='lat'><strong>&gt;2</strong></span> <span class='ocrx_word' id='word_1_8' title='bbox 435 333 680 396; x_wconf 85' lang='lat' dir='ltr'><strong>Apparens</strong></span> <span class='ocrx_word' id='word_1_9' title='bbox 698 346 900 396; x_wconf 90' lang='lat' dir='ltr'><strong>quoque</strong></span> <span class='ocrx_word' id='word_1_10' title='bbox 922 339 971 379; x_wconf 89' lang='lat' dir='ltr'><strong>et</strong></span> <span class='ocrx_word' id='word_1_11' title='bbox 989 329 1198 397; x_wconf 90' lang='lat' dir='ltr'><strong>loquens</strong></span> <span class='ocrx_word' id='word_1_12' title='bbox 1220 334 1460 382; x_wconf 90' lang='lat' dir='ltr'>Dominus</span> <span class='ocrx_word' id='word_1_13' title='bbox 1482 330 1684 381; x_wconf 84' lang='lat' dir='ltr'><strong>Abrahae</strong></span> <span class='ocrx_word' id='word_1_14' title='bbox 1704 331 1822 379; x_wconf 90' lang='lat' dir='ltr'><strong>olim</strong></span> <span class='ocrx_word' id='word_1_15' title='bbox 1836 331 1912 380; x_wconf 87' lang='lat' dir='ltr'><strong>vel</strong></span> <span class='ocrx_word' id='word_1_16' title='bbox 1927 331 2123 393; x_wconf 84' lang='lat' dir='ltr'><strong>caeteris,</strong></span> <span class='ocrx_word' id='word_1_17' title='bbox 2146 331 2379 397; x_wconf 91' lang='lat' dir='ltr'><strong>quoniam</strong></span> 
     </span>
     <span class='ocr_line' id='line_1_3' title="bbox 225 410 2380 481; baseline -0 -19"><span class='ocrx_word' id='word_1_18' title='bbox 225 414 274 462; x_wconf 92' lang='lat' dir='ltr'><strong>id</strong></span> <span class='ocrx_word' id='word_1_19' title='bbox 315 429 402 480; x_wconf 92' lang='lat' dir='ltr'><strong>per</strong></span> <span class='ocrx_word' id='word_1_20' title='bbox 437 412 675 477; x_wconf 81' lang='lat' dir='ltr'><strong>Angelum</strong></span> <span class='ocrx_word' id='word_1_21' title='bbox 704 410 980 473; x_wconf 83' lang='lat' dir='ltr'><strong>exhibebat,</strong></span> <span class='ocrx_word' id='word_1_22' title='bbox 1015 413 1267 462; x_wconf 85' lang='lat' dir='ltr'><strong>veritatem</strong></span> <span class='ocrx_word' id='word_1_23' title='bbox 1290 414 1450 480; x_wconf 78' lang='lat' dir='ltr'><strong>¹ipsius</strong></span> <span class='ocrx_word' id='word_1_24' title='bbox 1477 413 1752 481; x_wconf 88' lang='lat' dir='ltr'><strong>apparentis</strong></span> <span class='ocrx_word' id='word_1_25' title='bbox 1778 412 1854 461; x_wconf 84' lang='lat' dir='ltr'><strong>vel</strong></span> <span class='ocrx_word' id='word_1_26' title='bbox 1890 413 2132 479; x_wconf 89' lang='lat' dir='ltr'><strong>loquentis</strong></span> <span class='ocrx_word' id='word_1_27' title='bbox 2159 413 2327 479; x_wconf 86' lang='lat' dir='ltr'><strong>Angeli</strong></span> <span class='ocrx_word' id='word_1_28' title='bbox 2352 430 2380 461; x_wconf 88' lang='lat' dir='ltr'><strong>a</strong></span> 
     </span>
     <span class='ocr_line' id='line_1_4' title="bbox 224 491 2380 561; baseline -0 -19"><span class='ocrx_word' id='word_1_29' title='bbox 224 494 384 560; x_wconf 89' lang='lat' dir='ltr'><strong>seipso</strong></span> <span class='ocrx_word' id='word_1_30' title='bbox 403 493 607 560; x_wconf 87' lang='lat' dir='ltr'><strong>provide</strong></span> <span class='ocrx_word' id='word_1_31' title='bbox 628 491 970 558; x_wconf 81' lang='lat' dir='ltr'><strong>distinguebat,</strong></span> <span class='ocrx_word' id='word_1_32' title='bbox 997 503 1052 542; x_wconf 89' lang='lat' dir='ltr'><strong>ut</strong></span> <span class='ocrx_word' id='word_1_33' title='bbox 1074 494 1180 561; x_wconf 88' lang='lat' dir='ltr'><strong>ipso</strong></span> <span class='ocrx_word' id='word_1_34' title='bbox 1201 511 1397 560; x_wconf 91' lang='lat' dir='ltr'><strong>quoque</strong></span> <span class='ocrx_word' id='word_1_35' title='bbox 1414 494 1674 544; x_wconf 87' lang='lat' dir='ltr'><strong>locutionis</strong></span> <span class='ocrx_word' id='word_1_36' title='bbox 1692 510 1866 559; x_wconf 82' lang='lat' dir='ltr'><strong>genere</strong></span> <span class='ocrx_word' id='word_1_37' title='bbox 1887 493 2006 543; x_wconf 89' lang='lat' dir='ltr'><strong>alius</strong></span> <span class='ocrx_word' id='word_1_38' title='bbox 2038 493 2380 560; x_wconf 84' lang='lat' dir='ltr'><strong>intelligeretur</strong></span> 
     </span>
     <span class='ocr_line' id='line_1_5' title="bbox 224 573 2290 642; baseline 0.001 -20"><span class='ocrx_word' id='word_1_39' title='bbox 224 575 308 640; x_wconf 92' lang='lat' dir='ltr'><strong>qui</strong></span> <span class='ocrx_word' id='word_1_40' title='bbox 326 574 474 623; x_wconf 85' lang='lat' dir='ltr'><strong>verba</strong></span> <span class='ocrx_word' id='word_1_41' title='bbox 494 573 724 636; x_wconf 85' lang='lat' dir='ltr'><strong>firmaret,</strong></span> <span class='ocrx_word' id='word_1_42' title='bbox 750 590 898 640; x_wconf 89' lang='lat' dir='ltr'><strong>quam</strong></span> <span class='ocrx_word' id='word_1_43' title='bbox 919 575 1023 641; x_wconf 89' lang='lat' dir='ltr'><strong>ipse</strong></span> <span class='ocrx_word' id='word_1_44' title='bbox 1046 575 1108 624; x_wconf 86' lang='lat' dir='ltr'><strong>de</strong></span> <span class='ocrx_word' id='word_1_45' title='bbox 1132 593 1232 642; x_wconf 92' lang='lat' dir='ltr'><strong>quo</strong></span> <span class='ocrx_word' id='word_1_46' title='bbox 1257 575 1407 625; x_wconf 86' lang='lat' dir='ltr'><strong>verba</strong></span> <span class='ocrx_word' id='word_1_47' title='bbox 1426 585 1581 637; x_wconf 88' lang='lat' dir='ltr'><strong>erant,</strong></span> <span class='ocrx_word' id='word_1_48' title='bbox 1606 574 1656 623; x_wconf 93' lang='lat' dir='ltr'><strong>id</strong></span> <span class='ocrx_word' id='word_1_49' title='bbox 1678 584 1751 623; x_wconf 91' lang='lat' dir='ltr'><strong>est</strong></span> <span class='ocrx_word' id='word_1_50' title='bbox 1773 574 1979 639; x_wconf 88' lang='lat' dir='ltr'><strong>Angelus</strong></span> <span class='ocrx_word' id='word_1_51' title='bbox 2000 591 2029 623; x_wconf 92' lang='lat' dir='ltr'><strong>a</strong></span> <span class='ocrx_word' id='word_1_52' title='bbox 2057 576 2290 624; x_wconf 91' lang='lat' dir='ltr'><strong>Domino.</strong></span> 
     </span>
    </p>

    <p class='ocr_par' dir='ltr' id='par_1_3' title="bbox 226 654 2433 2425">
     <span class='ocr_line' id='line_1_6' title="bbox 296 654 2379 723; baseline 0.001 -22"><span class='ocrx_word' id='word_1_53' title='bbox 296 676 319 701; x_wconf 84' lang='lat'>«</span> <span class='ocrx_word' id='word_1_54' title='bbox 337 656 432 714; x_wconf 89' lang='lat' dir='ltr'><strong>Qui</strong></span> <span class='ocrx_word' id='word_1_55' title='bbox 459 654 682 704; x_wconf 81' lang='lat' dir='ltr'><strong>vivificat.</strong></span> <span class='ocrx_word' id='word_1_56' title='bbox 707 675 730 700; x_wconf 89' lang='lat'>»</span> <span class='ocrx_word' id='word_1_57' title='bbox 758 658 818 703; x_wconf 91' lang='lat' dir='ltr'><strong>Et</strong></span> <span class='ocrx_word' id='word_1_58' title='bbox 846 656 1017 705; x_wconf 88' lang='lat' dir='ltr'><strong>merito</strong></span> <span class='ocrx_word' id='word_1_59' title='bbox 1047 657 1091 705; x_wconf 90' lang='lat' dir='ltr'><strong>ei</strong></span> <span class='ocrx_word' id='word_1_60' title='bbox 1122 656 1369 706; x_wconf 87' lang='lat' dir='ltr'><strong>credidisti</strong></span> <span class='ocrx_word' id='word_1_61' title='bbox 1401 657 1462 707; x_wconf 91' lang='lat' dir='ltr'><strong>de</strong></span> <span class='ocrx_word' id='word_1_62' title='bbox 1496 657 1595 707; x_wconf 90' lang='lat' dir='ltr'><strong>suis</strong></span> <span class='ocrx_word' id='word_1_63' title='bbox 1617 656 1882 723; x_wconf 89' lang='lat' dir='ltr'><strong>promissis,</strong></span> <span class='ocrx_word' id='word_1_64' title='bbox 1911 655 2026 720; x_wconf 90' lang='lat' dir='ltr'><strong>quia</strong></span> <span class='ocrx_word' id='word_1_65' title='bbox 2056 656 2162 704; x_wconf 91' lang='lat' dir='ltr'><strong>talis</strong></span> <span class='ocrx_word' id='word_1_66' title='bbox 2194 666 2267 705; x_wconf 90' lang='lat' dir='ltr'><strong>est</strong></span> <span class='ocrx_word' id='word_1_67' title='bbox 2297 657 2379 721; x_wconf 91' lang='lat' dir='ltr'><strong>qui</strong></span> 
     </span>
     <span class='ocr_line' id='line_1_7' title="bbox 226 735 2383 804; baseline 0 -21"><span class='ocrx_word' id='word_1_68' title='bbox 226 735 434 784; x_wconf 83' lang='lat' dir='ltr'><strong>vivificat</strong></span> <span class='ocrx_word' id='word_1_69' title='bbox 450 745 686 799; x_wconf 87' lang='lat' dir='ltr'><strong>mortuos,</strong></span> <span class='ocrx_word' id='word_1_70' title='bbox 715 735 766 785; x_wconf 92' lang='lat' dir='ltr'><strong>id</strong></span> <span class='ocrx_word' id='word_1_71' title='bbox 789 746 877 800; x_wconf 90' lang='lat' dir='ltr'><strong>est,</strong></span> <span class='ocrx_word' id='word_1_72' title='bbox 899 736 1117 787; x_wconf 90' lang='lat' dir='ltr'><strong>infideles</strong></span> <span class='ocrx_word' id='word_1_73' title='bbox 1135 749 1282 804; x_wconf 91' lang='lat' dir='ltr'><strong>prout</strong></span> <span class='ocrx_word' id='word_1_74' title='bbox 1303 738 1405 787; x_wconf 86' lang='lat' dir='ltr'><strong>vult</strong></span> <span class='ocrx_word' id='word_1_75' title='bbox 1425 739 1488 787; x_wconf 89' lang='lat' dir='ltr'><strong>ad</strong></span> <span class='ocrx_word' id='word_1_76' title='bbox 1506 737 1656 786; x_wconf 87' lang='lat' dir='ltr'><strong>fidem</strong></span> <span class='ocrx_word' id='word_1_77' title='bbox 1678 736 1934 785; x_wconf 88' lang='lat' dir='ltr'><strong>convertit.</strong></span> <span class='ocrx_word' id='word_1_78' title='bbox 1960 737 2135 784; x_wconf 90' lang='lat' dir='ltr'><strong>Mortui</strong></span> <span class='ocrx_word' id='word_1_79' title='bbox 2155 736 2383 785; x_wconf 89' lang='lat' dir='ltr'><strong>dicuntur</strong></span> 
     </span>
     <span class='ocr_line' id='line_1_8' title="bbox 226 815 2376 886; baseline 0 -22"><span class='ocrx_word' id='word_1_80' title='bbox 226 815 463 880; x_wconf 82' lang='lat' dir='ltr'><strong>infideles,</strong></span> <span class='ocrx_word' id='word_1_81' title='bbox 489 817 744 880; x_wconf 88' lang='lat' dir='ltr'><strong>vulnerati,</strong></span> <span class='ocrx_word' id='word_1_82' title='bbox 766 828 1063 884; x_wconf 62' lang='lat' dir='ltr'><strong>peccatores</strong></span> <span class='ocrx_word' id='word_1_83' title='bbox 1091 820 1199 868; x_wconf 83' lang='lat' dir='ltr'><strong>Vita</strong></span> <span class='ocrx_word' id='word_1_84' title='bbox 1220 820 1401 886; x_wconf 91' lang='lat' dir='ltr'><strong>quippe</strong></span> <span class='ocrx_word' id='word_1_85' title='bbox 1418 820 1661 885; x_wconf 86' lang='lat' dir='ltr'><strong>justorum</strong></span> <span class='ocrx_word' id='word_1_86' title='bbox 1685 817 1804 866; x_wconf 87' lang='lat' dir='ltr'><strong>fides</strong></span> <span class='ocrx_word' id='word_1_87' title='bbox 1823 817 2018 878; x_wconf 91' lang='lat' dir='ltr'><strong>dicitur,</strong></span> <span class='ocrx_word' id='word_1_88' title='bbox 2041 817 2178 882; x_wconf 85' lang='lat' dir='ltr'><strong>juxta</strong></span> <span class='ocrx_word' id='word_1_89' title='bbox 2199 816 2342 864; x_wconf 92' lang='lat' dir='ltr'><strong>illud¹</strong></span> <span class='ocrx_word' id='word_1_90' title='bbox 2368 837 2376 863; x_wconf 92' lang='lat'>:</span> 
     </span>
     <span class='ocr_line' id='line_1_9' title="bbox 230 897 2382 966; baseline 0.001 -24"><span class='ocrx_word' id='word_1_91' title='bbox 230 917 255 943; x_wconf 91' lang='lat'>«</span> <span class='ocrx_word' id='word_1_92' title='bbox 273 900 434 946; x_wconf 82' lang='lat' dir='ltr'><strong>Justus</strong></span> <span class='ocrx_word' id='word_1_93' title='bbox 468 914 527 946; x_wconf 84' lang='lat' dir='ltr'><strong>ex</strong></span> <span class='ocrx_word' id='word_1_94' title='bbox 561 897 658 946; x_wconf 87' lang='lat' dir='ltr'><strong>fide</strong></span> <span class='ocrx_word' id='word_1_95' title='bbox 687 898 821 947; x_wconf 86' lang='lat' dir='ltr'><strong>vivit.</strong></span> <span class='ocrx_word' id='word_1_96' title='bbox 850 918 874 945; x_wconf 91' lang='lat'>»</span> <span class='ocrx_word' id='word_1_97' title='bbox 910 901 1007 959; x_wconf 88' lang='lat' dir='ltr'><strong>Qui</strong></span> <span class='ocrx_word' id='word_1_98' title='bbox 1040 899 1248 949; x_wconf 89' lang='lat' dir='ltr'><strong>infidelis</strong></span> <span class='ocrx_word' id='word_1_99' title='bbox 1276 909 1366 961; x_wconf 88' lang='lat' dir='ltr'><strong>est,</strong></span> <span class='ocrx_word' id='word_1_100' title='bbox 1405 899 1526 948; x_wconf 89' lang='lat' dir='ltr'><strong>nihil</strong></span> <span class='ocrx_word' id='word_1_101' title='bbox 1554 899 1748 966; x_wconf 88' lang='lat' dir='ltr'><strong>penitus</strong></span> <span class='ocrx_word' id='word_1_102' title='bbox 1777 898 1899 946; x_wconf 89' lang='lat' dir='ltr'><strong>boni</strong></span> <span class='ocrx_word' id='word_1_103' title='bbox 1929 897 2075 946; x_wconf 91' lang='lat' dir='ltr'><strong>habet</strong></span> <span class='ocrx_word' id='word_1_104' title='bbox 2094 934 2106 958; x_wconf 94' lang='lat'><strong>,</strong></span> <span class='ocrx_word' id='word_1_105' title='bbox 2144 914 2243 963; x_wconf 93' lang='lat' dir='ltr'><strong>quo</strong></span> <span class='ocrx_word' id='word_1_106' title='bbox 2279 900 2382 946; x_wconf 92' lang='lat' dir='ltr'><strong>Deo</strong></span> 
     </span>
     <span class='ocr_line' id='line_1_10' title="bbox 226 977 2381 1048; baseline -0 -22"><span class='ocrx_word' id='word_1_107' title='bbox 226 977 416 1044; x_wconf 91' lang='lat' dir='ltr'><strong>placere</strong></span> <span class='ocrx_word' id='word_1_108' title='bbox 453 979 630 1044; x_wconf 84' lang='lat' dir='ltr'><strong>possit,</strong></span> <span class='ocrx_word' id='word_1_109' title='bbox 666 998 690 1025; x_wconf 68' lang='grc' dir='ltr'><strong>ε(</strong></span> <span class='ocrx_word' id='word_1_110' title='bbox 707 980 823 1045; x_wconf 90' lang='lat' dir='ltr'><strong>quia</strong></span> <span class='ocrx_word' id='word_1_111' title='bbox 859 980 962 1029; x_wconf 90' lang='lat' dir='ltr'><strong>sine</strong></span> <span class='ocrx_word' id='word_1_112' title='bbox 1003 979 1128 1043; x_wconf 86' lang='lat' dir='ltr'><strong>fide,</strong></span> <span class='ocrx_word' id='word_1_113' title='bbox 1154 1000 1178 1027; x_wconf 86' lang='lat'>»</span> <span class='ocrx_word' id='word_1_114' title='bbox 1216 991 1271 1030; x_wconf 90' lang='lat' dir='ltr'><strong>ut</strong></span> <span class='ocrx_word' id='word_1_115' title='bbox 1304 982 1406 1048; x_wconf 87' lang='lat' dir='ltr'><strong>ipse</strong></span> <span class='ocrx_word' id='word_1_116' title='bbox 1443 981 1563 1031; x_wconf 90' lang='lat' dir='ltr'><strong>dicit</strong></span> <span class='ocrx_word' id='word_1_117' title='bbox 1597 980 1901 1047; x_wconf 85' lang='lat' dir='ltr'><strong>Apostolus’,</strong></span> <span class='ocrx_word' id='word_1_118' title='bbox 1938 998 1961 1025; x_wconf 91' lang='lat'>«</span> <span class='ocrx_word' id='word_1_119' title='bbox 1980 977 2280 1044; x_wconf 90' lang='lat' dir='ltr'><strong>impossibile</strong></span> <span class='ocrx_word' id='word_1_120' title='bbox 2315 989 2381 1026; x_wconf 84' lang='lat' dir='ltr'><strong>est</strong></span> 
     </span>
     <span class='ocr_line' id='line_1_11' title="bbox 226 1059 2380 1125; baseline 0 -18"><span class='ocrx_word' id='word_1_121' title='bbox 226 1061 331 1108; x_wconf 87' lang='lat' dir='ltr'><strong>Deo</strong></span> <span class='ocrx_word' id='word_1_122' title='bbox 353 1059 562 1124; x_wconf 84' lang='lat' dir='ltr'><strong>placere.</strong></span> <span class='ocrx_word' id='word_1_123' title='bbox 587 1079 612 1104; x_wconf 87' lang='lat'><strong>&gt;›</strong></span> <span class='ocrx_word' id='word_1_124' title='bbox 644 1078 669 1106; x_wconf 89' lang='lat'><strong><em>«</em></strong></span> <span class='ocrx_word' id='word_1_125' title='bbox 686 1062 745 1108; x_wconf 91' lang='lat' dir='ltr'><strong>Et</strong></span> <span class='ocrx_word' id='word_1_126' title='bbox 767 1070 928 1110; x_wconf 82' lang='lat' dir='ltr'><strong>vocat.</strong></span> <span class='ocrx_word' id='word_1_127' title='bbox 950 1080 974 1108; x_wconf 88' lang='lat'>»</span> <span class='ocrx_word' id='word_1_128' title='bbox 1000 1061 1056 1110; x_wconf 89' lang='lat' dir='ltr'><strong>ld</strong></span> <span class='ocrx_word' id='word_1_129' title='bbox 1081 1072 1174 1125; x_wconf 87' lang='lat' dir='ltr'><strong>est,</strong></span> <span class='ocrx_word' id='word_1_130' title='bbox 1199 1064 1266 1111; x_wconf 89' lang='lat' dir='ltr'><strong>ita</strong></span> <span class='ocrx_word' id='word_1_131' title='bbox 1289 1062 1387 1111; x_wconf 89' lang='lat' dir='ltr'><strong>suis</strong></span> <span class='ocrx_word' id='word_1_132' title='bbox 1414 1062 1571 1111; x_wconf 90' lang='lat' dir='ltr'><strong>verbis</strong></span> <span class='ocrx_word' id='word_1_133' title='bbox 1592 1061 1704 1111; x_wconf 88' lang='lat' dir='ltr'><strong>facit</strong></span> <span class='ocrx_word' id='word_1_134' title='bbox 1729 1060 1932 1110; x_wconf 92' lang='lat' dir='ltr'><strong>obedire</strong></span> <span class='ocrx_word' id='word_1_135' title='bbox 1949 1077 2051 1108; x_wconf 91' lang='lat' dir='ltr'><strong>non</strong></span> <span class='ocrx_word' id='word_1_136' title='bbox 2076 1059 2380 1108; x_wconf 76' lang='lat' dir='ltr'><strong>existentia³z</strong></span> 
     </span>
     <span class='ocr_line' id='line_1_12' title="bbox 230 1139 2385 1206; baseline 0.001 -20"><span class='ocrx_word' id='word_1_137' title='bbox 230 1159 254 1185; x_wconf 88' lang='lat'>«</span> <span class='ocrx_word' id='word_1_138' title='bbox 270 1139 402 1188; x_wconf 84' lang='lat' dir='ltr'><strong>Dixit</strong></span> <span class='ocrx_word' id='word_1_139' title='bbox 424 1141 580 1200; x_wconf 91' lang='lat' dir='ltr'><strong>enim,</strong></span> <span class='ocrx_word' id='word_1_140' title='bbox 615 1149 664 1188; x_wconf 90' lang='lat' dir='ltr'><strong>et</strong></span> <span class='ocrx_word' id='word_1_141' title='bbox 686 1141 810 1190; x_wconf 90' lang='lat' dir='ltr'><strong>facta</strong></span> <span class='ocrx_word' id='word_1_142' title='bbox 839 1151 954 1190; x_wconf 90' lang='lat' dir='ltr'><strong>sunt</strong></span> <span class='ocrx_word' id='word_1_143' title='bbox 975 1161 987 1190; x_wconf 79' lang='lat' dir='ltr'><em>z</em></span> <span class='ocrx_word' id='word_1_144' title='bbox 1011 1143 1290 1205; x_wconf 86' lang='lat' dir='ltr'><strong>mandavit,</strong></span> <span class='ocrx_word' id='word_1_145' title='bbox 1318 1153 1367 1192; x_wconf 91' lang='lat' dir='ltr'><strong>et</strong></span> <span class='ocrx_word' id='word_1_146' title='bbox 1390 1153 1550 1192; x_wconf 90' lang='lat' dir='ltr'><strong>creata</strong></span> <span class='ocrx_word' id='word_1_147' title='bbox 1576 1153 1707 1206; x_wconf 85' lang='lat' dir='ltr'><strong>sunt,</strong></span> <span class='ocrx_word' id='word_1_148' title='bbox 1734 1162 1755 1189; x_wconf 74' lang='lat' dir='ltr'><strong>n</strong></span> <span class='ocrx_word' id='word_1_149' title='bbox 1792 1143 1915 1190; x_wconf 92' lang='lat' dir='ltr'><strong>sicut</strong></span> <span class='ocrx_word' id='word_1_150' title='bbox 1936 1141 2200 1189; x_wconf 83' lang='lat' dir='ltr'><strong>existentia.</strong></span> <span class='ocrx_word' id='word_1_151' title='bbox 2238 1160 2261 1186; x_wconf 90' lang='lat'>«</span> <span class='ocrx_word' id='word_1_152' title='bbox 2290 1142 2385 1199; x_wconf 90' lang='lat' dir='ltr'><strong>Qui</strong></span> 
     </span>
     <span class='ocr_line' id='line_1_13' title="bbox 227 1222 2387 1291; baseline 0 -23"><span class='ocrx_word' id='word_1_153' title='bbox 227 1230 400 1271; x_wconf 90' lang='lat' dir='ltr'><strong>contra</strong></span> <span class='ocrx_word' id='word_1_154' title='bbox 425 1239 578 1288; x_wconf 89' lang='lat' dir='ltr'><strong>spem.</strong></span> <span class='ocrx_word' id='word_1_155' title='bbox 603 1241 626 1268; x_wconf 88' lang='lat'>»</span> <span class='ocrx_word' id='word_1_156' title='bbox 654 1223 1008 1273; x_wconf 81' lang='lat' dir='ltr'><strong>commendata</strong></span> <span class='ocrx_word' id='word_1_157' title='bbox 1027 1225 1250 1291; x_wconf 90' lang='lat' dir='ltr'><strong>potentia</strong></span> <span class='ocrx_word' id='word_1_158' title='bbox 1278 1225 1497 1287; x_wconf 88' lang='lat' dir='ltr'><strong>Domini,</strong></span> <span class='ocrx_word' id='word_1_159' title='bbox 1531 1234 1584 1273; x_wconf 93' lang='lat' dir='ltr'><strong>ut</strong></span> <span class='ocrx_word' id='word_1_160' title='bbox 1614 1224 1676 1273; x_wconf 90' lang='lat' dir='ltr'><strong>de</strong></span> <span class='ocrx_word' id='word_1_161' title='bbox 1707 1224 1809 1290; x_wconf 88' lang='lat' dir='ltr'><strong>ejus</strong></span> <span class='ocrx_word' id='word_1_162' title='bbox 1838 1223 2089 1291; x_wconf 88' lang='lat' dir='ltr'><strong>promissis</strong></span> <span class='ocrx_word' id='word_1_163' title='bbox 2113 1222 2387 1270; x_wconf 87' lang='lat' dir='ltr'><strong>nullatenus</strong></span> 
     </span>
     <span class='ocr_line' id='line_1_14' title="bbox 227 1301 2386 1369; baseline 0.001 -21"><span class='ocrx_word' id='word_1_164' title='bbox 227 1302 287 1349; x_wconf 92' lang='lat' dir='ltr'><strong>sit</strong></span> <span class='ocrx_word' id='word_1_165' title='bbox 309 1301 651 1365; x_wconf 89' lang='lat' dir='ltr'><strong>dubitandum,</strong></span> <span class='ocrx_word' id='word_1_166' title='bbox 688 1304 1004 1353; x_wconf 86' lang='lat' dir='ltr'><strong>commendat</strong></span> <span class='ocrx_word' id='word_1_167' title='bbox 1026 1315 1073 1354; x_wconf 87' lang='lat' dir='ltr'><strong>et</strong></span> <span class='ocrx_word' id='word_1_168' title='bbox 1100 1307 1424 1354; x_wconf 86' lang='lat' dir='ltr'><strong>constantiam</strong></span> <span class='ocrx_word' id='word_1_169' title='bbox 1456 1305 1570 1354; x_wconf 84' lang='lat' dir='ltr'><strong>fidei</strong></span> <span class='ocrx_word' id='word_1_170' title='bbox 1602 1305 1820 1368; x_wconf 85' lang='lat' dir='ltr'><strong>Abrahae,</strong></span> <span class='ocrx_word' id='word_1_171' title='bbox 1846 1304 1909 1353; x_wconf 91' lang='lat' dir='ltr'><strong>ad</strong></span> <span class='ocrx_word' id='word_1_172' title='bbox 1932 1320 2080 1369; x_wconf 91' lang='lat' dir='ltr'><strong>quam</strong></span> <span class='ocrx_word' id='word_1_173' title='bbox 2105 1302 2386 1351; x_wconf 85' lang='lat' dir='ltr'><strong>imitandam</strong></span> 
     </span>
     <span class='ocr_line' id='line_1_15' title="bbox 227 1381 2387 1452; baseline 0 -23"><span class='ocrx_word' id='word_1_174' title='bbox 227 1381 530 1431; x_wconf 82' lang='lat' dir='ltr'><strong>adhortatur.</strong></span> <span class='ocrx_word' id='word_1_175' title='bbox 568 1386 690 1432; x_wconf 90' lang='lat' dir='ltr'><strong>Cum</strong></span> <span class='ocrx_word' id='word_1_176' title='bbox 725 1385 949 1451; x_wconf 90' lang='lat' dir='ltr'><strong>primitus</strong></span> <span class='ocrx_word' id='word_1_177' title='bbox 970 1385 1214 1434; x_wconf 86' lang='lat' dir='ltr'><strong>Abraham</strong></span> <span class='ocrx_word' id='word_1_178' title='bbox 1250 1387 1550 1452; x_wconf 88' lang='lat' dir='ltr'><strong>desperasset</strong></span> <span class='ocrx_word' id='word_1_179' title='bbox 1583 1386 1644 1434; x_wconf 94' lang='lat' dir='ltr'><strong>de</strong></span> <span class='ocrx_word' id='word_1_180' title='bbox 1676 1388 1809 1447; x_wconf 90' lang='lat' dir='ltr'><strong>Sara,</strong></span> <span class='ocrx_word' id='word_1_181' title='bbox 1848 1385 2055 1452; x_wconf 84' lang='lat' dir='ltr'><strong>speravit</strong></span> <span class='ocrx_word' id='word_1_182' title='bbox 2090 1384 2151 1432; x_wconf 90' lang='lat' dir='ltr'><strong>de</strong></span> <span class='ocrx_word' id='word_1_183' title='bbox 2184 1387 2307 1447; x_wconf 91' lang='lat' dir='ltr'><strong>Agar</strong></span> <span class='ocrx_word' id='word_1_184' title='bbox 2339 1399 2387 1431; x_wconf 86' lang='lat' dir='ltr'><strong>se</strong></span> 
     </span>
     <span class='ocr_line' id='line_1_16' title="bbox 227 1461 2385 1534; baseline 0 -24"><span class='ocrx_word' id='word_1_185' title='bbox 227 1461 471 1512; x_wconf 85' lang='lat' dir='ltr'><strong>haeredem</strong></span> <span class='ocrx_word' id='word_1_186' title='bbox 494 1465 755 1531; x_wconf 90' lang='lat' dir='ltr'><strong>suscipere.</strong></span> <span class='ocrx_word' id='word_1_187' title='bbox 783 1469 958 1514; x_wconf 89' lang='lat' dir='ltr'><strong>Postea</strong></span> <span class='ocrx_word' id='word_1_188' title='bbox 978 1483 1097 1515; x_wconf 84' lang='lat' dir='ltr'><strong>vero</strong></span> <span class='ocrx_word' id='word_1_189' title='bbox 1122 1484 1149 1515; x_wconf 91' lang='lat' dir='ltr'><strong>e</strong></span> <span class='ocrx_word' id='word_1_190' title='bbox 1171 1467 1417 1515; x_wconf 88' lang='lat' dir='ltr'><strong>contrario</strong></span> <span class='ocrx_word' id='word_1_191' title='bbox 1440 1484 1529 1534; x_wconf 90' lang='lat' dir='ltr'><strong>per</strong></span> <span class='ocrx_word' id='word_1_192' title='bbox 1550 1467 1923 1533; x_wconf 87' lang='lat' dir='ltr'><strong>promissionem</strong></span> <span class='ocrx_word' id='word_1_193' title='bbox 1942 1466 2142 1515; x_wconf 90' lang='lat' dir='ltr'><strong>Domini</strong></span> <span class='ocrx_word' id='word_1_194' title='bbox 2165 1463 2385 1525; x_wconf 86' lang='lat' dir='ltr'><strong>credidit,</strong></span> 
     </span>
     <span class='ocr_line' id='line_1_17' title="bbox 228 1544 2389 1614; baseline -0 -22"><span class='ocrx_word' id='word_1_195' title='bbox 228 1559 285 1592; x_wconf 90' lang='lat' dir='ltr'><strong>ac</strong></span> <span class='ocrx_word' id='word_1_196' title='bbox 306 1545 515 1610; x_wconf 86' lang='lat' dir='ltr'><strong>speravit</strong></span> <span class='ocrx_word' id='word_1_197' title='bbox 542 1563 553 1592; x_wconf 71' lang='grc' dir='ltr'><strong><em>ι</em></strong></span> <span class='ocrx_word' id='word_1_198' title='bbox 582 1555 630 1593; x_wconf 93' lang='lat' dir='ltr'><strong>et</strong></span> <span class='ocrx_word' id='word_1_199' title='bbox 652 1545 748 1594; x_wconf 92' lang='lat' dir='ltr'><strong>hoc</strong></span> <span class='ocrx_word' id='word_1_200' title='bbox 771 1556 858 1610; x_wconf 91' lang='lat' dir='ltr'><strong>est,</strong></span> <span class='ocrx_word' id='word_1_201' title='bbox 890 1566 912 1593; x_wconf 87' lang='lat'>«</span> <span class='ocrx_word' id='word_1_202' title='bbox 933 1546 1139 1595; x_wconf 89' lang='lat' dir='ltr'><strong>credidit</strong></span> <span class='ocrx_word' id='word_1_203' title='bbox 1160 1548 1211 1596; x_wconf 90' lang='lat' dir='ltr'><strong>in</strong></span> <span class='ocrx_word' id='word_1_204' title='bbox 1235 1566 1319 1614; x_wconf 86' lang='lat' dir='ltr'><strong>spe</strong></span> <span class='ocrx_word' id='word_1_205' title='bbox 1347 1558 1519 1597; x_wconf 88' lang='lat' dir='ltr'><strong>contra</strong></span> <span class='ocrx_word' id='word_1_206' title='bbox 1542 1565 1730 1614; x_wconf 84' lang='lat' dir='ltr'><strong>spem,»</strong></span> <span class='ocrx_word' id='word_1_207' title='bbox 1748 1548 1801 1596; x_wconf 94' lang='lat' dir='ltr'><strong>id</strong></span> <span class='ocrx_word' id='word_1_208' title='bbox 1823 1558 1912 1611; x_wconf 90' lang='lat' dir='ltr'><strong>est,</strong></span> <span class='ocrx_word' id='word_1_209' title='bbox 1940 1546 2189 1596; x_wconf 87' lang='lat' dir='ltr'><strong>credendo</strong></span> <span class='ocrx_word' id='word_1_210' title='bbox 2212 1544 2389 1593; x_wconf 85' lang='lat' dir='ltr'><strong>divinis</strong></span> 
     </span>
     <span class='ocr_line' id='line_1_18' title="bbox 228 1625 2433 1694; baseline 0 -22"><span class='ocrx_word' id='word_1_211' title='bbox 228 1625 495 1689; x_wconf 87' lang='lat' dir='ltr'><strong>promissis,</strong></span> <span class='ocrx_word' id='word_1_212' title='bbox 521 1625 696 1675; x_wconf 91' lang='lat' dir='ltr'><strong>ductus</strong></span> <span class='ocrx_word' id='word_1_213' title='bbox 714 1637 786 1675; x_wconf 89' lang='lat' dir='ltr'><strong>est</strong></span> <span class='ocrx_word' id='word_1_214' title='bbox 808 1628 858 1675; x_wconf 95' lang='lat' dir='ltr'><strong>in</strong></span> <span class='ocrx_word' id='word_1_215' title='bbox 881 1645 1019 1694; x_wconf 87' lang='lat' dir='ltr'><strong>spem</strong></span> <span class='ocrx_word' id='word_1_216' title='bbox 1043 1629 1334 1694; x_wconf 89' lang='lat' dir='ltr'><strong>suscipiendi</strong></span> <span class='ocrx_word' id='word_1_217' title='bbox 1351 1628 1531 1678; x_wconf 88' lang='lat' dir='ltr'><strong>scilicet</strong></span> <span class='ocrx_word' id='word_1_218' title='bbox 1552 1629 1755 1678; x_wconf 88' lang='lat' dir='ltr'><strong>haeredis</strong></span> <span class='ocrx_word' id='word_1_219' title='bbox 1778 1629 2074 1677; x_wconf 90' lang='lat' dir='ltr'><strong>contrariam</strong></span> <span class='ocrx_word' id='word_1_220' title='bbox 2096 1626 2248 1693; x_wconf 85' lang='lat' dir='ltr'><strong>priori</strong></span> <span class='ocrx_word' id='word_1_221' title='bbox 2267 1627 2433 1692; x_wconf 37' lang='lat' dir='ltr'><strong>spei...-</strong></span> 
     </span>
     <span class='ocr_line' id='line_1_19' title="bbox 228 1705 2390 1770; baseline 0 -17"><span class='ocrx_word' id='word_1_222' title='bbox 228 1705 375 1754; x_wconf 83' lang='lat' dir='ltr'><strong>Aliter</strong></span> <span class='ocrx_word' id='word_1_223' title='bbox 397 1726 409 1754; x_wconf 86' lang='lat'>:</span> <span class='ocrx_word' id='word_1_224' title='bbox 440 1707 651 1765; x_wconf 89' lang='lat' dir='ltr'><strong>Quando</strong></span> <span class='ocrx_word' id='word_1_225' title='bbox 674 1706 812 1756; x_wconf 85' lang='lat' dir='ltr'><strong>duxit</strong></span> <span class='ocrx_word' id='word_1_226' title='bbox 833 1710 1019 1770; x_wconf 89' lang='lat' dir='ltr'><strong>Saram,</strong></span> <span class='ocrx_word' id='word_1_227' title='bbox 1051 1709 1257 1757; x_wconf 88' lang='lat' dir='ltr'><strong>credidit</strong></span> <span class='ocrx_word' id='word_1_228' title='bbox 1283 1726 1391 1758; x_wconf 88' lang='lat' dir='ltr'><strong>eam</strong></span> <span class='ocrx_word' id='word_1_229' title='bbox 1414 1709 1691 1758; x_wconf 81' lang='lat' dir='ltr'><strong>foecundam</strong></span> <span class='ocrx_word' id='word_1_230' title='bbox 1723 1720 1770 1758; x_wconf 90' lang='lat' dir='ltr'><strong>et</strong></span> <span class='ocrx_word' id='word_1_231' title='bbox 1797 1708 2070 1758; x_wconf 90' lang='lat' dir='ltr'><strong>secundum</strong></span> <span class='ocrx_word' id='word_1_232' title='bbox 2099 1717 2323 1756; x_wconf 90' lang='lat' dir='ltr'><strong>naturam</strong></span> <span class='ocrx_word' id='word_1_233' title='bbox 2348 1708 2390 1755; x_wconf 91' lang='lat' dir='ltr'><strong>ei</strong></span> 
     </span>
     <span class='ocr_line' id='line_1_20' title="bbox 229 1783 2390 1857; baseline 0 -23"><span class='ocrx_word' id='word_1_234' title='bbox 229 1785 354 1835; x_wconf 87' lang='lat' dir='ltr'><strong>filios</strong></span> <span class='ocrx_word' id='word_1_235' title='bbox 383 1787 434 1835; x_wconf 93' lang='lat' dir='ltr'><strong>in</strong></span> <span class='ocrx_word' id='word_1_236' title='bbox 464 1787 720 1852; x_wconf 87' lang='lat' dir='ltr'><strong>juventute</strong></span> <span class='ocrx_word' id='word_1_237' title='bbox 745 1789 1037 1855; x_wconf 87' lang='lat' dir='ltr'><strong>parituram;</strong></span> <span class='ocrx_word' id='word_1_238' title='bbox 1067 1799 1238 1856; x_wconf 90' lang='lat' dir='ltr'><strong>postea</strong></span> <span class='ocrx_word' id='word_1_239' title='bbox 1275 1807 1387 1839; x_wconf 89' lang='lat' dir='ltr'><strong>vero</strong></span> <span class='ocrx_word' id='word_1_240' title='bbox 1413 1783 1671 1839; x_wconf 72' lang='lat' dir='ltr'><strong>frustratus</strong></span> <span class='ocrx_word' id='word_1_241' title='bbox 1706 1790 1801 1839; x_wconf 86' lang='lat' dir='ltr'><strong>hac</strong></span> <span class='ocrx_word' id='word_1_242' title='bbox 1835 1807 1924 1838; x_wconf 91' lang='lat' dir='ltr'><strong>sua</strong></span> <span class='ocrx_word' id='word_1_243' title='bbox 1955 1807 2058 1857; x_wconf 91' lang='lat' dir='ltr'><strong>spe,</strong></span> <span class='ocrx_word' id='word_1_244' title='bbox 2085 1806 2111 1837; x_wconf 89' lang='lat' dir='ltr'><strong>e</strong></span> <span class='ocrx_word' id='word_1_245' title='bbox 2145 1788 2390 1836; x_wconf 88' lang='lat' dir='ltr'><strong>contrario</strong></span> 
     </span>
     <span class='ocr_line' id='line_1_21' title="bbox 230 1868 2392 1938; baseline 0 -23"><span class='ocrx_word' id='word_1_246' title='bbox 230 1868 420 1932; x_wconf 90' lang='lat' dir='ltr'><strong>plenius</strong></span> <span class='ocrx_word' id='word_1_247' title='bbox 445 1868 654 1917; x_wconf 90' lang='lat' dir='ltr'><strong>credidit</strong></span> <span class='ocrx_word' id='word_1_248' title='bbox 672 1878 719 1917; x_wconf 90' lang='lat' dir='ltr'><strong>et</strong></span> <span class='ocrx_word' id='word_1_249' title='bbox 741 1871 973 1936; x_wconf 84' lang='lat' dir='ltr'><strong>speravit,</strong></span> <span class='ocrx_word' id='word_1_250' title='bbox 1000 1881 1202 1937; x_wconf 90' lang='lat' dir='ltr'><strong>propter</strong></span> <span class='ocrx_word' id='word_1_251' title='bbox 1222 1873 1600 1938; x_wconf 86' lang='lat' dir='ltr'><strong>promissionem</strong></span> <span class='ocrx_word' id='word_1_252' title='bbox 1618 1872 1834 1934; x_wconf 87' lang='lat' dir='ltr'><strong>Domini,</strong></span> <span class='ocrx_word' id='word_1_253' title='bbox 1863 1871 1915 1919; x_wconf 91' lang='lat' dir='ltr'><strong>id</strong></span> <span class='ocrx_word' id='word_1_254' title='bbox 1939 1880 2028 1931; x_wconf 88' lang='lat' dir='ltr'><strong>est,</strong></span> <span class='ocrx_word' id='word_1_255' title='bbox 2051 1886 2159 1918; x_wconf 91' lang='lat' dir='ltr'><strong>eam</strong></span> <span class='ocrx_word' id='word_1_256' title='bbox 2184 1869 2392 1917; x_wconf 87' lang='lat' dir='ltr'><strong>sterilem</strong></span> 
     </span>
     <span class='ocr_line' id='line_1_22' title="bbox 229 1949 2393 2018; baseline 0 -22"><span class='ocrx_word' id='word_1_257' title='bbox 229 1951 280 1997; x_wconf 89' lang='lat' dir='ltr'><strong>in</strong></span> <span class='ocrx_word' id='word_1_258' title='bbox 310 1959 557 1998; x_wconf 87' lang='lat' dir='ltr'><strong>senectute</strong></span> <span class='ocrx_word' id='word_1_259' title='bbox 589 1960 762 1999; x_wconf 88' lang='lat' dir='ltr'><strong>contra</strong></span> <span class='ocrx_word' id='word_1_260' title='bbox 787 1961 1013 1999; x_wconf 88' lang='lat' dir='ltr'><strong>naturam</strong></span> <span class='ocrx_word' id='word_1_261' title='bbox 1037 1953 1321 2018; x_wconf 89' lang='lat' dir='ltr'><strong>parituram.</strong></span> <span class='ocrx_word' id='word_1_262' title='bbox 1347 1953 1494 2012; x_wconf 87' lang='lat' dir='ltr'><strong>Quod</strong></span> <span class='ocrx_word' id='word_1_263' title='bbox 1531 1953 1751 2002; x_wconf 90' lang='lat' dir='ltr'><strong>mirabile</strong></span> <span class='ocrx_word' id='word_1_264' title='bbox 1777 1953 1865 2001; x_wconf 91' lang='lat' dir='ltr'><strong>fuit</strong></span> <span class='ocrx_word' id='word_1_265' title='bbox 1900 1949 2013 2001; x_wconf 87' lang='lat' dir='ltr'><strong>eum</strong></span> <span class='ocrx_word' id='word_1_266' title='bbox 2048 1951 2264 2018; x_wconf 88' lang='lat' dir='ltr'><strong>potuisse</strong></span> <span class='ocrx_word' id='word_1_267' title='bbox 2297 1966 2393 1998; x_wconf 88' lang='lat' dir='ltr'><strong>cre-</strong></span> 
     </span>
     <span class='ocr_line' id='line_1_23' title="bbox 231 2029 2390 2100; baseline 0 -22"><span class='ocrx_word' id='word_1_268' title='bbox 231 2029 374 2091; x_wconf 88' lang='lat' dir='ltr'><strong>dere,</strong></span> <span class='ocrx_word' id='word_1_269' title='bbox 406 2031 543 2095; x_wconf 81' lang='lat' dir='ltr'><strong>juxta</strong></span> <span class='ocrx_word' id='word_1_270' title='bbox 577 2031 709 2080; x_wconf 89' lang='lat' dir='ltr'><strong>illam</strong></span> <span class='ocrx_word' id='word_1_271' title='bbox 733 2031 993 2081; x_wconf 89' lang='lat' dir='ltr'><strong>dialecticae</strong></span> <span class='ocrx_word' id='word_1_272' title='bbox 1015 2033 1234 2100; x_wconf 86' lang='lat' dir='ltr'><strong>regulam</strong></span> <span class='ocrx_word' id='word_1_273' title='bbox 1263 2053 1273 2083; x_wconf 88' lang='lat'>:</span> <span class='ocrx_word' id='word_1_274' title='bbox 1302 2036 1342 2083; x_wconf 91' lang='lat' dir='ltr'><strong>si</strong></span> <span class='ocrx_word' id='word_1_275' title='bbox 1372 2035 1504 2083; x_wconf 89' lang='lat' dir='ltr'><strong>enim</strong></span> <span class='ocrx_word' id='word_1_276' title='bbox 1535 2035 1670 2100; x_wconf 94' lang='lat' dir='ltr'><strong>quod</strong></span> <span class='ocrx_word' id='word_1_277' title='bbox 1700 2035 1851 2100; x_wconf 87' lang='lat' dir='ltr'><strong>magis</strong></span> <span class='ocrx_word' id='word_1_278' title='bbox 1882 2033 2075 2082; x_wconf 90' lang='lat' dir='ltr'><strong>videtur</strong></span> <span class='ocrx_word' id='word_1_279' title='bbox 2099 2032 2256 2079; x_wconf 89' lang='lat' dir='ltr'><strong>inesse</strong></span> <span class='ocrx_word' id='word_1_280' title='bbox 2291 2047 2390 2078; x_wconf 90' lang='lat' dir='ltr'><strong>non</strong></span> 
     </span>
     <span class='ocr_line' id='line_1_24' title="bbox 229 2112 2394 2181; baseline -0 -22"><span class='ocrx_word' id='word_1_281' title='bbox 229 2112 372 2172; x_wconf 87' lang='lat' dir='ltr'><strong>inest,</strong></span> <span class='ocrx_word' id='word_1_282' title='bbox 406 2129 498 2160; x_wconf 90' lang='lat' dir='ltr'><strong>nec</strong></span> <span class='ocrx_word' id='word_1_283' title='bbox 527 2112 663 2178; x_wconf 92' lang='lat' dir='ltr'><strong>quod</strong></span> <span class='ocrx_word' id='word_1_284' title='bbox 693 2114 854 2162; x_wconf 91' lang='lat' dir='ltr'><strong>minus</strong></span> <span class='ocrx_word' id='word_1_285' title='bbox 885 2114 1078 2163; x_wconf 87' lang='lat' dir='ltr'><strong>videtur</strong></span> <span class='ocrx_word' id='word_1_286' title='bbox 1106 2116 1262 2164; x_wconf 86' lang='lat' dir='ltr'><strong>inesse</strong></span> <span class='ocrx_word' id='word_1_287' title='bbox 1294 2116 1454 2164; x_wconf 88' lang='lat' dir='ltr'><strong>inerit.</strong></span> <span class='ocrx_word' id='word_1_288' title='bbox 1497 2119 1606 2164; x_wconf 90' lang='lat' dir='ltr'><strong>«Ut</strong></span> <span class='ocrx_word' id='word_1_289' title='bbox 1634 2116 1770 2164; x_wconf 86' lang='lat' dir='ltr'><strong>fieret</strong></span> <span class='ocrx_word' id='word_1_290' title='bbox 1802 2125 1956 2181; x_wconf 90' lang='lat' dir='ltr'><strong>pater,</strong></span> <span class='ocrx_word' id='word_1_291' title='bbox 1980 2133 2002 2159; x_wconf 91' lang='lat'>»</span> <span class='ocrx_word' id='word_1_292' title='bbox 2033 2113 2085 2162; x_wconf 92' lang='lat' dir='ltr'><strong>id</strong></span> <span class='ocrx_word' id='word_1_293' title='bbox 2108 2122 2196 2174; x_wconf 88' lang='lat' dir='ltr'><strong>est,</strong></span> <span class='ocrx_word' id='word_1_294' title='bbox 2226 2121 2280 2159; x_wconf 92' lang='lat' dir='ltr'><strong>ut</strong></span> <span class='ocrx_word' id='word_1_295' title='bbox 2307 2128 2394 2177; x_wconf 89' lang='lat' dir='ltr'><strong>per</strong></span> 
     </span>
     <span class='ocr_line' id='line_1_25' title="bbox 230 2191 2393 2261; baseline -0 -22"><span class='ocrx_word' id='word_1_296' title='bbox 230 2201 414 2241; x_wconf 87' lang='lat' dir='ltr'><strong>tantam</strong></span> <span class='ocrx_word' id='word_1_297' title='bbox 446 2193 770 2241; x_wconf 86' lang='lat' dir='ltr'><strong>constantiam</strong></span> <span class='ocrx_word' id='word_1_298' title='bbox 792 2193 908 2242; x_wconf 89' lang='lat' dir='ltr'><strong>fidei</strong></span> <span class='ocrx_word' id='word_1_299' title='bbox 941 2194 1003 2242; x_wconf 93' lang='lat' dir='ltr'><strong>de</strong></span> <span class='ocrx_word' id='word_1_300' title='bbox 1026 2195 1426 2260; x_wconf 89' lang='lat' dir='ltr'><strong>promissionibus</strong></span> <span class='ocrx_word' id='word_1_301' title='bbox 1457 2197 1546 2244; x_wconf 88' lang='lat' dir='ltr'><strong>Dei</strong></span> <span class='ocrx_word' id='word_1_302' title='bbox 1570 2205 1835 2244; x_wconf 88' lang='lat' dir='ltr'><strong>mereretur</strong></span> <span class='ocrx_word' id='word_1_303' title='bbox 1857 2194 2071 2261; x_wconf 87' lang='lat' dir='ltr'><strong>proponi</strong></span> <span class='ocrx_word' id='word_1_304' title='bbox 2095 2194 2145 2240; x_wconf 93' lang='lat' dir='ltr'><strong>in</strong></span> <span class='ocrx_word' id='word_1_305' title='bbox 2170 2191 2393 2258; x_wconf 86' lang='lat' dir='ltr'><strong>exemplo</strong></span> 
     </span>
     <span class='ocr_line' id='line_1_26' title="bbox 232 2272 2392 2340; baseline 0 -20"><span class='ocrx_word' id='word_1_306' title='bbox 232 2273 378 2320; x_wconf 88' lang='lat' dir='ltr'><strong>etiam.</strong></span> <span class='ocrx_word' id='word_1_307' title='bbox 407 2272 664 2321; x_wconf 82' lang='lat' dir='ltr'><strong>Gentibus.</strong></span> <span class='ocrx_word' id='word_1_308' title='bbox 695 2274 1017 2323; x_wconf 87' lang='lat' dir='ltr'><strong>«Secundum</strong></span> <span class='ocrx_word' id='word_1_309' title='bbox 1052 2276 1187 2340; x_wconf 91' lang='lat' dir='ltr'><strong>quod</strong></span> <span class='ocrx_word' id='word_1_310' title='bbox 1214 2276 1402 2325; x_wconf 84' lang='lat' dir='ltr'><strong>dictum</strong></span> <span class='ocrx_word' id='word_1_311' title='bbox 1435 2287 1506 2325; x_wconf 93' lang='lat' dir='ltr'><strong>est</strong></span> <span class='ocrx_word' id='word_1_312' title='bbox 1542 2277 1587 2325; x_wconf 92' lang='lat' dir='ltr'><strong>ei</strong></span> <span class='ocrx_word' id='word_1_313' title='bbox 1620 2294 1649 2326; x_wconf 92' lang='lat' dir='ltr'><strong>a</strong></span> <span class='ocrx_word' id='word_1_314' title='bbox 1679 2277 1914 2336; x_wconf 89' lang='lat' dir='ltr'><strong>Domino,</strong></span> <span class='ocrx_word' id='word_1_315' title='bbox 1939 2297 1961 2319; x_wconf 86' lang='lat'>»</span> <span class='ocrx_word' id='word_1_316' title='bbox 1998 2273 2176 2322; x_wconf 90' lang='lat' dir='ltr'><strong>scilicet</strong></span> <span class='ocrx_word' id='word_1_317' title='bbox 2208 2274 2259 2320; x_wconf 91' lang='lat' dir='ltr'><strong>in</strong></span> <span class='ocrx_word' id='word_1_318' title='bbox 2290 2273 2392 2339; x_wconf 88' lang='lat' dir='ltr'><strong>ipsa</strong></span> 
     </span>
     <span class='ocr_line' id='line_1_27' title="bbox 235 2352 2394 2425; baseline -0.001 -24"><span class='ocrx_word' id='word_1_319' title='bbox 235 2356 410 2402; x_wconf 79' lang='lat' dir='ltr'><strong>Genesi</strong></span> <span class='ocrx_word' id='word_1_320' title='bbox 428 2355 457 2402; x_wconf 80' lang='lat'><strong>⁴.</strong></span> <span class='ocrx_word' id='word_1_321' title='bbox 501 2375 524 2399; x_wconf 73' lang='lat' dir='ltr'><strong>t&lt;</strong></span> <span class='ocrx_word' id='word_1_322' title='bbox 560 2355 636 2404; x_wconf 89' lang='lat' dir='ltr'><strong>Sic</strong></span> <span class='ocrx_word' id='word_1_323' title='bbox 669 2355 761 2403; x_wconf 87' lang='lat' dir='ltr'><strong>erit</strong></span> <span class='ocrx_word' id='word_1_324' title='bbox 794 2371 959 2404; x_wconf 88' lang='lat' dir='ltr'><strong>semen</strong></span> <span class='ocrx_word' id='word_1_325' title='bbox 995 2365 1158 2419; x_wconf 90' lang='lat' dir='ltr'><strong>tuum,</strong></span> <span class='ocrx_word' id='word_1_326' title='bbox 1191 2377 1215 2402; x_wconf 73' lang='lat'><strong>&gt;2</strong></span> <span class='ocrx_word' id='word_1_327' title='bbox 1252 2357 1303 2405; x_wconf 91' lang='lat' dir='ltr'><strong>id</strong></span> <span class='ocrx_word' id='word_1_328' title='bbox 1338 2368 1433 2419; x_wconf 85' lang='lat' dir='ltr'><strong>est,</strong></span> <span class='ocrx_word' id='word_1_329' title='bbox 1466 2358 1694 2407; x_wconf 90' lang='lat' dir='ltr'><strong>homines</strong></span> <span class='ocrx_word' id='word_1_330' title='bbox 1737 2356 1959 2425; x_wconf 85' lang='lat' dir='ltr'><strong>exemplo</strong></span> <span class='ocrx_word' id='word_1_331' title='bbox 1997 2354 2112 2403; x_wconf 86' lang='lat' dir='ltr'><strong>fidei</strong></span> <span class='ocrx_word' id='word_1_332' title='bbox 2146 2364 2240 2402; x_wconf 86' lang='lat' dir='ltr'><strong>tuae</strong></span> <span class='ocrx_word' id='word_1_333' title='bbox 2274 2352 2394 2401; x_wconf 90' lang='lat' dir='ltr'><strong>mihi</strong></span> 
     </span>
    </p>
   </div>
   <div class='ocr_carea' id='block_1_3' title="bbox 233 2433 2396 2582">
    <p class='ocr_par' dir='ltr' id='par_1_4' title="bbox 233 2433 2396 2582">
     <span class='ocr_line' id='line_1_28' title="bbox 233 2433 2396 2502; baseline -0 -20"><span class='ocrx_word' id='word_1_334' title='bbox 233 2434 522 2499; x_wconf 88' lang='lat' dir='ltr'><strong>generandi,</strong></span> <span class='ocrx_word' id='word_1_335' title='bbox 565 2436 633 2485; x_wconf 88' lang='lat' dir='ltr'><strong>ita</strong></span> <span class='ocrx_word' id='word_1_336' title='bbox 672 2436 854 2485; x_wconf 88' lang='lat' dir='ltr'><strong>scilicet</strong></span> <span class='ocrx_word' id='word_1_337' title='bbox 897 2437 1274 2487; x_wconf 88' lang='lat' dir='ltr'><strong>innumerabiles</strong></span> <span class='ocrx_word' id='word_1_338' title='bbox 1291 2475 1303 2499; x_wconf 90' lang='lat'><strong>,</strong></span> <span class='ocrx_word' id='word_1_339' title='bbox 1351 2439 1475 2488; x_wconf 91' lang='lat' dir='ltr'><strong>sicut</strong></span> <span class='ocrx_word' id='word_1_340' title='bbox 1516 2439 1678 2488; x_wconf 88' lang='lat' dir='ltr'><strong>stellae.</strong></span> <span class='ocrx_word' id='word_1_341' title='bbox 1723 2443 1985 2488; x_wconf 88' lang='lat' dir='ltr'><strong>Possumus</strong></span> <span class='ocrx_word' id='word_1_342' title='bbox 2031 2445 2080 2484; x_wconf 90' lang='lat' dir='ltr'><strong>et</strong></span> <span class='ocrx_word' id='word_1_343' title='bbox 2114 2452 2203 2502; x_wconf 86' lang='lat' dir='ltr'><strong>per</strong></span> <span class='ocrx_word' id='word_1_344' title='bbox 2238 2433 2396 2482; x_wconf 90' lang='lat' dir='ltr'><strong>stellas</strong></span> 
     </span>
     <span class='ocr_line' id='line_1_29' title="bbox 233 2511 2394 2582; baseline -0 -22"><span class='ocrx_word' id='word_1_345' title='bbox 233 2521 280 2560; x_wconf 91' lang='lat' dir='ltr'><strong>et</strong></span> <span class='ocrx_word' id='word_1_346' title='bbox 309 2528 510 2561; x_wconf 85' lang='lat' dir='ltr'><strong>arenam</strong></span> <span class='ocrx_word' id='word_1_347' title='bbox 545 2513 803 2562; x_wconf 86' lang='lat' dir='ltr'><strong>Judaicum</strong></span> <span class='ocrx_word' id='word_1_348' title='bbox 837 2524 885 2562; x_wconf 94' lang='lat' dir='ltr'><strong>et</strong></span> <span class='ocrx_word' id='word_1_349' title='bbox 922 2516 1166 2564; x_wconf 84' lang='lat' dir='ltr'><strong>Gentilem</strong></span> <span class='ocrx_word' id='word_1_350' title='bbox 1201 2517 1440 2582; x_wconf 91' lang='lat' dir='ltr'><strong>populum</strong></span> <span class='ocrx_word' id='word_1_351' title='bbox 1480 2516 1792 2582; x_wconf 89' lang='lat' dir='ltr'><strong>distinguere,</strong></span> <span class='ocrx_word' id='word_1_352' title='bbox 1827 2534 1886 2565; x_wconf 86' lang='lat' dir='ltr'><strong>ex</strong></span> <span class='ocrx_word' id='word_1_353' title='bbox 1910 2513 2089 2581; x_wconf 91' lang='lat' dir='ltr'><strong>quibus</strong></span> <span class='ocrx_word' id='word_1_354' title='bbox 2123 2511 2394 2578; x_wconf 85' lang='lat' dir='ltr'><strong>spirituales</strong></span> 
     </span>
    </p>
   </div>
   <div class='ocr_carea' id='block_1_4' title="bbox 231 2591 2467 3228">
    <p class='ocr_par' dir='ltr' id='par_1_5' title="bbox 231 2591 2467 3228">
     <span class='ocr_line' id='line_1_30' title="bbox 234 2591 2394 2660; baseline -0.001 -20"><span class='ocrx_word' id='word_1_355' title='bbox 234 2591 434 2641; x_wconf 85' lang='lat' dir='ltr'><strong>Abrahae</strong></span> <span class='ocrx_word' id='word_1_356' title='bbox 465 2593 551 2642; x_wconf 86' lang='lat' dir='ltr'><strong>filii</strong></span> <span class='ocrx_word' id='word_1_357' title='bbox 583 2595 763 2660; x_wconf 89' lang='lat' dir='ltr'><strong>pariter</strong></span> <span class='ocrx_word' id='word_1_358' title='bbox 796 2606 910 2644; x_wconf 90' lang='lat' dir='ltr'><strong>sunt</strong></span> <span class='ocrx_word' id='word_1_359' title='bbox 940 2597 1148 2655; x_wconf 89' lang='lat' dir='ltr'><strong>collecti,</strong></span> <span class='ocrx_word' id='word_1_360' title='bbox 1183 2608 1238 2645; x_wconf 89' lang='lat' dir='ltr'><strong>ut</strong></span> <span class='ocrx_word' id='word_1_361' title='bbox 1270 2615 1372 2645; x_wconf 92' lang='lat' dir='ltr'><strong>non</strong></span> <span class='ocrx_word' id='word_1_362' title='bbox 1406 2599 1565 2646; x_wconf 91' lang='lat' dir='ltr'><strong>solum</strong></span> <span class='ocrx_word' id='word_1_363' title='bbox 1597 2597 1811 2646; x_wconf 89' lang='lat' dir='ltr'><strong>filiorum</strong></span> <span class='ocrx_word' id='word_1_364' title='bbox 1835 2594 2115 2652; x_wconf 87' lang='lat' dir='ltr'><strong>multitudo,</strong></span> <span class='ocrx_word' id='word_1_365' title='bbox 2143 2609 2313 2641; x_wconf 88' lang='lat' dir='ltr'><strong>verum</strong></span> <span class='ocrx_word' id='word_1_366' title='bbox 2348 2603 2394 2639; x_wconf 85' lang='lat' dir='ltr'><strong>et</strong></span> 
     </span>
     <span class='ocr_line' id='line_1_31' title="bbox 234 2672 2467 2744; baseline -0.001 -24"><span class='ocrx_word' id='word_1_367' title='bbox 234 2674 532 2738; x_wconf 91' lang='lat' dir='ltr'><strong>populorum</strong></span> <span class='ocrx_word' id='word_1_368' title='bbox 565 2674 815 2724; x_wconf 86' lang='lat' dir='ltr'><strong>diversitas</strong></span> <span class='ocrx_word' id='word_1_369' title='bbox 842 2678 1156 2743; x_wconf 84' lang='lat' dir='ltr'><strong>exprimatur.</strong></span> <span class='ocrx_word' id='word_1_370' title='bbox 1184 2677 1340 2726; x_wconf 90' lang='lat' dir='ltr'><strong>Stellis</strong></span> <span class='ocrx_word' id='word_1_371' title='bbox 1371 2678 1522 2726; x_wconf 87' lang='lat' dir='ltr'><strong>Judaei</strong></span> <span class='ocrx_word' id='word_1_372' title='bbox 1545 2688 1891 2744; x_wconf 85' lang='lat' dir='ltr'><strong>comparantur</strong></span> <span class='ocrx_word' id='word_1_373' title='bbox 1913 2692 2000 2743; x_wconf 89' lang='lat' dir='ltr'><strong>per</strong></span> <span class='ocrx_word' id='word_1_374' title='bbox 2032 2674 2181 2722; x_wconf 85' lang='lat' dir='ltr'><strong>fidem</strong></span> <span class='ocrx_word' id='word_1_375' title='bbox 2214 2672 2395 2738; x_wconf 85' lang='lat' dir='ltr'><strong>exlege</strong></span> <span class='ocrx_word' id='word_1_376' title='bbox 2465 2715 2467 2717; x_wconf 83' lang='lat'><strong>.</strong></span> 
     </span>
     <span class='ocr_line' id='line_1_32' title="bbox 231 2754 2391 2824; baseline -0.001 -22"><span class='ocrx_word' id='word_1_377' title='bbox 231 2754 332 2817; x_wconf 89' lang='lat' dir='ltr'><strong>jam</strong></span> <span class='ocrx_word' id='word_1_378' title='bbox 355 2754 635 2817; x_wconf 90' lang='lat' dir='ltr'><strong>illuminati,</strong></span> <span class='ocrx_word' id='word_1_379' title='bbox 654 2766 710 2804; x_wconf 83' lang='lat' dir='ltr'><strong>et</strong></span> <span class='ocrx_word' id='word_1_380' title='bbox 734 2774 763 2805; x_wconf 91' lang='lat' dir='ltr'><strong>a</strong></span> <span class='ocrx_word' id='word_1_381' title='bbox 784 2757 920 2805; x_wconf 84' lang='lat' dir='ltr'><strong>fluxu</strong></span> <span class='ocrx_word' id='word_1_382' title='bbox 946 2757 1308 2806; x_wconf 88' lang='lat' dir='ltr'><strong>mundanarum</strong></span> <span class='ocrx_word' id='word_1_383' title='bbox 1332 2759 1838 2824; x_wconf 89' lang='lat' dir='ltr'><strong>concupiscentiarum</strong></span> <span class='ocrx_word' id='word_1_384' title='bbox 1867 2774 1955 2822; x_wconf 91' lang='lat' dir='ltr'><strong>per</strong></span> <span class='ocrx_word' id='word_1_385' title='bbox 1985 2755 2141 2821; x_wconf 89' lang='lat' dir='ltr'><strong>legem</strong></span> <span class='ocrx_word' id='word_1_386' title='bbox 2166 2754 2361 2801; x_wconf 89' lang='lat' dir='ltr'><strong>coerciti</strong></span> <span class='ocrx_word' id='word_1_387' title='bbox 2379 2791 2391 2814; x_wconf 94' lang='lat'><strong>,</strong></span> 
     </span>
     <span class='ocr_line' id='line_1_33' title="bbox 236 2834 2392 2903; baseline 0 -22"><span class='ocrx_word' id='word_1_388' title='bbox 236 2843 284 2881; x_wconf 93' lang='lat' dir='ltr'><strong>et</strong></span> <span class='ocrx_word' id='word_1_389' title='bbox 308 2835 446 2899; x_wconf 89' lang='lat' dir='ltr'><strong>quasi</strong></span> <span class='ocrx_word' id='word_1_390' title='bbox 471 2835 686 2884; x_wconf 87' lang='lat' dir='ltr'><strong>coelestes</strong></span> <span class='ocrx_word' id='word_1_391' title='bbox 709 2838 758 2884; x_wconf 90' lang='lat' dir='ltr'><strong>in</strong></span> <span class='ocrx_word' id='word_1_392' title='bbox 781 2853 866 2903; x_wconf 91' lang='lat' dir='ltr'><strong>spe</strong></span> <span class='ocrx_word' id='word_1_393' title='bbox 889 2855 975 2887; x_wconf 87' lang='lat' dir='ltr'><strong>sua</strong></span> <span class='ocrx_word' id='word_1_394' title='bbox 997 2838 1128 2894; x_wconf 84' lang='lat' dir='ltr'><strong>facti,</strong></span> <span class='ocrx_word' id='word_1_395' title='bbox 1150 2855 1264 2886; x_wconf 91' lang='lat' dir='ltr'><strong>cum</strong></span> <span class='ocrx_word' id='word_1_396' title='bbox 1287 2855 1314 2885; x_wconf 93' lang='lat' dir='ltr'><strong>e</strong></span> <span class='ocrx_word' id='word_1_397' title='bbox 1337 2839 1582 2886; x_wconf 89' lang='lat' dir='ltr'><strong>contrario</strong></span> <span class='ocrx_word' id='word_1_398' title='bbox 1607 2838 1820 2887; x_wconf 90' lang='lat' dir='ltr'><strong>Gentiles</strong></span> <span class='ocrx_word' id='word_1_399' title='bbox 1841 2836 1972 2885; x_wconf 89' lang='lat' dir='ltr'><strong>nulla</strong></span> <span class='ocrx_word' id='word_1_400' title='bbox 1994 2837 2098 2901; x_wconf 91' lang='lat' dir='ltr'><strong>lege</strong></span> <span class='ocrx_word' id='word_1_401' title='bbox 2121 2834 2392 2894; x_wconf 88' lang='lat' dir='ltr'><strong>constricti,</strong></span> 
     </span>
     <span class='ocr_line' id='line_1_34' title="bbox 235 2915 2396 2984; baseline 0 -22"><span class='ocrx_word' id='word_1_402' title='bbox 235 2930 322 2979; x_wconf 91' lang='lat' dir='ltr'><strong>per</strong></span> <span class='ocrx_word' id='word_1_403' title='bbox 359 2931 560 2964; x_wconf 89' lang='lat' dir='ltr'><strong>omnem</strong></span> <span class='ocrx_word' id='word_1_404' title='bbox 599 2918 1041 2984; x_wconf 89' lang='lat' dir='ltr'><strong>concupiscentiam</strong></span> <span class='ocrx_word' id='word_1_405' title='bbox 1079 2918 1231 2967; x_wconf 91' lang='lat' dir='ltr'><strong>libere</strong></span> <span class='ocrx_word' id='word_1_406' title='bbox 1267 2918 1521 2967; x_wconf 84' lang='lat' dir='ltr'><strong>effluerent</strong></span> <span class='ocrx_word' id='word_1_407' title='bbox 1564 2919 1765 2967; x_wconf 89' lang='lat' dir='ltr'><strong>terrenis</strong></span> <span class='ocrx_word' id='word_1_408' title='bbox 1798 2927 1989 2966; x_wconf 91' lang='lat' dir='ltr'><strong>tantum</strong></span> <span class='ocrx_word' id='word_1_409' title='bbox 2027 2915 2280 2964; x_wconf 85' lang='lat' dir='ltr'><strong>desideriis</strong></span> <span class='ocrx_word' id='word_1_410' title='bbox 2321 2915 2396 2962; x_wconf 87' lang='lat' dir='ltr'><strong>in-</strong></span> 
     </span>
     <span class='ocr_line' id='line_1_35' title="bbox 235 2993 2397 3066; baseline 0 -24"><span class='ocrx_word' id='word_1_411' title='bbox 235 2993 441 3044; x_wconf 88' lang='lat' dir='ltr'><strong>hiantes.</strong></span> <span class='ocrx_word' id='word_1_412' title='bbox 475 2997 570 3045; x_wconf 89' lang='lat' dir='ltr'><strong>Sed</strong></span> <span class='ocrx_word' id='word_1_413' title='bbox 602 2998 716 3063; x_wconf 88' lang='lat' dir='ltr'><strong>quia</strong></span> <span class='ocrx_word' id='word_1_414' title='bbox 740 2998 803 3047; x_wconf 91' lang='lat' dir='ltr'><strong>de</strong></span> <span class='ocrx_word' id='word_1_415' title='bbox 827 2998 1062 3047; x_wconf 90' lang='lat' dir='ltr'><strong>Gentibus</strong></span> <span class='ocrx_word' id='word_1_416' title='bbox 1084 3008 1301 3062; x_wconf 88' lang='lat' dir='ltr'><strong>tantum,</strong></span> <span class='ocrx_word' id='word_1_417' title='bbox 1326 3000 1377 3048; x_wconf 90' lang='lat' dir='ltr'><strong>in</strong></span> <span class='ocrx_word' id='word_1_418' title='bbox 1404 2999 1581 3066; x_wconf 91' lang='lat' dir='ltr'><strong>quibus</strong></span> <span class='ocrx_word' id='word_1_419' title='bbox 1610 3000 1820 3049; x_wconf 87' lang='lat' dir='ltr'><strong>maxime</strong></span> <span class='ocrx_word' id='word_1_420' title='bbox 1855 2998 1975 3047; x_wconf 87' lang='lat' dir='ltr'><strong>fides</strong></span> <span class='ocrx_word' id='word_1_421' title='bbox 1998 2996 2201 3046; x_wconf 87' lang='lat' dir='ltr'><strong>Abrahae</strong></span> <span class='ocrx_word' id='word_1_422' title='bbox 2233 2996 2397 3044; x_wconf 88' lang='lat' dir='ltr'><strong>fructi—</strong></span> 
     </span>
     <span class='ocr_line' id='line_1_36' title="bbox 237 3073 2394 3148; baseline 0 -25"><span class='ocrx_word' id='word_1_423' title='bbox 237 3073 438 3124; x_wconf 85' lang='lat' dir='ltr'><strong>ficatura</strong></span> <span class='ocrx_word' id='word_1_424' title='bbox 477 3087 602 3139; x_wconf 88' lang='lat' dir='ltr'><strong>erat,</strong></span> <span class='ocrx_word' id='word_1_425' title='bbox 648 3080 982 3144; x_wconf 89' lang='lat' dir='ltr'><strong>promissionis</strong></span> <span class='ocrx_word' id='word_1_426' title='bbox 1020 3080 1169 3128; x_wconf 87' lang='lat' dir='ltr'><strong>verba</strong></span> <span class='ocrx_word' id='word_1_427' title='bbox 1206 3090 1344 3142; x_wconf 89' lang='lat' dir='ltr'><strong>sunt,</strong></span> <span class='ocrx_word' id='word_1_428' title='bbox 1391 3098 1650 3148; x_wconf 91' lang='lat' dir='ltr'><strong>possumus</strong></span> <span class='ocrx_word' id='word_1_429' title='bbox 1687 3080 1899 3130; x_wconf 88' lang='lat' dir='ltr'><strong>fortassis</strong></span> <span class='ocrx_word' id='word_1_430' title='bbox 1941 3077 2308 3128; x_wconf 86' lang='lat' dir='ltr'><strong>convenientius</strong></span> <span class='ocrx_word' id='word_1_431' title='bbox 2345 3077 2394 3124; x_wconf 90' lang='lat' dir='ltr'><strong>in</strong></span> 
     </span>
     <span class='ocr_line' id='line_1_37' title="bbox 238 3156 2397 3228; baseline -0 -25"><span class='ocrx_word' id='word_1_432' title='bbox 238 3156 383 3205; x_wconf 89' lang='lat' dir='ltr'><strong>stellis</strong></span> <span class='ocrx_word' id='word_1_433' title='bbox 405 3168 454 3206; x_wconf 91' lang='lat' dir='ltr'><strong>et</strong></span> <span class='ocrx_word' id='word_1_434' title='bbox 474 3175 621 3208; x_wconf 90' lang='lat' dir='ltr'><strong>arena</strong></span> <span class='ocrx_word' id='word_1_435' title='bbox 651 3162 795 3209; x_wconf 87' lang='lat' dir='ltr'><strong>maris</strong></span> <span class='ocrx_word' id='word_1_436' title='bbox 824 3170 920 3210; x_wconf 88' lang='lat' dir='ltr'><strong>tres</strong></span> <span class='ocrx_word' id='word_1_437' title='bbox 949 3161 1169 3210; x_wconf 90' lang='lat' dir='ltr'><strong>Ecclesiae</strong></span> <span class='ocrx_word' id='word_1_438' title='bbox 1194 3161 1391 3211; x_wconf 88' lang='lat' dir='ltr'><strong>ordines</strong></span> <span class='ocrx_word' id='word_1_439' title='bbox 1416 3162 1738 3228; x_wconf 86' lang='lat' dir='ltr'><strong>distinguere,</strong></span> <span class='ocrx_word' id='word_1_440' title='bbox 1764 3178 1852 3228; x_wconf 91' lang='lat' dir='ltr'><strong>per</strong></span> <span class='ocrx_word' id='word_1_441' title='bbox 1877 3160 2036 3209; x_wconf 90' lang='lat' dir='ltr'><strong>stellas</strong></span> <span class='ocrx_word' id='word_1_442' title='bbox 2067 3158 2267 3224; x_wconf 90' lang='lat' dir='ltr'><strong>quidem</strong></span> <span class='ocrx_word' id='word_1_443' title='bbox 2292 3171 2397 3222; x_wconf 87' lang='lat' dir='ltr'><strong>quae</strong></span> 
     </span>
    </p>
   </div>
   <div class='ocr_carea' id='block_1_5' title="bbox 289 3344 2105 3393">
    <p class='ocr_par' dir='ltr' id='par_1_6' title="bbox 289 3344 2105 3393">
     <span class='ocr_line' id='line_1_38' title="bbox 289 3344 2105 3393; baseline 0.002 -16"><span class='ocrx_word' id='word_1_444' title='bbox 289 3348 293 3364; x_wconf 87' lang='lat'><strong>¹</strong></span> <span class='ocrx_word' id='word_1_445' title='bbox 309 3344 450 3379; x_wconf 81' lang='lat' dir='ltr'><strong>Habac..</strong></span> <span class='ocrx_word' id='word_1_446' title='bbox 469 3356 541 3388; x_wconf 83' lang='lat' dir='ltr'><strong>cap.</strong></span> <span class='ocrx_word' id='word_1_447' title='bbox 556 3356 593 3386; x_wconf 80' lang='grc' dir='ltr'><strong>ιι,</strong></span> <span class='ocrx_word' id='word_1_448' title='bbox 610 3358 639 3382; x_wconf 82' lang='lat' dir='ltr'><strong>v.</strong></span> <span class='ocrx_word' id='word_1_449' title='bbox 659 3351 689 3383; x_wconf 77' lang='lat'><strong>4.</strong></span> <span class='ocrx_word' id='word_1_450' title='bbox 706 3368 742 3372; x_wconf 97' lang='lat'><strong>—</strong></span> <span class='ocrx_word' id='word_1_451' title='bbox 759 3352 770 3369; x_wconf 84' lang='lat'><strong>²</strong></span> <span class='ocrx_word' id='word_1_452' title='bbox 789 3350 904 3391; x_wconf 73' lang='lat' dir='ltr'><strong>Helm,</strong></span> <span class='ocrx_word' id='word_1_453' title='bbox 920 3360 990 3392; x_wconf 86' lang='lat' dir='ltr'><strong>cap.</strong></span> <span class='ocrx_word' id='word_1_454' title='bbox 1010 3361 1060 3384; x_wconf 77' lang='lat' dir='ltr'><strong>xi.</strong></span> <span class='ocrx_word' id='word_1_455' title='bbox 1080 3361 1109 3384; x_wconf 92' lang='lat' dir='ltr'><strong>v.</strong></span> <span class='ocrx_word' id='word_1_456' title='bbox 1129 3353 1160 3386; x_wconf 87' lang='lat'><strong>6.</strong></span> <span class='ocrx_word' id='word_1_457' title='bbox 1177 3370 1216 3376; x_wconf 91' lang='grc'><strong>--</strong></span> <span class='ocrx_word' id='word_1_458' title='bbox 1231 3354 1242 3373; x_wconf 82' lang='lat'>³</span> <span class='ocrx_word' id='word_1_459' title='bbox 1255 3353 1384 3386; x_wconf 84' lang='lat' dir='ltr'><strong>Psalm.</strong></span> <span class='ocrx_word' id='word_1_460' title='bbox 1405 3361 1506 3392; x_wconf 79' lang='lat' dir='ltr'><strong>xxxu,</strong></span> <span class='ocrx_word' id='word_1_461' title='bbox 1524 3362 1551 3384; x_wconf 81' lang='lat' dir='ltr'><strong>v.</strong></span> <span class='ocrx_word' id='word_1_462' title='bbox 1570 3354 1603 3386; x_wconf 85' lang='lat'><strong>9.</strong></span> <span class='ocrx_word' id='word_1_463' title='bbox 1617 3370 1655 3376; x_wconf 94' lang='lat'>—</span> <span class='ocrx_word' id='word_1_464' title='bbox 1674 3354 1683 3373; x_wconf 74' lang='lat'><strong>⁴</strong></span> <span class='ocrx_word' id='word_1_465' title='bbox 1700 3352 1836 3393; x_wconf 78' lang='lat' dir='ltr'><strong>Genes.,</strong></span> <span class='ocrx_word' id='word_1_466' title='bbox 1857 3360 1928 3392; x_wconf 82' lang='lat' dir='ltr'><strong>cap.</strong></span> <span class='ocrx_word' id='word_1_467' title='bbox 1950 3359 2006 3389; x_wconf 84' lang='lat' dir='ltr'><strong>xv,</strong></span> <span class='ocrx_word' id='word_1_468' title='bbox 2025 3359 2054 3381; x_wconf 81' lang='lat' dir='ltr'><strong>v.</strong></span> <span class='ocrx_word' id='word_1_469' title='bbox 2076 3351 2105 3381; x_wconf 74' lang='lat'><strong>5.</strong></span> 
     </span>
    </p>
   </div>
  </div>
 </body>
</html>
