2638 3866
632 198 843 246 ETHICA
879 199 988 247 SEU
1023 200 1197 248 LIBER
1232 200 1435 249 DlCTUS
1465 219 1475 246 :
1503 201 1665 248 SCITO
1700 199 1969 248 TElPSUM.
2284 201 2379 250 639

303 296 448 354 Quod
479 298 517 345 si
547 297 668 346 sorte
695 299 802 364 quis
833 299 895 348 de
926 301 1049 350 Juda
1077 302 1286 367 objiciat,
1321 304 1404 369 qui
1427 304 1570 351 etiam
1604 319 1716 350 cum
1744 302 1847 350 haec
1878 302 2153 351 dicerentur
2175 318 2301 350 unus
2324 320 2380 351 ex

236 377 472 442 Apostolis
494 387 616 436 erat;
646 380 765 428 sciat
792 382 1030 429 Dominus
1052 399 1151 430 non
1181 384 1424 448 ignorasse
1457 384 1519 432 ad
1557 400 1679 449 quos
1709 383 1759 431 id
1796 383 1932 448 quod
1964 383 2156 432 dicebat
2183 383 2381 432 deberet

236 458 510 519 intendere;
539 461 663 508 sicut
684 470 858 509 etcum
880 462 968 510 ait¹
996 481 1006 509 :
1035 483 1058 508 α
1077 467 1249 525 Pater,
1266 465 1460 529 ignosce
1482 465 1574 512 illis
1598 465 1709 530 quia
1739 465 1958 512 nesciunt
1981 465 2100 530 quid
2121 464 2326 526 faciunt3
2354 486 2376 510 »

236 553 335 585 non
359 539 421 588 de
442 541 670 589 omnibus
698 543 1094 607 persequentibus
1122 561 1234 592 eum
1257 545 1358 594 haec
1382 546 1483 610 ejus
1509 547 1665 594 oratio
1689 545 1969 611 accipienda
1998 556 2236 594 censetur.
2258 550 2380 595 Cum

235 620 365 667 enim
399 621 575 670 dicitur
601 642 623 667 α
645 622 721 670 his
739 658 750 679 ‚
772 643 794 667 ι)
822 623 895 670 vel
925 644 946 668 κ
964 641 1073 681 vos,
1102 644 1125 669 »
1151 643 1257 691 quae
1289 627 1664 675 demonstrativa
1695 627 1986 692 pronomina
2011 638 2147 686 sunt,
2185 644 2276 693 pro
2309 629 2380 675 in-

235 701 448 749 tentione
475 702 717 768 loquentis
746 720 906 752 sermo
929 703 1164 770 dirigitur,
1188 707 1263 754 vel
1287 708 1350 755 ad
1373 724 1542 756 omnes
1565 707 1743 774 pariter
1770 708 1853 772 qui
1883 706 2078 767 adsunt,
2105 707 2179 755 vel
2209 708 2273 756 ad
2295 708 2381 756 ali-

235 795 358 843 quos
393 798 451 830 ex
483 783 573 831 illis
603 800 727 848 quos
762 785 1047 847 decreverit,
1076 787 1198 834 sicut
1226 797 1272 834 et
1295 787 1395 836 haec
1425 805 1529 853 quae
1563 788 1790 853 praedicta
1819 798 1949 849 sunt,
1984 804 2082 835 non
2115 788 2177 836 ad
2211 805 2381 837 omnes

234 863 516 926 generaliter
543 865 819 930 Apostolos,
849 866 933 914 sed
963 867 1025 915 ad
1054 868 1183 916 solos
1209 868 1385 916 electos
1413 869 1662 923 referenda
1685 879 1813 916 sunt.
1850 869 1926 916 Sic
1959 878 2006 916 et
2039 869 2248 917 fortassis
2273 887 2380 917 sen-

232 942 451 991 tiendum
477 945 669 994 videtur
693 946 754 994 de
788 947 871 995 illo
899 948 1034 1013 quod
1069 950 1135 996 ait
1169 967 1179 996 z
1216 952 1544 1015 Quaecumque
1578 950 1797 1014 ligaveris
1831 966 1976 1015 super
2008 959 2202 1008 terram,
2241 963 2380 998 erunt

232 1022 374 1087 ligata
407 1035 456 1073 et
488 1025 536 1073 in
576 1026 732 1086 coelis3
767 1028 814 1075 in
852 1045 952 1093 quo
984 1029 1246 1078 consimilis
1280 1047 1382 1078 esse
1419 1040 1614 1096 putatur
1649 1030 1884 1078 sententia
1917 1048 1928 1077 z
1963 1030 2096 1095 quod
2130 1030 2381 1095 diligenter

232 1102 401 1152 beatus
416 1106 684 1155 adtendens
700 1108 1041 1174 Hieronymus,
1055 1127 1167 1158 cum
1183 1111 1244 1159 ad
1258 1111 1360 1158 haec
1375 1111 1523 1159 verba
1539 1112 1587 1158 in
1603 1111 1825 1158 Matthaeo
1843 1111 2134 1177 exponenda
2154 1113 2374 1167 venisset,

234 1183 318 1232 ubi
343 1187 580 1235 Dominus
606 1191 745 1236 Petro
768 1190 831 1237 ait
860 1208 869 1235 :
901 1211 923 1235 α
945 1191 1300 1258 Quodcumque
1322 1192 1542 1257 ligaveris
1564 1210 1710 1258 super
1731 1194 1944 1250 terram¹,
1964 1211 1986 1236 υ
2016 1193 2177 1248 istum,
2205 1193 2375 1258 inquit,

231 1266 396 1313 locum
429 1268 654 1334 Episcopi
690 1279 738 1317 et
777 1271 1043 1337 Presbyteri
1088 1289 1188 1320 non
1227 1273 1544 1338 intelligentes
1591 1273 1773 1338 aliquid
1813 1272 1903 1320 sibi
1937 1272 1998 1321 dc
2034 1273 2379 1321 Pharisaeorum

230 1358 484 1395 assumunt
506 1350 788 1415 supercilio3
813 1361 865 1399 ut
886 1352 962 1400 vel
983 1352 1217 1401 damnent
1242 1354 1540 1415 innocentes,
1573 1353 1645 1400 vel
1670 1354 1855 1405 soluere
1877 1370 1927 1401 se
1949 1354 2123 1401 noxios
2144 1354 2379 1403 arbitren-

230 1436 308 1473 tur
335 1446 345 1474 :
379 1445 491 1476 cum
529 1430 661 1496 apud
694 1435 850 1479 Deum
878 1450 979 1480 non
1014 1435 1251 1482 sententia
1287 1435 1614 1493 sacerdotum,
1647 1434 1732 1482 sed
1764 1451 1959 1482 reorum
1992 1435 2088 1483 vita
2119 1446 2374 1499 quaeratur.

233 1508 452 1570 Legimus
478 1510 527 1556 in
561 1513 758 1559 Levitico
782 1512 843 1560 de
867 1513 1091 1579 leprosiS,
1127 1514 1209 1562 ubi
1234 1515 1468 1579 jubentur
1491 1525 1546 1563 ut
1568 1515 1826 1563 ostendant
1850 1533 1901 1563 se
1926 1516 2299 1575 sacerdotibus’3
2330 1528 2378 1565 et

230 1587 268 1633 si
303 1588 487 1653 lepram
518 1590 804 1655 habuerint,
842 1605 958 1642 tunc
993 1611 1019 1642 a
1054 1596 1304 1643 sacerdote
1341 1597 1578 1644 immundi
1614 1596 1758 1658 fiant3
1799 1613 1900 1643 non
1939 1596 2071 1661 quod
2108 1596 2380 1645 sacerdotes

231 1669 441 1716 mundos
473 1670 649 1720 faciant
677 1673 752 1721 vel
783 1675 1079 1737 immundos,
1113 1676 1197 1724 sed
1228 1677 1362 1741 quod
1386 1677 1606 1724 notitiam
1629 1676 1843 1724 habeant
1873 1676 1934 1724 de
1957 1676 2158 1742 leprosis
2188 1687 2235 1725 et
2276 1694 2376 1725 non

229 1749 453 1817 leprosis,
490 1765 538 1802 et
560 1758 744 1822 possint
783 1758 1055 1807 discernere
1078 1760 1185 1823 quis
1221 1760 1502 1808 immundus
1526 1760 1602 1808 vel
1626 1759 1839 1807 mundus
1874 1760 1948 1807 sit.
1976 1761 2239 1819 Quomodo
2264 1778 2377 1826 ergo

227 1830 295 1879 ibi
328 1833 571 1899 leprosum
606 1837 830 1886 sacerdos
859 1839 1168 1887 immundum
1198 1841 1309 1888 facit
1333 1859 1343 1886 ε
1372 1841 1440 1888 sic
1472 1851 1518 1888 et
1548 1840 1627 1888 hic
1656 1840 1814 1904 alligat
1837 1840 1912 1888 vel
1946 1841 2084 1888 solvit
2114 1842 2378 1909 Episcopus

228 1913 302 1961 vel
326 1915 576 1980 Presbyter
610 1934 711 1964 non
748 1935 831 1966 eos
866 1920 950 1984 qui
984 1930 1146 1967 sontes
1184 1931 1297 1967 sunt
1329 1921 1404 1968 vel
1450 1921 1661 1982 innoxii,
1693 1921 1785 1992 §ed
1820 1938 1911 1987 pro
1947 1921 2108 1970 officio
2143 1939 2233 1970 suo
2268 1940 2379 1970 cum

227 1999 538 2054 peccatorum
561 1992 767 2040 audierit
787 1994 1056 2054 varietates,
1084 1996 1171 2042 scit
1193 1997 1278 2060 qui
1300 1996 1521 2059 ligandus
1547 1995 1620 2042 vel
1636 1996 1719 2060 qui
1742 1996 2004 2043 solvendus
2027 1997 2104 2044 sit.
2136 2016 2158 2039 υ
2187 2000 2252 2044 Ex
2275 1998 2375 2057 his,

227 2071 277 2117 ni
314 2071 466 2131 fallor,
493 2073 652 2120 verbis
675 2075 980 2139 Hieronymi,
1007 2075 1248 2140 liquidum
1274 2086 1343 2124 est
1374 2076 1495 2124 illud
1523 2077 1658 2141 quod
1687 2080 1825 2124 Petro
1847 2077 1923 2124 vel
1953 2078 2133 2125 caeteris
2163 2078 2379 2127 similiter

228 2153 466 2216 Apostolis
500 2153 687 2201 dictum
722 2164 792 2202 est
826 2155 888 2203 de
922 2155 1125 2219 ligandis
1159 2157 1232 2204 vel
1265 2157 1508 2204 solvendis
1533 2167 1840 2222 peccatorum
1874 2157 2100 2219 vinculis,
2137 2160 2288 2224 magis
2315 2159 2377 2207 de

227 2234 447 2297 personis
471 2250 640 2281 eorum
665 2251 813 2299 quam
839 2236 1122 2300 generaliter
1148 2237 1209 2285 de
1236 2238 1464 2285 omnibus
1488 2238 1738 2304 Episcopis
1764 2238 2099 2304 accipiendum
2131 2256 2257 2299 esse3
2284 2241 2373 2288 nisi

228 2313 368 2373 forte,
397 2314 534 2378 juxta
556 2314 650 2361 hoc
681 2315 815 2379 quod
837 2316 939 2382 ipse
974 2317 1040 2364 ait
1064 2317 1403 2383 Hieronymus,
1442 2318 1570 2366 hanc
1601 2319 1881 2382 ligationem
1912 2319 1989 2367 vel
2020 2319 2371 2369 absolutionem

225 2394 544 2457 intelligamus
572 2395 855 2461 praedictum
880 2396 1119 2460 judicium
1145 2399 1374 2447 omnibus
1408 2399 1691 2462 generaliter
1725 2416 2033 2460 concessum;
2070 2410 2124 2448 ut
2154 2401 2378 2450 videlicet

227 2474 309 2538 qui
333 2474 514 2538 ligandi
550 2476 625 2523 vel
659 2476 944 2524 absolvendi
975 2479 1070 2526 sint
1098 2495 1124 2526 a
1154 2482 1276 2539 Deo,
1304 2480 1395 2545 ipsi
1426 2480 1637 2527 habeant
1665 2480 1882 2544 judicare
1905 2491 1953 2528 et
1984 2482 2109 2529 inter
2137 2482 2374 2529 mundum

225 2565 273 2601 et
304 2556 612 2604 immundum
642 2557 930 2606 discernere.
954 2560 1077 2606 Hinc
1106 2569 1152 2606 et
1175 2560 1294 2607 illud
1322 2561 1543 2624 Origenis
1566 2578 1711 2627 super
1733 2562 1962 2609 eumdem
1990 2562 2152 2609 locum
2182 2563 2229 2608 in
2253 2564 2375 2610 Mat-

225 2635 350 2683 thaeo
373 2638 550 2685 electos
573 2639 839 2704 Episcopos
862 2642 946 2704 qui
977 2639 1104 2688 hanc
1138 2641 1340 2704 gratiam
1369 2643 1650 2704 meruerint,
1679 2659 1786 2707 quae
1812 2644 1952 2690 Petro
1982 2659 2210 2690 concessa
2234 2652 2319 2701 est,
2347 2661 2374 2691 a

225 2718 403 2764 caeteris
446 2718 510 2764 ita
546 2718 884 2782 distinguentis
922 2739 932 2767 ε
977 2742 999 2764 (ε
1023 2724 1350 2784 Quaecumque
1387 2722 1606 2786 ligaveris
1641 2739 1788 2787 super
1829 2733 2022 2785 terram,
2045 2744 2067 2766 >³
2107 2724 2370 2787 quoniam,

226 2797 405 2861 inquit,
444 2799 526 2862 qui
565 2800 878 2864 Episcopatus
909 2801 1158 2849 vindicant
1189 2802 1380 2860 locum,
1422 2813 1627 2851 utuntur
1659 2803 1752 2851 hoc
1786 2814 1915 2851 textu
1957 2804 2373 2868 quemadmodum

224 2880 406 2936 Petrus,
435 2888 482 2925 et
507 2878 665 2927 claves
687 2882 822 2943 regni
845 2882 1078 2929 coelorum
1098 2892 1316 2947 acceptas
1335 2898 1363 2930 a
1385 2883 1574 2930 Christo
1598 2883 1794 2944 docent,
1823 2885 1907 2949 qui
1941 2883 2003 2932 ab
2025 2885 2094 2932 eis
2122 2886 2248 2950 ligati
2281 2886 2375 2934 fue-

228 2958 340 3017 rint,
368 2960 416 3005 in
443 2958 566 3006 coelo
592 2959 761 3022 ligatos
785 2977 904 3021 esse,
933 2972 979 3009 et
1006 2963 1090 3025 qui
1115 2961 1177 3009 ab
1200 2963 1266 3009 eis
1289 2963 1433 3010 soluti
1458 2964 1661 3024 fuerint,
1687 2963 1738 3011 id
1759 2974 1846 3026 est,
1881 2965 2213 3013 remissionem
2238 2982 2374 3014 acce·

221 3039 398 3103 pei-int,
427 3056 530 3087 esse
553 3049 601 3087 et
619 3040 668 3086 in
693 3040 816 3088 coelo
837 3041 1038 3103 solutos,
1065 3042 1327 3090 dicendum
1349 3054 1437 3105 est,
1465 3045 1580 3109 quia
1599 3044 1725 3092 bene
1745 3044 1929 3106 dicunt,
1955 3046 1995 3093 si
2018 3062 2164 3111 opera
2190 3046 2369 3095 habent

225 3118 319 3179 illa,
348 3130 546 3186 propter
570 3137 675 3185 quae
699 3121 884 3169 dictum
905 3132 977 3170 est
997 3122 1116 3170 illud
1137 3126 1278 3171 Petro
1304 3142 1316 3171 ε
1347 3145 1371 3168 α
1387 3127 1455 3172 Tu
1480 3142 1530 3173 es
1549 3127 1791 3187 Petrus‘,»
1814 3136 1863 3174 et
1883 3126 1999 3174 tales
2019 3138 2133 3175 sunt
2156 3138 2210 3175 ut
2228 3145 2372 3193 super

268 3306 274 3321 ¹
295 3302 393 3346 Luc.,
408 3314 479 3345 cap.
499 3314 597 3347 xxm,
618 3314 648 3337 v.
667 3306 718 3339 34.
738 3306 798 3329 —2
813 3305 947 3348 Matth.,
965 3315 1040 3348 cap.
1053 3316 1121 3346 xvi.
1138 3315 1167 3340 v.
1189 3309 1240 3342 19.
1257 3326 1294 3332 —
1308 3309 1319 3329 ³
1334 3309 1451 3350 Levia,
1471 3319 1543 3352 cap.
1561 3319 1640 3352 xm,
1659 3320 1689 3343 v.
1709 3314 1740 3345 7.
1771 3329 1808 3335 -
1835 3313 1845 3332 ⁴
1860 3311 1989 3352 Matth„
2009 3322 2082 3354 cap.
2099 3322 2167 3354 xw,
2186 3322 2216 3345 v.
2234 3314 2283 3345 18.
