2638 3866
262 251 358 299 546
1064 246 1239 296 PETRI
1272 247 1590 296 ABAELARDI

207 335 211 338 Δ
261 351 529 400 secundum
568 349 791 398 affectum
825 357 1028 409 aeterna,
1070 350 1183 412 quia
1223 349 1400 397 scilicet
1431 349 1494 397 ab
1527 359 1704 400 aeterno
1740 351 1807 398 sic
1841 351 2011 399 voluit.
2049 353 2118 400 Sit
2155 355 2399 420 processio

259 434 430 480 animae
452 431 720 480 secundum
741 430 965 479 effectum
990 431 1322 496 temporalem.
1351 433 1613 495 Utramque
1635 442 1796 480 autem
1820 433 2020 498 Spiritus
2041 435 2398 499 processionem

258 523 358 560 tam
380 511 647 559 seeundum
671 511 840 559 effecta
861 511 1058 568 scilicet,
1081 527 1228 576 quam
1251 510 1520 559 secundum
1540 511 1786 573 affectum,
1813 529 1841 560 a
1865 515 2041 560 sanctis
2063 514 2279 561 Patribus
2301 514 2400 562 dis—

256 593 454 640 tinctam
491 609 593 640 esse
630 592 961 656 cognovimus.
999 595 1070 640 De
1101 593 1412 658 processione
1446 592 1642 656 quidem
1680 593 1898 641 efficaciae
1937 592 2063 642 Beda
2097 595 2146 641 in
2185 595 2399 643 Homl'le'a

255 673 520 720 Dominicae
550 673 716 737 primae
740 683 848 738 post
882 673 1221 720 Ascensionem
1255 673 1321 720 ita
1347 672 1561 737 loquitur
1587 693 1599 720 ε
1629 693 1650 718 «
1680 676 1801 721 Cum
1837 675 2039 740 Spiritus
2075 675 2223 739 gratia
2255 674 2397 723 datur

254 752 560 812 hominibus,
598 754 817 819 profecto
850 754 1053 801 mittitur
1078 754 1280 819 Spiritus
1314 769 1344 800 a
1378 756 1538 814 Patre,
1571 755 1773 801 mittitur
1801 765 1848 802 et
1878 771 1906 802 a
1940 754 2074 801 Filio.
2110 755 2332 803 Procedit
2370 771 2399 804 a

255 835 414 894 Patre,
451 833 672 898 procedit
696 843 742 881 et
773 850 800 882 a
823 833 968 893 Filio,
1003 842 1051 880 et
1072 833 1174 897 ejus
1205 835 1370 882 missio
1402 834 1505 899 ipsa
1535 835 1778 900 processio
1807 845 1878 882 est
1911 851 2008 900 qua
2038 852 2096 882 ex
2127 838 2265 882 Patre
2288 852 2399 901 pro-

254 912 380 959 cedit
415 924 462 961 et
494 913 630 961 Filio.
654 933 678 959 »
710 918 814 979 lpse
845 914 987 961 etiam
1010 914 1297 978 Augustinus
1326 924 1585 979 utrumque
1617 932 1728 963 eum
1759 915 2023 980 procedere
2052 915 2271 981 perhibet
2300 925 2398 964 tam

254 993 520 1041 secundum
550 994 647 1042 hoc
676 994 811 1058 quod
831 994 989 1053 datur,
1024 1010 1172 1059 quam
1199 994 1465 1042 secundum
1494 994 1544 1041 id
1566 994 1701 1059 quod
1729 995 1901 1042 dabilis
1927 1005 2014 1043 est.
2044 995 2184 1042 Unde
2205 994 2329 1042 libro
2356 998 2399 1042 V

252 1073 311 1120 de
341 1076 574 1122 Tn'nz'tate
605 1091 719 1122 cum
755 1075 817 1122 ad
852 1075 1212 1140 processionem
1245 1075 1451 1140 Spiritus
1485 1076 1801 1140 pervenisset,
1841 1077 1930 1124 ait¹
1958 1094 1969 1122 τ
2002 1075 2261 1123 «Procedit
2296 1092 2395 1123 non

251 1171 352 1218 quo
384 1155 536 1202 modo
568 1164 724 1213 natus,
757 1155 841 1203 sed
863 1173 962 1220 quo
994 1156 1144 1203 modo
1170 1155 1326 1204 datus·
1355 1155 1501 1214 Quod
1523 1167 1684 1204 autem
1713 1156 1880 1204 datum
1901 1166 1989 1218 est,
2024 1167 2071 1204 et
2093 1156 2155 1204 ad
2177 1173 2292 1203 eum
2313 1157 2398 1221 qui

251 1238 386 1285 dedit
420 1239 638 1298 refertur,
675 1249 723 1286 et
754 1239 816 1286 ad
840 1256 923 1287 eos
946 1239 1123 1304 quibus
1154 1239 1305 1287 dedit.
1333 1259 1355 1284 υ
1385 1242 1546 1302 Item²‚
1577 1241 1710 1288 «Sed
1734 1242 1770 1288 si
1796 1258 1896 1288 non
1921 1241 2139 1306 procedit
2168 1241 2261 1287 nisi
2285 1255 2397 1288 cum

251 1318 410 1378 datur,
443 1336 532 1366 nec
556 1319 842 1385 procederet
863 1321 1030 1384 utique
1047 1320 1351 1386 priusquam
1368 1331 1491 1368 esset
1520 1322 1598 1368 cui
1617 1315 1829 1368 daretur.
1867 1325 1988 1369 Nam
2020 1321 2207 1368 donum
2239 1330 2399 1386 potest

250 1415 351 1446 esse
375 1408 423 1446 et
445 1409 704 1462 antequam
736 1399 893 1447 detur.
922 1403 1169 1447 Donatum
1194 1410 1356 1448 autem
1383 1401 1474 1448 nisi
1498 1400 1663 1448 datum
1684 1400 1825 1448 suerit
1847 1401 1981 1448 nullo
2010 1400 2160 1448 modo
2179 1401 2275 1448 dici
2296 1417 2397 1466 po-

252 1488 360 1527 test.
383 1500 405 1523 »
432 1479 563 1538 Quid
594 1481 755 1544 itaque
781 1481 975 1542 mirum,
1000 1498 1113 1527 cum
1138 1480 1332 1528 duobus
1355 1481 1514 1528 modis
1535 1482 1767 1546 Spiritum
1792 1481 2055 1547 procedere
2074 1481 2292 1529 dicamus
2307 1516 2322 1538 ‚
2356 1483 2394 1528 si

250 1559 515 1607 secundum
545 1561 748 1607 alterum
784 1562 1105 1626 processionis
1135 1560 1339 1609 modum
1372 1562 1558 1609 dicatur
1586 1562 1789 1628 Spiritus
1817 1578 1845 1609 a
1872 1561 2031 1622 nobis,
2062 1572 2108 1609 et
2130 1561 2396 1609 secundum

251 1638 453 1686 alterum
476 1651 674 1688 vocetur
707 1642 869 1688 anima
889 1658 913 1688 a
940 1641 1278 1706 philosophis?
1304 1642 1426 1690 lllud
1444 1656 1569 1708 ¹ergo
1599 1643 1802 1708 Spiritus
1823 1643 2124 1704 aeternaliter,
2150 1641 2245 1688 hoc
2276 1651 2398 1688 tem-

249 1719 477 1783 poraliter
509 1720 839 1768 habet.'Unde
864 1730 911 1768 et
939 1721 1098 1768 statim
1121 1722 1171 1767 in
1204 1722 1379 1769 eodem
1402 1722 1534 1770 idem
1555 1723 1769 1771 adnectit
1790 1724 1981 1771 dicens³
2007 1741 2018 1769 ε
2047 1725 2180 1769 «Nec
2204 1731 2396 1769 moveat

252 1800 387 1863 quod
417 1801 623 1865 Spiritus
651 1803 855 1848 Sanctus
883 1818 996 1848 cum
1022 1802 1083 1848 sit
1113 1810 1378 1849 coaeternus
1401 1804 1527 1850 Patri
1556 1813 1603 1850 et
1638 1803 1782 1863 Filio,
1809 1804 1997 1850 dicatur
2028 1814 2188 1850 tamen
2213 1802 2394 1867 aliquid

250 1896 306 1934 ex
339 1890 575 1946 tempore,
601 1881 748 1929 veluti
766 1882 863 1930 hoc
886 1882 1044 1946 ipsum
1065 1881 1201 1946 quod
1225 1881 1459 1930 donatum
1487 1883 1718 1943 dicimus3
1746 1900 1859 1932 nam
1883 1884 2173 1948 sempiterne
2195 1883 2396 1947 Spiritus

249 1960 454 2023 donum,
481 1961 808 2026 temporaliter
833 1962 1087 2010 donatum.
1115 1965 1237 2009 Nam
1257 1973 1304 2010 et
1326 1963 1364 2009 si
1388 1962 1616 2011 dominus
1631 1981 1731 2011 non
1756 1963 1950 2022 dicitur,
1969 1963 2062 2010 nisi
2080 1980 2193 2010 cum
2214 1962 2395 2010 habere

248 2041 418 2106 incipit
437 2058 649 2104 servum,
666 2043 811 2090 etiam
828 2043 919 2090 ista
932 2042 1190 2108 appellatio
1210 2043 1405 2091 relativa
1424 2061 1481 2091 ex
1508 2054 1724 2109 tempore
1737 2055 1808 2091 est
1829 2047 1964 2103 Deo3
1991 2059 2091 2090 non
2115 2043 2247 2090 enim
2265 2059 2394 2090 sem-

249 2123 437 2186 piterna
468 2132 687 2170 creatura
723 2133 820 2185 est,
860 2123 997 2187 cujus
1034 2133 1106 2170 est
1133 2123 1213 2170 ille
1243 2125 1500 2172 Dominus-
1525 2145 1549 2168 »
1588 2126 1750 2185 Item‘*‚
1793 2144 1817 2170 «
1838 2127 1960 2172 Ecce
1992 2124 2256 2173 Dominum
2292 2140 2395 2172 esse

250 2220 349 2251 non
391 2204 738 2269 sempiternum
769 2203 942 2263 habet,
980 2221 1043 2251 ne
1071 2220 1305 2267 cogamur
1347 2205 1491 2252 etiam
1525 2214 1794 2253 creaturam
1831 2206 2172 2271 sempiternam
2205 2203 2388 2266 dicere,

250 2284 363 2347 quia
396 2283 475 2331 ille
509 2285 798 2349 sempiterne
833 2302 934 2332 non
979 2285 1337 2345 dominaretur,
1375 2286 1467 2333 nisi
1500 2286 1645 2333 etiam
1686 2286 1775 2333 ista
1806 2286 2095 2351 sempiterne
2131 2284 2393 2333 famulare-

247 2374 342 2412 tur.
375 2383 400 2410 »
424 2365 520 2422 Qui
555 2366 699 2412 etiam
730 2367 780 2413 in
817 2365 989 2413 eodem
1015 2365 1141 2413 libro
1173 2367 1408 2431 superiori
1443 2367 1672 2432 capitulo,
1705 2367 1935 2432 Spiritum
1962 2367 2107 2414 etiam
2123 2365 2392 2413 secundum

248 2444 416 2492 effecta
453 2445 701 2493 manifeste
735 2457 906 2505 vocat,
940 2463 1053 2493 cum
1084 2447 1128 2494 ei
1155 2447 1449 2512 principium
1483 2447 1707 2510 assignat.
1745 2448 1815 2494 Ait
1845 2457 2008 2494 autem
2041 2447 2107 2494 sic
2126 2449 2140 2472 ⁵
2167 2463 2177 2492 ε
2207 2446 2391 2504 «Quod

249 2525 417 2573 datum
452 2536 549 2586 est,
582 2536 630 2574 et
653 2526 716 2574 ad
741 2543 855 2574 eum
877 2527 961 2593 qui
993 2526 1126 2573 dedit
1159 2527 1380 2585 refertur,
1417 2537 1464 2574 et
1495 2527 1556 2574 ad
1579 2544 1662 2574 eos
1683 2528 1861 2592 quibus
1895 2527 2029 2574 dedit
2056 2546 2067 2574 ε
2095 2528 2161 2574 ita
2188 2527 2391 2591 Spiritus

248 2608 450 2654 Sanctus
483 2606 675 2666 dicitur,
703 2617 751 2654 et
779 2607 866 2654 Dei
891 2607 975 2672 qui
998 2606 1155 2663 dedit,
1190 2617 1237 2654 et
1272 2617 1435 2654 noster
1465 2608 1549 2672 qui
1572 2609 1861 2673 accepimus.
1903 2607 2042 2654 Unde
2065 2607 2296 2672 scriptum
2319 2615 2392 2654 est

248 2685 307 2733 de
337 2686 577 2746 Johanne,
603 2687 739 2751 quod
764 2688 815 2734 in
845 2687 1024 2752 Spiritu
1051 2686 1164 2734 Eliae
1189 2687 1391 2734 veniret.
1424 2690 1527 2735 Hoc
1556 2697 1604 2734 et
1632 2687 1693 2734 de
1717 2689 1882 2752 Moyse
1903 2686 2269 2750 intelligendum
2290 2695 2386 2747 est,

246 2783 357 2813 cum
389 2767 455 2814 ait
477 2767 520 2814 ei
540 2767 823 2827 Dominus‘,
856 2787 880 2811 «
896 2766 1081 2815 Tollam
1110 2766 1172 2814 de
1203 2767 1381 2831 Spiritu
1411 2777 1498 2815 tuo
1521 2778 1568 2815 et
1590 2767 1719 2815 dabo
1742 2768 1809 2816 eis
1833 2785 1844 2814 ε
1866 2788 1889 2812 »
1911 2768 2006 2815 hoc
2028 2777 2097 2814 est
2125 2766 2187 2814 de
2210 2765 2387 2832 Spiritu

246 2846 420 2893 Sancto
443 2863 589 2910 quem
625 2846 712 2894 tibi
747 2846 877 2894 dedi.
917 2847 966 2894 Si
1001 2863 1115 2911 ergo
1151 2857 1199 2893 et
1234 2847 1368 2911 quod
1404 2847 1548 2896 datur
1583 2849 1874 2914 principium
1909 2847 2057 2895 habet
2086 2864 2197 2894 eum
2226 2862 2255 2893 a
2289 2861 2387 2910 quo

249 2923 406 2985 datur,
444 2927 557 2990 quia
590 2943 691 2974 non
729 2926 924 2974 aliunde
962 2927 1148 2992 aceepit
1182 2927 1302 2974 illud
1335 2927 1470 2992 quod
1506 2928 1569 2975 ab
1602 2929 1708 2994 ipso
1744 2927 1964 2994 procedit
1998 2945 2009 2973 ε
2038 2925 2287 2974 fatendum
2317 2935 2388 2972 est

248 3005 436 3051 Patrem
461 3015 508 3052 et
528 3006 700 3053 Filium
726 3007 1019 3071 principium
1041 3023 1145 3054 esse
1169 3007 1372 3072 Spiritus
1394 3009 1571 3070 Sancti,
1599 3025 1699 3055 non
1725 3008 1827 3055 duo
1845 3007 2098 3074 principia,
2125 3005 2210 3053 sed
2234 3019 2386 3052 unum

252 3083 560 3149 principium.
582 3107 605 3131 >›
633 3086 801 3150 Liquet
820 3087 982 3151 itaque
1000 3087 1315 3150 Augustinum
1334 3087 1431 3135 hoc
1457 3089 1566 3136 loco
1589 3089 1820 3154 Spiritum
1851 3088 2092 3153 accepisse
2114 3084 2381 3133 secundum

289 3292 357 3325 'De
373 3291 512 3332 Trinit„
530 3292 587 3326 lib.
606 3292 646 3334 V,
672 3302 743 3334 cap.
766 3303 833 3327 xiv.
851 3312 893 3318 —
911 3296 922 3314 ²
935 3295 1044 3336 1bid.,
1064 3305 1136 3337 cap.
1164 3306 1221 3330 xv.
1239 3315 1277 3321 —
1295 3299 1306 3318 ³
1319 3296 1395 3330 Ibid
1418 3322 1426 3338 ,
1451 3306 1524 3337 cap.
1544 3305 1611 3329 xvi.
1628 3313 1667 3319 —
1683 3296 1693 3316 ⁴
1709 3296 1798 3328 Ibid.
1817 3313 1854 3319 —-
1869 3297 1880 3316 ⁵
1898 3295 1996 3331 lbicL,
2018 3304 2089 3336 cap.
2118 3303 2182 3327 xiv.
2201 3295 2383 3333 —vaumq

255 3354 327 3387 cap.
345 3354 395 3386 xi,
420 3355 449 3379 v.
471 3349 521 3380 17.
