2638 3866
286 253 381 303 360
1069 245 1071 248 ’
1093 253 1266 302 PETRI
1303 255 1621 305 ABAELARDl

286 358 492 421 ignaru5‚
527 363 574 402 et
597 352 891 418 praevidebat
920 369 1025 418 quae
1049 353 1182 402 bona
1215 354 1276 403 de
1306 355 1442 404 malis
1467 357 1568 420 ejus
1593 365 1714 404 esset
1738 356 1840 422 ipse
1872 356 2097 406 facturus.
2121 376 2145 403 »
2173 360 2292 406 Item
2314 368 2423 424 post

285 437 444 501 aliqua
473 453 483 482 :
508 454 531 480 «
551 438 715 498 Neque
745 434 874 481 enim
898 437 1027 482 Deus
1051 435 1228 495 ullum,
1259 452 1359 484 non
1385 436 1494 484 dico
1522 437 1801 500 angelorum
1824 436 1899 484 vel
1921 437 2177 486 hominum
2199 449 2419 495 creasset,

285 533 429 582 quem
453 515 634 562 malum
659 514 875 563 futurum
900 532 1000 563 esse
1031 516 1311 581 praescisset,
1340 517 1430 564 nisi
1455 517 1632 583 pariter
1656 527 1842 578 nosset,
1875 517 2050 583 quibus
2073 535 2156 566 eos
2177 518 2423 566 bonorum

282 596 448 644 usibus
486 595 836 643 commodaret.
865 614 887 640 n
925 597 1047 646 Hinc
1081 606 1152 647 est
1189 606 1236 644 et
1267 596 1387 649 illud
1419 598 1743 646 Platonicum¹
1770 616 1780 645 :
1812 600 2026 660 «Omne,
2065 598 2249 663 inquit,
2291 598 2424 664 quod

283 676 511 740 gignitur,
538 692 596 723 ex
619 676 781 740 aliqua
808 691 950 723 causa
980 677 1247 724 necessaria
1278 678 1504 741 gignitur.
1545 678 1670 726 Nihil
1700 679 1829 726 enim
1860 677 1930 736 fit,
1968 679 2106 742 cujus
2139 688 2301 726 ortum
2323 695 2423 727 non

283 756 491 819 legitima
512 772 654 803 causa
679 766 725 804 et
742 757 863 804 ratio
885 756 1142 822 praecedat.
1171 775 1193 802 »
1221 760 1288 804 Ex
1311 774 1499 806 summa
1525 758 1686 823 itaque
1709 757 1786 805 illa
1809 758 2027 806 bonitate
2049 774 2134 807 sua
2158 761 2304 819 Deus,
2329 775 2426 823 qua

277 839 410 902 juxta
437 841 633 903 Moysen
665 850 840 887 cuncta
871 839 1011 887 valde
1047 839 1179 888 bona
1210 840 1443 900 condidit,
1476 851 1522 888 et
1544 840 1678 904 juxta
1701 841 1842 889 etiam
1865 841 2073 890 Platonis
2091 842 2422 902 assertionem,

282 920 490 984 optimus
528 920 630 985 ipse
663 921 883 967 omnium
917 920 1159 979 conditor,
1195 937 1222 968 a
1257 938 1355 986 quo
1388 920 1569 968 invidia
1604 921 1813 986 relegata
1846 921 1989 985 longe
2020 930 2109 981 est,
2146 930 2322 969 cuncta
2352 922 2427 968 sui
2480 939 2486 943 ·

283 999 476 1058 similia,
518 1010 664 1064 prout
707 1001 940 1065 cujusque
976 1010 1147 1048 natura
1179 1017 1332 1067 capax
1365 1000 1673 1048 beatitudinis
1703 1018 1803 1049 esse
1837 1011 2058 1066 poterat,
2081 1000 2205 1049 effici
2238 1002 2421 1049 voluit:

282 1080 450 1127 volens
469 1080 507 1127 si
531 1080 729 1145 quidem
748 1083 878 1127 Deus
899 1080 1032 1129 bona
1054 1081 1252 1144 quidem
1274 1081 1438 1128 omnia
1460 1081 1731 1146 provenire,
1758 1082 1870 1129 mali
1890 1098 2038 1147 porro
2059 1081 2253 1139 nullius,
2281 1092 2425 1146 prout

284 1176 453 1207 eorum
489 1177 593 1224 quae
629 1170 895 1208 nascuntur
930 1171 1099 1210 natura
1135 1162 1254 1223 fert,
1297 1161 1487 1225 reliquit
1518 1162 1860 1227 propaginem,
1898 1178 1988 1209 nec
2024 1162 2094 1210 fas
2130 1162 2188 1209 sit
2223 1161 2427 1209 bonitati

284 1242 523 1305 praestanti
553 1241 822 1305 quidquam
847 1242 1017 1302 facere,
1040 1242 1132 1289 nisi
1154 1241 1551 1306 pulcherrimum.
1592 1244 1658 1289 Ex
1680 1242 1788 1303 hac,
1815 1243 2031 1307 inquam,
2056 1251 2190 1290 tanta
2212 1241 2428 1289 bonitate

285 1337 372 1367 sua
406 1324 553 1377 DeuS,
586 1337 684 1385 qua
716 1322 902 1386 singula
928 1332 1164 1386 quantum
1189 1330 1348 1388 potest
1379 1331 1425 1369 et
1459 1321 1597 1370 decet
1627 1322 1756 1370 bona
1785 1323 1948 1385 efficit,
1984 1339 2039 1371 ac
2067 1322 2191 1370 bene
2215 1322 2431 1388 disponit

283 1401 428 1449 etiam
457 1402 583 1449 mala
605 1403 834 1450 altissimo
864 1420 952 1451 suo
986 1413 1035 1451 et
1057 1401 1531 1468 incomprehensibili
1564 1403 1705 1452 nobis
1726 1404 1949 1464 consilio,
1979 1405 2183 1470 Spiritus
2214 1413 2425 1465 sanctus,

285 1492 337 1530 ut
365 1499 510 1548 supra
543 1483 870 1543 meminimus,
905 1485 1005 1549 ipse
1041 1493 1111 1531 est
1143 1482 1424 1549 appellatus.
1451 1483 1562 1532 Tale
1592 1494 1663 1532 est
1685 1501 1800 1550 ergo
1834 1494 1929 1533 tres
1960 1501 2208 1551 personas,
2244 1483 2339 1531 hoc
2362 1493 2432 1531 est

286 1565 474 1610 Patrem
498 1572 545 1611 et
570 1563 742 1611 Filium
764 1574 810 1612 et
840 1565 1071 1630 Spiritum
1101 1574 1322 1612 sanctum
1355 1565 1404 1612 in
1437 1564 1684 1614 divinitate
1708 1565 1947 1627 confiteri,
1982 1582 2037 1614 ac
2065 1567 2103 1614 si
2134 1581 2439 1613 commemo-

285 1658 499 1690 raremus
537 1643 751 1691 divinam
790 1646 1055 1692 Potentiam
1091 1655 1431 1709 generantem,
1481 1646 1694 1694 divinam
1733 1647 2025 1712 Sapientiam
2064 1646 2302 1710 genitam,
2353 1644 2433 1691 di·—

287 1724 448 1771 vinam
472 1725 818 1787 Benignitatem
840 1726 1203 1790 procedentem.
1229 1728 1293 1773 Ut
1315 1726 1389 1774 his
1408 1726 1627 1775 videlicet
1650 1727 1802 1775 tribus
1822 1726 2231 1783 commemoratis,
2259 1725 2433 1772 summi

287 1805 405 1851 Boni
443 1805 673 1870 perfectio
707 1806 1009 1871 praedicetur,
1051 1824 1162 1854 cum
1198 1806 1420 1855 videlicet
1452 1809 1554 1873 ipse
1583 1811 1712 1856 Deus
1747 1818 1795 1856 et
1829 1824 2016 1855 summe
2053 1817 2242 1873 potens,
2284 1805 2333 1853 id
2365 1815 2434 1853 est

284 1886 621 1950 omnipotens,
664 1895 712 1933 et
748 1903 935 1934 summe
969 1887 1175 1952 sapiens,
1215 1897 1263 1934 et
1299 1905 1487 1935 summe
1524 1888 1759 1953 benignus
1796 1887 2079 1935 ostenditur.
2121 1889 2192 1933 De
2219 1886 2435 1949 genitura

288 1975 449 2013 autem
484 1965 765 2030 hujusmodi
800 1983 884 2015 seu
923 1968 1231 2032 processione
1270 1968 1318 2015 in
1355 1968 1691 2033 sequentibus,
1732 1977 1878 2033 prout
1917 1967 2210 2033 poterimus,
2248 1975 2297 2013 et
2331 1966 2434 2031 ipse

289 2046 527 2093 Dominus
556 2048 795 2106 annuerit,
824 2049 974 2096 immo
1009 2050 1158 2113 gratia
1181 2065 1265 2096 sua
1299 2049 1502 2110 dederit,
1537 2048 1717 2113 aliquid
1749 2066 1836 2114 per
1858 2063 2188 2113 quascumque
2216 2046 2436 2094 similitu·

288 2126 425 2174 dines
449 2127 688 2191 assignare
717 2129 1023 2176 tentabimus.
1064 2133 1116 2176 In
1151 2129 1226 2177 his
1259 2129 1420 2194 itaque
1456 2129 1627 2191 tribus,
1672 2129 1892 2177 Potentia
1926 2127 2123 2187 scilicet,
2166 2126 2434 2191 Sapientia,

289 2207 602 2271 Benignitate‚
626 2218 730 2255 tota
763 2210 883 2255 Boni
905 2209 1136 2274 perfectio
1157 2209 1393 2271 consistit,
1430 2226 1486 2257 ac
1511 2209 1962 2276 parvipendendum
1993 2217 2063 2256 est
2086 2206 2322 2272 quidlibet
2347 2204 2437 2253 ho-

287 2303 396 2334 rum
430 2287 532 2334 sine
570 2287 763 2335 duobus
795 2290 914 2336 aliis.
939 2290 1033 2348 Qui
1066 2290 1197 2337 enim
1225 2300 1398 2355 potens
1433 2300 1522 2350 est,
1557 2291 1597 2338 si
1631 2290 1681 2337 id
1714 2290 1848 2355 quod
1879 2298 2040 2354 potest
2066 2288 2199 2352 juxta
2234 2285 2437 2334 modum

288 2366 488 2414 rationis
513 2367 786 2416 conducere
809 2370 977 2430 nescit,
1005 2370 1204 2417 exitialis
1230 2386 1286 2418 ac
1306 2370 1576 2435 perniciosa
1600 2371 1701 2434 ejus
1725 2370 1959 2436 potentia.
1990 2369 2038 2416 Si
2064 2377 2227 2416 autem
2250 2367 2439 2431 sapiens

288 2447 349 2494 sit
375 2457 424 2494 et
445 2447 679 2494 discretus
708 2449 758 2495 in
782 2450 989 2514 agendo,
1016 2450 1100 2497 sed
1124 2451 1324 2497 minime
1343 2451 1511 2515 possit,
1536 2450 1748 2498 efficacia
1766 2459 1915 2497 caret.
1945 2453 2001 2496 Et
2029 2449 2068 2495 si
2094 2450 2236 2495 etiam
2267 2456 2440 2511 potens

292 2528 352 2574 sit
373 2537 422 2575 et
444 2528 651 2593 sapiens,
678 2529 761 2576 sed
787 2546 1093 2594 nequaquam
1117 2529 1370 2593 benignus,
1397 2539 1532 2577 tanto
1555 2529 1616 2577 ad
1638 2529 1915 2577 nocendum
1940 2528 1993 2575 fit
2012 2527 2231 2593 pronior,
2258 2534 2439 2589 quanto

290 2625 346 2655 ex
386 2610 603 2674 potentia
639 2619 688 2657 et
730 2611 901 2658 astutia
936 2628 1020 2658 sua
1060 2611 1121 2658 ad
1158 2610 1468 2658 efficiendum
1501 2610 1636 2675 quod
1673 2611 1773 2658 vult
1799 2619 1870 2657 est
1903 2609 2139 2667 securior,
2178 2623 2267 2654 nec
2308 2603 2441 2671 spem

291 2687 641 2737 beneficiorum
671 2707 870 2738 suorum
897 2692 1069 2739 ceteris
1090 2701 1296 2757 praestat,
1324 2692 1407 2756 qui
1427 2690 1737 2755 benignitatis
1767 2690 1941 2737 affectu
1963 2706 2063 2737 non
2089 2695 2438 2736 commovetur.

295 2771 348 2814 In
379 2786 478 2833 quo
508 2779 671 2817 autem
692 2770 793 2818 haec
822 2771 912 2819 tria
942 2781 1258 2834 concurrunt,
1293 2782 1346 2819 ut
1367 2771 1590 2819 videlicet
1613 2781 1660 2819 et
1683 2772 1835 2836 possit
1861 2771 2061 2836 implere
2089 2785 2194 2833 quae
2220 2766 2440 2823 voluerit,

294 2858 341 2894 et
368 2849 493 2896 bene
521 2852 650 2913 velit,
687 2862 855 2918 utpote
875 2852 1129 2918 benignus,
1156 2869 1246 2900 nec
1281 2852 1454 2900 exinde
1491 2853 1724 2918 sapientia
1759 2851 1962 2899 modum
1998 2850 2196 2898 rationis
2226 2845 2440 2904 excedat,

295 2943 408 2975 eum
432 2930 648 2992 profecto
679 2949 790 2980 vere
813 2933 1001 2981 bonum
1034 2950 1135 2981 esse
1158 2944 1206 2981 et
1233 2934 1282 2980 in
1314 2933 1542 2980 omnibus
1564 2933 1832 2999 perfectum
1863 2940 2066 2990 constat,
2093 2940 2237 2994 atque
2268 2928 2315 2974 in
2342 2926 2442 2989 ejus

296 3008 527 3071 regimine
550 3022 724 3059 cuncta
750 3031 855 3077 quae
879 3015 1062 3079 optime
1085 3014 1321 3074 condidit,
1348 3015 1531 3079 optime
1551 3013 1828 3061 conservari
1856 3031 1866 3059 :
1894 3012 2074 3077 quippe
2096 3010 2177 3074 qui
2203 3018 2250 3055 et
2272 3007 2439 3072 possit,

297 3097 344 3133 et
366 3087 497 3148 sciat,
523 3099 571 3136 et
591 3091 719 3138 velit.
746 3094 889 3140 Unde
919 3111 1018 3141 non
1044 3094 1202 3142 solum
1221 3095 1321 3142 haec
1343 3095 1582 3142 Trinitatis
1614 3094 1861 3142 distinctio
1895 3092 1956 3140 ad
1987 3090 2163 3139 summi
2203 3088 2317 3135 Boni
2339 3103 2445 3151 per-

296 3167 553 3215 fectionem
586 3169 953 3220 describendam
985 3176 1231 3236 convenit,
1270 3192 1439 3223 verum
1475 3175 1616 3223 etiam
1654 3174 1715 3221 ad
1749 3171 2134 3239 persuadendam
2163 3166 2445 3216 hominibus

342 3357 347 3372 ¹
369 3352 409 3386 In
428 3353 561 3402 Timaeo.
