2638 3866
283 193 378 238 238
1092 186 1261 233 PETRI
1296 185 1609 235 ABAELARDI

349 295 487 338 Nunc
519 289 581 336 ad
613 288 744 335 illam
767 296 977 333 veterem
1008 285 1208 333 humani
1240 287 1426 350 generis
1449 284 1695 350 querelam
1727 293 1774 331 et
1804 282 2165 330 interminatam
2191 283 2419 347 quaestio-

283 388 412 430 nem,
441 370 500 417 de
530 367 750 431 originali
779 366 958 414 scilicet
983 375 1200 431 peccato,
1226 366 1360 431 quod
1383 382 1412 414 a
1432 367 1591 431 primo
1617 359 1816 429 parente
1837 363 1889 411 in
1910 372 2127 428 posteros
2150 363 2422 412 redundare

285 450 537 516 Apostolus
559 447 782 513 praesenti
805 447 916 495 loco
930 457 1297 506 commemorat,
1323 446 1619 494 veniendum
1642 443 1787 492 nobis
1811 453 1897 505 est,
1925 454 1971 491 et
1994 453 2138 509 prout
2158 444 2422 510 poterimus

283 533 331 578 in
363 531 463 593 ejus
486 528 726 576 solutione
751 527 1091 575 laborandum.
1119 527 1275 574 Primo
1298 527 1460 591 itaque
1484 526 1535 574 id
1559 527 1787 591 quaeritur
1810 543 1820 572 ε
1848 525 1978 583 Quid
2002 525 2232 589 originale
2253 540 2423 589 pecca-

284 622 384 657 tum
420 610 653 669 dicamus,
689 625 800 656 cum
826 626 924 673 quo
951 608 1124 672 singuli
1155 608 1378 656 homines
1407 607 1756 673 procreantur?
1780 605 1965 654 Deinde
2000 622 2095 671 qua
2123 605 2305 670 justitia
2331 621 2422 670 pro

282 700 483 755 peccato
527 690 675 754 patris
719 690 953 736 innocens
992 688 1115 736 filius
1154 688 1284 754 apud
1324 687 1825 736 misericordissimum
1865 687 2078 752 judicem
2116 690 2275 734 Deum
2314 701 2425 733 reus

282 771 616 830 constituatur,
657 770 792 834 quod
826 786 926 817 non
956 769 1086 834 apud
1117 769 1352 817 seculares
1381 769 1568 833 judices
1601 768 1968 834 approbaretur,
2003 777 2052 815 et
2084 766 2218 832 quod
2246 767 2347 831 jam
2380 766 2425 814 ei

282 851 367 916 qui
400 851 641 898 commisit
680 851 931 898 dimissum
967 850 1223 911 credimus,
1261 850 1335 898 vel
1371 850 1421 897 in
1454 851 1632 898 caeteris
1667 867 1753 916 per
1776 850 2071 915 baptismum
2108 847 2338 907 deletum,
2373 848 2424 894 in

283 931 391 979 filiis
423 933 650 997 puniatur
683 932 767 995 qui
799 948 888 979 nec
920 931 1080 979 adhuc
1105 939 1302 996 peccato
1333 931 1605 978 consentire
1631 931 1912 990 valuerunt;
1942 939 1990 976 et
2021 945 2144 993 quos
2171 928 2425 994 proprium

283 1030 382 1060 non
416 1013 596 1076 obligat
620 1022 871 1078 peccatum
894 1012 1090 1060 damnet
1114 1013 1342 1074 alienum,
1377 1022 1424 1060 et
1452 1012 1624 1077 prioris
1657 1011 1884 1075 iniquitas
1917 1010 2065 1075 patris
2099 1009 2250 1073 magis
2279 1025 2427 1073 quam

283 1088 618 1158 proximorum
640 1103 1034 1157 quantocumque
1061 1093 1299 1157 graviores
1345 1112 1377 1139 n
1405 1091 1769 1140 damnationem
1791 1091 1980 1139 trahat?
2000 1093 2248 1149 Quantum
2281 1090 2426 1138 etiam

282 1175 341 1220 sit
371 1173 581 1235 crudele,
611 1183 658 1220 et
687 1190 884 1220 summae
913 1173 1119 1221 bonitati
1150 1174 1238 1221 Dei
1271 1174 1613 1236 incongruum,
1639 1174 1723 1237 qui
1751 1172 1932 1220 salvare
1964 1171 2115 1235 magis
2142 1186 2289 1235 quam
2317 1187 2427 1234 per-

282 1254 395 1301 dere
428 1255 610 1301 animas
640 1253 896 1313 desiderat,
928 1263 979 1300 ut
1006 1270 1096 1318 pro
1128 1264 1325 1319 peccato
1350 1253 1561 1319 parentis
1590 1252 1742 1307 filium
1768 1251 1984 1312 damnet,
2021 1268 2170 1316 quem
2204 1267 2295 1316 pro
2325 1249 2427 1313 ejus

282 1335 500 1380 minime¹
521 1334 707 1397 justitia
732 1333 968 1381 salvaret?
994 1333 1213 1382 Pluribus
1241 1344 1403 1381 autem
1429 1333 1589 1381 modis
1616 1333 1803 1399 peccati
1820 1350 2001 1381 nomen
2026 1333 2270 1397 Scriptura
2292 1348 2428 1380 sacra

282 1415 471 1479 accipit,
500 1431 598 1460 uno
628 1414 828 1478 quidem
852 1414 1003 1461 modo
1029 1424 1076 1461 et
1099 1415 1294 1480 proprie
1319 1431 1408 1479 pro
1441 1415 1546 1479 ipsa
1568 1414 1738 1462 animae
1757 1414 1902 1479 culpa
1936 1424 1985 1461 et
2006 1422 2289 1478 contemptu
2310 1413 2424 1473 Dei,

282 1495 332 1541 id
369 1505 439 1542 est
474 1511 622 1559 prava
660 1494 908 1541 voluntate
944 1505 1124 1556 nostra,
1165 1511 1260 1559 qua
1297 1495 1366 1542 rei
1400 1495 1532 1560 apud
1567 1498 1726 1542 Deum
1764 1495 2035 1542 statuimur.
2074 1493 2231 1541 Altero
2265 1503 2429 1540 autem

284 1575 432 1622 modo
458 1585 710 1639 peccatum
732 1574 906 1621 dicitur
929 1576 1032 1640 ipsa
1057 1577 1239 1640 peccati
1265 1592 1410 1641 poena
1433 1592 1580 1640 quam
1602 1593 1691 1641 per
1712 1576 1872 1641 ipsum
1905 1575 2213 1634 incurrimus,
2240 1573 2315 1621 vel
2351 1574 2429 1620 cui

282 1665 479 1721 propter
529 1655 688 1720 ipsum
729 1654 927 1708 obnoxii
976 1665 1214 1703 tenemur.
1268 1657 1548 1704 Secundum
1588 1673 1733 1719 quam
1781 1656 1980 1720 quidem
2033 1653 2430 1720 significationem

284 1736 511 1783 dicuntur
545 1746 743 1800 peccata
781 1736 985 1797 dimitti,
1027 1736 1077 1783 id
1126 1746 1196 1784 est
1231 1750 1384 1801 poenae
1420 1745 1731 1801 peccatorum
1766 1736 2067 1797 condonari,
2107 1745 2156 1783 et
2192 1735 2432 1782 Dominus

284 1827 478 1882 peccata
512 1826 678 1863 nostra
711 1825 952 1881 portasse,
992 1816 1042 1864 id
1076 1827 1146 1864 est
1180 1834 1347 1882 poenas
1380 1826 1691 1882 peccatorum
1725 1825 2005 1863 nostrorum
2039 1816 2332 1862 sustinuisse.
2372 1808 2432 1862 Et

284 1913 397 1943 cum
431 1896 601 1960 aliquis
629 1896 806 1943 dicitur
834 1896 1013 1944 hahere
1044 1907 1313 1962 peccatum,
1339 1897 1415 1945 vel
1445 1891 1558 1944 cum
1588 1902 1787 1961 peccato
1812 1895 1971 1944 adhuc
2004 1913 2123 1956 esse,
2152 1896 2236 1960 qui
2271 1905 2430 1942 tamen

285 1994 369 2042 per
391 1977 691 2023 voluntatem
714 1976 892 2024 malam
925 1994 1025 2024 non
1051 1988 1236 2043 peccat,
1274 1978 1396 2025 sicut
1426 1988 1497 2025 est
1518 1977 1690 2041 aliquis
1714 1977 1907 2040 iniquus
1931 1975 2180 2023 dormiens
2205 1994 2216 2022 ι
2245 1975 2338 2022 tale
2362 1986 2432 2023 est

285 2074 339 2104 ac
364 2059 402 2104 si
426 2057 584 2104 adhuc
609 2074 722 2104 eum
746 2057 1010 2104 obnoxium
1036 2075 1189 2124 poenae
1213 2058 1398 2123 proprii
1422 2059 1606 2123 peccati
1632 2058 1883 2105 fateamur.
1917 2057 2074 2104 Tertio
2094 2065 2255 2103 autem
2281 2055 2432 2103 modo

283 2139 383 2202 ipse
414 2138 630 2184 Christus
666 2137 727 2184 ab
762 2138 989 2203 Apostolo
1028 2149 1277 2203 peccatum
1312 2139 1525 2200 dicitur¹,
1565 2138 1613 2185 id
1649 2149 1720 2186 est
1753 2137 1912 2185 hostia
1945 2154 2038 2203 pro
2067 2146 2284 2202 peccato.
2309 2138 2432 2184 Cum

284 2219 444 2281 itaque
476 2217 680 2264 dicimus
713 2218 936 2265 homines
972 2235 1084 2265 cum
1118 2218 1338 2282 originali
1369 2228 1567 2283 peccato
1606 2218 1850 2283 procreari
1876 2227 1923 2266 et
1954 2218 2117 2277 nasci,
2159 2227 2307 2281 atque
2337 2216 2432 2263 hoc

285 2300 440 2363 ipsum
466 2298 696 2361 originale
732 2309 984 2362 peccatum
1009 2316 1065 2346 ex
1090 2301 1246 2363 primo
1271 2309 1470 2364 parente
1493 2284 1816 2346 contrahere:
1853 2299 2005 2362 magis
2036 2298 2133 2345 hoc
2155 2297 2219 2345 ad
2237 2312 2433 2362 poenam

284 2379 485 2443 peccati,
513 2379 591 2425 cui
624 2378 844 2425 videlicet
871 2395 1023 2443 poenae
1057 2379 1256 2426 obnoxii
1286 2389 1524 2439 tenemur,
1560 2396 1708 2443 quam
1739 2379 1801 2426 ad
1833 2378 2029 2443 culpam
2057 2379 2206 2428 anirrii
2233 2387 2280 2424 et
2313 2393 2433 2425 con-

285 2467 520 2522 temptum
547 2458 654 2516 Dei,
685 2459 990 2506 referendum
1014 2459 1221 2507 videtur.
1250 2460 1345 2517 Qui
1368 2460 1498 2506 enim
1523 2459 1747 2506 nondum
1770 2457 1925 2506 libero
1945 2459 2016 2505 uti
2035 2457 2233 2505 arbitrio
2253 2467 2429 2522 potest,

286 2553 375 2584 nec
404 2538 556 2584 ullum
579 2538 741 2586 adhuc
773 2540 971 2587 rationis
993 2540 1271 2587 exercitium
1294 2538 1459 2599 habet,
1489 2555 1586 2604 qua
1607 2540 1789 2586 Deum³
1812 2548 2131 2603 recognoscat
2153 2546 2401 2585 auctorem
2416 2572 2428 2596 ,

289 2617 361 2664 vel
381 2617 664 2666 obedientiae
696 2629 935 2667 mereatur
957 2630 1267 2685 praeceptum,
1293 2620 1426 2667 nulla
1449 2629 1519 2667 est
1544 2621 1588 2667 ei
1617 2620 1946 2683 transgressio,
1979 2619 2111 2666 nulla
2145 2616 2434 2681 negligentia

291 2698 585 2760 imputanda,
613 2715 703 2746 nec
726 2699 879 2746 ullum
903 2701 1114 2752 omnino,
1129 2701 1353 2747 meritum
1372 2717 1471 2765 quo
1494 2699 1692 2765 praemio
1716 2699 1791 2747 vel
1815 2716 1960 2764 poena
1982 2699 2158 2762 dignus
2180 2699 2256 2758 sit,
2282 2697 2433 2760 magis

291 2793 435 2839 quam
458 2777 619 2825 bestiis
648 2779 781 2843 ipsis,
808 2780 1007 2844 quando
1036 2781 1085 2827 in
1114 2779 1276 2844 aliquo
1301 2779 1376 2827 vel
1404 2796 1580 2828 nocere
1603 2780 1679 2828 vel
1698 2780 1867 2843 juvare
1900 2779 2143 2826 videntur.
2174 2776 2314 2824 Unde
2337 2779 2431 2822 Au-

290 2855 501 2918 gustinus
522 2858 571 2903 in
599 2858 726 2905 libro
752 2859 808 2905 de
829 2859 969 2906 Fide‘·
991 2860 1053 2907 ad
1090 2863 1301 2921 Petrum,
1331 2860 1392 2908 de
1414 2861 1577 2909 anima
1606 2861 1956 2908 irrationalium
1990 2859 2230 2906 disserens
2251 2857 2431 2904 anima-

288 2934 406 2981 ]ium
427 2953 436 2980 :
457 2956 478 2978 c<
504 2937 636 2996 ldeo,
660 2958 680 2980 >³
707 2940 880 3003 inquit,
899 2959 920 2984 «
942 2957 1032 2987 nec
1055 2941 1293 2988 aeternitas
1310 2941 1718 2989 irrationabilibus
1740 2940 1986 3006 spiritibus
1999 2939 2110 2987 data
2131 2948 2217 2999 est,
2235 2953 2324 2984 nec
2337 2935 2431 2983 ali-

290 3014 423 3077 quod
449 3016 514 3062 eis
532 3017 768 3085 judicium
792 3030 1102 3084 praeparatur,
1127 3021 1175 3066 in
1199 3036 1299 3083 quo
1322 3021 1389 3067 eis
1416 3021 1489 3068 vel
1518 3021 1765 3069 beatitudo
1794 3038 1880 3086 pro
1903 3020 2066 3080 bonis,
2085 3018 2163 3066 vel
2182 3017 2430 3065 damnatio

330 3167 338 3185 ¹
363 3165 468 3198 Locus
484 3172 570 3199 certe
587 3174 764 3208 corruptus
783 3175 836 3201 aut
854 3171 997 3204 mutilus.
1016 3169 1077 3202 Pro
1094 3171 1233 3203 minime
1247 3171 1314 3203 sor·
1389 3173 1400 3192 ³
1418 3171 1498 3204 Male
1516 3172 1616 3205 Amb.
1635 3172 1741 3211 Quasi
1759 3181 1833 3204 eum
1851 3171 2142 3213 recognoscat-⁴
2161 3168 2241 3209 Reg.
2257 3171 2311 3210 41,
2329 3168 2432 3209 opp„

290 3228 347 3250 san
369 3221 543 3259 legendum
562 3227 610 3253 est
627 3227 684 3254 aut
706 3223 901 3256 innocentia
919 3230 975 3256 aut
991 3225 1118 3257 virtute
1139 3231 1194 3257 aut
1215 3227 1318 3257 simile
1393 3230 1415 3257 t.
1435 3225 1494 3264 Vl,
1515 3227 1578 3259 col.
1598 3227 1691 3258 1121.

292 3274 455 3312 quoddam
482 3276 628 3307 verbum.
648 3294 685 3299 —
710 3278 719 3295 ²
740 3275 767 3309 11
791 3277 966 3317 Corinth„
986 3287 1059 3318 cap.
1086 3288 1121 3315 v.
1150 3288 1179 3310 v.
1208 3280 1262 3312 21.
1279 3296 1319 3302 —
