2638 3866
207 274 302 321 578
1017 267 1187 315 PETRI
1223 267 1530 315 ABAELARD!

1032 507 1279 568 CAPUT
1320 508 1520 567 XXIX.

1028 656 1088 692 De
1112 661 1352 692 sacramento
1382 652 1528 694 altaris,

265 779 462 839 Sequitur
485 778 538 821 de
557 790 822 822 sacramento
847 779 1005 821 altaris.
1026 778 1163 835 Hujus
1181 778 1434 821 sacramenti
1456 793 1582 820 causa
1605 787 1668 820 est
1682 776 1891 819 memoria
1911 776 2060 818 mortis
2080 786 2123 819 et
2141 777 2347 836 passionis

206 845 376 888 Christi.
400 845 544 899 Quam
566 861 737 887 causam
756 846 950 904 ipsemet,
977 843 1152 902 quando
1172 854 1486 887 sacramentum
1506 842 1621 886 istud
1644 843 1689 884 in
1705 857 1826 884 coena
1848 842 2126 896 consecravit,
2147 842 2350 885 omnibus

206 910 387 970 aperuit,
412 926 510 953 cum
533 911 592 952 ait
617 925 627 953 ε
654 910 1015 969 Quotiescumque
1037 909 1234 964 feceritis,
1258 909 1303 951 in
1326 909 1412 952 mei
1432 909 1686 952 memoriam
1706 907 1882 950 facietis.
1908 907 1974 949 Ex
1994 908 2202 950 memoria
2231 908 2346 950 enim

206 976 442 1019 amicorum
464 986 708 1018 nostrorum
731 975 914 1018 multum
936 974 1043 1017 solet
1065 975 1111 1017 in
1131 975 1257 1017 nobis
1274 974 1446 1018 dilectio
1469 989 1635 1017 eorum.
1661 972 1732 1016 Ad
1753 974 1961 1030 majorem
1976 973 2103 1032 igitur
2124 973 2188 1015 sui
2212 972 2347 1016 dilec-

204 1041 366 1085 tionem
396 1041 644 1084 habendam
668 1041 752 1084 hoc
775 1051 1088 1084 sacramentum
1108 1040 1154 1082 in
1177 1041 1432 1083 memoriam
1453 1039 1517 1082 sui
1538 1038 1630 1082 fieri
1657 1039 1854 1081 instituit.
1888 1039 1956 1081 Sic
1983 1039 2100 1081 enim
2129 1039 2176 1080 in
2201 1053 2345 1081 sacra—

204 1118 351 1150 mento
372 1107 585 1150 Christum
606 1123 695 1166 prae
720 1107 853 1150 oculis
873 1107 1034 1149 habere
1055 1105 1277 1160 debemus,
1308 1117 1528 1164 tamquam
1553 1104 1609 1148 ad
1627 1104 1870 1165 passionem
1892 1104 2085 1158 ductum,
2113 1119 2285 1163 passum
2305 1113 2348 1145 et

205 1172 451 1215 crucifixum
472 1188 552 1232 pro
573 1173 722 1227 nobis;
746 1189 842 1232 quae
870 1172 1193 1233 repraesentatio
1221 1171 1460 1215 dilectionis
1482 1170 1594 1213 illius
1615 1186 1695 1213 nos
1715 1185 1927 1213 memores
1949 1169 2072 1221 facit,
2104 1184 2234 1228 quam
2254 1169 2345 1228 ipse

204 1237 329 1280 nobis
351 1237 561 1280 exhibuit.
584 1237 713 1281 Unde
745 1249 788 1281 et
816 1238 970 1295 majori
1002 1236 1231 1280 dilectione
1257 1236 1313 1280 ad
1340 1252 1441 1279 eum
1471 1235 1817 1296 amplectendum
1845 1245 1888 1278 et
1916 1251 1996 1294 pro
2019 1251 2073 1277 eo
2094 1233 2347 1295 patiendum

205 1301 502 1358 accendimur3
527 1319 622 1362 quae
642 1303 801 1346 vicaria
825 1302 997 1346 dilectio
1025 1313 1068 1345 et
1090 1302 1211 1344 illum
1240 1302 1365 1345 nobis
1393 1313 1436 1345 et
1462 1318 1542 1345 nos
1561 1301 1624 1344 illi
1646 1301 1882 1362 conjungit.
1909 1302 2004 1344 Hoc
2032 1310 2345 1343 sacramentum

204 1367 248 1409 in
278 1383 390 1427 pane
412 1379 455 1411 et
475 1369 577 1410 vino
600 1367 854 1411 celebratur.
878 1367 1008 1411 Unde
1030 1367 1297 1422 notandum,
1331 1367 1450 1427 quod
1477 1368 1599 1427 panis
1620 1367 1691 1410 ille
1714 1377 1812 1410 ante
1835 1367 2202 1409 consecrationem
2224 1365 2345 1424 panis

205 1444 284 1487 est,
316 1444 359 1476 et
381 1433 530 1476 vinum
553 1434 745 1477 similiter
766 1435 914 1477 vinum
939 1445 1003 1477 est
1028 1449 1038 1477 :
1063 1445 1162 1494 post
1191 1434 1559 1477 consecrationem
1585 1449 1688 1476 vero
1721 1443 1765 1475 et
1788 1433 1911 1493 panis
1940 1448 2095 1491 corpus
2124 1431 2278 1474 Christi
2306 1442 2349 1474 et

205 1499 352 1541 vinum
373 1500 560 1560 sanguis.
597 1500 665 1543 Sic
686 1500 814 1560 igitur
835 1516 983 1542 verum
1005 1515 1159 1559 corpus
1181 1499 1337 1542 Christi
1359 1510 1438 1554 est,
1462 1501 1551 1542 imo
1572 1500 1662 1558 ipse
1683 1498 1888 1541 Christus.
1915 1498 2011 1540 Hoc
2033 1512 2186 1556 corpus
2207 1511 2348 1539 sacra-

204 1576 400 1607 mentum
428 1577 490 1608 est
511 1565 622 1608 illius
647 1566 838 1625 corporis
859 1566 1035 1620 Christi,
1062 1566 1181 1624 quod
1203 1576 1267 1609 est
1296 1565 1485 1609 Ecclesia
1513 1582 1522 1608 :
1543 1566 1642 1625 quia
1675 1565 1782 1608 sicut
1801 1565 1886 1606 hoc
1913 1578 2067 1623 corpus
2081 1596 2092 1617 ,
2123 1562 2242 1622 qnod
2260 1562 2350 1621 ipse

208 1630 399 1672 assumsit
416 1631 470 1673 de
486 1631 678 1691 Virgine,
697 1632 830 1674 habet
850 1631 1049 1674 membra
1071 1631 1252 1686 diversa,
1278 1647 1461 1690 quorum
1486 1630 1568 1673 alia
1591 1630 1682 1672 aliis
1704 1641 1854 1673 mutuo
1879 1629 2111 1671 necessaria
2133 1638 2270 1682 erant,
2291 1628 2351 1669 sic

206 1695 289 1737 hoc
325 1710 503 1755 corpus,
541 1696 660 1754 quod
695 1707 759 1738 est
793 1697 997 1739 Ecclesia.
1034 1697 1164 1740 Unde
1194 1707 1236 1739 et
1265 1697 1498 1756 Apostolus
1527 1696 1761 1739 Ecclesiam
1791 1695 1911 1754 quasi
1940 1693 2161 1753 quoddam
2193 1691 2351 1735 animal

208 1759 408 1803 describit
428 1762 594 1804 habens
617 1772 746 1821 caput
767 1777 913 1816 suum,
938 1762 1079 1821 ipsum
1104 1762 1264 1805 scilicet
1286 1763 1521 1817 Christum,
1548 1762 1695 1805 oculos
1718 1760 1925 1822 spiritales
1945 1759 2144 1820 praelatos
2166 1759 2239 1818 qui
2262 1758 2353 1801 aliis

206 1825 461 1884 praevident,
487 1843 639 1869 manus
654 1828 769 1887 ipsos
792 1838 1055 1886 operatores,
1078 1827 1210 1887 pedes
1232 1828 1346 1887 ipsos
1368 1828 1555 1870 minores
1575 1828 1649 1886 qui
1672 1827 1728 1870 ad
1751 1842 1905 1886 corpus
1926 1825 2188 1886 portandum
2208 1839 2353 1867 neces-

207 1891 305 1933 sarii
328 1903 442 1935 sunt.
468 1892 537 1935 Sic
558 1893 674 1935 enim
697 1893 861 1935 alterno
885 1892 1081 1952 indigent
1105 1892 1370 1949 adjumento,
1395 1903 1444 1935 ut
1468 1903 1510 1935 et
1531 1894 1713 1949 majores
1735 1891 1973 1935 minoribus
1989 1902 2033 1933 et
2048 1891 2236 1932 minores
2258 1895 2353 1932 m‘a-

203 1957 368 2013 joribus
388 1957 572 2000 vicissim
587 1957 859 2017 suppeditare
883 1968 1097 2018 oporteat.
1121 1958 1189 2001 Sic
1213 1959 1328 2001 enim
1349 1958 1394 2000 in
1418 1973 1597 2018 corpore
1620 1959 1811 2000 humano
1826 1957 2037 2011 videmus,
2063 1954 2182 2014 quod
2205 1954 2352 1997 oculos

205 2022 404 2065 manibus
437 2034 481 2067 et
502 2039 526 2067 e
552 2039 775 2078 converso,
801 2034 845 2067 et
872 2039 1024 2066 manus
1045 2023 1228 2082 pedibus
1251 2035 1295 2067 et
1316 2039 1339 2067 e
1362 2039 1570 2067 converso
1591 2024 1911 2067 subministrare
1934 2021 2208 2064 conveniant.
2240 2021 2351 2063 San-

206 2089 297 2148 guis
328 2100 471 2132 autem
490 2099 805 2132 sacramentum
829 2090 999 2148 spiritus
1026 2089 1226 2132 Ecclesiae
1242 2122 1253 2143 ,
1278 2090 1397 2148 quod
1423 2106 1501 2150 per
1523 2090 1816 2149 septiformem
1844 2088 2026 2148 gratiam
2053 2101 2150 2129 eam
2170 2085 2354 2128 vivificat

207 2165 250 2196 et
273 2155 325 2196 in
351 2170 404 2198 ea
433 2165 649 2215 operatur.
676 2154 793 2197 Sicut
819 2155 959 2208 enim,
984 2166 1033 2197 ut
1056 2155 1114 2197 ait
1136 2155 1412 2215 Augustinus,
1438 2156 1581 2198 anima
1601 2155 1690 2198 vita
1713 2166 1778 2198 est
1805 2153 2019 2214 corporis,
2043 2152 2101 2194 ita
2131 2152 2246 2195 Deus
2267 2151 2354 2194 vita

208 2230 271 2262 est
292 2220 463 2263 animae.
488 2221 543 2262 Et
569 2220 682 2263 bene
703 2236 781 2280 per
804 2221 1057 2281 sanguinem
1078 2220 1330 2264 vivificatrix
1355 2221 1428 2263 illa
1451 2222 1587 2281 gratia
1610 2219 1883 2281 significatur,
1910 2219 2009 2277 quia
2037 2219 2245 2275 majorem
2264 2217 2353 2259 vim

209 2295 251 2327 et
281 2284 516 2328 efficaciam
544 2286 678 2328 hahet
709 2286 852 2328 anima
883 2287 929 2329 in
962 2287 1192 2347 sanguine,
1230 2303 1361 2346 quam
1395 2287 1440 2329 in
1476 2287 1560 2330 alio
1595 2287 1739 2346 aliquo
1770 2286 1971 2329 humore.
2001 2283 2131 2327 Unde
2156 2282 2351 2342 Moyses:

209 2350 387 2405 Anima,
413 2351 575 2410 inquit,
601 2352 890 2410 cujuscunque
907 2353 1045 2395 carnis
1070 2353 1117 2394 in
1140 2355 1346 2413 sanguine
1368 2364 1448 2396 est.
1480 2352 1559 2396 Illa
1588 2368 1692 2396 vero
1718 2352 1939 2412 perceptio
1972 2360 2016 2393 et
2042 2349 2351 2409 incorporatio,

210 2431 305 2474 quae
336 2426 399 2458 est
418 2416 464 2458 in
488 2416 742 2459 assumendo
764 2416 873 2459 illud
895 2429 1232 2473 sacramentum,
1261 2429 1324 2460 est
1343 2419 1514 2461 unionis
1536 2430 1579 2461 et
1599 2416 1980 2477 incorporationis,
2004 2431 2100 2474 quae
2127 2425 2191 2458 est
2212 2429 2353 2457 mem-

210 2481 389 2523 brorum
421 2480 476 2524 ad
498 2493 641 2541 caput.
673 2481 787 2524 Nam
816 2482 991 2541 quando
1015 2483 1164 2542 aliquis
1192 2483 1358 2526 accedit
1384 2484 1441 2526 ad
1463 2484 1571 2527 illud
1606 2482 1924 2536 assumendum,
1953 2480 2161 2533 ostendit,
2186 2496 2230 2523 se
2265 2495 2353 2522 non

210 2558 313 2590 tunc
331 2547 499 2590 Christo
513 2547 627 2589 u'niri
648 2547 724 2590 sed
742 2549 833 2605 jam
854 2548 1000 2607 perfici
1022 2559 1065 2591 et
1081 2548 1358 2592 dilectionem
1381 2550 1547 2592 unitam
1569 2565 1659 2592 esse
1681 2559 1725 2592 et
1743 2549 1789 2590 in
1810 2546 2015 2590 membris
2037 2547 2125 2602 ejus
2140 2545 2350 2587 transisse.

211 2613 276 2655 De
296 2612 378 2655 hac
398 2628 445 2655 re
466 2613 591 2670 hujus
612 2614 867 2656 sacramenti
894 2613 1003 2657 dixit
1022 2615 1233 2657 Dominus
1253 2625 1428 2658 noster:
1453 2615 1539 2670 Qui
1564 2614 1798 2657 manducat
1818 2627 1993 2655 carnem
2014 2626 2158 2653 meam
2183 2620 2226 2653 et
2245 2609 2358 2653 bibit

213 2679 464 2739 sanguinem
490 2694 662 2732 meum,
693 2680 739 2722 in
761 2694 832 2722 me
853 2690 1016 2723 manet.
1041 2680 1144 2722 Non
1174 2679 1229 2723 de
1251 2691 1519 2723 sacramento
1548 2680 1677 2735 dixit,
1702 2680 1801 2738 quia
1831 2678 1956 2721 multi
1983 2677 2038 2720 de
2067 2691 2249 2735 corpore
2280 2691 2360 2719 suo

215 2755 327 2798 sunt,
353 2745 426 2803 qui
441 2745 527 2788 hoc
549 2756 862 2788 sacramentum
882 2762 972 2788 non
996 2746 1224 2806 accipiunt,
1243 2756 1287 2789 et
1309 2745 1434 2788 multi
1457 2746 1684 2806 accipiunt,
1710 2745 1783 2804 qui
1804 2746 1893 2802 ejus
1914 2742 2107 2786 membra
2131 2757 2221 2784 non
2243 2753 2356 2784 sunt.

215 2810 393 2869 Accepit
415 2810 530 2852 enim
552 2809 683 2858 Judas
703 2812 790 2854 hoc
805 2823 1134 2866 sacramentum,
1160 2812 1269 2854 sicut
1284 2812 1436 2856 Petrus
1463 2828 1474 2855 ι
1499 2812 1577 2855 sed
1597 2827 1707 2854 unus
1729 2811 1786 2854 ad
1808 2810 2004 2864 salutem,
2031 2808 2139 2851 alter
2160 2807 2215 2850 ad
2236 2823 2358 2850 mor-

216 2885 319 2917 tem.
345 2875 488 2929 Quare
510 2876 646 2936 magis
668 2877 713 2918 in
743 2893 857 2936 pane
888 2888 932 2920 et
952 2877 1054 2920 vino
1075 2876 1213 2920 voluit
1234 2878 1320 2920 hoc
1347 2889 1663 2921 sacramentum
1687 2875 2030 2935 tradere,'quam
2051 2875 2095 2917 in
2120 2874 2211 2917 aliis
2236 2873 2357 2925 cibis,

219 2938 325 2980 solet
339 2941 486 2998 quaeri.
512 2940 597 2983 Sed
612 2942 887 2985 manifestum
907 2954 984 2998 est,
1010 2942 1128 3002 quod
1143 2944 1268 3002 panis
1284 2943 1467 2986 validior
1483 2954 1546 2986 est
1567 2942 1688 2986 cibus
1709 2942 1909 2985 omnibus
1928 2940 2020 2983 aliis
2039 2940 2146 2982 cibis
2168 2949 2211 2982 et
2225 2938 2359 2998 magis

219 3014 439 3047 sustentat.
461 3006 590 3048 Unde
611 3022 693 3050 nec
714 3007 842 3066 plena
861 3008 1040 3051 refectio
1066 3023 1148 3051 nec
1171 3009 1295 3068 copia
1323 3024 1481 3051 mensae
1503 3019 1646 3069 potest
1667 3023 1757 3051 esse
1788 3008 1878 3051 sine
1902 3022 2033 3066 pane.
2058 3004 2165 3048 Inde
2187 3018 2359 3062 quoque

219 3067 435 3127 Propheta
462 3085 471 3112 :
497 3071 552 3113 Et
571 3073 710 3130 panis,
735 3073 889 3131 inquit,
915 3089 989 3115 cor
1007 3074 1195 3116 hominis
1217 3074 1456 3117 confirmat.
1482 3074 1632 3116 Voluit
1653 3074 1783 3133 igitur
1802 3072 1972 3116 tradere
1994 3086 2146 3130 corpus
2167 3082 2292 3111 suum
2313 3067 2357 3108 in

221 3133 360 3192 specie
394 3135 516 3193 panis
548 3137 691 3194 potius
720 3153 848 3195 quam
881 3138 1052 3180 alterius
1080 3138 1181 3193 cibi,
1215 3150 1263 3181 ut
1286 3151 1430 3199 aperte
1456 3139 1578 3183 daret
1609 3139 1804 3199 intelligi,
1842 3137 1960 3196 quod
1995 3137 2103 3178 sicut
2129 3134 2248 3176 cibus
2279 3133 2356 3175 iste

220 3198 423 3256 praevalet
442 3199 487 3241 in
510 3201 815 3243 sustentatione
837 3203 1006 3261 corpori
1033 3203 1386 3257 administranda,
1412 3206 1471 3248 sic
1490 3215 1805 3247 sacramentum
1825 3202 1939 3245 istud
1963 3217 2050 3260 prae
2073 3199 2222 3242 ceteris
2242 3198 2358 3241 valet

221 3263 267 3304 in
296 3262 524 3307 dilectione
551 3265 647 3318 Dei,
683 3280 777 3323 quae
800 3267 1049 3309 sustentatio
1072 3278 1135 3310 est
1161 3269 1314 3312 animae
1336 3270 1382 3312 in
1411 3270 1535 3312 nobis
1568 3267 1900 3329 augmentanda.
1926 3268 1977 3308 In
1999 3265 2119 3307 nullo
2146 3264 2356 3322 siquidem

223 3326 404 3371 aliorum
429 3339 597 3372 tantum
626 3330 714 3385 ejus
747 3330 975 3375 dilectione
1006 3332 1230 3389 afficimur,
1265 3345 1473 3392 quantum
1501 3335 1546 3376 in
1576 3334 1673 3376 isto.
1698 3335 1750 3376 In
1774 3334 1875 3375 vino
1906 3345 2078 3390 quoque
2106 3330 2357 3388 sanguinem
