2638 3866
247 209 337 254 504
1054 206 1227 252 PETRI
1262 204 1578 253 ABAELARDI

243 307 339 355 dici
363 312 520 357 Deum
533 327 635 358 esse
653 309 951 368 Trinitatem,
978 322 1126 370 quam
1150 309 1307 353 Deum
1330 322 1433 353 esse
1454 306 1636 354 trinum
1652 308 1682 364 ¹,-
1708 306 1843 371 quod
1865 307 1977 355 licet
1998 307 2181 356 sincera
2204 317 2252 356 et
2276 325 2392 357 sana

243 388 555 453 intelligentia
591 406 692 437 esse
722 389 892 455 possit,
931 387 970 435 si
1005 387 1222 435 dicamus
1253 389 1411 434 Deum
1448 387 1645 451 trinum,
1672 398 1909 454 quantum
1931 388 2156 437 videlicet
2185 389 2244 437 ad
2282 407 2393 456 pro·

241 469 465 533 prietates
499 486 843 536 personarum;
888 485 989 517 non
1026 478 1190 516 tamen
1229 467 1351 514 ratio
1390 467 1584 516 videtur
1620 485 1708 517 cur
1742 470 1893 533 magis
1930 469 2147 516 dicamus
2177 470 2385 532 trinum,

241 565 387 612 quam
425 549 739 598 substantiam
771 550 966 597 trinam.
1010 548 1164 596 Multo
1199 548 1344 597 etiam
1379 549 1862 615 minustripartitum
1897 549 1991 597 dici
2014 552 2173 597 Deum
2204 566 2389 616 appro-

239 627 428 690 bamus,
472 630 581 678 licet
615 633 663 679 in
700 648 841 679 sensu
878 632 1082 678 Sanctus
1116 629 1196 678 ille
1229 630 1314 695 qui
1344 628 1440 677 hoc
1473 629 1591 678 dixit
1627 647 1729 678 non
1765 629 2076 692 oberraverit,
2111 620 2388 680 Trinitatem

240 708 419 757 scilicet
450 728 773 776 personarum
804 711 1092 776 intelligens.

304 790 428 838 lllud
463 809 584 840 vero
612 792 774 840 multis
798 791 957 840 modis
986 789 1232 853 refellitur,
1258 789 1395 855 quod
1417 807 1529 838 cum
1559 807 1861 856 unaquaeque
1884 792 2031 839 trium
2066 808 2384 857 personarum

237 871 296 917 sit
324 874 454 920 Deus
477 874 575 921 sive
598 873 883 933 substantia,
911 889 1072 938 neque
1100 888 1197 919 una
1230 887 1438 937 persona
1461 872 1521 919 sit
1547 871 1664 931 alia,
1691 889 1791 920 non
1816 882 1976 921 tamen
2001 871 2113 920 ideo
2137 872 2296 938 plures
2321 872 2388 920 dii

235 962 350 1000 sunt
385 955 483 1002 sive
518 955 811 1004 substantiae.
853 958 959 1002 Non
998 954 1128 1002 enim
1165 969 1360 1001 necesse
1397 962 1495 1014 est,
1534 962 1588 1000 ut
1624 970 1736 1001 cum
1774 953 1835 1001 de
1873 953 2115 1018 aliquibus
2149 953 2389 1017 sigillatim

236 1032 424 1082 dicatur
447 1052 628 1084 nomen
665 1036 919 1101 singularis
951 1035 1168 1095 numeri,
1196 1032 1381 1100 plurale
1409 1033 1470 1081 de
1498 1033 1679 1081 eisdem
1710 1034 1854 1082 simul
1886 1034 2090 1082 dicatur.
2126 1037 2246 1082 Nam
2273 1051 2387 1081 cum

236 1113 368 1161 Plato
393 1115 586 1164 alterius
605 1116 839 1177 hominis,
865 1116 1060 1164 alterius
1080 1117 1300 1162 Socrates
1323 1114 1468 1161 frater
1487 1114 1562 1174 sit,
1587 1123 1635 1161 et
1654 1131 1741 1180 per
1761 1114 1858 1162 hoc
1876 1114 2171 1162 concedatur
2189 1124 2238 1162 et
2258 1114 2390 1162 Plato

233 1210 335 1242 esse
357 1195 517 1259 frater,
545 1206 592 1244 et
614 1199 836 1245 Socrates
861 1214 963 1245 esse
984 1197 1156 1256 frater,
1183 1211 1285 1242 non
1308 1194 1421 1242 ideo
1446 1194 1643 1242 fortasse
1662 1194 1867 1243 concedi
1888 1195 2116 1243 convenit
2139 1195 2390 1243 Platonem

232 1283 279 1321 et
291 1276 539 1324 Socratem
560 1294 664 1325 esse
686 1278 852 1326 fratres
876 1298 887 1325 :
913 1277 1049 1342 quod
1071 1292 1381 1341 nequaquam
1396 1274 1493 1322 dici
1515 1274 1656 1337 solet,
1679 1275 1772 1322 nisi
1793 1275 1857 1323 ad
1880 1275 2236 1324 ostendendum
2254 1275 2390 1341 quod

231 1355 327 1402 sint
348 1357 557 1406 invicem
580 1358 768 1407 fratres.
794 1357 890 1406 Sed
913 1366 960 1405 et
982 1374 1095 1405 cum
1119 1366 1219 1404 tam
1240 1355 1343 1403 haec
1367 1354 1543 1403 albedo
1567 1372 1715 1421 quam
1734 1355 1814 1404 illa
1838 1356 1975 1404 color
1997 1356 2074 1419 sit,
2100 1373 2202 1404 non
2226 1366 2389 1404 tamen

230 1447 489 1502 propterea
513 1439 730 1487 diversos
754 1455 856 1487 esse
875 1438 1065 1487 colores
1087 1437 1311 1495 dicimus,
1339 1453 1453 1484 cum
1476 1453 1576 1483 non
1600 1437 1696 1484 sint
1714 1437 1900 1485 colores
1916 1437 2075 1502 specie
2093 1436 2384 1484 differentes.

230 1517 432 1566 Duobus
482 1537 679 1585 quoque
731 1518 1017 1567 hominibus
1060 1516 1384 1566 assistentibus
1430 1516 1578 1579 mihi,
1632 1533 1744 1564 cum
1794 1516 1994 1582 profero
2045 1517 2173 1565 hanc
2218 1533 2390 1565 vocem

235 1617 258 1639 α
277 1596 484 1661 hom0,>›
521 1617 610 1665 per
643 1617 791 1665 quam
822 1610 1026 1664 uterque
1054 1598 1334 1663 intelligitur
1361 1597 1541 1645 animal
1568 1598 1803 1645 rationale
1833 1597 2055 1657 mortale,
2081 1597 2267 1645 diversa
2289 1598 2390 1663 quir-

230 1676 343 1724 dem
367 1689 438 1726 est
453 1682 657 1728 essentia
680 1681 826 1744 hujus
859 1679 1151 1740 intellectus,
1177 1689 1224 1725 et
1252 1679 1461 1726 essentia
1485 1678 1637 1741 illius,
1666 1694 1815 1743 quare
1837 1694 2138 1744 unaquaeque
2160 1688 2232 1726 est
2254 1677 2390 1726 intel-

228 1757 397 1821 lectus,
426 1777 517 1808 nec
540 1771 702 1809 tamen
727 1761 838 1808 ideo
867 1761 1046 1808 multos
1076 1759 1346 1807 intellectus
1379 1759 1605 1821 dicimus,
1632 1776 1745 1806 cum
1768 1759 1872 1807 haec
1895 1760 2084 1807 diversa
2113 1759 2392 1825 concipiant

229 1855 320 1886 nec
350 1839 540 1889 diverso
571 1841 743 1889 modo.
770 1843 829 1887 Et
855 1857 967 1888 cum
996 1839 1150 1887 multa
1184 1839 1387 1886 nomina
1417 1839 1494 1887 vel
1522 1839 1684 1887 multae
1714 1838 2059 1887 affirmationes
2088 1839 2306 1887 incidant
2337 1840 2387 1886 in

231 1935 376 1967 unam
398 1938 588 1984 vocem,
616 1922 776 1969 omnis
798 1931 965 1968 autem
989 1919 1249 1968 affirmatio
1273 1929 1321 1967 et
1340 1936 1486 1967 omne
1507 1936 1688 1966 nomen
1707 1919 1767 1967 sit
1790 1936 1884 1966 vox
1908 1919 2006 1967 sive
2028 1920 2257 1979 essentia;
2286 1935 2388 1966 non

228 2008 389 2048 tamen
425 2001 537 2050 ideo
573 2002 747 2049 multas
783 2018 926 2049 voces
959 2001 1185 2061 dicimus,
1228 2000 1328 2048 sive
1363 2000 1540 2048 multas
1564 2000 1810 2047 essentias.
1849 1998 1944 2047 Sed
1976 2008 2023 2047 et
2057 2016 2171 2046 cum
2202 1999 2390 2047 dolium

227 2081 361 2145 quod
398 2083 448 2129 in
484 2083 635 2130 domo
669 2092 741 2130 est
772 2083 833 2130 sit
868 2082 1070 2147 quidam
1101 2081 1264 2142 locus,
1293 2090 1343 2128 et
1376 2082 1481 2146 ipsa
1506 2095 1671 2128 rursus
1705 2079 1882 2127 domus
1913 2080 1974 2127 sit
2000 2079 2199 2143 quidam
2233 2080 2386 2141 locus,

228 2178 318 2209 nec
336 2163 397 2210 sit
417 2163 505 2211 iste
526 2163 661 2212 locus
687 2163 785 2223 ille,
809 2179 912 2210 non
929 2172 1094 2210 tamen
1123 2162 1313 2210 diversa
1332 2161 1442 2208 loca
1464 2160 1670 2208 dicimus
1688 2159 1876 2207 dolium
1895 2160 2052 2226 ipsum
2076 2169 2125 2207 et
2142 2159 2347 2207 domum
2374 2179 2386 2207 2

228 2242 443 2308 alioquin
464 2245 650 2306 vinum,
674 2243 810 2309 quod
831 2244 881 2291 in
906 2243 1042 2291 dolio
1064 2252 1156 2304 est,
1181 2243 1233 2290 in
1254 2241 1455 2290 diversis
1479 2251 1602 2289 esset
1623 2240 1772 2302 locis3
1800 2258 1914 2288 cum
1937 2239 2148 2303 nullum,
2172 2250 2224 2288 ut
2244 2257 2391 2307 supra

230 2326 558 2386 meminimus,
593 2342 772 2390 corpus
809 2325 859 2372 in
886 2325 1085 2372 diversis
1118 2324 1238 2371 locis
1273 2339 1375 2371 esse
1407 2331 1615 2370 constet.
1653 2321 1748 2369 Sed
1778 2332 1827 2369 et
1856 2339 1969 2370 cum
1991 2338 2293 2387 unaquaeque
2312 2338 2389 2369 res

231 2408 445 2470 tempus²
467 2406 721 2471 proprium
744 2404 939 2466 habeat,
966 2405 1063 2452 hoc
1085 2415 1156 2452 est
1179 2413 1623 2469 quantamcumque
1646 2418 1836 2451 moram
1860 2403 2118 2451 existentiae
2140 2420 2260 2465 suae,
2286 2419 2389 2450 non

233 2493 392 2531 tamen
433 2485 620 2533 diversa
651 2496 873 2551 tempora
910 2485 1200 2550 accipimus,
1242 2484 1335 2530 nisi
1377 2499 1463 2548 per
1504 2482 1877 2530 successionem.
1924 2486 2153 2530 Praeterea
2193 2484 2243 2530 in
2289 2499 2388 2530 uno

231 2563 431 2613 homine
464 2567 626 2614 multae
660 2575 774 2613 sunt
804 2575 963 2631 partes
994 2566 1060 2612 ita
1091 2564 1153 2612 ab
1184 2564 1393 2612 invicem
1417 2562 1632 2624 diversae,
1668 2571 1722 2608 ut
1742 2561 1845 2608 haec
1877 2578 1978 2609 non
2010 2563 2071 2608 sit
2102 2561 2211 2622 illa;
2238 2563 2315 2610 vel
2336 2562 2385 2610 in

230 2662 330 2694 uno
352 2646 502 2710 ligno,
523 2646 601 2695 vel
623 2647 674 2694 in
699 2662 796 2693 una
820 2645 1094 2709 margarita,
1124 2661 1250 2709 quae,
1278 2643 1448 2691 ceteris
1472 2641 1690 2707 partibus
1711 2642 1932 2689 abscissis
1954 2640 2031 2689 vel
2051 2641 2268 2703 remotis,
2295 2641 2387 2696 ho-

232 2728 385 2774 mines
422 2726 498 2775 vel
534 2727 664 2791 ligna
700 2743 787 2774 seu
821 2726 1090 2789 margaritae
1124 2724 1371 2773 dicuntur.
1404 2722 1807 2782 Quarum.etiam
1844 2722 2054 2787 partium
2087 2739 2389 2788 unaquaeque

233 2817 343 2854 ante
366 2807 708 2856 abscissionem
732 2807 885 2855 homo
911 2816 1031 2868 erat,
1057 2807 1156 2854 sive
1190 2806 1396 2870 lignum,
1428 2820 1514 2851 seu
1538 2803 1824 2866 margarita3
1852 2818 1955 2850 non
1986 2803 2118 2851 enim
2148 2804 2386 2870 separatio

234 2897 397 2935 nostra
416 2889 686 2953 'quidquam
708 2889 759 2935 in
783 2888 1053 2936 substantia
1075 2886 1263 2934 confert
1285 2885 1331 2934 ei
1353 2883 1490 2950 quod
1517 2894 1737 2932 remanet
1757 2885 1835 2932 vel
1856 2882 1993 2949 quod
2022 2894 2266 2932 remotum
2286 2894 2384 2945 est,

234 2966 368 3029 quod
390 2968 520 3032 prius
543 2986 644 3016 non
667 2968 868 3017 haberet
901 2987 912 3015 :
942 2969 1058 3033 quia
1085 2966 1291 3014 abscissa
1315 2980 1487 3026 manu,
1515 2963 1567 3012 id
1588 2963 1726 3029 quod
1753 2973 1868 3012 tunc
1890 2963 2043 3011 homo
2066 2973 2317 3030 permanet
2341 2973 2389 3010 et

277 3144 286 3164 ¹
305 3142 397 3176 Hunc
410 3144 516 3175 locum
527 3146 573 3176 sic
583 3147 749 3178 annotavit
758 3145 855 3178 Edm.
869 3144 1032 3178 Martene:
1044 3144 1194 3176 «Eadem
1209 3143 1271 3174 fuit
1345 3145 1429 3174 tate.
1449 3142 1492 3172 At
1507 3139 1714 3173 Goteschalei
1736 3141 1930 3173 sententiam
1951 3140 2144 3181 approbavit
2160 3139 2303 3172 Ecclesia
2320 3141 2390 3173 uui-

235 3199 395 3231 sententia
422 3197 585 3230 Hincmari
616 3199 784 3232 Remensis
808 3200 1045 3240 archiepiscopi
1074 3200 1130 3239 qui
1157 3202 1272 3230 contra
1346 3205 1439 3228 versa
1459 3204 1532 3235 quae
1557 3195 1707 3234 quotidie
1730 3199 1862 3227 resonat
1884 3195 1917 3225 in
1941 3194 2072 3233 templis
2095 3198 2124 3225 te
2142 3193 2247 3226 Trina
2269 3193 2389 3227 Deitas

235 3251 482 3284 Goteschalcum
513 3253 736 3284 collectionem
770 3261 810 3284 ex
845 3251 902 3284 SS.
937 3250 1117 3292 Scripturis
1151 3256 1184 3283 et
1213 3250 1274 3283 Or·
1345 3257 1499 3289 unaque,
1522 3247 1733 3289 poscimus.»
1751 3246 1893 3279 —²Sic.
1918 3246 2000 3279 Cod.
2023 3245 2101 3278 Tur.
2131 3246 2212 3280 Male
2236 3249 2269 3280 in
2291 3249 2389 3281 editis

237 3308 454 3340 thodoxorum
480 3307 575 3341 dictis
599 3308 728 3348 scripsit
753 3307 792 3339 de
816 3316 888 3339 una
920 3311 950 3339 et
978 3314 1045 3338 non
1070 3305 1165 3337 trina
1193 3304 1273 3337 Dei-
1347 3305 1484 3335 tantum
1503 3305 1590 3343 post.
