2638 3866
331 190 392 236 40
1136 185 1314 232 PETRI
1348 184 1661 232 ABAELARDI

331 289 677 335 successionem
720 295 900 346 mutat,
944 295 990 332 et
1029 295 1190 332 narrat
1224 293 1369 349 prout
1406 293 1736 348 opportunum
1772 299 1872 331 esse
1917 281 2123 340 indicat,
2162 281 2296 343 juxta
2342 278 2458 326 illud

335 366 537 414 Boethii¹
555 386 565 414 ε

905 444 1162 501 Stabilisque
1184 458 1355 486 manens
1376 445 1447 487 dat
1470 449 1617 487 cuncta
1638 444 1798 486 moveri

332 613 387 656 Et
396 611 496 673 jam
519 608 714 673 quidem
734 609 950 674 superius
969 623 1080 655 eum
1102 606 1547 655 incommutabilem
1564 622 1667 655 esse
1683 607 2018 671 assignaverat,
2039 621 2150 652 cum
2173 604 2266 652 ait:
2291 622 2314 646 ι
2330 605 2463 651 Sem·

329 704 509 753 perque
531 689 579 735 in
601 705 689 735 suo
712 697 838 736 statu
859 698 1189 753 perseverante
1213 686 1535 735 substantia.»
1561 686 1653 734 Sed
1669 685 1803 751 quod
1823 685 2063 734 variabilis
2082 700 2168 750 per
2181 683 2402 731 effectum
2414 691 2462 729 et

329 784 525 815 suorum
543 769 856 816 mutationem
881 778 1018 828 esset,
1046 767 1267 815 noudum
1286 766 1560 827 addiderat3
1577 766 1710 830 quod
1727 782 1860 813 nunc
1874 765 2000 813 facit.
2024 767 2151 812 Bene
2166 764 2328 827 itaque
2347 762 2463 810 dicit

329 849 539 896 animam
571 849 725 913 ipsam
760 848 1011 912 quoddam
1041 847 1253 895 medium
1276 863 1397 907 esse,
1430 846 1487 893 -id
1520 855 1591 894 est
1612 847 1816 893 mixtum
1849 862 1906 893 ex
1930 843 2179 892 individua
2202 843 2252 890 in
2276 859 2326 890 se
2348 840 2466 889 sub&

329 929 515 989 stantia,
552 938 600 975 et
633 927 831 976 dividua
858 945 944 994 per
971 928 1364 991 conjunctionem
1396 941 1700 992 corpoream,
1730 925 1780 973 id
1805 935 1876 973 est
1897 924 2288 988 conjunctionem
2315 921 2463 987 ipsius

313 1008 391 1064 ‚ad
409 1022 630 1073 corpora,
657 1007 853 1070 quando
874 1007 1051 1055 scilicet
1066 1007 1170 1072 ipsa
1193 1006 1254 1053 ad
1280 1023 1381 1054 rem
1400 1005 1665 1070 quamlibet
1684 1003 1941 1053 creandam
1959 1003 2032 1052 vel
2044 1002 2304 1068 regendam
2320 1009 2464 1066 atque

328 1086 679 1151 disponendam
701 1103 752 1134 se
773 1087 998 1152 applicat,
1024 1082 1146 1133 sicut
1166 1086 1384 1134 animalis
1407 1086 1567 1134 anima
1590 1084 1783 1150 corpori
1815 1100 1904 1131 suo
1935 1099 2020 1130 sua
2054 1083 2292 1148 impertiet
2314 1080 2461 1129 bene-

329 1165 456 1227 ficia3
490 1167 567 1213 cui
591 1167 733 1213 etiam
756 1166 1074 1232 philosophus
1094 1175 1246 1213 totam
1267 1167 1367 1213 vim
1387 1175 1435 1212 et
1455 1163 1768 1213 concordiam
1793 1162 2207 1230 proportionalem
2229 1176 2460 1208 numero-

329 1261 437 1291 rum
464 1245 646 1301 tribuit,
674 1254 727 1292 ut
744 1240 914 1292 divinae
933 1245 1091 1308 gratiae
1108 1245 1324 1292 bonitate
1348 1245 1678 1293 universarum
1695 1260 1858 1292 rerum
1877 1242 2186 1291 concordiam
2204 1238 2463 1289 consistere

326 1323 512 1371 doceat.
552 1324 721 1371 Omnis
753 1325 934 1389 quippe
957 1323 1079 1371 ordo
1105 1333 1284 1371 naturae
1308 1333 1355 1371 et
1376 1324 1616 1371 concinna
1642 1323 1894 1390 dispositio
1916 1338 2232 1370 numerorum
2256 1333 2465 1386 propor—

327 1403 536 1450 tionibus
567 1404 826 1467 vestigatur
858 1413 1002 1467 atque
1031 1404 1313 1467 assignatur,
1352 1412 1400 1450 et
1430 1404 1652 1450 omnium
1679 1399 2076 1468 perfectissimum
2099 1399 2342 1466 exemplar
2370 1404 2462 1447 nui-

327 1500 483 1530 merus
505 1483 728 1544 occurrit,
753 1483 835 1547 qui
857 1482 999 1531 rebus
1015 1483 1236 1546 congruit
1250 1476 1503 1542 universis3
1535 1482 1668 1547 quod
1689 1476 1886 1547 quidem
1900 1498 1983 1530 eos
1999 1498 2099 1529 non
2115 1481 2229 1529 latet
2242 1480 2324 1545 qui
2343 1478 2462 1545 phi-··

328 1562 555 1627 losophiae
584 1563 819 1609 rimantur
854 1579 1044 1610 arcana.
1084 1563 1206 1610 Hinc
1239 1571 1311 1610 est
1347 1563 1491 1610 etiarn
1523 1563 1658 1628 quod
1690 1563 2016 1618 Arithmetica,
2063 1576 2169 1626 quae
2202 1569 2304 1607 tota
2331 1559 2471 1613 circa⁴

328 1643 661 1706 proportiones
682 1659 994 1690 numerorum
1018 1643 1251 1702 consistit,
1282 1652 1435 1689 mater
1457 1652 1504 1689 et
1526 1643 1746 1706 magistra
1769 1638 2036 1690 ceterarum
2063 1641 2237 1689 artium
2257 1638 2457 1687 dicitur:

326 1721 459 1784 quod
477 1722 654 1769 scilicet
680 1738 737 1768 ex
758 1721 1045 1770 dissectione
1067 1738 1381 1769 numerorum
1399 1721 1668 1770 ceterarum
1688 1738 1850 1769 rerum
1870 1721 2118 1784 vestigatio
2145 1719 2470 1784 doctrinaque³

246 1788 263 1795 ό
327 1799 548 1864 pendeat.
586 1801 731 1864 Cujus
762 1802 906 1848 etiam
935 1811 986 1849 ut
1012 1801 1303 1849 iueffabilem
1333 1801 1656 1866 exprimerent
1677 1801 1983 1864 benignitatis
2009 1800 2111 1863 ejus
2133 1798 2458 1855 dulcedinem,

328 1889 476 1927 totam
500 1881 542 1928 ei
564 1881 851 1928 musicarum
884 1883 1312 1929 consonantiarum
1347 1880 1591 1928 ascribunt
1621 1881 1944 1939 harmoniam,
1971 1884 2067 1944 qu'a
2091 1888 2136 1926 et
2159 1879 2318 1944 ipsum
2337 1878 2460 1942 jugi-

328 1969 396 2006 ter
423 1977 644 2008 resonare
671 1960 1045 2020 firmamentum,
1084 1971 1130 2009 et
1161 1962 1432 2027 superiores
1455 1961 1625 2008 mundi
1646 1970 1804 2026 partes
1827 1960 2002 2025 repleri
2024 1958 2295 2025 perhibent.
2334 1958 2465 2006 Nihil

326 2041 503 2106 quippe
527 2051 598 2088 est
615 2041 747 2105 quod
766 2042 833 2090 ita
854 2042 1082 2102 oblectet,
1105 2052 1150 2090 et
1162 2043 1312 2089 nimia
1333 2043 1564 2089 suavitate
1586 2043 1660 2090 sui
1679 2041 1853 2093 alliciat
1869 2041 2074 2100 animos,
2091 2040 2213 2087 sicut
2226 2039 2456 2097 melodia;

325 2120 443 2167 nihil
469 2121 532 2168 ita
554 2138 763 2186 pronum
785 2122 847 2169 ad
870 2139 953 2170 eos
975 2121 1342 2188 componendos
1363 2122 1438 2169 vel
1460 2121 1841 2170 commovendos
1860 2121 1933 2168 vel
1951 2120 2213 2186 pacandOS,
2229 2128 2306 2179 vt,
2324 2119 2459 2183 juxta

324 2199 440 2246 illud
467 2201 609 2265 primi
632 2202 824 2266 capituli
851 2202 1118 2250 Boethianae
1139 2202 1346 2263 musicae,
1369 2202 1543 2250 scirent
1574 2201 1872 2267 philosophi,
1889 2199 2024 2266 quod
2046 2208 2221 2247 nostrae
2241 2208 2338 2247 tota
2350 2200 2461 2247 'ani-

326 2295 414 2326 mae
433 2281 744 2344 corporisque
766 2298 1001 2347 compago
1025 2282 1205 2329 musica
1227 2283 1532 2347 coaptatione
1555 2282 1814 2345 conjuncta
1835 2280 1919 2340 sit3
1937 2280 2060 2328 adeo
2085 2279 2461 2344 quidemut‘ira—

324 2359 551 2407 cundiam
583 2361 914 2425 insaniamque
952 2361 1160 2409 melodia
1188 2361 1362 2423 sedari,
1406 2372 1454 2409 et
1487 2362 1871 2426 gravissimarum
1904 2359 2237 2408 infirmitatum
2267 2357 2460 2406 dolores

323 2440 478 2486 curari
494 2439 936 2488 animadverterent
960 2449 1103 2505 atque
1125 2440 1386 2488 efficerent.
1412 2441 1557 2500 Quod
1575 2442 1659 2505 qui
1681 2442 1889 2505 ignorat,
1914 2455 2006 2489 nec
2024 2437 2319 2504 ‘experiendo
2342 2438 2462 2486 didi·

324 2519 405 2578 cit,
455 2518 613 2566 adhuc
652 2519 775 2583 legat
813 2520 997 2568 dictum
1027 2521 1222 2568 musicae
1249 2521 1532 2586 capitulum,
1566 2530 1613 2568 et
1644 2521 1856 2568 inveniet
1892 2517 2141 2584 quomodo
2173 2517 2463 2582 Pythagoras

323 2596 539 2645 ebrium’
557 2598 910 2647 adolescentem
950 2599 1040 2647 sub
1063 2600 1256 2665 Phrygii
1287 2601 1421 2648 modi
1456 2617 1579 2648 sono
1605 2601 1886 2661 incitatum,
1924 2598 2154 2665 spondaeo
2183 2598 2474 2646 succinente-

323 2677 530 2726 reddidit
560 2679 805 2727 duriorem
824 2689 872 2727 et
891 2680 965 2727 sui
985 2690 1277 2746 compotem.
1303 2675 1422 2728 Nam
1445 2697 1558 2728 cum
1582 2692 1812 2739 scortum,
1840 2681 2013 2746 inquit,
2042 2680 2092 2727 in
2121 2678 2281 2727 rivalis
2308 2678 2460 2726 domo

327 2767 447 2802 esset
474 2758 705 2819 clausum,
731 2753 876 2823 atque
897 2759 975 2807 il-le
994 2760 1158 2807 furens
1189 2759 1392 2807 domum
1423 2761 1564 2808 vellet
1593 2760 1897 2822 comburere,
1937 2775 2144 2823 cumque
2169 2757 2461 2823 Pythagoras

328 2835 568 2883 stellarum
591 2855 773 2898 cursus,
801 2840 916 2887 ut‘ei
941 2856 1047 2888 mos
1069 2849 1187 2900 erat,
1214 2849 1482 2889 nocturnus
1503 2841 1775 2907 inspiceret,
1794 2840 1877 2888 ubi
1893 2839 2124 2887 intellexit
2137 2854 2260 2886 sono
2272 2838 2459 2903 Phrygii

330 2915 462 2962 modi
479 2917 725 2964 incitatum
746 2919 907 2966 multis
924 2920 1190 2967 amicorum
1210 2920 1626 2969 admonitionibus
1644 2937 1672 2969 a
1687 2920 1979 2969 facinoribus
1990 2919 2201 2967 noluisse
2212 2918 2455 2978 desistere,

328 2996 502 3043 mutari
543 2997 744 3045 modum
775 3001 1016 3064 praecepit,
1067 3011 1208 3064 atque
1246 3002 1311 3048 ita
1348 3002 1544 3049 furentis
1584 3003 1799 3051 animum
1830 3001 2148 3049 adolescentis
2185 2998 2247 3046 ad
2283 3006 2457 3045 statum

369 3197 374 3213 ·
403 3194 748 3230 Consol.Ph1·t.111.-
759 3198 769 3216 ²
783 3198 818 3229 In
834 3198 912 3229 edit.
929 3197 1023 3230 Amb.
1043 3199 1179 3240 Ebrum,
1192 3202 1282 3241 quasi
1299 3211 1417 3234 nomen
1431 3202 1610 3242 proprium.
1631 3201 1742 3241 Longe
1759 3203 1876 3234 rectius
1895 3199 2288 3241 TheoloyiaChristiana
2305 3198 2346 3230 ab
2362 3197 2455 3229 Edm.

329 3246 469 3279 Martene
486 3249 571 3281 edita
586 3249 730 3290 ebrium,
754 3256 789 3282 ut
801 3252 966 3291 sequentia
985 3252 1215 3284 demonstrant.
