2638 3866
959 248 1301 297 THEOLOGIA
1335 250 1681 299 CffltISTtANA
1693 284 1705 296 .
1744 322 1747 327 Ι
2315 253 2407 301 407

256 351 604 421 redemptionis
633 350 803 400 mundi
825 350 1175 399 animadvertat
1201 351 1557 402 deflectendum
1579 370 1698 411 esse,
1729 352 1862 419 quod
1888 354 2017 403 Plato
2043 355 2226 415 asserit,
2253 358 2413 403 Deum

255 434 307 482 in
343 435 449 502 ipsa
472 433 644 482 mundi
675 432 1028 499 compositione
1055 432 1176 480 duas
1206 432 1534 498 longitudines
1563 434 1612 483 in
1643 435 1853 501 speciem
1884 456 1916 500 χ
1942 435 2022 483 chi
2054 452 2215 501 graecae
2247 436 2412 484 litterae

255 515 348 564 sibi
387 516 595 565 invicem
633 514 946 582 applicuisse,
990 530 1310 579 curvasseque
1345 515 1395 563 in
1431 515 1602 564 orbem
1622 553 1634 576 ‚
1673 525 1727 563 ut
1763 517 1923 582 ipsum
1956 516 2126 565 mundi
2162 517 2411 584 perficeret

257 596 474 662 globum,
508 597 645 662 quasi
673 595 870 661 mystice
901 593 1156 660 perhibeat
1177 596 1516 644 universorum
1550 596 1809 645 hominum
1844 596 2065 658 salutem,
2097 615 2245 663 quam
2270 599 2417 665 ipsius

258 677 431 726 mundi
461 694 624 726 veram
660 676 970 741 intelligimus
1002 676 1426 738 constitutionem,
1467 679 1516 725 in
1551 678 1655 744 ipsa
1688 678 1954 726 Dominicae
1989 680 2157 727 Crucis
2193 680 2417 746 passione

256 768 644 807 consummatam
669 757 840 806 fuisse?
865 756 1009 816 Quod
1036 757 1074 804 si
1100 768 1399 806 sacramenta
1423 776 1524 806 non
1550 769 1886 826 susceperunt,
1913 760 1997 825 qui
2023 770 2134 808 ante
2153 760 2415 809 adventum

255 838 513 888 Salvatoris
550 840 827 898 extiterunt,
865 855 978 887 cum
1014 854 1172 903 neque
1207 837 1269 886 de
1305 838 1398 886 Job
1437 840 1602 903 gentili
1639 840 1689 888 id
1720 840 1919 888 credere
1950 856 2200 905 cogamur,
2232 858 2323 888 nec
2353 842 2418 888 ita

255 921 331 969 lex
364 919 594 969 omnibus
627 920 740 970 data
770 919 1010 981 videatur,
1049 908 1172 967 sicut
1207 919 1522 985 Evangelium
1554 921 1658 980 fuit,
1698 921 1784 969 sed
1819 921 1910 971 soli
1947 921 2126 982 Israeli,
2165 921 2251 986 qui
2287 921 2418 969 solus

255 1019 313 1050 ex
349 1001 578 1050 omnibus
617 1002 809 1067 populis
851 1002 1011 1067 primo
1053 1010 1255 1048 vocatus
1297 1011 1396 1063 est,
1439 1001 1544 1066 lege
1584 1012 1811 1069 accepta,
1856 1012 1908 1050 ut
1944 1019 2045 1050 non
2085 1002 2151 1050 ita
2191 1001 2421 1067 generalis

256 1082 548 1147 intelligatur
582 1082 700 1148 legis
728 1082 983 1141 institutio,
1022 1081 1145 1129 sicut
1174 1091 1246 1129 est
1271 1082 1616 1147 Evangelium;
1650 1093 1733 1132 aut
1760 1084 1918 1150 prima
1951 1084 2163 1144 vocatio,
2201 1084 2324 1132 sicut
2349 1094 2419 1131 est

255 1163 488 1212 secunda.
523 1163 663 1212 Unde
695 1166 883 1229 Moyses
915 1163 1072 1229 capite
1116 1166 1478 1211 Deuteronomii
1515 1181 1577 1211 xv
1613 1164 1677 1213 ad
1718 1166 1857 1213 lsrael
1897 1164 2036 1213 dicit¹
2075 1181 2088 1214 :
2127 1184 2150 1210 «
2173 1167 2417 1229 Interroga

253 1245 315 1293 de
350 1244 522 1294 diebus
552 1245 766 1311 antiquis
800 1263 856 1294 ex
893 1245 971 1294 die
1004 1262 1103 1310 quo
1139 1246 1317 1293 creavit
1345 1248 1478 1294 Deus
1508 1245 1780 1308 hominem,
1813 1247 1852 1294 si
1889 1246 2011 1295 sacta
2047 1256 2118 1295 est
2152 1245 2415 1311 aliquando

252 1325 592 1391 hujuscemodi
629 1344 734 1390 res,
776 1337 829 1375 ut
862 1327 1053 1376 audiret
1090 1326 1300 1393 populus
1339 1345 1509 1375 vocem
1547 1328 1638 1375 Dei
1674 1327 1919 1393 loquentis
1956 1327 2018 1376 de
2058 1327 2220 1375 medio
2260 1328 2412 1392 ignis,

253 1407 378 1456 sicut
404 1417 459 1456 tu
490 1407 668 1456 audisti
698 1419 746 1457 et
767 1409 946 1468 vidisti,
977 1409 1016 1457 si
1046 1409 1157 1456 fecit
1180 1411 1309 1456 Deus
1340 1419 1393 1456 ut
1423 1408 1774 1475 ingrederetur,
1807 1419 1855 1457 et
1884 1409 2074 1458 tolleret
2103 1408 2194 1456 sibi
2225 1418 2416 1474 gentem

252 1489 314 1537 de
348 1489 512 1538 medio
543 1491 801 1538 nationum
836 1507 924 1556 per
948 1490 1080 1555 signa
1109 1499 1254 1555 atque
1287 1499 1530 1555 portenta,
1563 1490 1838 1538 videntibus
1868 1490 2021 1538 oculis
2053 1491 2160 1549 tuis,
2197 1499 2249 1537 ut
2272 1489 2416 1537 scires

252 1571 487 1634 quoniam
523 1571 625 1637 ipse
661 1582 731 1618 est
757 1573 905 1629 Deus,
945 1580 992 1618 et
1030 1587 1131 1618 non
1156 1571 1276 1618 alius
1305 1570 1367 1619 de
1390 1572 1514 1620 coelo
1545 1582 1593 1620 te
1631 1572 1741 1620 secit
1773 1571 1942 1620 audire
1970 1588 2143 1619 vocem
2169 1586 2327 1628 suam,
2364 1580 2417 1618 ut

253 1650 453 1699 doceret
472 1661 537 1711 te,
561 1652 675 1717 quia
702 1651 869 1700 dilexit
890 1662 1051 1718 patres
1074 1661 1202 1712 tuOS,
1230 1662 1278 1699 et
1309 1652 1449 1717 elegit
1471 1670 1609 1701 senes
1630 1670 1800 1700 eorum
1823 1662 1935 1718 post
1961 1669 2062 1700 eos.
2090 1671 2114 1695 ³>
2142 1655 2262 1698 ltem
2287 1651 2415 1698 idem

252 1732 410 1797 capite
436 1734 575 1781 xx111'
600 1751 611 1779 ε
650 1755 671 1778 «
697 1733 910 1799 Populus
939 1743 1133 1780 sanctus
1156 1750 1206 1781 es
1229 1734 1443 1781 Domino
1470 1737 1574 1781 Deo
1611 1742 1715 1781 tuo.
1748 1737 1812 1781 Te
1842 1733 1984 1798 elegit
2016 1732 2257 1779 Dominus
2288 1734 2417 1779 Deus

253 1822 382 1874 tuus,
408 1823 459 1861 ut
476 1815 539 1862 sis
561 1815 606 1862 ei
623 1815 834 1881 populus
850 1814 1104 1881 peculiaris
1128 1814 1189 1862 de
1212 1815 1399 1862 cunctis
1421 1814 1612 1881 populis
1641 1815 1726 1880 qui
1754 1825 1869 1862 sunt
1894 1830 2041 1880 super
2065 1823 2262 1875 terram,
2289 1822 2413 1860 etc.»

255 1894 376 1941 Hinc
391 1904 444 1966 et
465 1893 582 1942 illud
606 1905 678 1943 est
701 1895 983 1943 Psalmistae⁸
1003 1913 1013 1942 :
1039 1915 1060 1942 «
1087 1898 1195 1943 Non
1219 1896 1331 1944 fecit
1356 1896 1514 1944 taliter
1536 1896 1671 1944 omni
1694 1896 1903 1957 nationi,
1928 1906 1972 1944 et
1997 1895 2180 1960 judicia
2207 1910 2293 1941 sua
2315 1910 2414 1941 non

251 1975 571 2025 manifestavit
594 1977 743 2025 illis.»
777 1976 918 2025 Nulla
954 1978 1116 2043 itaque
1152 1979 1342 2025 ratione
1376 1977 1583 2043 cogendi
1618 1976 1859 2039 videmur,
1893 1986 1946 2023 ut
1975 1976 2036 2025 de
2062 1977 2214 2024 salute
2247 1976 2415 2023 talium

251 2055 529 2105 diffidamus
568 2058 845 2122 gentilium,
884 2058 970 2124 qui
1005 2068 1118 2106 ante
1153 2057 1418 2106 adventum
1460 2058 1763 2106 Redemtoris
1795 2057 1931 2106 nullo
1967 2056 2085 2122 legis
2119 2057 2299 2121 scripto
2337 2056 2415 2102 in-

250 2137 435 2198 structi,
465 2137 765 2200 naturaliter,
789 2138 926 2202 juxta
950 2138 1254 2205 Apostolum,
1292 2155 1348 2187 ea
1380 2155 1487 2203 quae
1512 2138 1628 2202 legis
1660 2147 1774 2186 sunt
1799 2138 2052 2197 facientes,
2083 2137 2173 2202 ipsi
2211 2135 2299 2183 sibi
2338 2135 2410 2183 lex

250 2227 416 2279 erant,
462 2218 545 2282 qui
583 2218 908 2267 ostendebant
953 2235 1078 2284 opus
1114 2219 1232 2283 legis
1273 2219 1507 2284 scriptum
1547 2219 1597 2266 in
1638 2218 1868 2266 cordibus
1913 2219 2035 2275 suis,
2081 2216 2411 2265 testimonium

249 2297 483 2346 reddente
518 2298 609 2346 illis
645 2298 941 2346 conscientia
971 2299 1209 2365 ipsorum.
1248 2299 1379 2347 Sicut
1411 2316 1623 2365 namque
1655 2300 1887 2366 scriptum
1922 2308 1994 2347 est
2025 2299 2075 2346 in
2115 2296 2320 2364 epistola
2351 2295 2419 2343 ad

249 2380 516 2426 Romanos‘
541 2398 555 2426 .·
584 2399 608 2423 ι(
630 2382 738 2427 Non
764 2379 894 2427 enim
916 2380 1163 2428 auditores
1189 2379 1305 2444 legis
1322 2380 1438 2445 justi
1459 2390 1571 2428 sunt
1595 2380 1727 2446 apud
1751 2383 1928 2443 Deum,
1956 2379 2041 2428 sed
2065 2379 2272 2427 factores
2297 2377 2413 2441 legis

244 2452 678 2525 justificabuntur:
720 2478 834 2510 cum
864 2462 996 2509 enim
1046 2472 1211 2526 gentes
1249 2479 1356 2527 quae
1397 2461 1554 2526 legem
1593 2478 1694 2509 non
1734 2460 1919 2510 habent
1964 2459 2271 2520 naturaliter,
2307 2475 2412 2522 quae

248 2541 366 2605 legis
412 2552 527 2590 sunt
558 2542 764 2605 faciunt,
823 2542 1065 2607 ejusmodi
1095 2543 1252 2606 legem
1287 2560 1387 2592 non
1423 2542 1691 2604 habentes,
1745 2542 1836 2608 ipsi
1879 2541 1971 2590 sibi
2020 2550 2132 2589 sunt
2174 2541 2282 2600 lex,
2326 2540 2411 2604 qui

250 2623 515 2671 ostendunt
553 2641 677 2690 opus
723 2623 841 2687 legis
874 2624 1111 2689 scriptum
1151 2625 1201 2671 in
1238 2624 1470 2672 cordibus
1508 2624 1604 2671 suis
1623 2661 1636 2683 ,
1675 2624 2008 2671 testimonium
2048 2620 2283 2669 reddente
2320 2619 2411 2667 illis

251 2704 545 2753 conscientia
564 2705 798 2770 ipsorum.
821 2724 844 2748 >2
876 2707 931 2752 Et
960 2715 1071 2769 post
1100 2704 1287 2770 aliqua¹⁵
1317 2723 1327 2751 :
1355 2726 1378 2750 <c
1397 2704 1700 2752 Arbitramur
1722 2704 1853 2752 enim
1880 2701 2131 2767 justificari
2157 2701 2411 2748 hominem

251 2800 337 2848 per
363 2783 512 2832 fidem
534 2785 637 2832 sine
659 2783 890 2850 operibus
922 2784 1053 2849 legis.
1083 2788 1154 2832 An
1178 2785 1455 2832 Jndaeorum
1483 2788 1613 2832 Deus
1637 2784 1857 2832 tantum?
1881 2800 2047 2831 nonne
2077 2792 2125 2831 et
2146 2779 2409 2830 Ge'ntium'?

252 2865 409 2912 Immo
432 2875 480 2913 et
503 2865 732 2914 Gentium
762 2883 772 2911 :
801 2865 1035 2929 quoniam
1072 2865 1272 2929 quidem
1309 2883 1432 2914 unus
1466 2868 1598 2913 Deus
1627 2865 1711 2929 qui
1735 2863 1961 2929 justificat
1991 2862 2409 2911 circumcisionem

250 2963 308 2994 ex
331 2945 427 2994 fide
449 2956 497 2994 et
521 2946 810 3012 praeputium
834 2962 919 3010 per
948 2945 1114 2993 fidem.
1140 2964 1164 2991 »
1191 2949 1311 2993 ltem
1341 2964 1352 2993 ε
1380 2966 1403 2992 «
1424 2946 1555 3004 Quid
1586 2947 1715 2993 enim
1746 2946 1995 3011 Scriptura
2019 2943 2174 2993 dicit?
2196 2942 2411 2992 Credidit

250 3027 491 3076 Abraham
527 3030 659 3088 Deo,
704 3036 753 3075 et
795 3035 1070 3092 reputatum
1108 3037 1178 3075 est
1211 3027 1257 3075 ei
1293 3027 1356 3075 ad
1395 3027 1648 3092 justitiam.
1688 3047 1712 3072 »
1751 3029 1811 3076 Et
1851 3043 2046 3074 rursum
2083 3044 2093 3073 ε
2135 3045 2157 3070 (ε
2194 3025 2411 3073 Dicimus

247 3109 362 3174 quia
392 3119 611 3177 reputata
632 3118 704 3157 est
728 3107 928 3156 Abrahae
954 3107 1074 3157 fides
1097 3107 1160 3156 ad
1179 3107 1430 3173 justitiam.
1457 3108 1724 3167 Quomodo
1755 3117 1975 3175 reputata
1997 3106 2097 3157 est?
2122 3110 2175 3155 ln
2200 3106 2407 3155 circum·-

292 3316 462 3358 menter„
477 3325 550 3359 cap.
569 3326 615 3358 ιν,
631 3326 661 3351 v.
675 3320 728 3351 32.
740 3318 963 3358 -2Deuter.‚
978 3327 1052 3359 cap.
1066 3326 1123 3358 vn,
1143 3326 1173 3350 v.
1193 3318 1225 3352 6·
1242 3335 1281 3342 —
1296 3318 1308 3338 ³
1321 3316 1454 3351 Psalm.
1471 3326 1588 3359 cxnvn,
1604 3326 1633 3350 v.
1651 3319 1704 3351 20.
1727 3337 1762 3341 —
1786 3319 1795 3337 ⁴
1808 3318 1921 3353 Rom..
1939 3326 2011 3358 cap.
2030 3326 2051 3349 ιι
2063 3341 2071 3356 ,
2091 3326 2118 3348 v.
2142 3318 2190 3349 13.
2214 3331 2251 3338 -—
2268 3316 2279 3335 ⁵
2295 3315 2404 3350 Rom.

248 3379 320 3411 cap.
337 3379 391 3411 ιιι,
411 3380 441 3402 v.
460 3374 511 3412 28,
529 3389 569 3396 —
582 3373 599 3409 ,θ
612 3373 708 3405 Rom.
729 3380 773 3414 iv,
793 3382 823 3404 v.
841 3375 873 3406 3.
