2638 3866
280 252 375 299 674
1091 254 1262 301 PETRI
1304 253 1617 302 ABAELARDI

278 353 558 418 opinionem
591 351 737 415 possit
775 354 959 414 venire,
994 363 1040 400 et
1074 353 1134 401 de
1168 354 1316 419 ipsius
1347 354 1642 402 auctoritatis
1674 354 1833 402 verbis
1858 354 2094 419 pleraeque
2126 354 2410 419 quaestiones

279 440 548 494 emergunt,
577 441 630 477 ut
655 430 716 478 de
737 431 850 496 ipsis
878 433 1011 497 prius
1040 440 1187 497 quam
1212 451 1299 499 per
1321 434 1423 500 ipsa
1446 432 1760 498 judicandum
1789 434 1864 481 sit.
1897 438 2010 482 Post
2032 435 2270 482 rationem
2294 445 2409 481 vero

279 512 532 571 redditam,
556 511 699 558 etiam
723 512 762 558 si
784 513 906 560 ratio
929 530 1028 560 non
1054 514 1130 573 sit,
1156 514 1241 561 sed
1258 514 1495 575 videatur,
1517 513 1647 561 nulla
1670 515 1866 579 quaestio
1885 524 2119 573 remanet,
2146 514 2259 579 quia
2281 513 2410 561 nulla

280 591 512 638 dubitatio
538 597 769 655 superest.
790 593 969 640 Tecum
993 610 1107 641 vero
1130 604 1261 641 tanto
1287 595 1446 642 minus
1468 611 1527 642 ex
1550 595 1831 642 auctoritate
1850 594 2090 659 agendum
2114 603 2201 654 est,
2229 602 2410 658 quanto

280 671 484 735 amplius
503 671 676 718 rationi
697 672 910 720 inniteris
932 684 980 721 et
1002 675 1247 740 scripturae
1269 675 1601 722 auctoritatem
1622 674 1781 722 minus
1801 675 2035 739 agnoscis.
2063 677 2214 721 Nemo
2232 675 2412 738 quippe

279 752 411 814 argui
436 751 525 798 nisi
551 768 605 798 ex
630 753 868 800 concessis
899 764 1080 819 potest,
1115 771 1206 802 nec
1227 755 1318 802 nisi
1339 771 1425 820 per
1455 771 1510 803 ea
1535 772 1639 820 quae
1668 755 1837 820 recipit
1858 753 2218 802 convincendus
2248 762 2340 811 est,
2367 761 2414 799 et

280 831 414 879 aliter
448 840 635 892 tecum,
672 831 807 879 aliter
847 833 1101 881 nobiscum
1133 834 1195 881 ad
1233 834 1440 882 invicem
1474 834 1831 898 confligendum
1868 843 1954 881 est.
1994 833 2123 892 Quid
2155 832 2412 896 Gregorius

277 920 360 958 aut
380 912 524 958 ceteri
546 911 769 959 doctores
792 914 961 972 nostri,
987 914 1104 978 quid
1127 914 1271 961 etiam
1294 916 1394 980 ipse
1415 915 1631 962 Christus
1655 914 1731 961 vel
1756 917 1942 978 Moyses
1966 923 2162 974 astruat,
2189 912 2413 960 nondum

278 991 337 1038 ad
365 1001 410 1039 te
433 993 672 1057 pertinere
696 993 948 1052 novimus,
984 1005 1034 1041 ut
1058 1012 1113 1042 ex
1138 995 1355 1060 ipsorum
1378 995 1515 1042 dictis
1542 993 1603 1041 ad
1633 993 1779 1042 fidem
1810 994 2012 1058 cogaris.
2042 995 2168 1040 Inter
2190 1010 2298 1050 nos,
2328 993 2412 1056 qui

275 1072 370 1119 hoc
404 1073 677 1137 recipimus,
715 1072 897 1121 habent
932 1075 1022 1122 ista
1052 1074 1240 1134 locum,
1270 1084 1316 1122 et
1351 1075 1556 1121 maxime
1592 1073 1859 1122 rationibus
1888 1089 2242 1137 nonnunquam
2266 1071 2412 1119 fidem

276 1152 581 1200 astruendam
613 1169 714 1199 esse
739 1154 814 1200 vel
839 1154 1218 1213 defendendam,
1248 1155 1309 1202 de
1339 1154 1514 1219 quibus
1545 1154 1742 1218 quidem
1772 1154 1996 1214 memini,
2023 1162 2190 1200 contra
2215 1168 2298 1200 eos
2329 1151 2413 1216 qui

275 1232 421 1280 fidem
454 1233 719 1280 rationibus
750 1234 1079 1298 vestigandam
1110 1251 1209 1282 esse
1239 1234 1477 1298 denegant
1495 1270 1507 1294 ,
1534 1234 1774 1282 secundus
1807 1234 1950 1282 etiam
1987 1233 2244 1298 Theologioe
2278 1231 2413 1279 Chri-

272 1315 439 1360 stz'anoe
462 1313 583 1360 liber
603 1323 701 1361 tam
733 1314 909 1361 virtute
941 1315 1186 1363 rationum
1215 1331 1362 1379 quam
1391 1315 1672 1363 auctoritate
1697 1314 1984 1379 scriptorum
2007 1314 2197 1378 plenius
2225 1311 2413 1360 disserit

274 1405 322 1441 et
344 1393 543 1441 rebelles
565 1395 826 1442 convincit.
856 1398 994 1443 Nunc
1016 1396 1077 1443 ad
1101 1396 1421 1461 propositum,
1450 1396 1488 1443 si
1510 1395 1684 1461 placet,
1711 1405 2023 1443 revertamur.

342 1478 532 1522 Pfflms.
571 1478 723 1523 lmmo
747 1476 858 1540 quia
883 1477 1039 1542 placet
1061 1486 1109 1524 et
1133 1493 1277 1541 super
1301 1477 1466 1524 omnia
1495 1476 1684 1541 placere
1715 1485 1933 1541 oportet,
1969 1473 2134 1539 quoad
2157 1489 2413 1538 possumus

273 1555 559 1616 adnitamur,
584 1565 631 1603 et
656 1557 854 1604 verioris
879 1557 1043 1604 ethicae
1075 1557 1377 1604 documentis
1410 1556 1563 1621 legem
1589 1556 1828 1604 noscitare
1864 1570 2099 1602 conemur
2127 1552 2411 1601 naturalem.

273 1635 418 1692 Quod
437 1645 564 1682 recte
588 1645 636 1682 et
655 1636 824 1684 ordine
850 1638 1122 1684 consumari
1147 1636 1414 1697 credimus,
1441 1638 1478 1683 si
1499 1637 1632 1701 juxta
1657 1635 2056 1701 comprehensam
2083 1650 2108 1680 a
2140 1643 2184 1681 te
2197 1634 2414 1698 superius

270 1716 435 1762 ethicae
459 1733 719 1777 summam,
743 1717 877 1780 quod
900 1718 959 1764 sit
983 1734 1228 1764 summum
1248 1717 1454 1777 bonum,
1481 1727 1528 1764 et
1549 1733 1646 1781 qua
1668 1716 1782 1763 illuc
1812 1716 1889 1762 via
1908 1713 2290 1780 perveniendum
2320 1713 2381 1760 sit
2398 1749 2411 1771 ,

274 1795 650 1854 discusserimus,
676 1806 729 1843 ut
752 1797 811 1843 sit
831 1796 1054 1844 videlicet
1075 1797 1124 1843 in
1150 1797 1221 1843 his
1245 1797 1410 1844 ethicae
1433 1806 1607 1843 nostrae
1630 1805 1856 1843 tractatus
1879 1794 2149 1860 bipartitus.

339 1878 612 1924 Cnms'rlAN.
641 1876 870 1942 Approbo
888 1886 1048 1924 tecum
1072 1877 1204 1941 quod
1229 1876 1423 1942 probas.
1450 1875 1544 1923 Sed
1567 1876 1682 1940 quia
1695 1875 1830 1939 juxta
1855 1874 2116 1938 superioris
2135 1872 2414 1919 condictum

273 1957 508 2020 propositi
531 1958 884 2005 confundendae
911 1967 1020 2004 sunt
1050 1967 1222 2004 nostrae
1245 1974 1358 2004 cum
1380 1957 1548 2003 vestris
1571 1930 1815 2022 senteniiae
1831 1991 1842 2013 ‚
1872 1964 1924 2001 ut
1954 1954 2146 2019 potiora
2172 1953 2416 1999 valeamus

275 2034 462 2098 eligere,
489 2046 537 2083 et
560 2046 609 2084 tu
645 2054 703 2084 ex
729 2037 1009 2100 antiquitate
1034 2037 1148 2101 legis
1171 2036 1416 2097 naturalis,
1446 2036 1659 2100 primum
1686 2024 1775 2084 {ibi
1800 2034 1961 2081 locum
1987 2033 2255 2092 vindicasti,
2277 2041 2415 2079 tuum

275 2124 372 2172 est,
398 2116 480 2179 qui
514 2117 701 2181 priore,
739 2127 789 2164 ut
822 2117 966 2178 dicis,
1001 2117 1130 2181 lege,
1164 2117 1260 2163 hoc
1291 2126 1384 2176 est,
1419 2115 1626 2163 naturali
1658 2124 1913 2162 contentus
1944 2130 2020 2172 es,
2057 2122 2104 2160 et
2139 2128 2196 2159 ea
2229 2121 2416 2158 tantum

270 2196 434 2258 uteris,
462 2207 566 2244 tuas
590 2198 664 2245 vel
681 2208 875 2245 tuorum
901 2215 1044 2262 super
1068 2198 1162 2245 hoc
1187 2198 1234 2244 in
1261 2196 1473 2244 medium
1498 2195 1711 2261 proferre
1735 2196 1992 2243 sententias
2022 2203 2069 2241 et
2103 2191 2414 2258 postmodum

275 2285 575 2338 nostrarum,
603 2279 642 2324 si
673 2279 723 2325 in
749 2280 910 2343 aliquo
941 2279 1266 2339 dissentimus,
1294 2279 1504 2324 rationes
1528 2275 1711 2323 audire.

343 2358 534 2403 Pfflms.
581 2360 833 2405 Summum
867 2359 1055 2405 bonum
1091 2359 1188 2405 sive
1213 2357 1371 2404 'finem
1410 2357 1551 2413 boni,
1591 2355 1688 2403 hoc
1723 2365 1790 2402 est
1829 2354 2300 2402 consummationem
2341 2353 2416 2401 vel

279 2436 619 2500 perfectionem
644 2440 763 2502 ejus,
787 2439 1093 2498 definierunt,
1121 2439 1244 2485 sicut
1264 2437 1480 2502 plerique
1500 2445 1777 2483 nostrorum
1800 2436 2141 2491 meminerunt,
2168 2451 2267 2498 quo
2289 2436 2416 2498 quis-

279 2533 372 2579 que
401 2534 511 2564 cum
545 2521 815 2584 pervenerit
848 2519 1017 2566 beatus
1048 2529 1135 2578 est,
1174 2519 1295 2564 sicut
1319 2534 1345 2564 e
1368 2516 1610 2564 contrario
1636 2532 1879 2562 summum
1907 2514 2105 2574 malum,
2133 2515 2268 2577 cujus
2297 2530 2417 2561 asse-

280 2598 410 2644 cutio
445 2600 670 2646 miserum
711 2600 836 2658 facit.
875 2602 1095 2657 Quorum
1130 2608 1390 2660 utrumque
1425 2595 1644 2644 moribus
1679 2610 2028 2661 promeremur.
2066 2596 2222 2640 Mores
2258 2603 2418 2641 autem

280 2678 477 2727 virtutes
502 2681 576 2727 vel
601 2682 667 2728 eis
697 2680 936 2727 contraria
957 2680 1067 2727 vitia
1092 2688 1280 2725 constat
1312 2678 1564 2743 appellari.
1594 2676 1804 2735 Quidam
1830 2685 1989 2723 tamen
2023 2683 2266 2732 nostrum,
2298 2675 2418 2721 sicut

283 2766 329 2802 et
351 2759 399 2804 in
425 2769 594 2807 octavo
622 2761 680 2807 de
712 2762 911 2808 Ciuitate
941 2759 1157 2807 meminit
1184 2759 1497 2822 Augustinus,
1523 2758 1747 2805 virtutem
1778 2757 1929 2821 ipsam
1965 2771 2208 2802 summum
2231 2753 2418 2801 bonum

285 2836 523 2901 dixerunt,
549 2841 627 2888 alii
649 2841 962 2907 voluptatem.

351 2920 620 2968 Cnms‘mm.
651 2925 712 2968 Ut
735 2922 852 2986 quid
877 2921 1078 2968 obsecro
1100 2920 1395 2985 voluptatem
1423 2918 1793 2967 intellexerunt?

354 2998 537 3046 PmLos.
569 3003 702 3059 Non,
741 3012 793 3048 ut
819 3001 1034 3066 plerique
1073 3002 1333 3060 aestimant,
1367 3000 1631 3048 carnalium
1668 2998 2003 3046 illecebrarum
2037 2995 2339 3043 inhonestam
2371 3001 2418 3039 et

287 3085 476 3140 turpem
498 3079 885 3140 oblectationem,
904 3081 987 3127 sed
1001 3079 1262 3144 quamdam
1282 3081 1560 3126 interiorem
1577 3079 1748 3125 animae
1766 3076 2172 3141 tranquillitatem,
2192 3073 2418 3137 quainter

286 3155 485 3203 adversa
513 3168 558 3204 et
586 3176 816 3223 prospera
850 3170 1009 3206 manet
1031 3160 1209 3222 quieta,
1238 3168 1284 3205 et
1306 3160 1514 3224 propriis
1545 3158 1687 3205 bonis
1719 3166 1973 3215 contenta,
2003 3155 2116 3201 dum
2146 3153 2275 3199 nulla
2311 3168 2416 3199 eam

285 3238 468 3300 peccati
486 3238 703 3286 mordeat
723 3239 1030 3286 conscientia.
1061 3238 1187 3285 Absit
1209 3239 1356 3298 enim,
1383 3250 1434 3286 ut
1452 3237 1730 3303 philosophi
1754 3246 1950 3283 terrenae
1974 3233 2206 3280 felicitatis
2227 3233 2419 3279 maximi

287 3330 644 3385 contemptores
672 3331 718 3369 et
752 3323 975 3387 praecipui
998 3323 1153 3370 carnis
1186 3321 1449 3369 domitores
1477 3322 1526 3368 in
1565 3320 1707 3382 hujus
1741 3320 1844 3366 vitae
1874 3315 2252 3381 turpitudinibus
2287 3333 2416 3363 sum-
