<?xml version="1.0" encoding="UTF-8"?>
<!DOCTYPE html PUBLIC "-//W3C//DTD XHTML 1.0 Transitional//EN"
    "http://www.w3.org/TR/xhtml1/DTD/xhtml1-transitional.dtd">
<html xmlns="http://www.w3.org/1999/xhtml" xml:lang="en" lang="en">
 <head>
  <title>
</title>
<meta http-equiv="Content-Type" content="text/html;charset=utf-8" />
  <meta name='ocr-system' content='tesseract 3.04.00' />
  <meta name='ocr-capabilities' content='ocr_page ocr_carea ocr_par ocr_line ocrx_word'/>
</head>
<body>
  <div class='ocr_page' id='page_1' title='image "./operahactenusseo00abeluoft_0432.png"; bbox 0 0 2638 3866; ppageno 0'>
   <div class='ocr_carea' id='block_1_1' title="bbox 196 243 1526 297">
    <p class='ocr_par' dir='ltr' id='par_1_1' title="bbox 196 243 1526 297">
     <span class='ocr_line' id='line_1_1' title="bbox 196 243 1526 297; baseline -0.004 0"><span class='ocrx_word' id='word_1_1' title='bbox 196 251 291 297; x_wconf 72' lang='lat'>422</span> <span class='ocrx_word' id='word_1_2' title='bbox 1001 245 1174 292; x_wconf 86' lang='lat' dir='ltr'>PETRI</span> <span class='ocrx_word' id='word_1_3' title='bbox 1212 243 1526 293; x_wconf 77' lang='lat' dir='ltr'><strong>ABAELARDI</strong></span> 
     </span>
    </p>
   </div>
   <div class='ocr_carea' id='block_1_2' title="bbox 192 344 2353 2509">
    <p class='ocr_par' dir='ltr' id='par_1_2' title="bbox 192 344 2353 2509">
     <span class='ocr_line' id='line_1_2' title="bbox 195 344 2334 414; baseline 0 -16"><span class='ocrx_word' id='word_1_4' title='bbox 195 350 371 398; x_wconf 85' lang='lat' dir='ltr'>amoris</span> <span class='ocrx_word' id='word_1_5' title='bbox 406 348 564 395; x_wconf 87' lang='lat' dir='ltr'>fervor</span> <span class='ocrx_word' id='word_1_6' title='bbox 601 345 660 392; x_wconf 90' lang='lat' dir='ltr'>ad</span> <span class='ocrx_word' id='word_1_7' title='bbox 691 344 1150 410; x_wconf 88' lang='lat' dir='ltr'>contemplationem</span> <span class='ocrx_word' id='word_1_8' title='bbox 1183 344 1357 393; x_wconf 87' lang='lat' dir='ltr'>divinae</span> <span class='ocrx_word' id='word_1_9' title='bbox 1389 345 1586 393; x_wconf 85' lang='lat' dir='ltr'>visionis</span> <span class='ocrx_word' id='word_1_10' title='bbox 1614 345 1888 411; x_wconf 85' lang='lat' dir='ltr'>suspendit,</span> <span class='ocrx_word' id='word_1_11' title='bbox 1906 349 2041 396; x_wconf 89' lang='lat' dir='ltr'>omni</span> <span class='ocrx_word' id='word_1_12' title='bbox 2065 348 2164 414; x_wconf 90' lang='lat' dir='ltr'>jam</span> <span class='ocrx_word' id='word_1_13' title='bbox 2191 368 2334 399; x_wconf 87' lang='lat' dir='ltr'>mun-</span> 
     </span>
     <span class='ocr_line' id='line_1_3' title="bbox 195 425 2336 491; baseline 0.001 -14"><span class='ocrx_word' id='word_1_14' title='bbox 195 431 431 477; x_wconf 86' lang='lat' dir='ltr'>danarum</span> <span class='ocrx_word' id='word_1_15' title='bbox 460 426 795 474; x_wconf 83' lang='lat' dir='ltr'>necessitatum</span> <span class='ocrx_word' id='word_1_16' title='bbox 827 425 1148 473; x_wconf 88' lang='lat' dir='ltr'>sollicitudine</span> <span class='ocrx_word' id='word_1_17' title='bbox 1182 427 1467 491; x_wconf 84' lang='lat' dir='ltr'>postposita,</span> <span class='ocrx_word' id='word_1_18' title='bbox 1499 435 1547 473; x_wconf 88' lang='lat' dir='ltr'>et</span> <span class='ocrx_word' id='word_1_19' title='bbox 1573 426 1706 491; x_wconf 87' lang='lat' dir='ltr'>quasi</span> <span class='ocrx_word' id='word_1_20' title='bbox 1737 426 1786 473; x_wconf 90' lang='lat' dir='ltr'>in</span> <span class='ocrx_word' id='word_1_21' title='bbox 1820 427 2089 478; x_wconf 86' lang='lat' dir='ltr'>coelestibus</span> <span class='ocrx_word' id='word_1_22' title='bbox 2120 441 2336 480; x_wconf 88' lang='lat' dir='ltr'>nostram</span> 
     </span>
     <span class='ocr_line' id='line_1_4' title="bbox 197 507 2332 576; baseline 0.001 -18"><span class='ocrx_word' id='word_1_23' title='bbox 197 520 324 558; x_wconf 90' lang='lat' dir='ltr'>tenet</span> <span class='ocrx_word' id='word_1_24' title='bbox 357 507 787 556; x_wconf 83' lang='lat' dir='ltr'>conversationem.</span> <span class='ocrx_word' id='word_1_25' title='bbox 829 507 974 565; x_wconf 91' lang='lat' dir='ltr'>Quod</span> <span class='ocrx_word' id='word_1_26' title='bbox 1009 523 1100 554; x_wconf 92' lang='lat' dir='ltr'>nec</span> <span class='ocrx_word' id='word_1_27' title='bbox 1138 508 1241 572; x_wconf 90' lang='lat' dir='ltr'>ipsa</span> <span class='ocrx_word' id='word_1_28' title='bbox 1273 507 1504 555; x_wconf 88' lang='lat' dir='ltr'>Macrobii</span> <span class='ocrx_word' id='word_1_29' title='bbox 1539 508 1772 573; x_wconf 86' lang='lat' dir='ltr'>expositio</span> <span class='ocrx_word' id='word_1_30' title='bbox 1808 519 1975 557; x_wconf 88' lang='lat' dir='ltr'>notare</span> <span class='ocrx_word' id='word_1_31' title='bbox 2011 512 2332 576; x_wconf 70' lang='lat' dir='ltr'>praetermisit,</span> 
     </span>
     <span class='ocr_line' id='line_1_5' title="bbox 194 587 2332 655; baseline 0 -17"><span class='ocrx_word' id='word_1_32' title='bbox 194 591 396 638; x_wconf 83' lang='lat' dir='ltr'>activam</span> <span class='ocrx_word' id='word_1_33' title='bbox 423 597 664 634; x_wconf 88' lang='lat' dir='ltr'>rectorum</span> <span class='ocrx_word' id='word_1_34' title='bbox 693 587 842 634; x_wconf 87' lang='lat' dir='ltr'>vitam</span> <span class='ocrx_word' id='word_1_35' title='bbox 867 604 954 653; x_wconf 89' lang='lat' dir='ltr'>per</span> <span class='ocrx_word' id='word_1_36' title='bbox 982 587 1078 634; x_wconf 92' lang='lat' dir='ltr'>hoc</span> <span class='ocrx_word' id='word_1_37' title='bbox 1104 604 1131 634; x_wconf 87' lang='lat' dir='ltr'>a</span> <span class='ocrx_word' id='word_1_38' title='bbox 1160 587 1568 653; x_wconf 87' lang='lat' dir='ltr'>contemplatione</span> <span class='ocrx_word' id='word_1_39' title='bbox 1591 587 1994 654; x_wconf 88' lang='lat' dir='ltr'>philosophorum</span> <span class='ocrx_word' id='word_1_40' title='bbox 2018 590 2332 655; x_wconf 84' lang='lat' dir='ltr'>distinguens.</span> 
     </span>
     <span class='ocr_line' id='line_1_6' title="bbox 196 668 2338 734; baseline 0.001 -16"><span class='ocrx_word' id='word_1_41' title='bbox 196 675 326 718; x_wconf 89' lang='lat' dir='ltr'>Duos</span> <span class='ocrx_word' id='word_1_42' title='bbox 368 670 527 732; x_wconf 86' lang='lat' dir='ltr'>itaque</span> <span class='ocrx_word' id='word_1_43' title='bbox 567 668 921 715; x_wconf 88' lang='lat' dir='ltr'>continentium</span> <span class='ocrx_word' id='word_1_44' title='bbox 969 668 1163 716; x_wconf 88' lang='lat' dir='ltr'>ordines</span> <span class='ocrx_word' id='word_1_45' title='bbox 1211 669 1260 715; x_wconf 88' lang='lat' dir='ltr'>in</span> <span class='ocrx_word' id='word_1_46' title='bbox 1310 668 1615 734; x_wconf 90' lang='lat' dir='ltr'>philosophis</span> <span class='ocrx_word' id='word_1_47' title='bbox 1649 669 2019 731; x_wconf 89' lang='lat' dir='ltr'>concluserunt,</span> <span class='ocrx_word' id='word_1_48' title='bbox 2071 689 2180 719; x_wconf 92' lang='lat' dir='ltr'>cum</span> <span class='ocrx_word' id='word_1_49' title='bbox 2220 673 2338 721; x_wconf 88' lang='lat' dir='ltr'>alios</span> 
     </span>
     <span class='ocr_line' id='line_1_7' title="bbox 192 747 2339 817; baseline 0 -19"><span class='ocrx_word' id='word_1_50' title='bbox 192 751 351 798; x_wconf 86' lang='lat' dir='ltr'>adhuc</span> <span class='ocrx_word' id='word_1_51' title='bbox 389 749 583 814; x_wconf 85' lang='lat' dir='ltr'>purgari</span> <span class='ocrx_word' id='word_1_52' title='bbox 616 764 702 813; x_wconf 91' lang='lat' dir='ltr'>per</span> <span class='ocrx_word' id='word_1_53' title='bbox 735 747 1030 796; x_wconf 70' lang='lat' dir='ltr'>abstinentiae</span> <span class='ocrx_word' id='word_1_54' title='bbox 1059 765 1116 797; x_wconf 88' lang='lat' dir='ltr'>ac</span> <span class='ocrx_word' id='word_1_55' title='bbox 1146 749 1291 797; x_wconf 84' lang='lat' dir='ltr'>studii</span> <span class='ocrx_word' id='word_1_56' title='bbox 1319 749 1647 798; x_wconf 84' lang='lat' dir='ltr'>assiduitatem</span> <span class='ocrx_word' id='word_1_57' title='bbox 1679 749 1863 812; x_wconf 87' lang='lat' dir='ltr'>dicunt,</span> <span class='ocrx_word' id='word_1_58' title='bbox 1892 753 1976 816; x_wconf 92' lang='lat' dir='ltr'>qui</span> <span class='ocrx_word' id='word_1_59' title='bbox 2008 752 2207 799; x_wconf 82' lang='lat' dir='ltr'>fortasse</span> <span class='ocrx_word' id='word_1_60' title='bbox 2233 752 2339 817; x_wconf 84' lang='lat' dir='ltr'>phi-</span> 
     </span>
     <span class='ocr_line' id='line_1_8' title="bbox 194 829 2339 896; baseline 0.001 -18"><span class='ocrx_word' id='word_1_61' title='bbox 194 830 504 896; x_wconf 84' lang='lat' dir='ltr'>losophantes</span> <span class='ocrx_word' id='word_1_62' title='bbox 542 830 716 877; x_wconf 91' lang='lat' dir='ltr'>rectius</span> <span class='ocrx_word' id='word_1_63' title='bbox 751 846 898 893; x_wconf 91' lang='lat' dir='ltr'>quam</span> <span class='ocrx_word' id='word_1_64' title='bbox 936 829 1217 895; x_wconf 83' lang='lat' dir='ltr'>philosophi</span> <span class='ocrx_word' id='word_1_65' title='bbox 1255 829 1448 877; x_wconf 88' lang='lat' dir='ltr'>dicendi</span> <span class='ocrx_word' id='word_1_66' title='bbox 1487 839 1626 886; x_wconf 90' lang='lat' dir='ltr'>sunt,</span> <span class='ocrx_word' id='word_1_67' title='bbox 1666 839 1713 877; x_wconf 89' lang='lat' dir='ltr'>et</span> <span class='ocrx_word' id='word_1_68' title='bbox 1752 833 1999 879; x_wconf 90' lang='lat' dir='ltr'>communi</span> <span class='ocrx_word' id='word_1_69' title='bbox 2041 832 2339 881; x_wconf 84' lang='lat' dir='ltr'>habitatione</span> 
     </span>
     <span class='ocr_line' id='line_1_9' title="bbox 194 909 2337 979; baseline 0.002 -22"><span class='ocrx_word' id='word_1_70' title='bbox 194 911 482 968; x_wconf 85' lang='lat' dir='ltr'>studiorum,</span> <span class='ocrx_word' id='word_1_71' title='bbox 518 911 721 957; x_wconf 81' lang='lat' dir='ltr'>sormam</span> <span class='ocrx_word' id='word_1_72' title='bbox 752 909 1104 957; x_wconf 79' lang='lat' dir='ltr'>coenobitarum</span> <span class='ocrx_word' id='word_1_73' title='bbox 1131 919 1298 958; x_wconf 90' lang='lat' dir='ltr'>tenent</span> <span class='ocrx_word' id='word_1_74' title='bbox 1324 910 1696 971; x_wconf 88' lang='lat' dir='ltr'>monachorum,</span> <span class='ocrx_word' id='word_1_75' title='bbox 1735 910 1926 974; x_wconf 87' lang='lat' dir='ltr'>qualem</span> <span class='ocrx_word' id='word_1_76' title='bbox 1947 922 1994 959; x_wconf 88' lang='lat' dir='ltr'>et</span> <span class='ocrx_word' id='word_1_77' title='bbox 2021 913 2258 979; x_wconf 90' lang='lat' dir='ltr'>Josephus</span> <span class='ocrx_word' id='word_1_78' title='bbox 2288 914 2337 961; x_wconf 91' lang='lat' dir='ltr'>in</span> 
     </span>
     <span class='ocr_line' id='line_1_10' title="bbox 194 990 2341 1059; baseline 0.001 -20"><span class='ocrx_word' id='word_1_79' title='bbox 194 1003 365 1041; x_wconf 86' lang='lat' dir='ltr'>octavo</span> <span class='ocrx_word' id='word_1_80' title='bbox 380 992 570 1039; x_wconf 91' lang='lat' dir='ltr'>decimo</span> <span class='ocrx_word' id='word_1_81' title='bbox 587 992 942 1056; x_wconf 78' lang='lat' dir='ltr'>Antiquitatum</span> <span class='ocrx_word' id='word_1_82' title='bbox 959 990 1084 1037; x_wconf 91' lang='lat' dir='ltr'>libro</span> <span class='ocrx_word' id='word_1_83' title='bbox 1104 991 1249 1039; x_wconf 90' lang='lat' dir='ltr'>vitam</span> <span class='ocrx_word' id='word_1_84' title='bbox 1269 994 1560 1038; x_wconf 87' lang='lat' dir='ltr'>Essenorum</span> <span class='ocrx_word' id='word_1_85' title='bbox 1577 990 1819 1053; x_wconf 84' lang='lat' dir='ltr'>describit,</span> <span class='ocrx_word' id='word_1_86' title='bbox 1841 991 1952 1040; x_wconf 90' lang='lat' dir='ltr'>cum</span> <span class='ocrx_word' id='word_1_87' title='bbox 1966 993 2096 1059; x_wconf 88' lang='lat' dir='ltr'>apud</span> <span class='ocrx_word' id='word_1_88' title='bbox 2113 993 2341 1041; x_wconf 83' lang='lat' dir='ltr'>Hebraeos</span> 
     </span>
     <span class='ocr_line' id='line_1_11' title="bbox 194 1070 2341 1139; baseline 0.001 -20"><span class='ocrx_word' id='word_1_89' title='bbox 194 1089 388 1137; x_wconf 90' lang='lat' dir='ltr'>quoque</span> <span class='ocrx_word' id='word_1_90' title='bbox 418 1072 510 1120; x_wconf 89' lang='lat' dir='ltr'>tria</span> <span class='ocrx_word' id='word_1_91' title='bbox 542 1087 717 1134; x_wconf 82' lang='lat' dir='ltr'>genera</span> <span class='ocrx_word' id='word_1_92' title='bbox 740 1070 1148 1136; x_wconf 88' lang='lat' dir='ltr'>philosophorum</span> <span class='ocrx_word' id='word_1_93' title='bbox 1179 1081 1228 1118; x_wconf 89' lang='lat' dir='ltr'>et</span> <span class='ocrx_word' id='word_1_94' title='bbox 1257 1088 1427 1118; x_wconf 91' lang='lat' dir='ltr'>eorum</span> <span class='ocrx_word' id='word_1_95' title='bbox 1450 1080 1600 1118; x_wconf 89' lang='lat' dir='ltr'>sectas</span> <span class='ocrx_word' id='word_1_96' title='bbox 1622 1070 1961 1136; x_wconf 84' lang='lat' dir='ltr'>distingueret,</span> <span class='ocrx_word' id='word_1_97' title='bbox 1988 1091 2199 1139; x_wconf 89' lang='lat' dir='ltr'>quorum</span> <span class='ocrx_word' id='word_1_98' title='bbox 2223 1074 2341 1122; x_wconf 90' lang='lat' dir='ltr'>alios</span> 
     </span>
     <span class='ocr_line' id='line_1_12' title="bbox 196 1150 2341 1217; baseline 0 -16"><span class='ocrx_word' id='word_1_99' title='bbox 196 1153 473 1213; x_wconf 80' lang='lat' dir='ltr'>Pharisaeos,</span> <span class='ocrx_word' id='word_1_100' title='bbox 498 1152 618 1199; x_wconf 91' lang='lat' dir='ltr'>alios</span> <span class='ocrx_word' id='word_1_101' title='bbox 635 1151 905 1210; x_wconf 86' lang='lat' dir='ltr'>Saducaeos,</span> <span class='ocrx_word' id='word_1_102' title='bbox 926 1150 1045 1198; x_wconf 87' lang='lat' dir='ltr'>alios</span> <span class='ocrx_word' id='word_1_103' title='bbox 1065 1153 1270 1199; x_wconf 88' lang='lat' dir='ltr'>Essenos</span> <span class='ocrx_word' id='word_1_104' title='bbox 1292 1151 1517 1217; x_wconf 86' lang='lat' dir='ltr'>appellat,</span> <span class='ocrx_word' id='word_1_105' title='bbox 1539 1169 1661 1216; x_wconf 86' lang='lat' dir='ltr'>quos</span> <span class='ocrx_word' id='word_1_106' title='bbox 1683 1153 1880 1217; x_wconf 85' lang='lat' dir='ltr'>quidem</span> <span class='ocrx_word' id='word_1_107' title='bbox 1904 1156 2193 1203; x_wconf 87' lang='lat' dir='ltr'>novissimos</span> <span class='ocrx_word' id='word_1_108' title='bbox 2211 1156 2341 1202; x_wconf 88' lang='lat' dir='ltr'>miris</span> 
     </span>
     <span class='ocr_line' id='line_1_13' title="bbox 195 1232 2342 1301; baseline 0.001 -20"><span class='ocrx_word' id='word_1_109' title='bbox 195 1235 330 1283; x_wconf 88' lang='lat' dir='ltr'>effert</span> <span class='ocrx_word' id='word_1_110' title='bbox 348 1233 599 1291; x_wconf 82' lang='lat' dir='ltr'>laudibus3</span> <span class='ocrx_word' id='word_1_111' title='bbox 627 1232 747 1279; x_wconf 88' lang='lat' dir='ltr'>alios</span> <span class='ocrx_word' id='word_1_112' title='bbox 768 1232 868 1295; x_wconf 86' lang='lat' dir='ltr'>jam</span> <span class='ocrx_word' id='word_1_113' title='bbox 901 1233 1090 1297; x_wconf 86' lang='lat' dir='ltr'>purgati</span> <span class='ocrx_word' id='word_1_114' title='bbox 1122 1249 1176 1279; x_wconf 89' lang='lat' dir='ltr'>ac</span> <span class='ocrx_word' id='word_1_115' title='bbox 1200 1232 1401 1280; x_wconf 84' lang='lat' dir='ltr'>defecati</span> <span class='ocrx_word' id='word_1_116' title='bbox 1433 1232 1578 1280; x_wconf 89' lang='lat' dir='ltr'>animi</span> <span class='ocrx_word' id='word_1_117' title='bbox 1610 1249 1728 1291; x_wconf 88' lang='lat' dir='ltr'>esse,</span> <span class='ocrx_word' id='word_1_118' title='bbox 1755 1234 1803 1281; x_wconf 93' lang='lat' dir='ltr'>in</span> <span class='ocrx_word' id='word_1_119' title='bbox 1833 1251 2040 1298; x_wconf 88' lang='lat' dir='ltr'>quorum</span> <span class='ocrx_word' id='word_1_120' title='bbox 2070 1253 2215 1283; x_wconf 90' lang='lat' dir='ltr'>carne</span> <span class='ocrx_word' id='word_1_121' title='bbox 2242 1237 2342 1301; x_wconf 88' lang='lat' dir='ltr'>jam</span> 
     </span>
     <span class='ocr_line' id='line_1_14' title="bbox 203 1312 2342 1380; baseline 0 -17"><span class='ocrx_word' id='word_1_122' title='bbox 203 1333 287 1380; x_wconf 87' lang='lat' dir='ltr'>per</span> <span class='ocrx_word' id='word_1_123' title='bbox 312 1315 547 1362; x_wconf 85' lang='lat' dir='ltr'>diutinam</span> <span class='ocrx_word' id='word_1_124' title='bbox 574 1312 911 1359; x_wconf 87' lang='lat' dir='ltr'>abstinentiam</span> <span class='ocrx_word' id='word_1_125' title='bbox 936 1312 1239 1374; x_wconf 86' lang='lat' dir='ltr'>mortificata,</span> <span class='ocrx_word' id='word_1_126' title='bbox 1264 1313 1423 1360; x_wconf 90' lang='lat' dir='ltr'>nullus</span> <span class='ocrx_word' id='word_1_127' title='bbox 1437 1313 1537 1377; x_wconf 91' lang='lat' dir='ltr'>jam</span> <span class='ocrx_word' id='word_1_128' title='bbox 1559 1314 1768 1379; x_wconf 87' lang='lat' dir='ltr'>irrepere</span> <span class='ocrx_word' id='word_1_129' title='bbox 1798 1315 1873 1362; x_wconf 90' lang='lat' dir='ltr'>vel</span> <span class='ocrx_word' id='word_1_130' title='bbox 1899 1316 2138 1364; x_wconf 88' lang='lat' dir='ltr'>dominari</span> <span class='ocrx_word' id='word_1_131' title='bbox 2161 1332 2342 1364; x_wconf 91' lang='lat' dir='ltr'>concu-</span> 
     </span>
     <span class='ocr_line' id='line_1_15' title="bbox 203 1392 2344 1462; baseline 0 -18"><span class='ocrx_word' id='word_1_132' title='bbox 203 1396 441 1462; x_wconf 82' lang='lat' dir='ltr'>piscentiae</span> <span class='ocrx_word' id='word_1_133' title='bbox 466 1404 625 1440; x_wconf 90' lang='lat' dir='ltr'>motus</span> <span class='ocrx_word' id='word_1_134' title='bbox 650 1392 794 1454; x_wconf 87' lang='lat' dir='ltr'>valet,</span> <span class='ocrx_word' id='word_1_135' title='bbox 818 1393 902 1457; x_wconf 91' lang='lat' dir='ltr'>qui</span> <span class='ocrx_word' id='word_1_136' title='bbox 920 1393 1021 1457; x_wconf 88' lang='lat' dir='ltr'>jam</span> <span class='ocrx_word' id='word_1_137' title='bbox 1042 1393 1255 1442; x_wconf 90' lang='lat' dir='ltr'>solitaria</span> <span class='ocrx_word' id='word_1_138' title='bbox 1282 1393 1577 1442; x_wconf 83' lang='lat' dir='ltr'>habitatione</span> <span class='ocrx_word' id='word_1_139' title='bbox 1601 1395 1835 1458; x_wconf 88' lang='lat' dir='ltr'>viventes,</span> <span class='ocrx_word' id='word_1_140' title='bbox 1864 1413 1953 1443; x_wconf 92' lang='lat' dir='ltr'>suo</span> <span class='ocrx_word' id='word_1_141' title='bbox 1976 1399 2081 1462; x_wconf 89' lang='lat' dir='ltr'>ipso</span> <span class='ocrx_word' id='word_1_142' title='bbox 2104 1396 2344 1445; x_wconf 85' lang='lat' dir='ltr'>sufficiant</span> 
     </span>
     <span class='ocr_line' id='line_1_16' title="bbox 204 1475 2345 1546; baseline -0 -18"><span class='ocrx_word' id='word_1_143' title='bbox 204 1479 437 1546; x_wconf 76' lang='lat' dir='ltr'>praesidio,</span> <span class='ocrx_word' id='word_1_144' title='bbox 462 1477 677 1542; x_wconf 88' lang='lat' dir='ltr'>qualium</span> <span class='ocrx_word' id='word_1_145' title='bbox 701 1475 962 1541; x_wconf 85' lang='lat' dir='ltr'>perfectam</span> <span class='ocrx_word' id='word_1_146' title='bbox 988 1476 1389 1525; x_wconf 87' lang='lat' dir='ltr'>anachoretarum</span> <span class='ocrx_word' id='word_1_147' title='bbox 1417 1477 1561 1525; x_wconf 84' lang='lat' dir='ltr'>vitam</span> <span class='ocrx_word' id='word_1_148' title='bbox 1589 1477 1812 1541; x_wconf 75' lang='lat' dir='ltr'>dicimus,</span> <span class='ocrx_word' id='word_1_149' title='bbox 1845 1496 1970 1544; x_wconf 89' lang='lat' dir='ltr'>quos</span> <span class='ocrx_word' id='word_1_150' title='bbox 1993 1479 2189 1543; x_wconf 90' lang='lat' dir='ltr'>quidem</span> <span class='ocrx_word' id='word_1_151' title='bbox 2211 1479 2345 1543; x_wconf 84' lang='lat' dir='ltr'>juxta</span> 
     </span>
     <span class='ocr_line' id='line_1_17' title="bbox 202 1557 2344 1624; baseline -0 -15"><span class='ocrx_word' id='word_1_152' title='bbox 202 1563 551 1624; x_wconf 84' lang='lat' dir='ltr'>Hieronymum</span> <span class='ocrx_word' id='word_1_153' title='bbox 583 1557 644 1605; x_wconf 86' lang='lat' dir='ltr'>ad</span> <span class='ocrx_word' id='word_1_154' title='bbox 671 1558 915 1605; x_wconf 84' lang='lat' dir='ltr'>Rusticum</span> <span class='ocrx_word' id='word_1_155' title='bbox 940 1558 1234 1605; x_wconf 88' lang='lat' dir='ltr'>monachum</span> <span class='ocrx_word' id='word_1_156' title='bbox 1257 1558 1562 1621; x_wconf 84' lang='lat' dir='ltr'>scribentem,</span> <span class='ocrx_word' id='word_1_157' title='bbox 1591 1559 1650 1607; x_wconf 91' lang='lat' dir='ltr'>de</span> <span class='ocrx_word' id='word_1_158' title='bbox 1674 1570 1917 1608; x_wconf 88' lang='lat' dir='ltr'>conventu</span> <span class='ocrx_word' id='word_1_159' title='bbox 1941 1561 2344 1608; x_wconf 85' lang='lat' dir='ltr'>monasteriorum</span> 
     </span>
     <span class='ocr_line' id='line_1_18' title="bbox 204 1638 2347 1706; baseline -0.001 -17"><span class='ocrx_word' id='word_1_160' title='bbox 204 1641 363 1706; x_wconf 87' lang='lat' dir='ltr'>egredi</span> <span class='ocrx_word' id='word_1_161' title='bbox 394 1647 586 1704; x_wconf 87' lang='lat' dir='ltr'>oportet</span> <span class='ocrx_word' id='word_1_162' title='bbox 610 1638 746 1702; x_wconf 90' lang='lat' dir='ltr'>quasi</span> <span class='ocrx_word' id='word_1_163' title='bbox 782 1638 843 1685; x_wconf 92' lang='lat' dir='ltr'>de</span> <span class='ocrx_word' id='word_1_164' title='bbox 875 1638 1039 1686; x_wconf 89' lang='lat' dir='ltr'>schola</span> <span class='ocrx_word' id='word_1_165' title='bbox 1062 1638 1510 1705; x_wconf 90' lang='lat' dir='ltr'>philosophantium</span> <span class='ocrx_word' id='word_1_166' title='bbox 1528 1677 1540 1701; x_wconf 98' lang='lat'>,</span> <span class='ocrx_word' id='word_1_167' title='bbox 1573 1650 1628 1687; x_wconf 90' lang='lat' dir='ltr'>ut</span> <span class='ocrx_word' id='word_1_168' title='bbox 1658 1639 1753 1687; x_wconf 89' lang='lat' dir='ltr'>illic</span> <span class='ocrx_word' id='word_1_169' title='bbox 1784 1640 1875 1688; x_wconf 90' lang='lat' dir='ltr'>sub</span> <span class='ocrx_word' id='word_1_170' title='bbox 1899 1641 2061 1705; x_wconf 86' lang='lat' dir='ltr'>regula</span> <span class='ocrx_word' id='word_1_171' title='bbox 2084 1640 2347 1706; x_wconf 79' lang='lat' dir='ltr'>disciplinae</span> 
     </span>
     <span class='ocr_line' id='line_1_19' title="bbox 204 1719 2349 1786; baseline -0.001 -17"><span class='ocrx_word' id='word_1_172' title='bbox 204 1724 517 1779; x_wconf 86' lang='lat' dir='ltr'>instruantur,</span> <span class='ocrx_word' id='word_1_173' title='bbox 560 1728 706 1782; x_wconf 86' lang='lat' dir='ltr'>atque</span> <span class='ocrx_word' id='word_1_174' title='bbox 742 1728 840 1766; x_wconf 88' lang='lat' dir='ltr'>tam</span> <span class='ocrx_word' id='word_1_175' title='bbox 880 1719 1102 1784; x_wconf 89' lang='lat' dir='ltr'>exemplo</span> <span class='ocrx_word' id='word_1_176' title='bbox 1135 1719 1342 1767; x_wconf 90' lang='lat' dir='ltr'>aliorum</span> <span class='ocrx_word' id='word_1_177' title='bbox 1384 1738 1529 1784; x_wconf 90' lang='lat' dir='ltr'>quam</span> <span class='ocrx_word' id='word_1_178' title='bbox 1570 1720 1720 1768; x_wconf 90' lang='lat' dir='ltr'>verbo</span> <span class='ocrx_word' id='word_1_179' title='bbox 1757 1721 1818 1769; x_wconf 92' lang='lat' dir='ltr'>ad</span> <span class='ocrx_word' id='word_1_180' title='bbox 1854 1722 2198 1786; x_wconf 84' lang='lat' dir='ltr'>perfectionem</span> <span class='ocrx_word' id='word_1_181' title='bbox 2235 1737 2349 1768; x_wconf 84' lang='lat' dir='ltr'>eru-</span> 
     </span>
     <span class='ocr_line' id='line_1_20' title="bbox 203 1799 2349 1866; baseline -0.001 -16"><span class='ocrx_word' id='word_1_182' title='bbox 203 1803 412 1861; x_wconf 87' lang='lat' dir='ltr'>diantur,</span> <span class='ocrx_word' id='word_1_183' title='bbox 451 1810 498 1847; x_wconf 90' lang='lat' dir='ltr'>et</span> <span class='ocrx_word' id='word_1_184' title='bbox 530 1815 559 1847; x_wconf 88' lang='lat' dir='ltr'>a</span> <span class='ocrx_word' id='word_1_185' title='bbox 589 1799 769 1846; x_wconf 86' lang='lat' dir='ltr'>recenti</span> <span class='ocrx_word' id='word_1_186' title='bbox 794 1799 1144 1846; x_wconf 85' lang='lat' dir='ltr'>consuetudine</span> <span class='ocrx_word' id='word_1_187' title='bbox 1177 1800 1478 1865; x_wconf 88' lang='lat' dir='ltr'>voluptatum</span> <span class='ocrx_word' id='word_1_188' title='bbox 1511 1800 1706 1847; x_wconf 91' lang='lat' dir='ltr'>abducti</span> <span class='ocrx_word' id='word_1_189' title='bbox 1729 1811 2024 1866; x_wconf 83' lang='lat' dir='ltr'>purgentur3</span> <span class='ocrx_word' id='word_1_190' title='bbox 2054 1801 2135 1848; x_wconf 91' lang='lat' dir='ltr'>hic</span> <span class='ocrx_word' id='word_1_191' title='bbox 2160 1802 2349 1866; x_wconf 86' lang='lat' dir='ltr'>purgati</span> 
     </span>
     <span class='ocr_line' id='line_1_21' title="bbox 199 1880 2349 1947; baseline -0.001 -17"><span class='ocrx_word' id='word_1_192' title='bbox 199 1885 314 1946; x_wconf 89' lang='lat' dir='ltr'>jam,</span> <span class='ocrx_word' id='word_1_193' title='bbox 352 1891 399 1929; x_wconf 92' lang='lat' dir='ltr'>et</span> <span class='ocrx_word' id='word_1_194' title='bbox 430 1882 481 1928; x_wconf 93' lang='lat' dir='ltr'>in</span> <span class='ocrx_word' id='word_1_195' title='bbox 518 1880 744 1927; x_wconf 90' lang='lat' dir='ltr'>omnibus</span> <span class='ocrx_word' id='word_1_196' title='bbox 778 1880 1014 1938; x_wconf 87' lang='lat' dir='ltr'>instructi,</span> <span class='ocrx_word' id='word_1_197' title='bbox 1050 1881 1334 1944; x_wconf 86' lang='lat' dir='ltr'>cunctisque-</span> <span class='ocrx_word' id='word_1_198' title='bbox 1365 1881 1685 1928; x_wconf 85' lang='lat' dir='ltr'>tentationum</span> <span class='ocrx_word' id='word_1_199' title='bbox 1720 1881 1934 1928; x_wconf 91' lang='lat' dir='ltr'>motibus</span> <span class='ocrx_word' id='word_1_200' title='bbox 1967 1882 2185 1947; x_wconf 90' lang='lat' dir='ltr'>repulsis,</span> <span class='ocrx_word' id='word_1_201' title='bbox 2213 1882 2349 1946; x_wconf 88' lang='lat' dir='ltr'>quasi</span> 
     </span>
     <span class='ocr_line' id='line_1_22' title="bbox 202 1961 2344 2029; baseline -0.001 -18"><span class='ocrx_word' id='word_1_202' title='bbox 202 1965 275 2012; x_wconf 89' lang='lat' dir='ltr'>sui</span> <span class='ocrx_word' id='word_1_203' title='bbox 312 1966 530 2029; x_wconf 90' lang='lat' dir='ltr'>ipsorum</span> <span class='ocrx_word' id='word_1_204' title='bbox 565 1962 788 2020; x_wconf 89' lang='lat' dir='ltr'>victores,</span> <span class='ocrx_word' id='word_1_205' title='bbox 829 1961 905 2009; x_wconf 91' lang='lat' dir='ltr'>sui</span> <span class='ocrx_word' id='word_1_206' title='bbox 933 1961 1143 2024; x_wconf 87' lang='lat' dir='ltr'>regimen</span> <span class='ocrx_word' id='word_1_207' title='bbox 1184 1962 1338 2008; x_wconf 90' lang='lat' dir='ltr'>securi</span> <span class='ocrx_word' id='word_1_208' title='bbox 1373 1962 1650 2028; x_wconf 83' lang='lat' dir='ltr'>suscipiant,</span> <span class='ocrx_word' id='word_1_209' title='bbox 1694 1971 1741 2010; x_wconf 90' lang='lat' dir='ltr'>et</span> <span class='ocrx_word' id='word_1_210' title='bbox 1777 1962 1837 2010; x_wconf 89' lang='lat' dir='ltr'>ad</span> <span class='ocrx_word' id='word_1_211' title='bbox 1873 1962 2137 2010; x_wconf 84' lang='lat' dir='ltr'>videndum</span> <span class='ocrx_word' id='word_1_212' title='bbox 2170 1965 2344 2022; x_wconf 90' lang='lat' dir='ltr'>Deum,</span> 
     </span>
     <span class='ocr_line' id='line_1_23' title="bbox 203 2040 2351 2109; baseline -0.001 -18"><span class='ocrx_word' id='word_1_213' title='bbox 203 2045 412 2109; x_wconf 83' lang='lat' dir='ltr'>purgatis</span> <span class='ocrx_word' id='word_1_214' title='bbox 440 2043 540 2106; x_wconf 88' lang='lat' dir='ltr'>jam</span> <span class='ocrx_word' id='word_1_215' title='bbox 570 2040 829 2099; x_wconf 89' lang='lat' dir='ltr'>mentibus,</span> <span class='ocrx_word' id='word_1_216' title='bbox 873 2042 959 2087; x_wconf 92' lang='lat' dir='ltr'>toti</span> <span class='ocrx_word' id='word_1_217' title='bbox 992 2040 1245 2102; x_wconf 84' lang='lat' dir='ltr'>anhelent,</span> <span class='ocrx_word' id='word_1_218' title='bbox 1287 2051 1339 2088; x_wconf 92' lang='lat' dir='ltr'>ut</span> <span class='ocrx_word' id='word_1_219' title='bbox 1374 2042 1474 2105; x_wconf 83' lang='lat' dir='ltr'>jam</span> <span class='ocrx_word' id='word_1_220' title='bbox 1510 2041 1642 2089; x_wconf 87' lang='lat' dir='ltr'>nulla</span> <span class='ocrx_word' id='word_1_221' title='bbox 1677 2041 1936 2090; x_wconf 90' lang='lat' dir='ltr'>hominum</span> <span class='ocrx_word' id='word_1_222' title='bbox 1977 2042 2243 2107; x_wconf 80' lang='lat' dir='ltr'>frequentia</span> <span class='ocrx_word' id='word_1_223' title='bbox 2274 2042 2351 2088; x_wconf 89' lang='lat' dir='ltr'>vel</span> 
     </span>
     <span class='ocr_line' id='line_1_24' title="bbox 202 2121 2351 2191; baseline -0.002 -19"><span class='ocrx_word' id='word_1_224' title='bbox 202 2134 393 2191; x_wconf 90' lang='lat' dir='ltr'>aspectu</span> <span class='ocrx_word' id='word_1_225' title='bbox 423 2124 486 2171; x_wconf 90' lang='lat' dir='ltr'>ab</span> <span class='ocrx_word' id='word_1_226' title='bbox 522 2123 603 2171; x_wconf 87' lang='lat' dir='ltr'>illa</span> <span class='ocrx_word' id='word_1_227' title='bbox 628 2122 1052 2186; x_wconf 86' lang='lat' dir='ltr'>contemplationis</span> <span class='ocrx_word' id='word_1_228' title='bbox 1083 2121 1366 2170; x_wconf 87' lang='lat' dir='ltr'>celsitudine</span> <span class='ocrx_word' id='word_1_229' title='bbox 1399 2133 1704 2171; x_wconf 87' lang='lat' dir='ltr'>revocentur.</span> <span class='ocrx_word' id='word_1_230' title='bbox 1733 2125 1954 2181; x_wconf 80' lang='lat' dir='ltr'>Quantus</span> <span class='ocrx_word' id='word_1_231' title='bbox 1984 2132 2147 2171; x_wconf 87' lang='lat' dir='ltr'>autem</span> <span class='ocrx_word' id='word_1_232' title='bbox 2179 2122 2351 2170; x_wconf 89' lang='lat' dir='ltr'>mundi</span> 
     </span>
     <span class='ocr_line' id='line_1_25' title="bbox 201 2201 2350 2270; baseline -0.002 -17"><span class='ocrx_word' id='word_1_233' title='bbox 201 2214 506 2270; x_wconf 90' lang='lat' dir='ltr'>contemptus</span> <span class='ocrx_word' id='word_1_234' title='bbox 551 2202 681 2267; x_wconf 86' lang='lat' dir='ltr'>apud</span> <span class='ocrx_word' id='word_1_235' title='bbox 726 2201 1044 2267; x_wconf 89' lang='lat' dir='ltr'>philosophos</span> <span class='ocrx_word' id='word_1_236' title='bbox 1086 2201 1253 2263; x_wconf 86' lang='lat' dir='ltr'>suerit,</span> <span class='ocrx_word' id='word_1_237' title='bbox 1294 2211 1341 2251; x_wconf 83' lang='lat' dir='ltr'>et</span> <span class='ocrx_word' id='word_1_238' title='bbox 1377 2220 1525 2268; x_wconf 89' lang='lat' dir='ltr'>quam</span> <span class='ocrx_word' id='word_1_239' title='bbox 1564 2203 1659 2251; x_wconf 90' lang='lat' dir='ltr'>sibi</span> <span class='ocrx_word' id='word_1_240' title='bbox 1703 2213 1882 2250; x_wconf 90' lang='lat' dir='ltr'>arctam</span> <span class='ocrx_word' id='word_1_241' title='bbox 1924 2203 2070 2251; x_wconf 89' lang='lat' dir='ltr'>vitam</span> <span class='ocrx_word' id='word_1_242' title='bbox 2111 2220 2139 2250; x_wconf 88' lang='lat' dir='ltr'>a</span> <span class='ocrx_word' id='word_1_243' title='bbox 2177 2201 2350 2250; x_wconf 85' lang='lat' dir='ltr'>saeculo</span> 
     </span>
     <span class='ocr_line' id='line_1_26' title="bbox 202 2283 2352 2350; baseline -0.002 -18"><span class='ocrx_word' id='word_1_244' title='bbox 202 2286 480 2334; x_wconf 88' lang='lat' dir='ltr'>recedentes</span> <span class='ocrx_word' id='word_1_245' title='bbox 514 2284 823 2343; x_wconf 82' lang='lat' dir='ltr'>instituerint,</span> <span class='ocrx_word' id='word_1_246' title='bbox 860 2292 1196 2347; x_wconf 86' lang='lat' dir='ltr'>quantumque</span> <span class='ocrx_word' id='word_1_247' title='bbox 1222 2283 1341 2331; x_wconf 88' lang='lat' dir='ltr'>alios</span> <span class='ocrx_word' id='word_1_248' title='bbox 1370 2284 1434 2332; x_wconf 86' lang='lat' dir='ltr'>ad</span> <span class='ocrx_word' id='word_1_249' title='bbox 1456 2285 1551 2331; x_wconf 90' lang='lat' dir='ltr'>hoc</span> <span class='ocrx_word' id='word_1_250' title='bbox 1585 2284 1746 2350; x_wconf 91' lang='lat' dir='ltr'>ipsum</span> <span class='ocrx_word' id='word_1_251' title='bbox 1774 2294 1872 2332; x_wconf 88' lang='lat' dir='ltr'>tam</span> <span class='ocrx_word' id='word_1_252' title='bbox 1902 2283 2036 2331; x_wconf 89' lang='lat' dir='ltr'>factis</span> <span class='ocrx_word' id='word_1_253' title='bbox 2057 2283 2172 2348; x_wconf 88' lang='lat' dir='ltr'>ipsis</span> <span class='ocrx_word' id='word_1_254' title='bbox 2204 2297 2352 2346; x_wconf 89' lang='lat' dir='ltr'>quam</span> 
     </span>
     <span class='ocr_line' id='line_1_27' title="bbox 203 2362 2353 2430; baseline -0.002 -16"><span class='ocrx_word' id='word_1_255' title='bbox 203 2367 340 2414; x_wconf 88' lang='lat' dir='ltr'>dictis</span> <span class='ocrx_word' id='word_1_256' title='bbox 380 2365 624 2414; x_wconf 88' lang='lat' dir='ltr'>adhortati</span> <span class='ocrx_word' id='word_1_257' title='bbox 667 2363 777 2418; x_wconf 87' lang='lat' dir='ltr'>sint,</span> <span class='ocrx_word' id='word_1_258' title='bbox 817 2362 1036 2427; x_wconf 88' lang='lat' dir='ltr'>pluribus</span> <span class='ocrx_word' id='word_1_259' title='bbox 1073 2373 1349 2411; x_wconf 90' lang='lat' dir='ltr'>sanctorum</span> <span class='ocrx_word' id='word_1_260' title='bbox 1392 2382 1590 2430; x_wconf 90' lang='lat' dir='ltr'>quoque</span> <span class='ocrx_word' id='word_1_261' title='bbox 1630 2374 1819 2430; x_wconf 91' lang='lat' dir='ltr'>patrum</span> <span class='ocrx_word' id='word_1_262' title='bbox 1861 2364 2145 2412; x_wconf 88' lang='lat' dir='ltr'>testimoniis</span> <span class='ocrx_word' id='word_1_263' title='bbox 2180 2362 2353 2410; x_wconf 92' lang='lat' dir='ltr'>didici-</span> 
     </span>
     <span class='ocr_line' id='line_1_28' title="bbox 205 2442 2348 2509; baseline -0.002 -16"><span class='ocrx_word' id='word_1_264' title='bbox 205 2451 356 2494; x_wconf 77' lang='lat' dir='ltr'>mus⁸.</span> <span class='ocrx_word' id='word_1_265' title='bbox 398 2449 642 2493; x_wconf 88' lang='lat' dir='ltr'>Socratem</span> <span class='ocrx_word' id='word_1_266' title='bbox 679 2445 860 2508; x_wconf 88' lang='lat' dir='ltr'>quippe</span> <span class='ocrx_word' id='word_1_267' title='bbox 898 2443 1172 2508; x_wconf 89' lang='lat' dir='ltr'>multosque</span> <span class='ocrx_word' id='word_1_268' title='bbox 1209 2445 1327 2492; x_wconf 89' lang='lat' dir='ltr'>alios</span> <span class='ocrx_word' id='word_1_269' title='bbox 1367 2446 1530 2492; x_wconf 88' lang='lat' dir='ltr'>omnia</span> <span class='ocrx_word' id='word_1_270' title='bbox 1558 2444 1821 2509; x_wconf 87' lang='lat' dir='ltr'>reliquisse,</span> <span class='ocrx_word' id='word_1_271' title='bbox 1851 2446 1971 2492; x_wconf 86' lang='lat' dir='ltr'>sicut</span> <span class='ocrx_word' id='word_1_272' title='bbox 2005 2454 2052 2492; x_wconf 88' lang='lat' dir='ltr'>et</span> <span class='ocrx_word' id='word_1_273' title='bbox 2086 2442 2348 2509; x_wconf 89' lang='lat' dir='ltr'>apostolos,</span> 
     </span>
    </p>
   </div>
   <div class='ocr_carea' id='block_1_3' title="bbox 204 2548 2356 3270">
    <p class='ocr_par' dir='ltr' id='par_1_3' title="bbox 204 2548 2356 3270">
     <span class='ocr_line' id='line_1_29' title="bbox 264 2548 2353 2612; baseline -0.001 -17"><span class='ocrx_word' id='word_1_274' title='bbox 264 2562 276 2578; x_wconf 91' lang='lat'>·</span> <span class='ocrx_word' id='word_1_275' title='bbox 300 2553 550 2596; x_wconf 88' lang='lat' dir='ltr'>Ambrosius</span> <span class='ocrx_word' id='word_1_276' title='bbox 582 2552 627 2593; x_wconf 89' lang='lat' dir='ltr'>in</span> <span class='ocrx_word' id='word_1_277' title='bbox 653 2549 832 2610; x_wconf 89' lang='lat' dir='ltr'>epistola</span> <span class='ocrx_word' id='word_1_278' title='bbox 860 2549 916 2592; x_wconf 86' lang='lat' dir='ltr'>ad</span> <span class='ocrx_word' id='word_1_279' title='bbox 947 2552 1147 2595; x_wconf 87' lang='lat' dir='ltr'>Ireneum</span> <span class='ocrx_word' id='word_1_280' title='bbox 1171 2567 1181 2594; x_wconf 89' lang='lat'>:</span> <span class='ocrx_word' id='word_1_281' title='bbox 1224 2573 1240 2589; x_wconf 78' lang='grc' dir='ltr'>α</span> <span class='ocrx_word' id='word_1_282' title='bbox 1260 2552 1561 2612; x_wconf 80' lang='lat' dir='ltr'>Pytagoricum</span> <span class='ocrx_word' id='word_1_283' title='bbox 1582 2552 1837 2595; x_wconf 88' lang='lat' dir='ltr'>mandatum</span> <span class='ocrx_word' id='word_1_284' title='bbox 1858 2553 1903 2594; x_wconf 91' lang='lat' dir='ltr'>in</span> <span class='ocrx_word' id='word_1_285' title='bbox 1926 2552 2167 2610; x_wconf 90' lang='lat' dir='ltr'>aliquorum</span> <span class='ocrx_word' id='word_1_286' title='bbox 2189 2548 2353 2608; x_wconf 83' lang='lat' dir='ltr'>scriptis</span> 
     </span>
     <span class='ocr_line' id='line_1_30' title="bbox 205 2615 2354 2678; baseline -0.001 -17"><span class='ocrx_word' id='word_1_287' title='bbox 205 2619 428 2678; x_wconf 81' lang='lat' dir='ltr'>praedicari</span> <span class='ocrx_word' id='word_1_288' title='bbox 449 2618 705 2671; x_wconf 86' lang='lat' dir='ltr'>invenimus,</span> <span class='ocrx_word' id='word_1_289' title='bbox 736 2616 854 2676; x_wconf 91' lang='lat' dir='ltr'>quod</span> <span class='ocrx_word' id='word_1_290' title='bbox 877 2616 948 2660; x_wconf 86' lang='lat' dir='ltr'>ille</span> <span class='ocrx_word' id='word_1_291' title='bbox 975 2617 1205 2677; x_wconf 90' lang='lat' dir='ltr'>discipulos</span> <span class='ocrx_word' id='word_1_292' title='bbox 1225 2634 1324 2660; x_wconf 91' lang='lat' dir='ltr'>suos</span> <span class='ocrx_word' id='word_1_293' title='bbox 1345 2634 1623 2662; x_wconf 89' lang='lat' dir='ltr'>communem</span> <span class='ocrx_word' id='word_1_294' title='bbox 1651 2630 1778 2677; x_wconf 84' lang='lat' dir='ltr'>atque</span> <span class='ocrx_word' id='word_1_295' title='bbox 1801 2619 1999 2660; x_wconf 90' lang='lat' dir='ltr'>usitatam</span> <span class='ocrx_word' id='word_1_296' title='bbox 2021 2616 2184 2677; x_wconf 91' lang='lat' dir='ltr'>populo</span> <span class='ocrx_word' id='word_1_297' title='bbox 2206 2615 2354 2675; x_wconf 86' lang='lat' dir='ltr'>prohi-</span> 
     </span>
     <span class='ocr_line' id='line_1_31' title="bbox 206 2682 2353 2744; baseline 0 -18"><span class='ocrx_word' id='word_1_298' title='bbox 206 2685 345 2727; x_wconf 85' lang='lat' dir='ltr'>buerit</span> <span class='ocrx_word' id='word_1_299' title='bbox 367 2684 535 2744; x_wconf 84' lang='lat' dir='ltr'>ingredi</span> <span class='ocrx_word' id='word_1_300' title='bbox 558 2685 689 2729; x_wconf 87' lang='lat' dir='ltr'>viam.</span> <span class='ocrx_word' id='word_1_301' title='bbox 719 2682 804 2725; x_wconf 79' lang='lat' dir='ltr'>Sed</span> <span class='ocrx_word' id='word_1_302' title='bbox 825 2684 910 2726; x_wconf 93' lang='lat' dir='ltr'>hoc</span> <span class='ocrx_word' id='word_1_303' title='bbox 933 2683 1050 2725; x_wconf 90' lang='lat' dir='ltr'>unde</span> <span class='ocrx_word' id='word_1_304' title='bbox 1073 2685 1315 2726; x_wconf 85' lang='lat' dir='ltr'>assumserit</span> <span class='ocrx_word' id='word_1_305' title='bbox 1339 2700 1428 2727; x_wconf 90' lang='lat' dir='ltr'>non</span> <span class='ocrx_word' id='word_1_306' title='bbox 1454 2695 1518 2727; x_wconf 86' lang='lat' dir='ltr'>est</span> <span class='ocrx_word' id='word_1_307' title='bbox 1538 2684 1822 2743; x_wconf 85' lang='lat' dir='ltr'>incognitum.</span> <span class='ocrx_word' id='word_1_308' title='bbox 1846 2684 1961 2726; x_wconf 88' lang='lat' dir='ltr'>Nam</span> <span class='ocrx_word' id='word_1_309' title='bbox 1983 2699 2084 2726; x_wconf 91' lang='lat' dir='ltr'>cum</span> <span class='ocrx_word' id='word_1_310' title='bbox 2105 2698 2159 2725; x_wconf 86' lang='lat' dir='ltr'>ex</span> <span class='ocrx_word' id='word_1_311' title='bbox 2189 2682 2353 2741; x_wconf 91' lang='lat' dir='ltr'>populo</span> 
     </span>
     <span class='ocr_line' id='line_1_32' title="bbox 204 2748 2352 2809; baseline -0.001 -17"><span class='ocrx_word' id='word_1_312' title='bbox 204 2750 476 2804; x_wconf 84' lang='lat' dir='ltr'>Judaeorum,</span> <span class='ocrx_word' id='word_1_313' title='bbox 513 2761 561 2792; x_wconf 90' lang='lat' dir='ltr'>ut</span> <span class='ocrx_word' id='word_1_314' title='bbox 593 2749 786 2809; x_wconf 88' lang='lat' dir='ltr'>plerique</span> <span class='ocrx_word' id='word_1_315' title='bbox 814 2749 1100 2804; x_wconf 88' lang='lat' dir='ltr'>arbitrantur,</span> <span class='ocrx_word' id='word_1_316' title='bbox 1125 2765 1259 2809; x_wconf 87' lang='lat' dir='ltr'>genus</span> <span class='ocrx_word' id='word_1_317' title='bbox 1290 2750 1483 2804; x_wconf 83' lang='lat' dir='ltr'>duxerit,</span> <span class='ocrx_word' id='word_1_318' title='bbox 1512 2766 1566 2793; x_wconf 80' lang='lat' dir='ltr'>ex</span> <span class='ocrx_word' id='word_1_319' title='bbox 1600 2752 1689 2808; x_wconf 92' lang='lat' dir='ltr'>ejus</span> <span class='ocrx_word' id='word_1_320' title='bbox 1725 2749 1948 2809; x_wconf 87' lang='lat' dir='ltr'>disciplina</span> <span class='ocrx_word' id='word_1_321' title='bbox 1985 2748 2194 2792; x_wconf 85' lang='lat' dir='ltr'>derivavit</span> <span class='ocrx_word' id='word_1_322' title='bbox 2223 2749 2352 2791; x_wconf 83' lang='lat' dir='ltr'>etiam</span> 
     </span>
     <span class='ocr_line' id='line_1_33' title="bbox 207 2814 2350 2875; baseline 0 -19"><span class='ocrx_word' id='word_1_323' title='bbox 207 2817 433 2875; x_wconf 84' lang='lat' dir='ltr'>magisterii</span> <span class='ocrx_word' id='word_1_324' title='bbox 454 2826 691 2875; x_wconf 81' lang='lat' dir='ltr'>praecepta,</span> <span class='ocrx_word' id='word_1_325' title='bbox 722 2816 962 2874; x_wconf 87' lang='lat' dir='ltr'>meritoque</span> <span class='ocrx_word' id='word_1_326' title='bbox 989 2831 1171 2875; x_wconf 88' lang='lat' dir='ltr'>magnus</span> <span class='ocrx_word' id='word_1_327' title='bbox 1200 2815 1315 2875; x_wconf 88' lang='lat' dir='ltr'>apud</span> <span class='ocrx_word' id='word_1_328' title='bbox 1338 2816 1616 2875; x_wconf 88' lang='lat' dir='ltr'>philosophos</span> <span class='ocrx_word' id='word_1_329' title='bbox 1643 2816 1839 2869; x_wconf 87' lang='lat' dir='ltr'>habitus,</span> <span class='ocrx_word' id='word_1_330' title='bbox 1874 2815 2081 2874; x_wconf 85' lang='lat' dir='ltr'>aequalem</span> <span class='ocrx_word' id='word_1_331' title='bbox 2097 2847 2108 2865; x_wconf 82' lang='grc'><em>,</em></span> <span class='ocrx_word' id='word_1_332' title='bbox 2134 2825 2182 2856; x_wconf 90' lang='lat' dir='ltr'>ut</span> <span class='ocrx_word' id='word_1_333' title='bbox 2207 2814 2350 2870; x_wconf 87' lang='lat' dir='ltr'>aiunt,</span> 
     </span>
     <span class='ocr_line' id='line_1_34' title="bbox 206 2879 2356 2941; baseline 0 -20"><span class='ocrx_word' id='word_1_334' title='bbox 206 2881 275 2922; x_wconf 86' lang='lat' dir='ltr'>vix</span> <span class='ocrx_word' id='word_1_335' title='bbox 297 2883 469 2940; x_wconf 89' lang='lat' dir='ltr'>reperit.</span> <span class='ocrx_word' id='word_1_336' title='bbox 490 2884 672 2940; x_wconf 85' lang='lat' dir='ltr'>Legerat</span> <span class='ocrx_word' id='word_1_337' title='bbox 686 2882 831 2940; x_wconf 88' lang='lat' dir='ltr'>itaque</span> <span class='ocrx_word' id='word_1_338' title='bbox 846 2881 890 2922; x_wconf 91' lang='lat' dir='ltr'>in</span> <span class='ocrx_word' id='word_1_339' title='bbox 908 2881 1063 2924; x_wconf 82' lang='lat' dir='ltr'>Exodo</span> <span class='ocrx_word' id='word_1_340' title='bbox 1085 2881 1226 2940; x_wconf 86' lang='lat' dir='ltr'>Moysi</span> <span class='ocrx_word' id='word_1_341' title='bbox 1248 2894 1512 2941; x_wconf 77' lang='lat' dir='ltr'>praeceptum</span> <span class='ocrx_word' id='word_1_342' title='bbox 1527 2898 1631 2936; x_wconf 86' lang='lat' dir='ltr'>esse,</span> <span class='ocrx_word' id='word_1_343' title='bbox 1658 2892 1707 2924; x_wconf 91' lang='lat' dir='ltr'>ut</span> <span class='ocrx_word' id='word_1_344' title='bbox 1727 2893 1922 2925; x_wconf 89' lang='lat' dir='ltr'>montem</span> <span class='ocrx_word' id='word_1_345' title='bbox 1938 2897 2039 2924; x_wconf 91' lang='lat' dir='ltr'>cum</span> <span class='ocrx_word' id='word_1_346' title='bbox 2061 2879 2356 2923; x_wconf 87' lang='lat' dir='ltr'>sacerdotibus</span> 
     </span>
     <span class='ocr_line' id='line_1_35' title="bbox 209 2946 2355 3009; baseline -0.001 -20"><span class='ocrx_word' id='word_1_347' title='bbox 209 2947 468 3001; x_wconf 83' lang='lat' dir='ltr'>ascenderet,</span> <span class='ocrx_word' id='word_1_348' title='bbox 492 2948 677 3006; x_wconf 89' lang='lat' dir='ltr'>populus</span> <span class='ocrx_word' id='word_1_349' title='bbox 700 2959 844 2990; x_wconf 87' lang='lat' dir='ltr'>autem</span> <span class='ocrx_word' id='word_1_350' title='bbox 863 2946 1065 2990; x_wconf 88' lang='lat' dir='ltr'>deorsum</span> <span class='ocrx_word' id='word_1_351' title='bbox 1082 2959 1226 2991; x_wconf 89' lang='lat' dir='ltr'>staret.</span> <span class='ocrx_word' id='word_1_352' title='bbox 1252 2949 1473 3007; x_wconf 88' lang='lat' dir='ltr'>Separavit</span> <span class='ocrx_word' id='word_1_353' title='bbox 1493 2949 1622 3009; x_wconf 85' lang='lat' dir='ltr'>igitur</span> <span class='ocrx_word' id='word_1_354' title='bbox 1641 2948 1886 2992; x_wconf 88' lang='lat' dir='ltr'>sacerdotes</span> <span class='ocrx_word' id='word_1_355' title='bbox 1903 2964 1926 2990; x_wconf 88' lang='lat' dir='ltr'>a</span> <span class='ocrx_word' id='word_1_356' title='bbox 1943 2946 2124 3007; x_wconf 89' lang='lat' dir='ltr'>populo,</span> <span class='ocrx_word' id='word_1_357' title='bbox 2148 2956 2192 2988; x_wconf 90' lang='lat' dir='ltr'>et</span> <span class='ocrx_word' id='word_1_358' title='bbox 2207 2956 2355 3004; x_wconf 87' lang='lat' dir='ltr'>postea</span> 
     </span>
     <span class='ocr_line' id='line_1_36' title="bbox 209 3009 2351 3072; baseline 0 -21"><span class='ocrx_word' id='word_1_359' title='bbox 209 3012 347 3069; x_wconf 90' lang='lat' dir='ltr'>ipsum</span> <span class='ocrx_word' id='word_1_360' title='bbox 368 3012 544 3069; x_wconf 86' lang='lat' dir='ltr'>Moysen</span> <span class='ocrx_word' id='word_1_361' title='bbox 567 3013 679 3054; x_wconf 90' lang='lat' dir='ltr'>intra</span> <span class='ocrx_word' id='word_1_362' title='bbox 696 3013 858 3057; x_wconf 90' lang='lat' dir='ltr'>nubem</span> <span class='ocrx_word' id='word_1_363' title='bbox 879 3013 1039 3056; x_wconf 87' lang='lat' dir='ltr'>intrare</span> <span class='ocrx_word' id='word_1_364' title='bbox 1062 3014 1282 3072; x_wconf 79' lang='lat' dir='ltr'>praecepit.</span> <span class='ocrx_word' id='word_1_365' title='bbox 1308 3014 1441 3057; x_wconf 89' lang='lat' dir='ltr'>Vides</span> <span class='ocrx_word' id='word_1_366' title='bbox 1464 3014 1721 3057; x_wconf 81' lang='lat' dir='ltr'>divisiones?</span> <span class='ocrx_word' id='word_1_367' title='bbox 1745 3014 1853 3056; x_wconf 86' lang='lat' dir='ltr'>nihil</span> <span class='ocrx_word' id='word_1_368' title='bbox 1874 3015 1919 3056; x_wconf 92' lang='lat' dir='ltr'>in</span> <span class='ocrx_word' id='word_1_369' title='bbox 1943 3011 2234 3056; x_wconf 83' lang='lat' dir='ltr'>sacerdotibus</span> <span class='ocrx_word' id='word_1_370' title='bbox 2256 3009 2351 3068; x_wconf 84' lang='lat' dir='ltr'>ple·</span> 
     </span>
     <span class='ocr_line' id='line_1_37' title="bbox 209 3076 2356 3139; baseline -0.001 -21"><span class='ocrx_word' id='word_1_371' title='bbox 209 3076 355 3118; x_wconf 89' lang='lat' dir='ltr'>beium</span> <span class='ocrx_word' id='word_1_372' title='bbox 382 3077 553 3133; x_wconf 70' lang='lat' dir='ltr'>requiri,</span> <span class='ocrx_word' id='word_1_373' title='bbox 589 3077 695 3122; x_wconf 86' lang='lat' dir='ltr'>nihil</span> <span class='ocrx_word' id='word_1_374' title='bbox 722 3078 947 3136; x_wconf 85' lang='lat' dir='ltr'>populare,</span> <span class='ocrx_word' id='word_1_375' title='bbox 982 3079 1089 3120; x_wconf 89' lang='lat' dir='ltr'>nihil</span> <span class='ocrx_word' id='word_1_376' title='bbox 1112 3094 1342 3122; x_wconf 89' lang='lat' dir='ltr'>commune</span> <span class='ocrx_word' id='word_1_377' title='bbox 1367 3096 1466 3122; x_wconf 89' lang='lat' dir='ltr'>cum</span> <span class='ocrx_word' id='word_1_378' title='bbox 1493 3080 1636 3123; x_wconf 85' lang='lat' dir='ltr'>studio</span> <span class='ocrx_word' id='word_1_379' title='bbox 1661 3091 1788 3139; x_wconf 88' lang='lat' dir='ltr'>atque</span> <span class='ocrx_word' id='word_1_380' title='bbox 1811 3095 1891 3122; x_wconf 89' lang='lat' dir='ltr'>usu</span> <span class='ocrx_word' id='word_1_381' title='bbox 1922 3089 1967 3121; x_wconf 89' lang='lat' dir='ltr'>et</span> <span class='ocrx_word' id='word_1_382' title='bbox 1987 3077 2179 3122; x_wconf 83' lang='lat' dir='ltr'>moribus</span> <span class='ocrx_word' id='word_1_383' title='bbox 2209 3076 2356 3117; x_wconf 90' lang='lat' dir='ltr'>incon-</span> 
     </span>
     <span class='ocr_line' id='line_1_38' title="bbox 210 3139 2356 3205; baseline -0.001 -21"><span class='ocrx_word' id='word_1_384' title='bbox 210 3141 309 3184; x_wconf 82' lang='lat' dir='ltr'>ditae</span> <span class='ocrx_word' id='word_1_385' title='bbox 344 3140 656 3182; x_wconf 77' lang='lat' dir='ltr'>multitudinis?</span> <span class='ocrx_word' id='word_1_386' title='bbox 680 3142 1063 3201; x_wconf 85' lang='lat' dir='ltr'>Supergradiamur</span> <span class='ocrx_word' id='word_1_387' title='bbox 1085 3144 1213 3203; x_wconf 85' lang='lat' dir='ltr'>igitur</span> <span class='ocrx_word' id='word_1_388' title='bbox 1240 3145 1430 3204; x_wconf 89' lang='lat' dir='ltr'>plebeias</span> <span class='ocrx_word' id='word_1_389' title='bbox 1453 3146 1701 3205; x_wconf 90' lang='lat' dir='ltr'>opiniones,</span> <span class='ocrx_word' id='word_1_390' title='bbox 1734 3156 1777 3187; x_wconf 87' lang='lat' dir='ltr'>et</span> <span class='ocrx_word' id='word_1_391' title='bbox 1799 3155 1930 3187; x_wconf 86' lang='lat' dir='ltr'>strata</span> <span class='ocrx_word' id='word_1_392' title='bbox 1955 3142 2153 3202; x_wconf 82' lang='lat' dir='ltr'>quaedam</span> <span class='ocrx_word' id='word_1_393' title='bbox 2175 3139 2356 3200; x_wconf 83' lang='lat' dir='ltr'>gregalis</span> 
     </span>
     <span class='ocr_line' id='line_1_39' title="bbox 207 3207 2355 3270; baseline -0.003 -18"><span class='ocrx_word' id='word_1_394' title='bbox 207 3207 543 3252; x_wconf 83' lang='lat' dir='ltr'>conversationis</span> <span class='ocrx_word' id='word_1_395' title='bbox 574 3222 622 3248; x_wconf 91' lang='lat' dir='ltr'>ac</span> <span class='ocrx_word' id='word_1_396' title='bbox 654 3207 819 3248; x_wconf 77' lang='lat' dir='ltr'>detritae</span> <span class='ocrx_word' id='word_1_397' title='bbox 847 3208 973 3261; x_wconf 86' lang='lat' dir='ltr'>vitae,</span> <span class='ocrx_word' id='word_1_398' title='bbox 1009 3209 1169 3252; x_wconf 84' lang='lat' dir='ltr'>orbitas</span> <span class='ocrx_word' id='word_1_399' title='bbox 1199 3209 1462 3253; x_wconf 85' lang='lat' dir='ltr'>declinemus</span> <span class='ocrx_word' id='word_1_400' title='bbox 1489 3211 1673 3270; x_wconf 85' lang='lat' dir='ltr'>vulgaris</span> <span class='ocrx_word' id='word_1_401' title='bbox 1706 3210 1866 3252; x_wconf 80' lang='lat' dir='ltr'>semitae</span> <span class='ocrx_word' id='word_1_402' title='bbox 1899 3224 1908 3251; x_wconf 91' lang='lat'>:</span> <span class='ocrx_word' id='word_1_403' title='bbox 1942 3208 2079 3250; x_wconf 89' lang='lat' dir='ltr'>solum</span> <span class='ocrx_word' id='word_1_404' title='bbox 2115 3221 2355 3265; x_wconf 79' lang='lat' dir='ltr'>quaeramus</span> 
     </span>
    </p>
   </div>
   <div class='ocr_carea' id='block_1_4' title="bbox 209 3272 2354 3385">
    <p class='ocr_par' dir='ltr' id='par_1_4' title="bbox 209 3272 2354 3385">
     <span class='ocr_line' id='line_1_40' title="bbox 209 3272 2354 3334; baseline -0.001 -19"><span class='ocrx_word' id='word_1_405' title='bbox 209 3273 335 3315; x_wconf 85' lang='lat' dir='ltr'>nobis</span> <span class='ocrx_word' id='word_1_406' title='bbox 367 3272 479 3314; x_wconf 86' lang='lat' dir='ltr'>viam</span> <span class='ocrx_word' id='word_1_407' title='bbox 514 3272 769 3314; x_wconf 86' lang='lat' dir='ltr'>inaccessam</span> <span class='ocrx_word' id='word_1_408' title='bbox 809 3274 1076 3315; x_wconf 88' lang='lat' dir='ltr'>sermonibus</span> <span class='ocrx_word' id='word_1_409' title='bbox 1111 3274 1402 3328; x_wconf 86' lang='lat' dir='ltr'>insolentium,</span> <span class='ocrx_word' id='word_1_410' title='bbox 1443 3277 1601 3318; x_wconf 88' lang='lat' dir='ltr'>inviam</span> <span class='ocrx_word' id='word_1_411' title='bbox 1637 3275 1838 3334; x_wconf 86' lang='lat' dir='ltr'>operibus</span> <span class='ocrx_word' id='word_1_412' title='bbox 1872 3274 2191 3332; x_wconf 87' lang='lat' dir='ltr'>imperitorum,</span> <span class='ocrx_word' id='word_1_413' title='bbox 2226 3287 2354 3330; x_wconf 87' lang='lat' dir='ltr'>quam</span> 
     </span>
     <span class='ocr_line' id='line_1_41' title="bbox 212 3337 817 3385; baseline -0.005 -2"><span class='ocrx_word' id='word_1_414' title='bbox 212 3339 351 3385; x_wconf 87' lang='lat' dir='ltr'>nullus</span> <span class='ocrx_word' id='word_1_415' title='bbox 373 3338 614 3381; x_wconf 85' lang='lat' dir='ltr'>maculosus</span> <span class='ocrx_word' id='word_1_416' title='bbox 637 3337 817 3381; x_wconf 87' lang='lat' dir='ltr'>deterat.</span> 
     </span>
    </p>
   </div>
  </div>
 </body>
</html>
