2638 3866
355 192 418 238 90
1162 186 1333 234 PETRl
1370 184 1686 234 ABAELARDI

359 312 380 334 (ι
400 290 463 338 ad
475 305 558 336 eos
577 306 587 335 :
608 289 701 346 Qui
715 296 802 345 est,
817 287 943 333 misit
957 303 1033 334 me
1051 286 1112 334 ad
1127 302 1233 334 vos.
1252 304 1276 330 »
1294 283 1389 331 Sed
1406 293 1565 331 tamen
1583 284 1683 331 sive
1701 285 1906 332 essentia
1921 284 2126 347 dicatur,
2144 286 2278 350 quod
2294 291 2490 354 proprie

355 374 544 432 dicitur,
571 373 666 419 sive
687 370 966 426 substantia,
989 371 1123 434 quod
1145 369 1361 429 abusive,
1383 377 1640 432 utrumque
1659 367 1722 415 ad
1738 383 1788 415 se
1807 384 1908 416 non
1922 369 2116 417 relative
2138 369 2328 418 dicitur.
2350 372 2490 421 Unde

352 452 447 498 hoc
475 460 544 498 est
576 452 680 496 Deo
712 465 813 495 esse
847 448 982 513 quod
1012 446 1289 503 subsistere,
1317 454 1364 492 et
1386 443 1498 491 ideo
1529 445 1569 491 si
1601 460 1698 493 una
1727 446 1933 494 essentia
1958 447 2177 510 Trinitas,
2216 465 2312 496 una
2345 451 2491 498 etiam

354 531 633 578 substantia.
663 548 685 574 ι)
710 532 781 576 De
805 545 904 593 quo
928 529 1072 576 etiam
1091 525 1445 590 Job‘loquitur1
1471 542 1481 571 :
1510 543 1533 568 α
1553 527 1660 590 Ipse
1682 526 1815 574 enim
1832 525 1966 575 solus
1991 537 2062 575 est
2079 537 2127 575 et
2150 545 2295 576 nemo
2318 529 2490 578 adver-

353 620 450 658 tere
485 618 638 674 potest
672 609 989 672 cogitationes
1025 608 1141 672 ejus.
1167 626 1190 651 n
1217 608 1287 652 Ex
1317 605 1393 652 his
1420 605 1583 669 itaque
1612 605 1793 669 liquet,
1830 623 1921 655 nec
1956 609 2102 657 etiam
2129 609 2265 673 juxta
2297 621 2488 658 sanctos

350 690 546 755 proprie
562 726 573 748 ,
602 705 691 737 nec
709 689 843 753 juxta
867 687 1184 754 philosophos
1206 685 1307 732 ullo
1331 685 1483 733 modo
1506 688 1663 734 Deum
1689 686 2008 736 substantiam
2031 689 2143 737 dici.
2170 690 2490 755 Patet-<itaque

351 789 378 820 a
415 782 618 820 tractatu
653 771 1053 837 philosophorum
1072 807 1085 831 ‚
1127 786 1289 816 rerum
1325 770 1547 817 omnium
1589 780 1784 819 naturas
1822 771 1873 819 in
1911 771 2081 821 decem
2120 773 2489 838 praedicamenta

350 852 756 907 distribuentium,
799 853 930 900 illam
966 866 1203 899 summam
1246 850 1543 915 majestatem
1577 868 1679 900 esse
1720 852 1961 902 exclusam
1993 855 2215 915 omnino,
2257 871 2348 903 nec
2388 855 2488 904 ullo

351 934 499 980 modo
521 934 703 997 regulas
727 944 808 981 aut
830 933 1111 980 traditiones
1131 948 1301 979 eorum
1324 931 1384 979 ad
1406 932 1537 981 illam
1560 949 1802 981 summam
1820 944 1964 1000 atque
1987 933 2281 983 ineffabilem
2302 936 2490 984 celsitu-

350 1013 512 1061 dinem
535 1013 875 1073 conscendere,
899 1013 982 1060 sed
1004 1022 1332 1060 creaturarum
1354 1013 1537 1061 naturis
1562 1013 1863 1079 inquirendis
1887 1031 1971 1063 eos
1993 1031 2094 1063 esse
2113 1025 2389 1077 contentos,
2414 1034 2488 1066 se-

349 1091 563 1138 cundum
585 1091 718 1155 quod
738 1092 965 1156 scriptum
992 1100 1061 1138 est
1078 1093 1092 1115 ²
1120 1108 1130 1137 z
1164 1110 1187 1133 α
1207 1090 1303 1148 Qui
1333 1090 1397 1138 de
1417 1099 1542 1140 terra
1565 1102 1658 1153 est,
1685 1092 1747 1140 de
1781 1101 1910 1141 terra
1934 1093 2172 1156 loquitur,
2197 1114 2220 1137 ³>
2246 1110 2366 1158 quas
2398 1111 2488 1142 nec

347 1169 504 1217 adhuc
531 1170 941 1236 comprehendere
970 1187 1026 1217 ac
1057 1170 1246 1218 ratione
1280 1170 1518 1220 discutere
1542 1171 1607 1220 ad
1639 1172 1760 1221 illud
1796 1171 2058 1221 sufficiunt.
2097 1174 2242 1232 Quod
2273 1191 2490 1223 summus

347 1253 424 1299 ille
446 1254 716 1318 sapientum
739 1253 968 1301 Salomon
994 1254 1308 1302 considerans
1331 1255 1418 1303 ait³
1448 1273 1459 1303 ε
1485 1275 1508 1300 «
1525 1258 1721 1304 Cunctae
1747 1274 1823 1304 res
1845 1257 2081 1318 difficiles,
2106 1274 2207 1306 non
2230 1267 2390 1322 potest
2409 1274 2489 1306 eas

347 1332 494 1379 homo
518 1333 750 1397 explicare
773 1349 1012 1393 sermone,
1038 1343 1084 1381 et
1106 1333 1201 1382 alta
1222 1334 1546 1400 profunditas,
1573 1337 1682 1401 quis
1704 1337 1918 1386 inveniet
1940 1337 2080 1386 eam?
2101 1358 2123 1382 >a
2151 1341 2209 1384 Et
2231 1354 2319 1404 per
2339 1349 2490 1386 semet

345 1412 497 1476 ipsam
510 1414 749 1478 Sapientia
761 1415 775 1437 '⁶
790 1431 800 1460 x
828 1434 850 1459 «
865 1414 1206 1478 Cogitationes,
1218 1416 1390 1481 inquit,
1407 1417 1684 1465 mortalium
1699 1418 1893 1480 timidae,
1907 1429 1956 1466 et
1971 1419 2163 1466 incertae
2174 1418 2489 1483 providentia?

346 1502 534 1540 nostrae.
563 1497 747 1559 Corpus
777 1495 904 1542 enim
934 1495 1070 1560 quod
1091 1498 1422 1564 corrumpitur
1446 1508 1671 1563 aggravat
1701 1500 1932 1563 animam,
1963 1509 2012 1548 et
2054 1499 2280 1565 deprimit
2301 1510 2490 1550 terrena

346 1572 575 1621 habitatio
595 1591 788 1622 sensum
811 1576 960 1623 multa
979 1578 1290 1640 cogitantem.
1318 1582 1377 1626 Et
1395 1578 1590 1627 difficile
1609 1579 1900 1628 aestimamus
1919 1595 2027 1646 quae
2049 1580 2099 1628 in
2125 1589 2252 1628 terra
2276 1590 2414 1641 sunt3
2443 1592 2492 1628 et

345 1668 449 1716 quae
481 1655 529 1701 in
557 1666 811 1720 prospectu
836 1667 964 1718 sunt,
990 1657 1265 1706 invenimus
1287 1676 1401 1707 cum
1434 1659 1616 1708 labore.
1655 1664 1774 1719 Quae
1805 1670 1968 1710 autem
1995 1662 2044 1708 in
2075 1660 2208 1709 coelis
2236 1671 2350 1709 sunt
2383 1663 2490 1727 quis

343 1731 707 1796 investigabit?»
731 1734 875 1793 Quod
890 1735 1036 1783 etiam
1058 1738 1217 1785 omnis
1237 1736 1339 1785 haec
1358 1736 1543 1786 locutio
1562 1737 1623 1786 ad
1645 1749 1979 1787 creaturarum
2001 1748 2151 1787 status
2178 1739 2384 1787 maxime
2409 1756 2490 1788 ac-

345 1813 650 1862 commodata
678 1815 753 1875 sit,
787 1833 844 1864 ex
879 1833 936 1865 ea
959 1818 1198 1884 praecipue
1228 1827 1364 1884 parte
1387 1819 1621 1867 orationis
1653 1830 1872 1886 apparet,
1907 1820 2010 1868 sine
2035 1836 2134 1885 qua
2155 1818 2287 1869 nulla
2312 1819 2490 1868 dicitur

343 1903 560 1942 constare
589 1895 817 1960 perfectio
843 1899 1096 1961 orationis,
1124 1915 1182 1946 ex
1206 1915 1263 1947 ea
1286 1898 1467 1947 scilicet
1494 1917 1602 1965 quae
1635 1899 1840 1948 verbum
1865 1899 2150 1966 appellatur.
2177 1902 2288 1948 Haec
2310 1901 2491 1966 quippe

343 1972 489 2020 dictio
513 1977 741 2041 temporis
768 1976 1068 2042 designativa
1083 2016 1096 2041 ,
1124 1996 1231 2044 quae
1254 1980 1433 2046 incepit
1457 1996 1487 2028 a
1511 1980 1715 2028 mundo.
1744 1981 1886 2029 Unde
1911 1980 1950 2027 si
1972 1979 2116 2044 hujus
2137 1981 2286 2046 partis
2309 1980 2490 2045 signifi-

340 2055 578 2102 cationem
607 2057 926 2119 attendamus,
963 2062 1183 2125 oportet⁸
1213 2077 1299 2126 per
1320 2077 1430 2110 eam
1460 2062 1697 2127 cujusque
1731 2061 2107 2110 constructionis
2137 2077 2333 2109 sensum
2366 2061 2488 2110 infra

342 2134 576 2183 ambitum
594 2139 830 2186 contineri
852 2139 928 2187 vel
950 2142 1164 2189 coerceri
1187 2142 1436 2207 temporis,
1463 2142 1559 2190 hoc
1581 2153 1655 2190 est
1673 2142 1736 2191 ad
1761 2159 1842 2191 eas
1859 2159 1934 2190 res
1953 2151 2143 2190 tantum
2163 2142 2488 2207 temporaliter

342 2213 574 2278 inclinari,
609 2234 728 2282 quas
756 2218 1089 2269 demonstrare
1118 2221 1373 2284 volumus,
1410 2223 1741 2289 temporaliter
1774 2225 2056 2288 contingere
2085 2240 2176 2271 nec
2209 2222 2493 2271 aeternaliter

341 2293 610 2344 subsistere.
647 2299 784 2346 Unde
813 2317 927 2348 cum
963 2301 1169 2350 dicimus
1201 2306 1360 2351 Deum
1384 2305 1599 2370 priorem
1629 2322 1733 2353 esse
1769 2304 1975 2366 mundO,
2012 2305 2113 2352 sive
2143 2304 2344 2352 existere
2381 2312 2493 2351 ante

340 2381 583 2440 tempora,
622 2379 727 2442 quis
760 2397 925 2429 sensus
965 2382 1015 2430 in
1054 2382 1129 2430 his
1159 2383 1320 2431 verbis
1350 2400 1492 2433 verus
1525 2402 1628 2433 esse
1666 2394 1827 2451 potest
1861 2385 1923 2432 de
1955 2385 2299 2450 praecessione⁶
2325 2383 2417 2431 Dei
2442 2392 2489 2430 et

340 2457 640 2505 successione
677 2459 878 2508 istorum
895 2499 907 2523 ,
953 2463 992 2510 si
1034 2462 1137 2510 haec
1184 2463 1332 2511 verba
1370 2464 1434 2513 ad
1477 2464 1737 2513 hominum
1774 2465 2127 2513 institutionem
2165 2464 2459 2529 accipiamus
2477 2500 2489 2524 ,

341 2535 607 2584 secundum
638 2539 791 2603 ipsam
823 2544 1053 2607 temporis
1084 2542 1514 2607 significationem,
1540 2555 1593 2593 ut
1615 2545 1838 2594 videlicet
1871 2545 2089 2593 dicamus
2110 2546 2293 2592 Deum⁷
2315 2559 2489 2591 secun-

342 2613 460 2662 dum
491 2626 679 2683 tempus
708 2621 919 2684 priorem
956 2640 1058 2671 esse
1088 2624 1274 2672 mundo
1308 2626 1384 2673 vel
1415 2627 1663 2688 exstitisse,
1691 2626 1788 2674 hoc
1820 2636 1890 2673 est
1918 2626 1968 2672 in
1996 2635 2216 2690 tempore
2245 2623 2489 2690 praeterito

344 2691 482 2741 fuisse
518 2707 779 2762 ‘antequam
825 2711 1015 2767 tempus
1058 2714 1182 2752 esset
1225 2705 1440 2770 aliquid?
1480 2709 1686 2772 Oportet
1728 2706 1891 2771 itaque
1931 2722 2045 2753 cum
2081 2704 2145 2752 ad
2191 2703 2484 2767 singularem

343 2771 599 2823 divinitatis
628 2788 849 2827 naturam
872 2799 1185 2849 quascunque
1219 2784 1456 2834 dictiones
1479 2786 1809 2834 transferimus
1824 2823 1837 2846 ,
1877 2802 1958 2833 eas
1980 2786 2030 2833 in
2053 2784 2301 2850 quandam
2338 2784 2495 2846 singu-

343 2850 491 2899 larem
512 2855 905 2919 significationem
928 2879 1011 2910 seu
1041 2864 1184 2912 etiam
1209 2866 1564 2915 institutionem
1591 2866 1898 2927 contrahere,
1927 2875 2071 2931 atque
2100 2882 2188 2931 per
2214 2865 2330 2925 hoc,
2355 2862 2490 2928 quod

346 2932 507 2979 omnia
549 2936 690 2983 etiam
722 2940 942 3002 excedit,
989 2946 1258 2993 necessario
1302 2947 1552 3012 propriam
1591 2948 1947 3008 institutionem
2001 2945 2248 2994 excedere.
2294 2945 2494 2990 Constat

345 3011 539 3077 quippe,
561 3015 696 3078 juxta
712 3021 962 3069 Boethium
986 3039 1041 3071 ac
1065 3025 1332 3087 Platonem,
1349 3039 1582 3091 cognatos
1605 3028 1668 3076 de
1684 3028 1863 3093 quibus
1886 3027 2155 3092 loquuntur
2174 3023 2318 3072 rebus
2341 3038 2490 3087 opor-

387 3166 395 3184 ¹
412 3164 487 3205 Job,
510 3175 582 3208 cap.
604 3176 694 3210 xxm,
715 3179 745 3203 v.
766 3175 812 3204 13.
832 3190 871 3197 -
887 3176 897 3193 ²
914 3174 1020 3217 Joan.,
1044 3186 1115 3218 cap.
1142 3187 1188 3218 nt,
1214 3189 1243 3211 v.
1269 3181 1319 3213 31.
1337 3198 1375 3203 —
1450 3182 1592 3214 cessione
1609 3182 1703 3213 Amb.
1722 3199 1764 3204 —
1779 3183 1788 3202 ⁷
1803 3179 1858 3213 Sic
1874 3180 1989 3212 Theoi.
2017 3179 2136 3212 Christ.
2166 3178 2205 3211 Ut
2227 3176 2383 3210 videlicet
2399 3175 2492 3209 dica-

336 3219 347 3238 )
361 3218 497 3260 Εσσῑεε.,
509 3230 579 3262 cap.
596 3221 622 3262 1,
639 3232 672 3256 v.
690 3227 765 3257 8.—
781 3227 895 3268 ⁴Sap.,
909 3238 980 3270 cap.
997 3240 1042 3272 lx,
1054 3241 1083 3263 v.
1099 3234 1150 3273 14,
1167 3242 1291 3274 sqq.—
1304 3236 1377 3267 ⁵Sic
1449 3243 1527 3268 mus
1541 3236 1669 3277 Deum,
1687 3236 1777 3268 deest
1800 3234 1895 3267 Amb.

345 3271 424 3305 Cod.
445 3272 527 3308 vict.
550 3276 694 3317 Oportet,
713 3279 803 3311 deest
826 3280 921 3313 Amb.
939 3301 980 3307 —
994 3285 1006 3304 ⁶
1022 3285 1072 3317 Sic
1091 3285 1170 3319 Cod.
1190 3287 1271 3321 Vict.
1294 3289 1377 3321 Pro-
