2638 3866
368 203 427 248 88
1170 195 1337 241 PETRI
1374 192 1686 240 ABAELARDI

365 307 556 360 Quanto
580 310 738 347 autem
763 297 1040 346 excellentia
1063 297 1233 344 divinae
1251 304 1430 343 naturae
1454 307 1482 340 a
1506 294 1674 341 ceteris
1696 309 1815 358 quas
1839 293 2058 344 condidit
2080 299 2279 359 naturis,
2307 298 2495 363 longius

364 382 601 439 abscedit,
629 389 761 427 tanto
794 364 952 425 minus
985 392 1220 440 congruas
1245 373 1577 422 similitudines
1599 373 1646 420 in
1672 373 1763 436 illis
1785 375 2074 440 reperimuS,
2103 377 2277 442 quibus
2311 380 2493 428 satisfa-

363 481 470 511 cere
502 463 562 509 de
592 462 680 508 ista
703 460 961 507 valeamus.
992 461 1149 516 Quam
1180 457 1323 503 etiam
1360 464 1582 501 naturam
1622 453 1903 520 philosophi
1936 458 2093 504 Deum
2127 458 2346 522 ignotum
2380 478 2492 526 pro·

363 544 563 598 (flentes,
593 541 641 587 in
674 549 856 587 tantam
894 539 995 602 ejus
1026 536 1376 595 excellentiam,
1419 534 1639 581 omnium
1677 535 1953 584 mortalium
1983 538 2324 602 cogitationem
2357 557 2493 588 exce-

361 623 571 681 dentem,
588 620 724 667 veriti
747 629 858 667 sunt
874 619 1119 682 attingere,
1149 626 1197 662 ut
1218 631 1306 663 nec
1329 614 1447 678 quid
1466 615 1567 679 ipsa
1584 615 1643 662 sit
1663 614 1863 664 definire
1877 618 1980 665 ausi
1998 619 2091 665 sint
2107 656 2120 681 ,
2143 636 2256 667 cum
2277 637 2492 668 summus

359 703 462 762 ille,
490 711 542 748 ut
563 717 707 766 supra
735 699 1060 758 meminimus,
1092 694 1495 761 philosophorum
1520 695 1678 757 Plato,
1704 697 1782 744 vix
1804 697 1922 761 quid
1956 698 2016 745 sit
2043 697 2203 747 dicere
2239 715 2382 748 ausus
2405 701 2487 760 sit,

355 783 451 829 hoc
475 782 632 829 solum
660 780 722 827 de
747 796 804 827 eo
827 779 1000 838 sciens,
1030 775 1160 840 quod
1185 775 1294 822 sciri
1319 775 1473 839 qualis
1495 776 1555 822 sit
1576 776 1638 824 ab
1662 776 1943 825 hominibus
1963 795 2063 826 non
2089 781 2260 845 possit;
2294 783 2491 829 Hermes

355 878 547 926 quoque
565 861 624 908 de
650 860 766 908 Filio
789 860 875 906 Dei
899 878 921 903 «
950 858 1108 921 cujus,
1146 856 1326 919 inquit,
1364 872 1543 904 nomen
1576 874 1676 904 non
1698 866 1855 923 potest
1876 857 2094 906 humano
2128 876 2212 908 ore
2241 861 2442 910 narrari.
2465 881 2487 905 »

355 946 475 989 Ecce
512 942 589 989 ille
628 949 768 1005 negat
803 939 863 986 ab
902 938 1100 985 homine
1137 936 1269 983 hunc
1307 953 1450 1002 posse
1488 937 1623 999 sciri,
1650 937 1738 985 iste
1772 954 1888 985 vero
1924 955 2064 1004 posse
2099 939 2308 988 edisseri.
2352 942 2491 990 Unde

354 1024 510 1086 ipsum
528 1022 732 1088 penitus,
755 1036 865 1067 cum
885 1034 1044 1065 rerum
1070 1017 1288 1064 omnium
1308 1026 1502 1064 naturas
1521 1017 1801 1083 philosophi
1824 1019 2189 1084 distinguerent,
2210 1023 2490 1086 praetermit-

351 1112 520 1161 tentes,
547 1118 691 1166 quem
714 1116 803 1147 nec
828 1115 911 1146 ore
935 1097 1117 1157 disseri,
1150 1113 1241 1145 nec
1264 1107 1425 1145 mente
1455 1099 1644 1164 concipi
1666 1098 1970 1164 profitentur,
1995 1101 2064 1148 sic
2092 1117 2205 1149 eum
2236 1118 2262 1150 a
2286 1119 2488 1151 numero

348 1199 507 1229 rerum
529 1181 850 1238 excluserunt,
878 1178 1014 1242 quasi
1037 1194 1149 1224 eum
1176 1177 1296 1225 nihil
1319 1194 1420 1226 esse
1444 1188 1727 1227 astruerent.
1756 1181 1878 1226 Cum
1904 1181 2033 1227 enim
2063 1198 2259 1229 omnem
2283 1198 2385 1230 rem
2407 1193 2491 1231 aut

345 1262 644 1321 substantiae,
685 1269 766 1307 aut
798 1259 937 1306 alicui
972 1258 1176 1305 aliorum
1212 1258 1684 1322 generalissimorum
1717 1259 1994 1323 subjiciant,
2041 1262 2207 1326 utique
2245 1271 2292 1310 et
2331 1266 2487 1312 Deum

341 1342 378 1386 si
407 1342 530 1388 inter
558 1357 632 1388 res
649 1341 773 1405 ipsas
796 1338 1289 1404 comprehenderent,
1318 1349 1401 1386 aut
1424 1338 1699 1387 substantiis
1723 1350 1807 1387 aut
1838 1341 2215 1404 quantitatibus,
2244 1352 2327 1390 aut
2349 1354 2485 1391 caete-

340 1438 501 1468 rorum
538 1420 1022 1486 praedicamentorum
1055 1419 1225 1466 melius
1251 1430 1676 1481 connumerarent,
1702 1421 1785 1485 qui
1817 1421 1884 1468 nil
1907 1422 2112 1469 omnino
2144 1439 2245 1470 esse
2283 1440 2339 1470 ex
2374 1424 2489 1489 ipsis

340 1502 653 1549 convincitur.
681 1503 861 1548 Omnes
894 1500 1073 1566 quippe
1103 1516 1178 1547 res
1207 1509 1378 1565 praeter
1414 1499 1727 1563 substantias,
1756 1517 1843 1566 per
1867 1517 1917 1548 se
1951 1501 2207 1551 subsistere
2242 1521 2342 1551 non
2374 1521 2486 1569 pos·

341 1592 468 1643 sunt,
501 1582 590 1629 nisi
612 1581 788 1630 scilicet
813 1580 1037 1645 subjectis
1062 1590 1392 1628 sustententur
1418 1579 1718 1641 substantiis,
1747 1591 1799 1628 ut
1822 1581 1998 1630 albedo
2023 1582 2156 1631 nulla
2176 1584 2363 1631 ratione
2385 1582 2486 1633 esse

340 1672 493 1726 potest
517 1663 608 1711 nisi
630 1664 678 1709 in
703 1661 917 1725 subjecto
940 1677 1162 1727 corpore,
1185 1671 1265 1709 aut
1291 1662 1443 1727 pietas
1470 1662 1561 1709 nisi
1583 1663 1632 1709 in
1657 1662 1837 1722 anima,
1861 1673 1943 1709 aut
1964 1662 2187 1727 quaelibet
2209 1681 2284 1712 res
2305 1682 2483 1712 novem

339 1744 831 1807 praedicamentorum,
866 1743 959 1790 nisi
989 1742 1040 1789 in
1063 1741 1289 1806 subjectis
1312 1742 1590 1791 substantiis
1617 1742 1782 1789 insint.
1821 1741 2106 1791 Substantiae
2139 1734 2253 1792 vero
2286 1746 2336 1792 in
2370 1762 2485 1811 pro-

338 1828 440 1891 pria
463 1837 630 1875 natura
652 1844 737 1893 per
761 1827 938 1892 seipsas
967 1826 1168 1874 existere
1198 1836 1281 1875 aut
1304 1843 1609 1893 perseverare
1633 1836 1859 1892 possunt,
1890 1826 2120 1875 omnibus
2148 1838 2195 1875 et
2214 1828 2317 1875 aliis
2340 1827 2485 1876 rebus

336 1904 600 1952 destructis.
645 1905 778 1953 Unde
814 1915 862 1953 et
900 1903 1177 1953 substantiae
1208 1905 1344 1970 quasi
1380 1904 1694 1953 subsistentiae
1733 1920 1834 1951 esse
1874 1903 2011 1952 dictae
2045 1915 2175 1967 sunt,
2220 1915 2268 1953 et
2305 1907 2484 1954 caeteris

335 1986 496 2047 rebus,
522 2002 626 2051 quae
647 1987 690 2033 ei
711 1987 951 2046 assistunt,
983 2002 1082 2034 non
1107 2002 1194 2052 per
1221 2002 1271 2033 se
1297 1984 1579 2045 subsistunt,
1608 1984 1887 2032 naturaliter
1913 1986 2097 2051 priores
2126 1995 2253 2034 sunt.
2285 1990 2352 2034 Ex
2384 2003 2483 2052 quo

334 2066 571 2130 liquidum
606 2077 676 2115 est
708 2070 888 2127 Deum,
923 2067 1008 2131 qui
1046 2067 1268 2114 omnium
1294 2082 1456 2113 rerum
1486 2075 1557 2114 est
1589 2065 1799 2126 initium,
1827 2075 1875 2112 et
1902 2066 2142 2131 singulare
2170 2067 2479 2133 principium,

334 2147 467 2194 nullo
503 2147 652 2194 modo
683 2148 732 2195 in
769 2164 827 2194 eo
850 2163 1013 2194 rerum
1037 2163 1243 2195 numero
1266 2147 1507 2195 contineri
1529 2162 1634 2211 quae
1665 2145 1940 2194 substantiae
1963 2164 2065 2195 non
2098 2157 2226 2195 sunt.
2263 2147 2357 2195 Sed
2391 2164 2481 2196 nec

337 2226 624 2287 substantiae,
649 2227 914 2275 secundum
937 2244 1038 2289 eos,
1068 2227 1359 2293 supponitur
1382 2229 1529 2287 Deus,
1554 2226 1664 2274 licet
1684 2227 1784 2291 ipse
1805 2227 2010 2275 maxime
2028 2229 2087 2275 sit
2106 2243 2181 2276 res
2202 2244 2289 2293 per
2309 2243 2360 2274 se
2382 2228 2481 2275 exi-

337 2316 501 2367 stens,
541 2317 587 2355 et
628 2323 794 2355 verum
830 2318 877 2356 et
912 2306 1309 2356 incommutabile
1344 2322 1446 2355 esse
1484 2308 1585 2372 ipse
1619 2306 1749 2354 solus
1796 2323 1823 2354 a
1861 2323 1911 2354 se
1951 2307 2130 2356 habeat
2162 2325 2189 2356 a
2234 2318 2480 2372 quojzsgmt

338 2387 518 2433 omnia.
545 2390 614 2434 De
636 2388 772 2452 cujus
797 2388 994 2452 quidem
1014 2389 1208 2436 veritate
1232 2404 1288 2435 ac
1313 2386 1614 2451 simplicitate
1635 2386 1733 2434 sive
1752 2386 2233 2435 incommutabilitate
2258 2387 2479 2436 substan-

338 2467 427 2526 tiae,
441 2468 724 2532 Augustinus
741 2469 789 2515 in
805 2468 889 2516 lib.
906 2468 963 2515 de
982 2470 1214 2516 Trinitate
1229 2468 1295 2514 ait
1310 2469 1348 2513 ¹:
1373 2486 1395 2511 «
1417 2467 1493 2513 Sic
1503 2467 1822 2530 intelligamus
1832 2469 2058 2528 Deum,si
2069 2467 2480 2533 possumusquan-

338 2556 439 2593 tum
459 2565 736 2612 possumus,
764 2550 865 2596 sine
898 2550 1124 2613 qualitate
1151 2547 1358 2607 bonum,
1385 2547 1487 2594 sine
1513 2547 1778 2611 quantitate
1807 2562 2055 2610 magnum,
2089 2547 2190 2595 sine
2218 2547 2477 2612 indigentia

338 2639 595 2677 creatorem
611 2666 625 2690 ‚
652 2632 752 2679 sine
777 2634 865 2679 situ
890 2641 1197 2697 praesentem,
1223 2631 1324 2678 sine
1349 2629 1515 2678 habitu
1542 2630 1706 2676 omnia
1734 2630 2082 2691 continentem,
2109 2631 2211 2678 sine
2233 2631 2344 2678 loco
2370 2631 2478 2679 ubi-

339 2725 430 2770 que
454 2719 624 2770 totum,
651 2713 749 2759 sine
771 2722 988 2777 tempore
1012 2711 1377 2776 sempiternum,
1405 2712 1505 2757 sine
1529 2710 1624 2757 ulla
1641 2710 1909 2758 mutatione
1931 2711 2004 2758 sui
2028 2710 2274 2759 mutabilia
2298 2711 2475 2761 facien·

339 2798 452 2843 tem,
478 2790 687 2855 nihilque
706 2793 981 2856 patientem.
1003 2791 1229 2855 Quisquis
1253 2794 1409 2838 Deum
1423 2791 1488 2838 ita
1521 2791 1715 2854 cogitat,
1740 2791 1827 2837 etsi
1843 2791 2063 2839 nondum
2085 2801 2240 2857 potest
2262 2792 2476 2840 invenire

341 2869 539 2916 omnino
559 2871 676 2934 quid
692 2873 766 2930 sit,
790 2873 867 2936 pie
889 2882 1049 2919 tamen
1073 2882 1240 2919 caveat
1259 2881 1496 2936 quantum
1514 2879 1696 2936 potest,
1720 2869 1849 2917 aliud
1869 2870 1929 2918 de
1949 2888 2008 2919 eo
2025 2873 2200 2919 sentire
2221 2871 2355 2937 quod
2372 2889 2473 2920 non

340 2948 414 2993 sit.
444 2951 519 2994 Est
539 2959 698 2996 tamen
721 2952 821 2997 sine
842 2951 1139 2998 dubitatione
1163 2950 1446 3010 substantia,
1472 2951 1548 2998 vel
1572 2951 1611 2998 si
1636 2950 1804 2998 melius
1826 2950 1922 2998 hoc
1947 2952 2214 3017 appellatur
2238 2950 2439 3000 essentia
2457 2990 2469 3012 ‚

341 3043 485 3091 quam
511 3029 660 3075 Graeci
681 3032 817 3076 οὐσίαν
841 3041 1030 3078 vocant.
1053 3051 1076 3074 »
1103 3031 1248 3088 Quod
1270 3041 1434 3078 autem
1470 3046 1559 3078 nec
1585 3030 1717 3093 juxta
1741 3030 2059 3096 philosophos
2083 3032 2184 3096 ipse
2206 3033 2335 3078 Deus
2361 3031 2475 3078 sub-

341 3109 508 3155 stantia
526 3109 584 3154 sit
608 3108 853 3169 dicendus,
875 3110 1008 3158 Facile
1031 3111 1253 3158 convinci
1272 3119 1428 3175 potest
1447 3127 1503 3156 ex
1521 3111 1635 3175 ipsis
1658 3111 1905 3175 seripturis
1929 3111 2147 3158 omnium
2173 3110 2471 3160 dialecticam

383 3287 474 3320 ἰὼ.
488 3287 527 3329 V,
545 3297 641 3329 capi
676 3289 775 3329 opp„
803 3294 826 3320 t.
845 3288 926 3329 vlu,
951 3292 1009 3322 col.
1036 3294 1106 3324 838.
