2638 3866
643 213 859 262 ETHICA
893 214 1002 262 SEU
1035 214 1210 263 LIBER
1243 214 1449 263 DICTUS
1478 233 1489 262 ε
1530 213 1694 262 SCITO
1727 213 1999 263 TElPSUM.
2052 257 2056 259 ,
2301 214 2385 262 641

251 311 618 376 Evangeliorum
637 311 838 362 homilia
860 314 1083 362 vicesima
1102 315 1266 380 quinta
1293 333 1304 363 :
1331 336 1352 359 «
1375 315 1662 379 Plerumque
1685 314 1936 377 contingit,
1965 322 2016 361 ut
2036 313 2200 362 locum
2223 313 2399 377 judicis

249 403 437 455 teneat,
471 393 610 458 cujus
634 394 697 444 ad
728 394 892 442 locum
917 395 1015 444 vita
1046 396 1245 444 minime
1273 397 1567 456 concordat3
1594 412 1651 444 ac
1680 412 1803 462 saepe
1828 396 1981 460 agitur
2019 405 2072 444 ut
2102 394 2179 443 vel
2204 395 2401 444 damnet

248 474 530 536 immeritos,
553 474 627 535 vel
641 473 762 523 alios
779 475 880 540 ipse
903 475 1074 540 ligatus
1096 477 1268 525 solvat,
1295 480 1427 544 Saepe
1447 478 1496 525 in
1518 477 1762 526 solvendis
1785 477 1859 524 vel
1883 475 2085 541 ligandis
2106 494 2202 524 suae
2230 477 2401 525 volun-

248 555 355 602 tatis
391 564 580 613 mot-us,
618 571 721 603 non
755 565 918 619 autem
949 573 1203 605 causarum
1229 559 1397 606 merita
1420 559 1664 623 sequitur3
1696 557 1824 605 unde
1858 557 1912 605 fit
1944 567 1998 605 ut
2021 557 2126 623 ipsa
2150 557 2332 621 ligandi
2354 568 2402 606 et

248 634 468 683 solvendi
495 645 731 700 potestate
753 652 804 705 se
824 637 997 702 privet,
1028 638 1112 703 qui
1133 638 1261 685 hanc
1293 655 1383 703 pro
1407 639 1503 686 suis
1522 638 1876 698 voluntatibus,
1908 648 1957 686 et
1987 655 2086 686 non
2109 655 2199 703 pro
2225 637 2402 686 subdi—

250 725 410 763 torum
445 715 664 763 moribus
697 726 913 765 exercet.‘
939 720 1076 784 Saepe
1098 717 1151 765 fit
1185 729 1237 766 ut
1263 735 1373 784 erga
1398 719 1663 783 quemlibet
1691 719 1968 785 proximum
2005 718 2121 766 odio
2146 719 2221 766 vel
2254 720 2403 782 gratia

189 828 196 835 ·
249 806 502 844 moveatur
516 807 704 863 pastor3
726 797 944 862 judicare
964 809 1123 847 autem
1144 798 1287 863 digne
1311 799 1372 847 de
1395 800 1600 848 subditis
1623 809 1890 865 nequeunt,
1913 800 1996 864 qui
2021 799 2069 847 in
2094 799 2402 847 subditorum

249 877 404 925 causis
422 893 524 937 sua,
554 877 625 924 vel
651 878 757 938 alia,
784 880 860 927 vel
885 881 1085 943 gratiam
1109 890 1376 945 sequuntur
1396 897 1406 928 :
1428 880 1556 928 unde
1580 897 1667 947 per
1688 881 1978 946 prophetam
2001 901 2022 926 «
2048 880 2404 928 mortificabant

250 958 434 1005 animas
457 974 562 1022 quae
585 974 686 1005 non
713 959 1005 1022 moriuntur,
1026 968 1073 1008 et
1095 960 1405 1009 vivificabant
1426 962 1612 1009 animas
1632 979 1737 1027 quae
1757 977 1856 1008 non
1879 961 2091 1008 vivunt¹.
2124 980 2147 1005 »
2170 964 2275 1008 Non
2302 978 2405 1008 mo-

250 1038 451 1086 rientem
476 1038 657 1104 quippe
682 1039 957 1103 mortificat,
976 1043 1058 1106 qui
1074 1042 1256 1106 justum
1278 1041 1499 1102 damnat3
1522 1053 1569 1090 et
1586 1059 1686 1090 non
1710 1042 1950 1089 victurum
1974 1041 2216 1090 vivificare
2240 1043 2407 1089 nititur

250 1118 334 1182 qui
366 1120 502 1166 reum
538 1135 565 1166 a
595 1119 833 1185 supplicio
865 1122 1115 1170 absolvere
1146 1133 1367 1170 conatur.
1405 1125 1582 1170 Causae·
1601 1139 1716 1187 ergo
1738 1122 1997 1189 pensandae
2028 1133 2166 1184 sunt,
2206 1139 2262 1170 ac
2295 1132 2407 1170 tunc

251 1198 429 1262 ligandi
474 1209 620 1264 atque
648 1200 868 1249 solvendi
904 1213 1111 1268 potestas
1137 1203 1405 1252 exercenda
1430 1213 1529 1264 est3
1558 1203 1823 1251 videndum
1859 1220 1963 1268 quae
1992 1203 2159 1268 culpa,
2198 1213 2279 1250 aut
2304 1220 2408 1267 quae

250 1280 309 1326 sit
345 1280 628 1345 poenitentia
669 1292 834 1330 secuta
867 1294 979 1349 post
1027 1285 1247 1351 culpam3
1292 1294 1343 1332 ut
1383 1302 1496 1332 suos
1539 1285 1849 1350 omnipotens
1892 1301 1979 1350 per
2018 1284 2409 1349 compunctionis

250 1361 453 1423 gratiam
491 1361 664 1420 visitat,
705 1361 811 1410 illos
847 1366 1050 1430 pastoris
1085 1366 1323 1413 sententia
1353 1365 1587 1413 absolvat.
1614 1368 1748 1412 Tunc
1783 1363 1911 1412 enirn
1935 1381 2043 1412 vera
2071 1373 2142 1411 est
2169 1363 2409 1412 absolutio

249 1441 579 1506 praesidentis,
623 1459 735 1490 cum
774 1454 960 1493 tantum
997 1447 1212 1512 sequitur
1251 1447 1504 1495 arbitrium
1535 1446 1724 1511 judicis.
1761 1445 1908 1504 Quod
1941 1445 2067 1494 bene
2103 1445 2409 1510 quadrituani

249 1522 430 1569 mortui
455 1523 752 1572 resuscitatio
780 1525 856 1573 illa
883 1527 1135 1591 significat,
1163 1546 1268 1594 quae
1289 1529 1512 1577 videlicet
1536 1528 1851 1587 demonstrat,
1880 1527 1995 1592 qu'ia
2015 1527 2148 1592 prius
2171 1528 2410 1575 Dominus

250 1612 499 1649 mortuum
522 1605 734 1664 vocavit,
763 1616 807 1653 et
828 1607 1037 1670 viviticat
1061 1609 1228 1658 dicens
1255 1628 1266 1656 z
1299 1630 1322 1653 «
1341 1612 1533 1671 Lazare,
1559 1609 1670 1656 veni
1697 1608 1865 1666 foras²;
1885 1628 1907 1652 υ
1941 1617 1988 1655 et
2010 1607 2326 1674 postmodum
2352 1608 2408 1669 is,

249 1683 334 1747 qui
363 1683 500 1730 vivus
528 1701 746 1748 egressus
778 1687 932 1736 fuerat
953 1706 983 1737 a
1004 1689 1251 1756 discipulis
1275 1699 1344 1738 est
1372 1689 1574 1737 solutus.
1602 1710 1625 1733 2)
1649 1691 1765 1736 Item
1788 1706 1799 1735 :
1835 1708 1857 1732 <t
1877 1690 1999 1736 Ecce
2030 1687 2166 1735 illum
2191 1687 2414 1754 discipuli

244 1761 345 1827 jam
376 1764 570 1812 solvunt
601 1781 746 1831 quem
779 1770 1002 1834 Magister
1034 1771 1344 1819 suscitaverat
1374 1780 1654 1828 mortuum3
1681 1769 1875 1816 sienim
1908 1779 2159 1816 mortuum
2181 1771 2413 1817 Lazarum

249 1834 473 1909 discipuli
496 1847 762 1907 solverent,
789 1849 1011 1898 foetorem
1034 1853 1186 1916 magis
1210 1851 1524 1899 ostenderent
1547 1867 1694 1914 quam
1713 1851 1959 1898 virtutem.
1988 1853 2053 1897 Ex
2078 1867 2176 1915 qua
2198 1850 2415 1898 conside-

248 1924 435 1972 ratione
459 1926 603 1974 nobis
630 1928 918 1978 intuendum
951 1942 1045 1992 est,
1084 1932 1220 1998 quod
1246 1933 1353 1980 illos
1382 1932 1616 1980 debemus
1644 1949 1732 1997 per
1754 1931 2046 1997 pastoralem
2077 1931 2413 1979 auctoritatem

249 2005 452 2066 solvere,
466 2019 589 2071 quos
600 2019 850 2058 auctorem
865 2023 1088 2061 nostrum
1101 2014 1438 2078 cognoscimus
1447 2030 1533 2080 per
1543 2012 1918 2061 resuscitationis
1929 2011 2130 2076 gratiam
2146 2010 2410 2074 vivificare3

249 2102 356 2151 quae
384 2086 613 2136 nimirum
645 2090 903 2140 vivificatio
935 2103 1047 2142 ante
1078 2094 1414 2159 operationem
1450 2093 1750 2141 rectitudinis
1773 2092 1823 2139 in
1849 2093 1952 2158 ipsa
1973 2092 2073 2155 jam
2097 2091 2413 2155 cognovimus

249 2167 551 2216 confessione
587 2181 922 2235 peccatorum3
962 2174 1093 2222 unde
1129 2185 1176 2222 et
1198 2175 1289 2240 ipsi
1318 2184 1514 2222 mortuo
1554 2189 1865 2238 nequaquam
1893 2172 2070 2220 dicitur
2099 2190 2110 2218 :
2147 2173 2408 2233 Revivisce,

251 2246 334 2294 sed
362 2265 372 2294 :
407 2249 526 2295 Veni
554 2250 710 2310 foras3
735 2269 791 2300 ac
813 2254 852 2300 si
876 2264 1038 2320 aperte
1063 2255 1260 2304 cuilibet
1283 2243 1480 2303 m⁶ortuo
1503 2255 1554 2302 in
1577 2254 1718 2320 culpa
1742 2253 2011 2301 diceretur:
2037 2256 2183 2300 Foras
2201 2253 2303 2318 jam
2327 2270 2415 2319 per

250 2327 607 2377 confessionem
655 2333 913 2396 egredere,
952 2337 1037 2401 qui
1072 2335 1204 2402 apud
1246 2346 1292 2384 te
1328 2335 1527 2383 interius
1570 2352 1657 2401 per
1693 2334 2033 2399 negligentiam
2066 2333 2202 2382 lates.
2241 2334 2415 2382 Veniat

250 2407 412 2473 itaque
434 2410 584 2472 foras,
620 2412 671 2460 id
696 2424 789 2477 est,
818 2415 1012 2482 culpam
1036 2417 1325 2466 confiteatur
1346 2426 1601 2484 peccator;
1628 2416 1904 2463 venientem
1935 2431 2052 2462 vero
2077 2414 2204 2462 foras
2225 2415 2414 2463 solvant

251 2488 504 2556 discipuli,
543 2501 596 2540 ut
627 2504 843 2559 pastores
879 2497 1100 2546 Ecclesiae
1136 2499 1181 2547 ei
1212 2515 1409 2565 poenam
1443 2497 1681 2558 relaxent,
1717 2497 1802 2561 qui
1837 2513 1935 2543 non
1966 2495 2159 2543 erubuit
2193 2495 2412 2544 confiteri

251 2569 387 2634 quod
421 2571 547 2620 fecit.
576 2593 600 2619 »
628 2577 749 2622 Item
777 2595 787 2623 :
830 2578 970 2626 «Sed
997 2589 1160 2627 utrum
1189 2580 1316 2645 juste
1341 2579 1499 2644 alliget
1522 2587 1702 2644 pastor,
1742 2576 1947 2643 pastoris
1983 2586 2145 2623 tamen
2179 2577 2413 2625 sententia

252 2652 383 2715 gregi
414 2652 629 2702 timenda
657 2665 754 2717 est,
778 2674 841 2705 ne
864 2658 903 2706 is
923 2660 1007 2724 qui
1030 2660 1216 2723 subest,
1250 2670 1298 2708 et
1335 2677 1448 2707 cum
1471 2659 1647 2724 injuste
1677 2658 1872 2705 forsitan
1895 2656 2084 2722 ligatur,
2110 2658 2263 2722 ipsam
2288 2657 2414 2705 obli—

253 2730 458 2793 gationis
491 2735 780 2784 sententiam
813 2755 869 2786 ex
899 2740 992 2788 alia
1022 2741 1166 2807 culpa
1198 2750 1454 2788 mereatur.
1481 2759 1505 2784 υ
1532 2743 1652 2786 ltem
1679 2759 1691 2786 :
1731 2739 1869 2796 «Qui
1900 2737 1991 2786 sub
2023 2754 2172 2785 manu
2208 2738 2414 2803 pastoris

252 2820 347 2872 est,
384 2812 549 2860 timeat
578 2815 714 2878 ligari
736 2818 813 2865 vel
838 2819 966 2882 juste
995 2820 1071 2867 vel
1095 2820 1298 2885 injuste3
1329 2837 1420 2868 nec
1445 2820 1649 2885 pastoris
1676 2818 1749 2865 sui
1778 2817 2014 2883 judicium
2043 2828 2224 2866 temere
2251 2835 2412 2884 repre-

252 2891 454 2953 hendat,
473 2910 553 2954 ne,
583 2898 670 2944 etsi
694 2897 870 2960 injuste
882 2899 1051 2964 ligatus
1070 2912 1157 2961 est,
1177 2918 1236 2949 ex
1257 2902 1360 2967 ipsa
1378 2899 1573 2948 tumidae
1596 2898 1984 2965 reprehensionis
2006 2899 2248 2964 superbia,
2271 2899 2413 2966 culpa

252 2988 359 3035 quae
381 2989 483 3020 non
507 2985 625 3036 erat,
655 2975 754 3024 fiat.
779 2997 802 3023 »

320 3054 390 3099 Ex
426 3053 502 3101 his
540 3057 759 3121 Gregorii
794 3058 933 3107 dictis
978 3070 1024 3107 et
1066 3060 1239 3108 divinae
1274 3061 1570 3109 auctoritatis
1603 3059 1856 3125 exempliS,
1903 3059 2143 3124 liquidum
2180 3071 2251 3109 est
2290 3062 2411 3109 nihil

254 3132 609 3199 Episcoporum
642 3139 931 3187 sententiam
968 3143 1154 3200 valere,
1191 3142 1231 3189 si
1264 3142 1326 3191 ab
1364 3143 1584 3208 aequitate
1624 3140 1864 3206 discrepat
1895 3140 2082 3200 divina,
2113 3145 2250 3207 juxta
2292 3143 2410 3190 illud

302 3314 456 3358 'Ezech.,
471 3327 544 3361 cap.
563 3329 635 3361 xm,
661 3331 691 3354 v.
713 3324 763 3357 19.
782 3340 823 3347 —
838 3324 849 3342 ²
863 3323 1058 3366 Joan.‚cap.
1074 3334 1112 3366 11,
1126 3333 1155 3358 v.
1175 3327 1226 3359 43.

415 3389 447 3413 n
2199 3384 2243 3420 81
