2638 3866
811 208 870 258 ΙΝ
903 207 1238 257 EPISTOLAM
1273 208 1354 257 AD
1388 207 1689 260 ROMANOS.
2226 211 2317 260 153

951 540 1542 625 PROLOGUS.

242 783 412 833 Omnis
436 784 683 850 Scriptura
702 783 885 847 divina,
917 800 1054 834 more
1088 786 1317 835 orationis
1348 786 1616 848 rhetoricae,
1651 795 1736 835 aut
1767 784 1945 834 docere
1979 786 2201 847 intendit,
2243 797 2325 836 aut

172 881 385 915 movere.
410 867 564 913 Docet
586 866 787 932 quippe,
812 865 933 914 dum
954 883 1060 932 quae
1084 866 1187 914 fieri
1209 866 1285 915 vel
1303 867 1441 915 vitari
1478 876 1671 933 oportet
1703 868 1932 917 insinuat.
1956 870 2118 916 Movet
2142 877 2320 928 autem,

170 945 292 994 dum
315 946 460 994 sacris
482 945 896 995 admonitionibus
926 947 1024 995 suis
1054 946 1352 996 voluntatem
1382 957 1602 996 nostram
1623 948 1699 997 vel
1724 947 2048 998 dissuadendo
2075 947 2277 996 retrahit
2299 964 2326 996 a

172 1026 327 1089 malis,
354 1026 429 1074 vel
451 1025 789 1093 persuadendo
827 1028 1038 1094 applicat
1067 1027 1211 1076 bonis
1236 1046 1248 1076 ι
1276 1038 1327 1076 ut
1352 1029 1454 1094 jam
1495 1029 1714 1078 videlicet
1752 1029 1954 1095 implere
1986 1028 2189 1077 velimus
2221 1045 2326 1094 quae

171 1107 419 1174 implenda
437 1123 539 1155 esse
563 1107 838 1171 didicimus,
865 1108 942 1157 vel
965 1109 1116 1157 vitare
1137 1109 1395 1158 contraria.
1422 1112 1563 1158 Juxta
1586 1109 1713 1157 hanc
1743 1110 1904 1176 itaque
1935 1110 2193 1170 rationem,
2226 1118 2326 1157 tam

172 1188 343 1236 veteris
360 1204 509 1253 quam
530 1188 646 1237 novi
662 1189 949 1238 Testamenti
971 1190 1209 1256 tripartita
1229 1200 1300 1238 est
1318 1190 1556 1239 doctrina.
1581 1193 1636 1239 In
1658 1192 1807 1239 veteri
1827 1207 2002 1258 nempe
2017 1194 2325 1239 Testamento

173 1268 246 1317 lex
266 1285 373 1335 quae
395 1269 444 1317 in
470 1269 684 1335 quinque
707 1269 841 1318 libris
868 1272 1045 1337 Moysis
1072 1272 1367 1334 continetur,
1405 1281 1643 1338 praecepta
1675 1272 1874 1319 Domini
1914 1272 2127 1338 primum
2162 1271 2321 1319 docet.

173 1348 379 1412 Deinde,
405 1349 654 1416 prophetae
682 1351 759 1400 vel
790 1350 1001 1400 historiae
1024 1369 1137 1401 cum
1161 1353 1341 1401 caeteris
1373 1352 1638 1418 scripturis,
1669 1351 1730 1400 ad
1757 1368 1815 1400 ea
1837 1370 1942 1418 quae
1960 1353 2061 1418 jam
2087 1361 2326 1419 praecepta

171 1441 326 1493 erant,
353 1446 501 1497 opere
523 1431 816 1497 complenda
855 1433 1192 1495 adhortantur,
1214 1443 1262 1481 et
1283 1433 1481 1482 affectus
1498 1433 1755 1481 hominum
1779 1433 1842 1481 ad
1866 1432 2194 1482 obediendum
2207 1448 2327 1498 prae·

172 1511 324 1578 ceptis
350 1522 682 1560 commovent.
720 1515 843 1561 Cum
875 1514 1007 1562 enim
1042 1513 1293 1581 prophetae
1326 1515 1403 1563 vel
1437 1514 1590 1563 sancti
1615 1517 1776 1562 Patres
1815 1513 2055 1581 populum
2095 1513 2330 1561 sentirent

172 1593 424 1659 praeceptis
446 1592 606 1640 minus
629 1593 828 1642 obedire
851 1594 1045 1657 divinis,
1075 1595 1434 1644 admonitiones
1456 1594 1771 1655 adhibebant,
1796 1604 1852 1642 ut
1875 1611 1962 1661 per
1983 1593 2328 1660 promissiones

174 1671 251 1720 vel
268 1673 672 1722 comminationes
704 1691 788 1723 eos
813 1675 878 1723 ad
910 1675 1241 1724 obediendum
1267 1675 1528 1725 traherent.
1566 1675 1796 1742 Exempla
1821 1690 2019 1740 quoque
2042 1691 2099 1722 ex
2118 1672 2330 1720 historiis

175 1754 499 1802 necessarium
522 1763 623 1803 erat
643 1754 859 1820 adjungi,
879 1757 928 1804 in
953 1755 1133 1822 quibus
1162 1767 1262 1805 tam
1279 1757 1608 1805 remuneratio
1640 1755 1975 1805 obedientium
2006 1770 2155 1820 quam
2186 1768 2330 1819 poena

174 1843 582 1898 transgressorum
605 1844 717 1884 ante
740 1836 909 1884 oculos
932 1847 1245 1903 ponerentur.
1283 1838 1372 1885 Hic
1402 1846 1564 1886 autem
1602 1846 1715 1884 sunt
1741 1845 1926 1885 veteres
1949 1834 2015 1883 illi
2044 1834 2212 1901 panni,
2246 1834 2329 1900 qui

172 1914 234 1963 ad
255 1913 605 1964 extrahendum
631 1917 886 1966 Jeremiam
908 1918 969 1966 de
985 1918 1094 1967 lacu
1117 1918 1312 1967 funibus
1334 1917 1650 1982 circumligati
1669 1919 1800 1967 sunt¹
1827 1934 1839 1963 :
1866 1914 2084 1981 exempla
2107 1914 2331 1964 videlicet

174 1996 488 2061 antiquorum
519 1999 733 2060 Patrum,
774 2016 880 2065 quae
913 2001 1060 2050 sacris
1100 1998 1518 2050 admonitionibus
1556 1998 1849 2048 adhibentur
1878 1996 1941 2045 ad
1980 1994 2330 2044 extrahendum

176 2087 481 2142 peccatorem
504 2077 565 2126 de
588 2078 837 2145 profundo
862 2082 1111 2132 vitiorum.

240 2158 467 2207 Similiter
489 2168 536 2208 et
558 2161 675 2208 novi
699 2161 934 2227 tripartita
962 2173 1034 2211 est
1067 2164 1321 2231 disciplina
1341 2165 1651 2226 Testamenti,
1677 2163 1764 2212 ubi
1787 2162 1988 2230 quidem
2018 2157 2331 2224 Evangelium

177 2254 267 2304 pro
288 2238 393 2303 lege
416 2249 503 2301 est,
522 2241 657 2305 quod
671 2258 795 2290 verae
813 2243 1006 2308 justitiae
1028 2260 1085 2293 ac
1103 2245 1325 2311 perfectae
1347 2246 1555 2295 sormam
1577 2245 1738 2294 docet.
1762 2243 1948 2293 Deinde
1975 2240 2197 2308 Epistolae
2221 2254 2333 2287 cum

177 2318 466 2386 Apocalypsi
482 2321 593 2370 loco
610 2322 960 2389 prophetarum
980 2335 1252 2391 ponuntur,
1281 2343 1387 2392 quae
1406 2326 1468 2376 ad
1494 2325 1826 2375 obediendum
1862 2322 2125 2387 Evangelio
2160 2319 2333 2368 cohor-

178 2409 359 2448 tantur.
395 2403 539 2450 Actus
561 2419 677 2451 vero
706 2405 1041 2470 apostolorum
1073 2417 1119 2455 et
1146 2408 1387 2474 pleraeque
1420 2408 1726 2456 narrationes
1758 2403 2044 2469 evangelicae
2072 2417 2230 2449 sacras
2258 2399 2331 2446 hi-

179 2480 348 2528 storias
373 2482 644 2531 continent.
671 2486 741 2532 Ex
765 2484 841 2533 his
863 2486 1026 2551 itaque
1050 2486 1217 2553 liquet,
1247 2487 1384 2554 quod
1409 2504 1522 2536 cum
1546 2488 1606 2536 sit
1630 2486 1836 2535 intentio
1865 2481 2111 2547 Evangelii
2136 2480 2328 2537 docere,

177 2560 305 2609 hanc
339 2562 660 2612 intentionem
697 2566 920 2631 Epistolae
952 2567 1030 2616 vel
1065 2570 1209 2616 Actus
1250 2568 1587 2635 apostolorum
1632 2575 1816 2624 tenent,
1844 2573 1898 2613 ut
1920 2563 1983 2612 ad
2003 2559 2333 2610 obediendum

180 2642 437 2707 Evangelio
460 2660 552 2692 nos
574 2656 820 2707 moveant,
846 2647 922 2696 vel
941 2648 992 2695 in
1011 2647 1088 2696 his
1110 2665 1216 2714 quae
1234 2648 1549 2713 Evangelium
1574 2648 1718 2696 docet
1739 2662 1830 2694 nos
1853 2642 2159 2693 confirment.
2181 2643 2333 2691 Nemo

179 2722 339 2787 itaque
362 2733 472 2788 post
494 2727 825 2791 Evangelium,
851 2728 987 2793 quod
1018 2729 1238 2794 perfectae
1269 2738 1340 2776 est
1367 2729 1614 2791 doctrinae,
1641 2727 1777 2792 quasi
1807 2723 2073 2790 superfluas
2097 2720 2332 2787 Epistolas

180 2801 518 2861 calumnietur,
544 2822 657 2853 cum
678 2806 767 2854 has
790 2807 851 2856 ad
873 2808 1233 2857 admonitiones
1253 2809 1415 2874 potius
1442 2824 1589 2873 quam
1607 2806 1670 2855 ad
1692 2805 1965 2853 doctrinam
1997 2802 2197 2868 scriptas
2232 2817 2333 2850 esse

181 2883 566 2947 meminerimuS,
594 2888 815 2951 quamvis
838 2888 1075 2936 nonnulla
1098 2889 1145 2935 in
1173 2889 1240 2936 eis
1261 2887 1471 2936 salubria
1508 2887 1804 2936 documenta
1824 2885 1922 2933 sive
1945 2882 2145 2931 consilia
2174 2883 2335 2930 conti-

181 2973 405 3026 neantur,
438 2981 543 3030 quae
567 2966 880 3031 Evangelium
907 2984 1010 3015 non
1033 2967 1199 3016 habet.
1230 2968 1369 3017 Unde
1393 2968 1456 3017 ad
1482 2967 1762 3016 Corinthios
1782 2964 1999 3014 scribens
2022 2963 2135 3012 ait’:
2165 2983 2186 3006 «
2214 2965 2334 3010 Nam

183 3044 362 3092 caeteris
386 3061 475 3109 ego
497 3045 627 3107 dico,
652 3063 753 3095 non
776 3048 1034 3096 Dominus.
1058 3049 1226 3114 Siquis
1244 3048 1390 3098 frater
1409 3065 1613 3097 uxorem
1634 3046 1781 3095 habet
1797 3043 2062 3105 infidelem,
2086 3051 2176 3091 etc.
2194 3062 2218 3088 »
2240 3046 2334 3090 Nec

182 3140 282 3172 non
315 3126 460 3174 etiam
493 3127 910 3177 circumcisionem
939 3129 1015 3178 vel
1046 3140 1227 3192 ceteras
1256 3130 1372 3195 legis
1404 3129 1620 3180 carnales
1657 3127 1985 3178 observantias
2017 3140 2200 3174 cessare
2232 3123 2334 3187 jam

226 3313 233 3330 ¹
252 3310 385 3352 Jerem.,
401 3321 471 3354 cap.
490 3322 637 3357 xxxviii,
655 3326 683 3349 v.
705 3317 754 3351 11.
769 3318 829 3341 -2
845 3317 856 3350 l
874 3317 1047 3360 θον-Μαι,
1067 3327 1139 3361 cap.
1152 3327 1211 3360 vn,
1229 3327 1258 3352 v.
1280 3320 1330 3352 12.

349 3386 379 3411 n
2123 3372 2173 3410 20
