2638 3866
777 251 1170 300 INTRODUCTIO
1208 254 1288 302 AD
1322 254 1731 303 THEOLOGIAM.
2234 259 2326 306 405

183 354 341 404 verbis
351 355 663 403 eontinentur
675 350 976 415 evangeliciS,
995 352 1043 399 in
1058 369 1109 399 se
1128 353 1271 401 etiam
1285 355 1415 419 ipsos
1435 356 1721 403 sententiam
1741 358 2010 423 proferunt.
2030 360 2151 405 Cum
2170 369 2329 407 autem

181 437 412 503 Spiritum
429 452 456 484 a
471 434 576 483 solo
589 437 727 482 Patre
740 431 1020 498 procedere,
1037 449 1137 480 non
1154 435 1285 482 enim
1301 434 1612 499 Evangelium
1626 452 1739 484 cum
1752 453 1778 485 a
1798 441 1934 486 Patre
1948 438 2211 503 procedere
2228 440 2331 504 Spi-

181 518 330 565 ritum
347 516 492 576 dicat,
514 535 537 561 α
556 514 660 563 solo
680 533 702 558 n
731 512 948 578 adjungit
965 513 1100 578 quod
1114 515 1204 580 ipsi
1228 525 1500 581 apponunt,
1522 515 1605 563 sed
1630 518 1969 565 tantummodo
1993 535 2021 566 a
2041 520 2179 566 Patre
2194 519 2327 579 dicit,

183 598 440 663 quaerimus
457 596 602 645 etiam
625 604 673 642 et
692 595 1040 658 interrogamus
1063 610 1147 642 eos
1164 612 1277 643 cum
1300 595 1506 644 credunt
1528 597 1758 662 Spiritum
1778 608 1995 645 sanctum
2011 615 2039 646 a
2060 601 2195 646 Patre
2221 616 2330 665 pro-

183 678 373 738 cedere,
389 688 554 725 utrum
573 674 772 724 credant
790 674 947 740 ipsum
968 691 996 722 a
1016 674 1122 722 solo
1146 678 1285 724 Patre
1309 675 1593 742 procedere,
1611 676 1687 724 vel
1703 694 1820 724 non.
1839 678 1983 735 Quod
2004 679 2041 725 si
2060 680 2143 738 sic,
2158 690 2205 727 et
2222 697 2331 727 vera

184 760 243 806 sit
256 759 356 806 haec
376 757 514 816 fides,
541 757 706 822 utique
730 757 795 804 ita
819 765 890 803 est
909 755 1041 820 quod
1065 755 1291 804 videlicet
1314 773 1343 805 a
1364 757 1470 805 solo
1493 760 1632 806 Patre
1658 758 1760 823 ipse
1784 758 2080 823 procedit,et
2093 760 2226 824 quod
2242 761 2331 826 ipsi

184 850 326 899 super
344 833 440 880 hoc
462 833 692 894 sentiunt,
710 830 963 879 salubriter
979 830 1143 879 doceri
1156 848 1239 879 seu
1254 831 1477 880 confiteri
1492 849 1591 879 non
1611 842 1681 880 est
1694 833 2017 896 incongruum
2032 870 2044 893 ,
2070 834 2206 898 quod
2233 851 2331 881 non

184 913 317 962 credi
339 915 398 961 sit
418 912 761 979 periculosum,
790 912 1046 977 praesertim
1072 928 1186 959 cum
1209 911 1337 960 dicat
1360 913 1669 978 Apostolus¹:
1701 933 1723 959 «
1743 912 1900 960 Corde
1923 913 2135 962 creditur
2154 915 2215 962 ad
2235 916 2334 978 jus-

185 995 354 1055 titiam,
379 1010 471 1042 ore>
488 1003 649 1041 autem
674 992 910 1040 confessio
934 991 986 1040 fit
1012 992 1073 1041 ad
1095 992 1313 1040 salutem.
1348 1014 1370 1036 »
1396 994 1479 1041 Sin
1503 1004 1665 1042 autem
1703 1010 1803 1041 non
1827 1011 1855 1042 a
1879 994 1985 1042 solo
2017 997 2155 1043 Patre
2189 996 2334 1060 Spiri-

186 1085 291 1123 tum
314 1074 578 1141 procedere
600 1073 817 1134 credant,
838 1088 948 1121 cum
969 1091 1083 1122 eum
1105 1090 1134 1122 a
1152 1077 1291 1122 Patre
1314 1074 1579 1140 procedere
1604 1091 1705 1123 non
1730 1074 1972 1135 dubitant,
1994 1084 2186 1141 oportet
2200 1076 2333 1140 quod

186 1155 285 1204 fam
304 1173 331 1204 a
357 1159 497 1204 Patre
517 1171 664 1221 quam
687 1155 806 1203 Filio
830 1173 914 1203 seu
936 1155 998 1203 ab
1022 1155 1119 1204 alio
1144 1156 1300 1221 ipsum
1326 1155 1591 1222 procedere
1614 1157 1891 1217 assentiant,
1912 1167 1957 1204 et
1983 1156 2119 1221 quod
2142 1173 2334 1204 necesse

185 1247 255 1286 est
281 1237 430 1297 credi,
462 1236 654 1285 salubre
696 1237 755 1285 sit
791 1236 1026 1291 confiteri,
1054 1238 1177 1285 sicut
1199 1248 1246 1285 et
1266 1248 1434 1285 caetera
1458 1238 1623 1285 omnia
1657 1254 1763 1302 quae
1796 1237 1858 1285 ad
1909 1237 2053 1285 fidem
2099 1238 2337 1303 pertinent

184 1318 489 1367 catholicam.
518 1320 615 1366 Nec
643 1328 781 1366 rectae
804 1318 1094 1366 confessioni
1113 1317 1280 1379 officit,
1299 1319 1336 1365 si
1358 1317 1594 1367 nonnulla
1615 1318 1930 1365 consessionis
1953 1318 2102 1366 verba
2121 1318 2169 1364 in
2187 1334 2335 1365 cano-

183 1399 303 1446 nicis
325 1399 525 1447 minime
548 1400 853 1465 reperiantur*
864 1400 1135 1465 Scripturis.
1168 1398 1246 1446 Ob
1277 1399 1369 1446 hoe
1398 1399 1528 1446 enim
1553 1399 1759 1446 maxime
1779 1398 1997 1464 symbola
2020 1398 2336 1446 conciliorum

185 1481 442 1545 Scripturis
455 1480 547 1528 illis
572 1490 685 1528 sunt
706 1480 1037 1546 superaddita,
1065 1490 1119 1527 ut
1142 1479 1221 1527 illa
1242 1479 1452 1527 doceant
1474 1479 1548 1527 vel
1573 1479 1810 1527 disserant
1833 1496 1938 1543 quae
1961 1478 2027 1526 ibi
2052 1491 2214 1545 aperte
2236 1495 2334 1526 non

135 1605 138 1610 .
184 1559 442 1609 habentur.
462 1562 580 1619 Quis
603 1562 734 1609 enim
758 1561 1054 1622 Trinitatem,
1083 1560 1158 1608 vel
1188 1570 1285 1608 tres
1310 1576 1539 1626 personas
1562 1560 1611 1607 in
1646 1576 1701 1607 ea
1728 1559 1818 1607 sibi
1851 1569 2111 1607 coaeternas
2147 1570 2194 1607 et
2217 1576 2336 1607 coae-

184 1642 367 1706 quales,
394 1658 600 1707 quarum
630 1658 929 1707 unaquaeque
960 1642 1017 1689 sit
1038 1645 1168 1690 Deus
1191 1642 1240 1688 in
1268 1642 1358 1688 illis
1387 1641 1643 1706 Scripturis
1667 1640 1762 1687 dici
1785 1641 2078 1699 meminerit,
2105 1649 2188 1688 aut
2225 1641 2340 1688 Pila-

185 1731 288 1769 tum
332 1723 559 1770 Pontium
599 1722 848 1788 appellari,
898 1732 980 1770 aut
1022 1722 1085 1770 ad
1131 1721 1312 1769 inferos
1359 1721 1572 1769 animam
1603 1720 1907 1768 descendisse
1937 1719 2130 1779 Christi,
2170 1730 2218 1768 et
2249 1721 2338 1768 alia

184 1802 402 1867 quaedam
429 1819 535 1867 quae
558 1803 606 1849 in
630 1802 790 1851 verbis
803 1819 903 1851 non
923 1803 1237 1851 continentur
1255 1802 1501 1850 canonicis
1515 1801 1534 1848 Ρ
1548 1800 1694 1849 Multa
1712 1801 1928 1867 profecto
1948 1800 2062 1848 fidei
2078 1802 2339 1849 necessaria

185 1892 294 1948 post
327 1883 642 1947 Evangelium
675 1882 736 1931 ab
774 1883 1028 1949 Apostolis,
1068 1884 1143 1931 vel
1175 1882 1452 1949 apostolicis
1474 1882 1588 1930 viris
1611 1881 1774 1931 addita
1808 1892 1936 1943 sunt,
1965 1899 2071 1946 quae
2094 1898 2147 1929 ex
2183 1880 2340 1928 verbis

156 1951 159 1954 ⁴
185 1964 471 2029 evangelicis
505 1964 703 2012 minime
735 1964 1141 2031 comprobantur,
1172 1965 1292 2012 sicut
1316 1974 1387 2012 est
1418 1962 1538 2011 illud
1565 1962 1626 2010 de
1664 1962 1934 2026 virginitate
1959 1962 2118 2010 Matris
2145 1961 2340 2008 Domini

185 2045 328 2093 etiam
350 2055 461 2111 post
479 2056 673 2111 partum
691 2046 866 2110 jugiter
889 2055 1191 2105 conservata,
1227 2056 1272 2093 et
1305 2045 1366 2092 de
1403 2045 1505 2092 aliis
1529 2045 1725 2092 fortasse
1751 2043 1928 2091 multis.

251 2126 333 2173 His
357 2136 519 2174 autem
542 2127 772 2175 adversus
795 2128 1075 2175 Graecorum
1098 2126 1423 2191 objectionem
1442 2125 1503 2174 de
1519 2126 1827 2192 processione
1850 2125 2053 2191 Spiritus
2078 2124 2336 2190 responsis,

187 2205 300 2254 libet
317 2207 461 2255 etiam
481 2224 536 2255 ex
558 2208 772 2272 ipsorum
791 2207 1074 2255 doctoribus
1093 2207 1365 2255 testimonia
1382 2207 1597 2272 proferre
1615 2205 1790 2270 quibus
1806 2222 1834 2254 a
1850 2205 1965 2253 Filio
1979 2220 2175 2270 quoque
2191 2204 2342 2269 Spiri-

187 2297 290 2334 tum
313 2298 533 2336 sanctum
550 2288 812 2354 procedere
832 2288 1083 2336 doceatur.
1106 2288 1384 2336 Athanasius
1409 2290 1458 2334 in
1481 2290 1516 2334 S
1506 2286 1706 2351 ymbolo
1722 2285 1856 2352 fidei,
1881 2307 1903 2331 «
1924 2286 2145 2352 Spiritus,
2165 2286 2339 2350 inquit,

187 2377 395 2429 sanctus,
418 2385 443 2415 a
462 2371 601 2416 Patre
623 2380 671 2416 et
685 2369 804 2416 Filio
822 2385 923 2416 non
943 2369 1112 2427 factus,
1133 2385 1232 2416 non
1253 2378 1458 2429 creatus,
1475 2384 1565 2415 nec
1579 2368 1783 2431 genitus,
1803 2367 1888 2415 sed
1902 2366 2194 2433 procedens3
2218 2387 2239 2408 >2
2261 2364 2341 2411 ubi

187 2448 385 2513 quidem
403 2465 514 2497 cum
537 2449 818 2515 praemiserit
835 2449 1067 2515 Spiritum
1082 2459 1303 2497 sanetum
1329 2465 1358 2496 a
1384 2451 1522 2496 Patre
1545 2458 1594 2495 et
1607 2447 1725 2495 Filio
1744 2464 1863 2509 esse,
1883 2458 2028 2512 atque
2047 2446 2341 2510 subjunxerit

191 2550 212 2572 «
226 2529 511 2594 procedens,
533 2551 556 2574 »
578 2530 826 2578 manifeste
843 2530 1011 2578 docuit
1028 2547 1142 2579 eum
1161 2529 1222 2579 ab
1242 2539 1450 2595 utroque
1477 2528 1756 2595 procedere,
1783 2529 1905 2576 sicut
1922 2538 1968 2575 et
1987 2544 2089 2575 esse
2108 2525 2336 2583 retulerit,

187 2612 448 2675 praesertim
462 2628 574 2659 cum
591 2627 691 2659 non
705 2611 840 2659 aliter
856 2628 886 2660 a
901 2613 1258 2678 Patre'Spiritus
1270 2627 1372 2658 esse
1385 2610 1578 2670 habeat,
1597 2626 1742 2675 quam
1758 2608 2089 2675 procedendo.
2108 2606 2340 2668 Didymus

188 2692 332 2738 etiam
348 2708 517 2739 eorum
538 2692 775 2741 maximus
794 2692 986 2753 doctor,
1010 2694 1059 2740 in
1077 2692 1203 2740 libro
1217 2691 1273 2738 de
1290 2693 1673 2756 Spiritu-sancto,
1691 2706 1719 2737 a
1732 2689 1849 2736 Filio
1869 2705 2064 2753 quoque
2081 2683 2340 2751 procedere

191 2780 406 2834 patenter
424 2771 676 2836 profitetur
692 2772 858 2820 dicens
876 2791 886 2820 :
917 2794 938 2816 α
957 2773 1194 2831 Salvator,
1219 2772 1299 2836 qui
1320 2771 1588 2827 et'Veritas,
1608 2771 1726 2817 ait²z
1753 2789 1776 2812 «
1795 2771 1900 2815 Non
1921 2767 2051 2813 enim
2070 2765 2295 2830 loquetur
2313 2783 2339 2812 a

188 2850 462 2914 semetipso,
483 2870 504 2895 n
532 2851 773 2916 loquetur,
797 2853 890 2900 hoc
906 2863 993 2912 est,
1019 2869 1120 2900 non
1139 2853 1241 2898 sine
1256 2867 1350 2910 me,
1369 2865 1470 2897 non
1489 2850 1591 2896 sine
1613 2865 1724 2895 meo
1749 2856 1797 2894 et
1819 2847 1967 2911 patris
1982 2845 2200 2905 arbitrio,
2228 2846 2340 2910 quia

190 2931 522 2995 inseparabilis
545 2941 616 2979 est
643 2948 672 2979 a
697 2949 803 2981 mea
826 2943 873 2980 et
895 2933 1046 2998 patris
1065 2932 1330 2992 voluntate,
1358 2930 1472 2995 quia
1491 2946 1548 2977 ex
1568 2946 1618 2976 se
1641 2945 1741 2975 non
1765 2937 1852 2990 est,
1876 2927 1963 2975 sed
1985 2944 2042 2975 ex
2068 2937 2200 2993 patre
2243 2936 2288 2974 et
2314 2944 2341 2973 a

192 3028 269 3058 me
292 3021 379 3058 est.
408 3014 513 3059 Hoc
537 3013 665 3059 enim
693 3012 852 3078 ipsum
877 3011 1009 3076 quod
1036 3010 1249 3059 subsistit
1275 3020 1322 3058 et
1346 3010 1560 3074 loquitur
1586 3018 1760 3074 apatre
1775 3018 1821 3056 et
1845 3024 1965 3056 ame
1988 3019 2058 3056 est
2080 3007 2164 3055 illi.
2199 3010 2341 3072 «Ego

191 3091 440 3138 veritatem
470 3090 663 3156 loquor,
683 3113 704 3136 n
728 3092 778 3139 id
793 3101 862 3139 est
887 3092 1073 3157 inspiro
1100 3108 1205 3156 quae
1222 3090 1416 3155 loquor.
1437 3089 1686 3155 Siquidem
1704 3089 1936 3155 Spiritusv
1961 3089 2141 3151 eritatis
2158 3098 2246 3145 est,
2270 3087 2342 3135 di-

190 3188 314 3230 cere,
339 3182 385 3219 et
418 3172 551 3236 loqui
576 3173 627 3220 in
651 3173 879 3221 Trinitate
903 3188 1003 3220 non
1028 3171 1297 3220 secundum
1322 3170 1725 3219 consuetudinem
1747 3179 1962 3218 nostram
1988 3167 2337 3234 accipiendum,

238 3360 243 3375 ¹
261 3357 367 3396 Rom„
400 3369 471 3401 cap.
490 3371 531 3400 x,
555 3372 582 3398 v,
608 3364 656 3396 10.
677 3380 717 3388 --
766 3362 874 3404 Joan„
891 3373 963 3405 cap.
984 3372 1051 3403 xvi,
1072 3371 1099 3394 v.
1130 3362 1178 3396 13.

359 3432 389 3455 11
2131 3418 2180 3453 111
