2638 3866
272 242 370 291 794
1194 236 1500 292 APPENDIX.

268 342 331 385 ibi
362 353 405 384 te
436 343 690 402 expectabo.
722 343 853 397 Quod
881 344 915 386 si
949 343 1096 387 abbati
1125 355 1202 388 tuo
1236 346 1519 404 inobediens,
1545 347 1665 408 quod
1686 349 1828 394 facere
1859 366 1951 394 non
1971 351 2173 408 dubitas,
2207 354 2425 412 extiteris,

267 422 528 482 ubicumque
559 433 771 465 terrarum
801 422 991 478 latueris,
1013 434 1056 468 te
1079 425 1305 484 quaesitum
1326 426 1561 471 inveniam.
1587 428 1822 484 Quomodo
1852 446 1957 474 vero
1987 442 2098 475 stare
2129 443 2274 492 potest
2307 435 2425 493 quod

267 501 409 545 dixisti
440 512 534 545 toto
563 492 634 545 me
664 502 831 546 mundo
860 504 1107 564 expulsum,
1142 520 1243 548 cum
1274 516 1317 549 et
1344 506 1500 563 Roma,
1541 503 1638 568 quae
1667 509 1821 553 mundi
1846 521 1975 571 caput
2002 521 2090 566 est,
2125 527 2196 555 me
2241 511 2429 558 libenter

265 582 473 640 excipiat,
498 593 541 625 et
575 583 842 626 audiendum
872 584 1074 627 libentius
1103 580 1386 644 amplectatur
1412 597 1456 630 et
1479 587 1634 632 audito·
1651 589 1929 634 libentissime
1959 591 2250 650 obsequatur?
2271 592 2423 652 Neque

262 676 365 703 vero
402 662 664 705 Turonensis
699 663 877 707 ecclesia
906 655 977 707 *vel
1007 664 1225 720 Lucensis,
1255 665 1331 708 ubi
1366 665 1422 709 ad
1453 667 1586 727 pedes
1626 684 1748 712 meos
1777 670 1968 730 magistri
2009 671 2073 712 tui
2117 670 2423 730 discipulorum

261 742 465 784 minimus
498 753 589 786 tam
624 743 699 787 diu
711 744 950 800 ‘'resedisti‚
999 756 1073 788 aut
1108 746 1334 788 Bizuntina
1368 731 1545 792 ecclesia
1587 749 1633 792 in
1680 750 1835 809 quibus
1870 751 2102 793 canonicus
2136 766 2255 806 sum,
2302 763 2423 796 extra

260 821 473 864 mundum
504 834 618 878 sunt,
650 840 746 883 quae
768 840 840 868 me
873 841 1024 868 omnes
1055 836 1099 868 et
1127 837 1390 869 venerantur
1421 839 1464 871 et
1499 828 1663 883 fovent,
1688 839 1731 871 et
1765 827 1884 888 quod
1919 829 2017 873 dico
2055 830 2248 883 discendi
2277 831 2422 876 studio

258 900 444 945 libenter
475 903 706 963 accipiunt.
732 905 798 947 Ex
820 905 945 962 hujus
967 905 1096 965 igitur
1123 905 1226 948 dicti
1247 907 1589 951 manifestissima
1618 908 1799 952 falsitate
1829 920 1971 953 cetera
1997 909 2219 954 literarum
2248 922 2421 956 tuarum

259 994 505 1026 commenta
545 1000 599 1027 ex
635 986 835 1044 aequitate
869 985 976 1028 falsa
1014 1001 1102 1029 esse
1147 986 1381 1043 judicanda
1411 999 1525 1031 sunt.
1563 989 1665 1031 Non
1694 990 1923 1033 minimum
1957 1002 2101 1034 autem
2134 991 2264 1035 doleo
2301 992 2420 1051 quod

256 1061 476 1107 bonorum
497 1077 816 1124 persecutorem
838 1081 908 1108 me
931 1065 1093 1110 dixisti.
1118 1067 1237 1110 Licet
1259 1068 1376 1111 enim
1397 1069 1540 1112 bonus
1563 1085 1655 1112 non
1677 1070 1772 1124 sim,
1785 1068 1935 1114 'bonos
1957 1081 2102 1115 tamen
2121 1071 2309 1132 singulos
2330 1075 2418 1131 quo
2470 1093 2474 1101 ·

256 1142 396 1188 debeo
426 1147 594 1189 honore
626 1163 796 1207 semper
817 1158 1046 1190 veneratus
1077 1164 1188 1191 sum.
1220 1149 1312 1192 Hos
1347 1161 1493 1192 autem
1519 1167 1626 1210 quos
1655 1151 1701 1213 in
1727 1152 1974 1212 exemplum
1999 1153 2155 1207 trahis,
2191 1151 2418 1196 dominum

254 1223 454 1268 videlicet
497 1227 755 1270 Anselmum
791 1228 1142 1272 Cantuariensem
1187 1240 1231 1271 et
1270 1230 1512 1273 Robertum
1554 1230 1683 1273 bonae
1711 1232 1810 1274 vitae
1838 1233 2031 1291 bonique
2064 1233 2300 1276 testimonii
2330 1234 2415 1276 ho-

253 1304 390 1347 mines
423 1321 645 1366 nunquam
679 1318 962 1367 persequutus
990 1324 1110 1363 sum,
1143 1308 1245 1352 licet
1273 1310 1472 1368 quaedam
1494 1326 1645 1354 eorum
1681 1310 1796 1354 dicta
1834 1323 1879 1355 et
1908 1311 2020 1355 facta
2059 1312 2416 1372 reprehendenda

252 1383 495 1429 videantur.
530 1387 622 1430 Nec
651 1389 825 1443 mirum,
854 1389 956 1447 quia
975 1388 1171 1432 videmus
1200 1405 1315 1433 nunc
1339 1406 1417 1450 per
1446 1390 1668 1450 speculum
1697 1392 1743 1433 in
1767 1392 2009 1452 aenigmate.
2041 1393 2194 1451 Neque
2220 1393 2337 1435 enim
2367 1394 2415 1436 hi

254 1464 341 1508 duo
371 1468 582 1526 sapientes
605 1479 648 1511 et
668 1469 855 1529 religiosi
883 1470 965 1512 viri
989 1471 1163 1527 majoris
1185 1471 1327 1513 meriti
1353 1486 1428 1514 seu
1461 1472 1680 1531 sapientiae
1703 1484 1802 1515 sunt
1823 1473 1952 1516 Petro
1974 1473 2270 1532 apostolorum
2288 1474 2414 1532 prin-

251 1545 345 1604 cipe
371 1558 414 1589 et
443 1560 631 1607 martyre
661 1549 868 1608 glorioso,
901 1561 944 1593 et
965 1551 1096 1594 beato
1118 1551 1334 1610 Cypriano
1358 1552 1699 1612 Carthaginiensi
1728 1553 1928 1612 episcopo
1957 1552 2134 1596 doctore
2164 1553 2415 1596 suavissimo

251 1636 294 1667 et
328 1638 515 1686 martyre
552 1628 878 1688 gloriosissimo,
916 1631 963 1673 in
997 1633 1116 1688 cujus
1145 1630 1347 1674 laudibus
1374 1632 1527 1675 beatus
1564 1633 1816 1692 Ieronymus
1852 1633 2048 1676 exultans
2085 1633 2144 1675 ait
2181 1648 2191 1675 τ
2222 1653 2238 1670 «
2259 1634 2415 1676 Beatus

250 1706 487 1765 Cyprianus
502 1709 635 1751 instar
657 1709 786 1752 fontis
805 1711 1020 1769 purissimi
1043 1711 1178 1754 dulcis
1199 1712 1362 1755 incedit
1385 1723 1428 1755 et
1448 1711 1642 1771 placidus
1665 1723 1743 1767 est,
1769 1723 1833 1767 et,
1857 1729 1957 1756 cum
1980 1723 2094 1756 totus
2117 1713 2169 1755 sit
2186 1713 2232 1755 in
2255 1714 2414 1756 exhor-

248 1787 411 1829 tatione
448 1789 680 1843 virtutum‚
718 1790 762 1831 in
794 1791 1101 1849 persecutionis
1138 1792 1356 1851 angustiis,
1397 1793 1634 1851 Scripturas
1663 1809 1753 1835 non
1794 1793 1982 1836 deseruit
2019 1793 2199 1836 divinas.
2221 1813 2239 1831 n
2266 1793 2412 1837 Unde

247 1866 507 1910 Prudentius
531 1869 585 1911 de
605 1870 863 1928 martyribus
892 1886 902 1912 :
933 1890 950 1907 «ι
965 1871 1117 1912 Omnis
1140 1885 1287 1913 amans
1309 1871 1525 1913 Christum
1549 1882 1622 1913 tua
1640 1871 1771 1932 leget,
1787 1872 1941 1915 doctor
1962 1873 2189 1930 Cypriane,
2206 1873 2404 1931 scripta.»

245 1946 331 1988 Iste
362 1957 509 1990 tamen
538 1958 660 1990 tanto
693 1960 941 1992 sanctorum
973 1951 1192 2009 praeconio
1220 1951 1266 1992 in
1294 1950 1476 1994 sublime
1513 1950 1723 1994 deductus
1752 1952 1874 1994 aliter
1907 1951 1961 1994 de
1993 1951 2252 2011 baptismate
2279 1952 2411 1995 sensit

245 2027 550 2070 haereticorum
583 2039 710 2087 atque
742 2030 874 2088 ipsius
906 2030 1071 2089 scriptis
1099 2031 1273 2089 reliquit
1307 2046 1438 2089 quam
1471 2041 1622 2090 postea
1655 2031 1810 2074 veritas
1842 2031 2051 2090 prodidit.
2088 2031 2218 2074 Unde
2255 2031 2407 2075 beatus

245 2107 509 2167 Augustinus
530 2109 577 2150 in
597 2108 708 2151 libro
726 2109 779 2151 de
800 2110 1024 2168 Baptismo
1047 2110 1107 2153 sic
1127 2110 1320 2169 loquitur
1340 2126 1351 2154 :
1381 2131 1399 2149 α
1417 2111 1570 2153 Visum
1586 2122 1650 2154 est
1672 2110 1928 2170 quibusdam
1951 2111 2130 2171 egregiis
2152 2111 2267 2166 viris,
2294 2111 2409 2154 inter

245 2202 352 2245 quos
397 2189 612 2248 praecipue
645 2189 798 2233 beatus
835 2191 1071 2250 Cyprianus
1105 2190 1346 2246 eminebat,
1378 2207 1469 2234 non
1499 2207 1589 2234 esse
1634 2191 1752 2250 apud
1779 2191 2003 2234 haereticos
2020 2190 2092 2233 vel
2113 2189 2406 2235 schismaticos

243 2267 507 2326 baptismum
532 2270 703 2313 Christi.
736 2270 939 2314 Reddens
967 2287 1071 2331 ergo
1101 2270 1294 2314 debitam
1317 2272 1605 2315 reverentiam
1631 2271 1894 2331 dignumque
1922 2272 2160 2326 honorem,
2195 2282 2405 2330 quantum

243 2347 367 2390 valeo
383 2349 602 2407 ,pacifico
633 2351 835 2410 episcopo
864 2362 907 2394 et
941 2351 1129 2411 glorioso
1160 2353 1339 2411 martyri
1363 2352 1596 2411 Cypriano‚
1623 2351 1764 2395 audeo
1795 2363 1947 2414 tamen·
1972 2351 2114 2395 dicere
2149 2350 2272 2394 aliter
2302 2367 2403 2394 eum

243 2428 419 2470 sensisse
439 2428 494 2471 de
516 2429 793 2472 schismaticis
820 2442 863 2474 et
899 2432 1110 2475 haereticis
1140 2431 1410 2491 baptizandis
1443 2447 1572 2489 quam
1603 2442 1752 2491 postea
1782 2431 1958 2491 prodidi
1988 2447 2079 2475 non
2110 2447 2164 2474 ex
2193 2447 2292 2474 mea
2315 2430 2402 2474 «sed

241 2508 450 2551 universae
472 2505 658 2552 ecclesiae
682 2513 891 2555 sententia
917 2511 1099 2571 plenarii
1121 2512 1292 2555 concilii
1314 2512 1567 2555 auctoritate
1589 2512 1810 2556 roborata.
1831 2533 1848 2551 ι»
1863 2513 2068 2572 Princeps
2079 2527 2193 2561 (vero
2219 2522 2398 2571 aposto-

241 2574 384 2635 lorum
418 2594 584 2648 Petrus,
621 2595 721 2653 quia
749 2605 897 2655 gentes
938 2595 996 2638 ad
1023 2596 1287 2655 baptismum
1315 2596 1536 2639 venientes
1565 2596 1814 2639 circumcidi
1836 2595 2143 2656 compellebat,
2189 2611 2216 2638 a
2260 2595 2398 2639 Paulo

243 2673 439 2729 apostolo
462 2675 889 2734 prius‚postmodum
905 2692 930 2718 a
951 2676 1107 2719 sanctis
1129 2676 1322 2736 patribus
1342 2676 1499 2718 merito
1520 2676 1804 2735 reprehensus
1828 2676 1992 2719 est.Ait
2013 2676 2131 2719 enim
2152 2674 2392 2735 apostolus:

249 2770 268 2787 «
285 2753 394 2795 Cum
417 2765 526 2796 esset
548 2755 715 2814 Cephas
738 2756 978 2799 Antiochiae
1007 2767 1051 2799 et
1071 2773 1163 2800 non
1183 2767 1300 2802 recte
1323 2754 1545 2798 incederet
1566 2756 1612 2798 in
1633 2757 1812 2800 veritate
1835 2756 2069 2816 evangelii,
2095 2766 2241 2815 aperte
2261 2755 2397 2798 restiti

241 2831 282 2872 ei
319 2832 364 2874 in
407 2833 561 2877 faciem
606 2838 706 2894 quia
739 2836 1085 2895 reprehensibilis
1132 2847 1240 2880 erat.
1262 2857 1280 2874 »
1322 2835 1451 2878 Unde
1491 2836 1643 2880 beatus
1680 2838 1943 2898 Augustinus
1970 2852 1980 2880 ε
2006 2857 2026 2874 «
2045 2834 2267 2880 Venerans
2290 2851 2396 2896 ergo

240 2911 416 2954 Petrum
438 2930 517 2972 pro
541 2915 607 2957 sui
627 2917 782 2959 merito
805 2918 1101 2977 apostolorum
1122 2919 1310 2978 primum
1331 2928 1375 2960 et
1397 2917 1782 2961 eminentissimum
1801 2929 2032 2977 martyrem
2045 2949 2057 2972 ‚
2082 2916 2223 2960 audeo
2245 2927 2393 2959 tamen

242 2991 384 3035 dicere
411 3008 511 3035 eum
531 3011 624 3037 non
643 3007 757 3039 recte
780 2996 944 3052 fecisse,
967 3009 1016 3040 ut
1036 3010 1184 3058 gentes
1204 2998 1424 3056 judaizare
1446 3009 1719 3057 cogerentur.
1737 3019 1754 3037 ι»
1781 2998 1910 3042 Unde
1930 2996 2083 3041 beatus
2104 2997 2389 3057 Augustinus:

245 3091 263 3110 α
280 3072 367 3126 Qui
401 3088 445 3115 se
476 3089 680 3117 nazareos
705 3077 958 3120 christianos
988 3089 1170 3134 vocant,
1189 3078 1281 3121 nati
1299 3076 1490 3120 haeretici
1511 3091 1567 3119 ex
1593 3078 1668 3121 illo
1691 3094 1836 3122 errore
1863 3079 1909 3121 in
1939 3094 2026 3137 quo
2060 3078 2210 3121 Petrus
2242 3076 2392 3118 devius

237 3163 462 3196 revocatus
495 3163 559 3196 est
587 3169 612 3195 a
639 3155 791 3199 Paulo.
809 3177 825 3194 »
855 3157 978 3200 Idem
1001 3172 1012 3200 ι
1044 3178 1062 3196 «
1079 3160 1189 3201 Cum
1219 3159 1370 3201 Petrus
1401 3158 1448 3198 in
1470 3159 1580 3200 mari
1609 3159 1856 3213 titubasset,
1891 3175 1992 3202 cum
2023 3158 2258 3201 Dominum
2288 3171 2387 3198 car-

237 3229 391 3273 naliter
412 3247 438 3273 a
457 3231 654 3290 passione
676 3245 929 3289 revocasset,
953 3251 1052 3278 cum
1079 3246 1144 3279 ter
1174 3237 1411 3279 Dominum
1435 3238 1482 3280 in
1509 3237 1707 3296 passione
1735 3246 1954 3298 negasset,
1985 3250 2084 3279 cum
2113 3236 2159 3276 in
2184 3233 2389 3292 supersti-

236 3311 391 3354 tiosam
423 3312 741 3355 simulationem
770 3313 911 3372 lapsus
942 3326 1077 3371 esset,
1100 3315 1295 3359 videmus
1317 3331 1416 3360 eum
1437 3318 1609 3361 veniam
1638 3326 1950 3375 consequutum
1980 3313 2037 3357 ad
2068 3312 2262 3373 martyrii
2280 3311 2388 3372 >glo--
