2638 3866
333 188 421 235 190
1133 183 1301 230 PETRI
1343 183 1657 230 ABAELARDI

327 288 505 335 caeteris
528 296 898 350 transgressores
917 299 1299 350 permaneamus,
1322 298 1423 329 non
1440 282 1606 330 salvat.
1640 284 1764 328 Cum
1787 291 1946 330 autem
1969 283 2269 334 circumcisio
2292 287 2342 334 in
2366 287 2461 335 hoc

330 379 545 433 tempore
576 367 675 430 jam
710 365 888 413 nullius
918 363 1251 422 sitmomenti,
1280 362 1414 426 juxta
1444 361 1563 409 illud
1592 362 1742 427 ipsius
1775 362 1988 428 Apostoli
2020 363 2090 410 ad
2116 365 2318 414 Galatas
2342 369 2456 415 scri·

330 448 503 495 bentis¹
528 466 538 493 ε
562 466 585 492 α
604 447 652 493 Si
667 456 828 494 autem
838 443 1265 504 circumcidamini,
1283 442 1499 490 Christus
1513 441 1655 489 vobis
1673 441 1740 489 nil
1758 442 1992 507 proderit,
2013 462 2036 488 »
2058 443 2108 491 id
2130 446 2338 495 estnihil
2354 448 2454 512 jain

329 528 538 575 utilitatis
561 526 699 574 vobis
723 543 781 573 ex
813 525 895 572 illo
925 526 1060 589 signo
1092 523 1323 578 conseret,
1363 531 1561 589 apparet
1587 522 1685 570 hoc
1718 522 1829 571 loco
1865 523 2147 589 Apostolum
2187 526 2249 574 ad
2284 537 2457 576 statum

326 608 536 672 priorem
559 606 675 670 legis
695 616 924 672 spectare,
951 606 999 652 in
1025 621 1123 670 quo
1147 603 1273 651 utilis
1293 612 1394 650 erat
1419 602 1737 651 circumcisio.
1761 605 1831 652 De
1854 620 1953 668 quo
1974 604 2172 669 quidem
2196 616 2318 655 statu
2345 608 2460 672 legis

326 688 545 752 quamvis
559 688 658 751 jam
686 687 923 752 praeterito
946 695 993 733 et
1009 694 1243 750 quantum
1264 682 1326 730 ad
1350 683 1564 731 carnales
1587 683 1913 731 observantias
1947 684 2196 745 defuncto,
2230 686 2298 734 ibi
2329 704 2460 736 nunc

323 769 466 816 etiam
490 768 638 816 Judaei
676 767 895 815 conversi
917 765 1258 831 gloriabantur.
1284 764 1330 810 Si
1349 781 1466 812 vero
1486 763 1741 829 Apostolus
1762 763 1825 812 ad
1849 781 1991 812 suum
2014 782 2146 813 nunc
2174 776 2365 833 tempus
2383 786 2459 817 re-

325 849 529 915 spiciens
559 849 684 896 dicat
707 867 716 894 ε
745 868 768 892 «
793 847 1100 895 Circumcisio
1124 844 1321 910 quidem
1349 844 1548 920 prodest
1571 845 1611 892 si
1640 845 1792 909 legem
1816 845 2059 908 observes,
2087 867 2109 891 a
2140 847 2232 897 tale
2253 858 2322 898 est
2344 866 2400 898 ac
2421 851 2460 898 si

325 930 450 978 dicat
466 948 475 976 :
489 929 797 977 Circumcisio
812 945 941 975 nunc
956 927 1167 992 prodest,
1183 926 1221 972 si
1234 926 1293 972 sit
1306 925 1580 991 spiritualis,
1594 926 1756 992 potius
1773 942 1917 991 quam
1931 927 2150 987 carnalis,
2167 945 2272 992 quae
2287 930 2461 979 Gentili

324 1027 457 1074 aeque
482 1011 602 1057 sicut
632 1019 678 1056 et
705 1008 871 1056 Judaeo
903 1007 1175 1055 communis
1203 1015 1289 1053 est.
1318 1006 1547 1054 Custodia
1569 1007 1716 1071 igitur
1745 1007 1861 1073 legis
1888 1007 2184 1074 spiritualem
2210 1009 2459 1059 circumci-

323 1093 507 1138 sionem
532 1090 656 1151 facit,
692 1089 741 1136 id
776 1099 845 1136 est
874 1088 1227 1154 separationem
1260 1104 1287 1134 a
1319 1088 1462 1147 vitiis,
1502 1104 1608 1153 quae
1642 1104 1727 1154 per
1762 1088 2004 1136 carnalem
2044 1089 2460 1139 circumcisionem

323 1172 571 1235 figuratur.
589 1170 697 1217 Tale
718 1179 786 1216 est
803 1186 916 1232 ergo
941 1169 979 1216 si
1001 1169 1156 1232 legem
1179 1168 1438 1230 custodias,
1458 1185 1513 1216 ac
1537 1169 1576 1216 si
1600 1168 1781 1216 diceret
1799 1187 1808 1215 :
1835 1169 1884 1216 Si
1904 1169 1964 1217 sit
1985 1170 2240 1235 spiritualis
2253 1171 2459 1219 circum-

324 1252 439 1298 cisio
463 1251 622 1298 cordis
640 1251 799 1315 potius
824 1266 970 1314 quam
990 1249 1224 1315 corporis,
1246 1250 1359 1315 quia
1378 1250 1678 1315 superfluum
1702 1259 1774 1298 est
1792 1251 1983 1314 signum
2009 1250 2089 1298 ubi
2107 1250 2241 1299 deest
2261 1268 2348 1317 per
2376 1270 2459 1301 ne-

322 1332 593 1397 gligentiam
617 1331 874 1395 signatum.

387 1433 409 1457 «
427 1413 475 1459 Si
499 1422 660 1460 autem
684 1411 1035 1477 praevaricator,
1054 1431 1076 1454 »
1105 1411 1155 1458 id
1172 1421 1242 1459 est
1264 1421 1604 1475 transgressor,
1629 1421 1721 1459 etc.
1752 1431 1775 1457 u
1796 1411 2087 1477 Praeputium
2109 1432 2133 1457 »ι
2161 1422 2362 1461 vocatur
2381 1413 2460 1461 illa

320 1494 548 1559 particula
574 1493 789 1556 genitalis
803 1492 1024 1552 membri,
1039 1509 1186 1558 quam
1206 1492 1266 1540 de
1278 1493 1552 1540 summitate
1566 1492 1694 1541 imus
1705 1492 2028 1559 praecidebant
2041 1493 2456 1542 circumcidentes.

319 1579 375 1622 Et
406 1574 583 1622 dicitur
611 1574 918 1639 praeputium,
953 1574 1089 1638 quasi
1115 1573 1433 1639 amputando,
1457 1572 1507 1620 id
1531 1583 1602 1621 est
1628 1572 2014 1639 praescindendo‚
2043 1577 2263 1639 quamvis
2291 1583 2459 1639 putare

317 1655 465 1703 modo
489 1671 579 1720 pro
599 1653 812 1701 incidere
835 1670 935 1701 non
959 1654 1019 1701 sit
1043 1655 1092 1700 in
1115 1670 1224 1714 usu,
1253 1655 1374 1701 sicut
1403 1663 1671 1720 amputare.
1698 1654 1886 1701 Dicitur
1919 1663 2079 1701 tamen
2113 1654 2162 1700 in
2188 1655 2423 1702 (Σανιῑίσιζςι
2445 1673 2455 1701 :

323 1740 571 1801 «Tempus
597 1735 859 1800 putationis
881 1733 1092 1793 advenit,
1113 1753 1135 1778 υ
1165 1733 1214 1781 id
1237 1744 1307 1781 est
1329 1734 1691 1800 amputationis.
1719 1734 2147 1792 Quemadmodum
2172 1744 2333 1782 autem
2369 1736 2460 1783 cir-

318 1817 548 1865 cumcisio
574 1816 730 1863 carnis
750 1815 1168 1863 circumcisionem
1196 1815 1373 1877 cordis,
1405 1815 1455 1863 id
1479 1825 1548 1862 est
1578 1816 1931 1881 separationem
1963 1831 1992 1863 a
2023 1814 2297 1863 carnalibus
2333 1815 2459 1863 vitiis

316 1897 568 1962 significat,
601 1897 666 1943 ita
698 1897 984 1962 praeputium
1014 1906 1257 1944 retentum
1288 1896 1647 1944 immunditiam
1686 1895 1951 1943 carnalium
1989 1895 2343 1943 desideriorum
2377 1895 2459 1943 de-

316 1987 570 2026 monstrat.
598 1977 739 2024 Unde
763 1977 913 2025 Judaei
945 1988 992 2025 et
1016 1977 1245 2036 Gentiles,
1280 1978 1363 2042 qui
1395 1977 1683 2043 praeputium
1705 1975 1973 2034 habebant,
2001 1993 2102 2023 non
2128 1976 2454 2042 praeputiatos,

313 2059 363 2106 id
383 2068 454 2107 est
475 2058 773 2119 immundOS,
797 2075 965 2106 verum
991 2059 1147 2122 ipsum
1172 2059 1478 2124 praeputium,
1499 2057 1548 2104 id
1562 2067 1634 2105 est
1649 2057 1803 2122 ipsam
1821 2056 2179 2104 immunditiam
2197 2055 2453 2104 vocabant.

318 2159 340 2183 «
357 2139 669 2186 Circumcisio
688 2149 786 2197 tua,
803 2149 893 2186 etc.
906 2160 927 2183 n
943 2140 997 2185 ln
1013 2139 1113 2186 sola
1126 2139 1349 2186 videlicet
1364 2155 1507 2186 carne
1523 2148 1624 2197 tua,
1638 2138 1855 2201 inquam,
1872 2153 2017 2201 quam
2035 2136 2295 2203 approbaS‚
2311 2154 2458 2202 quam
2498 2174 2501 2177 .

315 2219 444 2280 facis,
464 2237 565 2267 non
592 2222 734 2266 Deus.
766 2220 1093 2286 «Praeputium
1113 2219 1233 2269 facta
1258 2230 1330 2267 est
1348 2219 1450 2279 tibi,
1480 2239 1503 2263 »
1541 2219 1592 2266 id
1627 2228 1714 2278 est,
1741 2218 2110 2282 quodammodo
2131 2218 2454 2285 immunditia,

316 2300 547 2362 quoniam
568 2301 716 2364 magis
739 2317 848 2348 reus
870 2301 1170 2349 convinceris
1191 2310 1302 2366 post
1323 2310 1599 2366 susceptum
1622 2299 2000 2347 circumcisionis
2029 2308 2383 2347 sacramentum
2410 2309 2459 2347 et

314 2379 656 2443 professionem
676 2380 988 2429 observandae
1010 2381 1146 2445 legis,
1173 2383 1210 2428 si
1234 2398 1340 2428 earn
1361 2397 1462 2428 non
1490 2380 1733 2442 observes,
1760 2396 1908 2444 quam
1937 2380 1976 2427 si
2006 2379 2103 2427 hoc
2126 2395 2228 2427 non
2250 2379 2453 2428 fecisseS.

317 2460 403 2506 «Si
427 2476 597 2524 ergo.»
625 2463 774 2519 Quasi
799 2478 827 2510 a
845 2462 1099 2510 contrariis
1123 2461 1283 2521 infert,
1305 2460 1706 2526 quandoquidem
1730 2470 1813 2508 tua
1838 2460 2157 2520 circumcisio,
2191 2459 2242 2507 id
2265 2469 2337 2507 est
2352 2475 2455 2508 car-

314 2541 445 2602 nalis,
469 2542 754 2606 praeputium
772 2541 824 2590 fit
853 2543 957 2602 tibi,
994 2543 1045 2590 id
1074 2552 1162 2604 est,
1191 2544 1342 2608 magis
1363 2553 1410 2591 te
1431 2542 1652 2607 inquinat
1675 2551 1722 2589 et
1745 2541 1944 2589 damnat
1970 2542 2009 2588 si
2043 2541 2197 2605 legem
2231 2556 2332 2588 non
2365 2540 2456 2588 ob-

315 2636 488 2668 serves.
513 2622 661 2685 Igitur
683 2623 972 2688 praeputium
996 2622 1216 2685 Gentilis,
1246 2624 1286 2670 si
1309 2614 1526 2689 ipselege
1537 2622 1744 2671 naturali
1756 2622 1891 2687 quod
1907 2622 2140 2688 scriptum
2156 2630 2226 2669 est
2239 2619 2455 2687 impleat,

317 2719 338 2743 «
360 2701 658 2765 reputabitur
680 2703 724 2749 ei
744 2718 773 2750 a
797 2705 1010 2751 Domino
1030 2704 1080 2751 in
1103 2704 1542 2765 circumcisionem,
1559 2723 1582 2748 ³³
1606 2701 1656 2751 id
1679 2713 1749 2751 est
1771 2703 1862 2768 ipsi
1889 2702 2142 2768 corporale
2166 2701 2455 2767 praeputium

314 2778 545 2827 habentes
565 2783 927 2831 aestimabuntur
949 2784 1118 2832 divino
1138 2783 1323 2849 judicio
1354 2783 1571 2849 ejusdem
1594 2800 1696 2831 esse
1724 2784 1899 2845 meriti,
1927 2783 2064 2847 cujus
2086 2791 2198 2830 sunt
2233 2791 2281 2830 et
2313 2781 2454 2847 spiri·

313 2859 502 2906 tualiter
527 2862 811 2910 circumcisi.
839 2867 946 2911 Non
970 2865 1102 2911 enim
1122 2864 1204 2911 hic
1228 2864 1400 2929 repetit
1429 2885 1450 2907 «
1471 2863 1890 2911 circumcisionem
1911 2872 2062 2924 tuam,
2086 2882 2111 2908 »
2135 2872 2190 2909 ut
2211 2860 2454 2909 carnalem

316 2938 559 3002 intelligat,
586 2942 709 2988 sicut
728 2945 945 3008 superius
970 2946 1161 3010 posuit:
1188 2944 1274 2992 sed
1297 2944 1573 3009 simpliciter
1593 2944 1709 2992 dicit
1735 2966 1758 2988 α
1775 2944 2210 3002 circumcisionem,
2232 2962 2254 2985 n
2282 2951 2335 2988 ut
2356 2941 2452 3006 spi·

316 3018 533 3065 ritualem
558 3020 766 3069 insinuet
783 3040 808 3070 a
826 3026 929 3071 Deo
953 3025 1143 3072 factam.
1169 3026 1264 3083 Qui
1287 3026 1431 3073 etiam
1450 3042 1563 3072 cum
1593 3025 1710 3072 dicit
1735 3045 1758 3069 α
1790 3024 2080 3091 praeputium
2112 3023 2255 3080 illius,
2280 3040 2303 3066 »
2331 3021 2452 3068 sicut

315 3099 531 3162 superius
547 3102 995 3151 «circumcisionem
1008 3115 1158 3165 tuam,
1175 3125 1198 3151 υ
1211 3105 1465 3154 carnaliter
1480 3106 1697 3170 intelligit
1710 3105 2018 3171 praeputium,
2035 3103 2254 3168 corporis
2272 3101 2453 3150 scilicet

359 3282 502 3324 'Gatat‚‚
518 3292 590 3323 cap.
609 3293 644 3324 v,
667 3293 695 3315 v.
715 3287 747 3317 2.
765 3287 824 3308 -2
845 3285 975 3319 Cantic.
990 3313 996 3321 ,
1014 3297 1084 3329 cap.
1106 3298 1144 3327 u,
1163 3298 1194 3320 v.
1215 3291 1261 3322 12.
