2638 3866
899 178 956 226 IN
990 177 1320 226 EPISTOLAM
1354 178 1435 225 AD
1469 179 1771 227 ROMANOS.
2316 179 2409 225 307

265 279 382 328 tales
412 289 552 329 antea
583 297 756 328 omnes
777 279 928 327 sancti
954 278 1148 326 suerunt
1180 280 1418 343 Apostoli3
1447 279 1577 328 unde
1602 289 1698 327 tam
1724 279 1858 327 facile
1881 289 2132 328 vocantem
2165 278 2406 326 Christum

262 370 591 425 sequerentur,
604 361 703 409 sive
715 369 856 409 antea
868 358 1097 407 divinitus
1112 359 1350 424 inspirati,
1368 361 1466 408 sive
1481 360 1758 409 testimonio
1774 362 1972 409 Joannis
1985 360 2162 409 edocti.
2180 362 2400 418 Quorum

267 456 388 488 unus
407 441 635 501 Andreas,
659 440 922 507 discipulus
950 439 1165 499 Joannis,
1191 441 1377 487 Simoni
1406 441 1538 488 fratri
1570 440 1715 488 dixit¹
1737 458 1746 487 :
1775 442 2094 489 «Invenimus
2117 441 2354 489 Messiam.
2381 463 2401 483 »

265 522 322 568 Et
346 521 596 589 Philippus
616 521 928 571 NathanaeP:
953 541 975 566 κ
998 523 1154 579 Quem
1180 521 1368 586 scripsit
1386 524 1572 586 Moyses
1595 531 1642 569 et
1666 519 1914 586 Prophetae
1938 522 1985 568 in
2010 522 2111 587 lege
2134 521 2406 570 invenimus

263 604 443 652 Jesum.
462 623 485 648 »
513 607 580 651 Ex
604 602 781 669 quibus
803 602 1001 668 quidem
1024 601 1182 650 verbis
1209 602 1477 650 ostenditur
1497 619 1581 650 eos
1603 602 1783 667 exlege
1805 611 1851 649 et
1877 602 2126 668 Prophetis
2148 603 2406 650 instructos

264 681 504 732 Christum
551 683 898 750 expectavisse,
943 682 1028 731 sed
1079 682 1300 731 nondum
1339 683 1627 749 praefinitum
1674 692 1862 748 tempus
1910 699 2001 730 nec
2040 683 2403 731 determinatam

262 780 520 828 personam
553 781 861 830 cognoscere.
889 764 956 812 Ad
993 763 1125 829 quod
1155 763 1353 828 quidem
1388 763 1797 828 cognoscendum,
1825 764 1924 811 sive
1950 764 2091 811 etiam
2122 763 2223 811 aliis
2252 765 2404 811 mani-

262 843 550 902 festandum,
573 845 739 895 divina
763 862 847 894 eos
866 846 1013 911 gratia
1037 845 1311 911 assumpsit,
1335 854 1382 892 et
1410 846 1478 892 eis
1499 845 1755 910 assumptis
1776 844 1837 892 de
1855 860 2009 892 massa
2033 843 2403 910 praecedentium

262 923 496 986 fidelium,
511 936 559 975 et
575 937 674 975 tam
693 927 827 975 facile
840 926 903 975 ad
919 927 1059 974 unius
1074 926 1302 991 jussionis
1315 942 1486 973 vocem
1501 925 1744 973 Christum
1762 925 1952 984 secutis,
1974 925 2204 972 omnibus
2221 935 2381 972 sancta
2394 929 2407 949 ³

261 1008 396 1070 quasi
431 1007 659 1056 delibatio
692 1008 818 1058 facta
852 1018 938 1069 est,
976 1009 1024 1056 in
1051 1025 1147 1074 qua
1175 1008 1325 1074 possit
1352 1007 1542 1055 ostendi
1573 1007 1710 1071 cujus
1743 1006 1856 1054 fidei
1888 1023 2045 1055 massa
2081 1006 2155 1054 illa
2183 1006 2401 1054 extiterit.

264 1088 401 1136 Unde
431 1090 520 1156 ipsi
553 1091 689 1155 quasi
719 1090 929 1155 reliquiae
958 1100 1070 1138 sunt
1098 1090 1330 1155 assumpti
1360 1088 1422 1137 ad
1454 1088 1551 1136 hoc
1574 1087 1707 1153 quod
1734 1087 1828 1135 fide
1862 1097 2135 1146 tenuerant,
2164 1086 2408 1135 visibiliter

262 1169 335 1216 vel
374 1171 530 1236 reipsa
567 1170 912 1220 exhibendum.
945 1172 1272 1230 Continuatio.
1314 1173 1368 1217 Et
1405 1169 1676 1235 quomodo,
1713 1169 1868 1234 inquit
1905 1168 2187 1235 Apostolus,
2218 1186 2273 1217 ex
2312 1180 2405 1217 tam

262 1266 471 1316 nequam
508 1252 692 1318 populo
728 1262 775 1300 et
813 1262 911 1301 tam
950 1252 1113 1300 rebelli
1156 1268 1346 1317 semper
1381 1260 1583 1316 possunt
1627 1250 1775 1315 aliqui
1811 1250 2024 1298 assumi?
2062 1253 2213 1310 Bene,
2253 1251 2407 1315 inquit

262 1331 535 1396 Apostolus,
569 1343 616 1380 et
647 1333 917 1382 secundum
952 1350 1048 1382 suae
1073 1333 1269 1398 originis
1301 1341 1521 1379 naturam
1558 1331 1738 1380 facilius
1770 1347 1918 1394 quam
1940 1348 1994 1378 ex
2020 1329 2271 1390 Gentibus,
2296 1333 2405 1396 quia

261 1428 466 1461 massam
513 1423 707 1479 oportet
751 1413 815 1462 ibi
852 1424 1068 1462 sanctam
1108 1414 1248 1461 fuisse
1265 1451 1278 1475 ,
1329 1412 1460 1460 unde
1509 1411 1738 1459 delibatio
1786 1411 1908 1459 facta
1954 1421 2042 1459 est.
2082 1411 2207 1469 Quia
2257 1413 2409 1476 qualis

260 1491 506 1555 delibatio,
536 1494 641 1542 talis
665 1511 819 1542 massa
848 1513 858 1539 t
887 1504 934 1542 et
961 1511 988 1542 e
1010 1510 1265 1555 converso,
1293 1495 1415 1541 sicut
1443 1509 1557 1540 mox
1579 1492 1797 1557 adjungit
1821 1511 1831 1539 ε
1868 1513 1890 1536 «
1911 1494 1968 1539 Et
1994 1492 2034 1539 si
2058 1491 2191 1540 radix
2215 1503 2378 1540 sancta
2394 1532 2404 1552 ,

261 1583 308 1620 et
359 1575 496 1621 rami.
535 1595 557 1618 2>
618 1574 844 1622 Radicem
901 1577 1082 1640 quippe
1134 1591 1342 1624 massam
1388 1574 1517 1623 illam
1574 1573 1789 1621 fidelium
1843 1572 2217 1638 praecedentium
2267 1572 2405 1634 dicit,

263 1670 423 1702 ramos
454 1655 605 1703 modo
629 1655 879 1703 credentes
904 1655 1022 1703 dicit
1051 1673 1135 1703 eos
1157 1657 1240 1720 qui
1263 1655 1377 1703 inde
1410 1654 1642 1720 assumpti
1671 1663 1798 1701 sunt.
1833 1673 1854 1698 «
1877 1652 2024 1711 Quod
2060 1653 2098 1699 si
2131 1652 2330 1716 quidam
2353 1671 2410 1701 ex

263 1735 432 1795 ramis,
456 1755 479 1780 »
519 1735 568 1782 id
605 1745 677 1784 est
713 1735 861 1800 aliqui
907 1736 968 1784 de
1005 1752 1159 1783 massa
1191 1736 1270 1783 illa
1307 1734 1551 1796 fidelium,
1592 1733 1727 1799 quod
1768 1744 1909 1781 antea
1944 1743 2071 1781 recte
2110 1732 2411 1781 crediderant

261 1814 421 1862 adhuc
446 1816 659 1863 futurum
683 1825 1008 1882 expectantes,
1039 1816 1209 1865 «fracti
1237 1826 1377 1874 sunt,
1403 1837 1426 1860 >³
1454 1816 1505 1863 id
1534 1825 1605 1863 est
1626 1824 1803 1862 statum
1828 1815 2085 1881 pristinum
2109 1813 2239 1875 fidei,
2266 1832 2410 1879 quem

261 1894 532 1958 habebant,
570 1896 850 1957 amiserunt;
882 1918 904 1941 «
935 1907 986 1945 tu
1019 1907 1181 1945 autem
1200 1916 1224 1942 »
1251 1897 1452 1945 Gentilis
1484 1896 1691 1958 scilicet,
1722 1913 1874 1943 «cum
1909 1895 2111 1944 oleaster
2146 1911 2288 1954 esses,
2315 1917 2335 1939 »
2363 1897 2411 1942 id

262 1985 334 2023 est
356 1977 525 2024 sterilis
548 1976 827 2025 naturaliter
847 1988 894 2026 et
916 1979 1160 2040 silvestris,
1192 1979 1436 2025 «insertus
1458 1995 1509 2026 es
1531 1978 1581 2025 in
1602 1977 1712 2038 illis,
1738 1997 1761 2022 »
1787 1977 1837 2024 id
1862 1987 1932 2025 est
1953 1976 2107 2024 aliena
2132 1977 2413 2041 operatione

262 2057 371 2105 loco
398 2057 592 2106 illorum
627 2057 929 2119 substitutus,
961 2079 985 2104 a
1007 2070 1055 2107 et
1081 2059 1238 2107 socius
1269 2058 1442 2106 radicis
1464 2077 1487 2103 »
1522 2058 1658 2106 olivae
1687 2057 1920 2121 frugiferae
1944 2056 2094 2105 factus
2115 2073 2201 2122 per
2233 2056 2377 2104 fidem
2397 2096 2409 2116 ‚

264 2147 309 2185 et
334 2138 639 2203 pinguedinis
662 2156 749 2204 per
774 2140 1037 2188 caritatem.
1067 2139 1316 2204 Pinguedo
1343 2139 1471 2186 enim
1499 2138 1664 2186 calidae
1687 2148 1867 2186 naturae
1891 2147 1978 2199 est,
1994 2146 2053 2184 >et
2075 2137 2186 2184 ideo
2209 2138 2413 2185 caritatis

263 2219 424 2281 ignem
460 2219 720 2282 significat,
765 2229 811 2266 et
846 2219 966 2268 fides
999 2219 1131 2268 radix
1170 2229 1239 2268 est
1272 2229 1319 2267 et
1352 2219 1722 2267 fundamentum
1762 2219 1985 2266 caritatis.
2031 2237 2054 2261 «
2075 2217 2181 2265 Noli
2221 2218 2412 2281 gloriari

263 2297 491 2347 adversus
525 2316 703 2362 ramos,
724 2320 747 2343 »
775 2300 826 2347 id
861 2310 932 2348 est
956 2301 1023 2349 eis
1059 2300 1286 2348 insultare
1319 2300 1379 2347 de
1415 2317 1510 2347 suae
1541 2299 1786 2348 fractionis
1821 2298 2130 2356 detrimento,
2163 2308 2211 2345 et
2232 2298 2293 2345 de
2324 2315 2411 2346 suo

264 2378 512 2444 superbire
536 2390 681 2443 statu,
705 2380 756 2429 id
779 2381 957 2431 scilicet
983 2382 1163 2430 meritis
1186 2381 1260 2430 vel
1285 2381 1447 2429 virtuti
1475 2391 1567 2428 tuae
1589 2381 1820 2429 tribuens.
1851 2400 1874 2426 «
1894 2379 2037 2438 Quod
2069 2379 2107 2427 si
2130 2380 2360 2444 gloriaris,
2387 2400 2409 2423 »

265 2459 385 2507 scias
421 2460 555 2525 quod
582 2478 719 2510 «non
758 2459 810 2509 tu
844 2462 1058 2510 radicem
1094 2472 1277 2527 portas,
1300 2481 1325 2507 »
1352 2462 1403 2509 id
1434 2472 1505 2510 est
1535 2479 1564 2510 a
1599 2461 1760 2510 radice
1796 2477 1966 2509 eorum
2003 2461 2234 2526 processit
2269 2459 2328 2507 ad
2367 2469 2411 2506 te

265 2540 398 2605 quod
430 2541 597 2603 habes,
638 2560 739 2590 non
774 2559 803 2591 a
835 2553 882 2591 te
916 2543 977 2592 ad
1013 2543 1254 2604 radicem,
1295 2544 1408 2608 quia
1442 2544 1653 2610 populus
1685 2542 1958 2590 Judaeorum
1996 2540 2148 2588 fidelis
2179 2541 2310 2588 asina
2344 2551 2411 2587 est

266 2631 419 2668 mater
439 2622 575 2687 pulli,
605 2623 655 2670 id
678 2633 749 2671 est
769 2624 960 2690 pariens
983 2625 1032 2671 in
1057 2623 1152 2671 fide
1176 2624 1400 2688 gentilem
1423 2624 1679 2690 populum.

337 2720 361 2746 «
377 2702 518 2750 Dices
539 2720 670 2767 ergo.
694 2723 717 2747 »
744 2705 869 2762 Quia
892 2704 1115 2753 videlicet
1135 2715 1305 2753 contra
1326 2705 1538 2752 radicem
1566 2721 1664 2752 non
1697 2713 1834 2769 potes
1858 2702 2066 2767 gloriari,
2092 2702 2163 2749 vis
2181 2710 2226 2748 te
2246 2701 2411 2748 saltem

270 2781 412 2828 ramis
431 2782 521 2829 illis
539 2783 780 2848 praeferre,
802 2785 851 2831 in
869 2784 966 2832 hoc
983 2784 1117 2849 quod
1136 2806 1158 2828 (ι
1174 2784 1308 2832 fracti
1322 2794 1432 2831 sunt
1449 2803 1472 2829 »
1491 2783 1575 2844 illi,
1597 2794 1648 2831 ut
1663 2793 1716 2830 tu
1732 2783 1974 2843 inseraris,
1995 2781 2045 2829 id
2061 2791 2131 2829 est
2149 2781 2283 2829 fracti
2302 2791 2410 2830 sunt

268 2860 352 2921 illi,
385 2871 432 2909 et
454 2872 550 2910 stas
573 2864 747 2911 iterum
771 2874 823 2911 tu
848 2865 1053 2912 insertus
1068 2866 1082 2890 '⁰
1101 2865 1211 2912 loco
1237 2879 1427 2911 eorum.
1455 2867 1580 2911 Bene
1604 2863 1802 2927 quidem
1825 2862 1939 2910 dicit
1962 2862 2236 2927 Apostolus,
2264 2862 2314 2909 id
2345 2872 2410 2910 est

269 2957 437 2989 verum
470 2952 542 2990 est
577 2942 708 3008 quod
747 2943 893 3005 dicis,
927 2943 1008 2991 sed
1041 2960 1142 2991 non
1177 2943 1288 2992 ideo
1321 2953 1459 3009 potes
1494 2944 1713 3008 gloriari,
1740 2943 1853 3007 quia
1889 2959 1988 2990 non
2027 2952 2139 2990 sunt
2175 2942 2242 2990 illi
2280 2942 2412 2990 fracti

269 3032 469 3087 propter
504 3022 693 3071 bonum
725 3033 862 3072 tuum
893 3023 1027 3089 quod
1061 3034 1172 3072 ante
1195 3023 1415 3086 haberes,
1449 3023 1581 3072 unde
1615 3034 1663 3072 te
1690 3026 1819 3072 Deus
1854 3023 2046 3088 eligeret
2070 3022 2411 3081 inserendum,

312 3233 319 3250 ¹
338 3229 447 3270 Joan„
466 3241 538 3274 cap.
559 3243 589 3275 t,
606 3211 636 3267 v..
654 3235 706 3268 41.
725 3252 762 3258 —
781 3235 792 3254 ²
808 3233 916 3277 Ibat,
939 3243 970 3268 v.
988 3235 1041 3268 45.
1058 3252 1099 3260 —
1113 3236 1125 3256 ³
1139 3234 1236 3269 Δηὼ.
1255 3234 1328 3269 suis
1346 3242 1407 3277 pro
1425 3237 1555 3268 sancta.
1576 3251 1614 3259 -
1630 3235 1640 3255 ⁴
1652 3233 1706 3268 Stc
1721 3234 1812 3268 locus
1836 3235 1961 3268 restitut
1984 3242 2080 3276 posse
2099 3235 2238 3267 videtur.
2258 3232 2354 3265 Amb.
2382 3232 2424 3262 Et

271 3283 398 3317 iterum
418 3286 488 3318 situ
504 3287 639 3320 inserti.
