2638 3866
881 167 939 220 IN
972 166 1302 219 EPISTOLAM
1337 171 1417 220 AD
1452 170 1752 221 ROMANOS.
2296 170 2392 219 309

242 285 373 320 nona
389 269 624 320 scribens:
641 291 662 318 «
677 270 860 321 Clamat
874 273 1015 320 isaias
1030 288 1120 338 pro
1138 271 1300 320 lsrael¹
1318 289 1328 319 ε
1348 293 1371 317 ι
1385 273 1436 321 si
1454 272 1596 321 suerit
1611 288 1842 320 numerus
1859 271 2069 320 filiorum
2085 270 2245 330 lsrael,
2261 279 2353 318 etc.
2365 290 2387 315 υ

240 352 290 401 id
308 356 390 400 'est
414 353 566 401 etiam
589 352 628 400 si
658 352 919 401 multitudo
942 366 1042 400 non
1063 352 1347 413 crediderit,
1375 363 1536 402 tamen
1559 353 1702 420 pauci
1723 353 1938 401 credent.
1969 374 1992 397 »
2011 355 2082 401 De
2107 351 2204 399 fine
2227 360 2390 399 autem

240 434 387 482 seculi
409 428 475 482 ita
509 434 721 482 Isidorus
750 433 969 500 loquitur
995 433 1082 482 lib.
1116 436 1155 480 11
1181 435 1361 482 Contra
1383 434 1589 495 Judaeos,
1612 451 1720 501 cap.
1745 452 1795 482 vl
1819 452 1830 481 :
1860 455 1883 480 «
1911 433 2168 482 Malachias
2193 449 2389 498 quoque

239 523 349 562 ante
388 513 535 562 finem
571 514 743 563 mundi
771 515 955 563 Heliam
991 514 1058 562 sic
1089 531 1192 562 esse
1226 515 1343 562 dicit
1364 515 1663 564 'mittendum
1699 515 1762 563 ad
1799 515 2166 563 conversionem
2199 513 2388 562 Judaeo-

238 597 416 643 rum’:
448 617 470 641 ι(
501 598 623 643 Ecce
660 612 749 660 ego
789 596 978 644 mittam
1016 594 1156 643 vobis
1200 595 1384 643 Heliam
1429 595 1750 662 Prophetam,
1790 605 2048 661 antequam
2086 596 2247 644 veniat
2283 595 2386 644 dies

241 695 262 719 α
291 676 486 724 Domini
506 693 707 741 magnus
725 685 772 724 et
790 675 1030 739 terribilis,
1051 685 1101 724 et
1117 686 1366 725 conventet
1384 676 1533 725 corda
1550 687 1743 743 patrum
1762 677 1824 725 ad
1845 675 1987 735 filios,
2007 686 2054 725 et
2072 693 2156 724 cor
2175 676 2383 724 filiorum

241 775 263 801 α
283 752 352 804 'ad
380 766 539 823 patres
562 774 749 806 eorum.
769 777 792 802 »
818 760 936 806 Item
961 776 972 805 z
1001 777 1023 802 (ι
1051 758 1140 806 Hic
1157 767 1228 806 est
1246 758 1457 824 populus
1477 759 1526 806 in
1543 758 1815 807 novissimis
1837 757 2209 819 convertendus,
2238 774 2382 823 quem

234 837 383 885 Jacob
422 837 693 887 Patriarcha
730 838 821 887 sub
859 838 1012 905 figura
1051 839 1297 903 Benjamin
1336 839 1507 905 lupum
1545 855 1689 888 mane
1726 838 2061 887 comedentem
2105 848 2154 886 et
2187 855 2383 903 vespere

235 917 388 983 spolia
410 918 706 968 dividentem
730 919 1004 987 prophetat,
1031 919 1145 985 quia
1169 919 1308 967 initio
1331 918 1483 985 legem
1507 921 1708 987 accepit,
1735 920 1784 968 in
1807 935 2007 985 vespera
2029 929 2188 967 autem
2213 920 2382 966 mundi

235 998 504 1048 crediturus
539 999 723 1048 dividet
758 1001 885 1048 inter
915 1003 1106 1049 Novum
1136 1003 1496 1049 Testamentum
1533 1011 1581 1050 et
1616 1003 1780 1050 Vetus.
1813 1019 1836 1045 >>
1863 1000 2016 1060 Idem,
2051 1016 2157 1065 cap.
2186 1015 2214 1046 v
2239 1003 2383 1047 Amos

234 1079 535 1145 Prophetae⁸z
568 1083 791 1129 «Domus
814 1081 955 1129 lsrael
979 1080 1167 1139 cecidit,
1199 1099 1301 1130 non
1336 1082 1529 1147 adjiciet
1559 1091 1612 1131 ut
1638 1091 1907 1146 resurgat.»
1937 1084 2062 1145 Ergo
2094 1080 2236 1128 lsrael
2265 1097 2382 1146 pro-

225 1158 351 1222 jecta
389 1170 458 1208 est
494 1161 542 1209 in
579 1171 755 1210 terram
788 1179 946 1221 suam,
974 1179 1076 1210 non
1109 1171 1179 1210 est
1212 1163 1297 1229 qui
1332 1163 1528 1211 suscitet
1556 1178 1680 1211 eam.
1716 1162 1942 1227 Sequitur
1975 1162 2024 1209 in
2059 1161 2232 1210 eodem
2268 1165 2381 1209 Pro·

230 1239 427 1305 pheta‘:
459 1242 640 1289 «Venit
676 1241 784 1290 finis
811 1260 955 1309 super
992 1243 1230 1310 populum
1265 1260 1430 1292 meum
1461 1243 1621 1292 lsrael.
1648 1263 1671 1287 »
1694 1246 1813 1303 Quae
1843 1243 2010 1291 omnia
2046 1244 2288 1309 pertinent
2318 1244 2377 1291 ad

228 1318 420 1369 carnale
450 1322 597 1388 ipsius
631 1340 833 1388 regnum
866 1323 940 1371 vel
974 1324 1348 1387 observantiam,
1375 1325 1487 1390 quia
1514 1324 1639 1373 ultra
1660 1324 1709 1372 in
1731 1323 2053 1390 reprobabilia
2075 1333 2230 1371 erunt.
2261 1327 2377 1371 Nam

228 1400 317 1449 illae
359 1404 758 1469 repromissiones
801 1406 1146 1471 reparationis,
1184 1421 1304 1471 quas
1337 1422 1508 1454 eorum
1549 1420 1709 1453 sermo
1755 1404 2110 1471 complectitur,
2153 1404 2219 1452 illi
2254 1407 2376 1470 parti

226 1472 594 1547 promittuntur,
628 1502 731 1550 quae
764 1502 821 1533 ex
853 1485 1027 1533 Judaeis
1048 1485 1289 1534 creditura
1320 1494 1407 1534 est.
1442 1488 1563 1534 Nam
1597 1502 1688 1534 nec
1723 1501 1893 1533 omnes
1922 1484 2073 1532 Judaei
2105 1485 2374 1532 redimendi

225 1573 359 1625 sunt,
395 1582 487 1613 nec
522 1582 692 1614 omnes
717 1566 837 1614 >salvi
871 1576 1037 1628 erunt,
1069 1566 1152 1615 sed
1190 1567 1272 1633 qui
1310 1566 1406 1616 fide
1445 1566 1582 1615 electi
1612 1566 1789 1614 fuerint
1823 1565 2151 1614 salvabuntur.
2183 1566 2374 1624 »Quod

225 1653 388 1691 autem
416 1646 640 1694 nonnulli
673 1657 950 1695 sanctorum
979 1647 1147 1695 dicunt
1183 1648 1234 1695 in
1271 1647 1368 1696 fine
1405 1664 1491 1714 per
1524 1646 1914 1713 praedicationem
1943 1645 2083 1693 Heliae
2119 1655 2165 1692 et
2205 1646 2372 1693 Enoch

225 1726 579 1774 convertendos
604 1744 723 1789 esse,
747 1727 924 1792 quibus
946 1738 993 1776 et
1015 1729 1118 1795 ipse
1144 1728 1399 1795 Apostolus
1422 1726 1722 1776 concordare
1739 1727 1932 1776 videtur
1955 1727 2121 1775 dicens
2148 1744 2159 1773 :
2181 1746 2205 1770 <t
2227 1729 2285 1774 Et
2308 1728 2373 1774 sic

224 1805 383 1852 omnis
407 1806 550 1855 Israel
574 1807 733 1855 salvus
759 1807 858 1870 fiet,
878 1829 900 1852 ›>
930 1819 1014 1857 aut
1041 1809 1309 1869 secundum
1347 1809 1706 1857 universitatem
1745 1808 1987 1869 tribuum,
2014 1824 2115 1855 non
2135 1823 2374 1872 persona·

222 1900 349 1946 rum,
383 1895 453 1934 est
485 1888 840 1954 accipiendum,
868 1899 923 1936 ut
956 1889 1184 1947 diximus,
1213 1900 1297 1938 aut
1328 1890 1525 1939 fortasse
1556 1890 1607 1938 hi
1647 1891 1729 1956 qui
1765 1890 1987 1957 primitus
2018 1888 2370 1936 Antechristum

220 1968 515 2033 susceperint
538 1968 653 2017 ritus
673 1972 698 2015 J
703 1970 897 2018 udaicos
915 1970 1247 2030 reducentem,
1261 1980 1428 2037 postea
1448 1988 1534 2037 per
1555 1971 1947 2038 praedicationem
1970 1969 2114 2018 Heliae
2133 1979 2180 2017 et
2199 1970 2365 2016 Enoch

220 2045 440 2108 correcti,
474 2050 550 2097 vel
581 2051 685 2097 viso
708 2051 905 2099 interitu
927 2051 1028 2116 ejus
1059 2052 1120 2100 de
1150 2068 1252 2117 quo
1275 2053 1462 2100 Veritas
1483 2052 1655 2100 dicit⁵z
1693 2073 1716 2096 (ι
1744 2055 1803 2100 Et
1824 2052 1915 2099 nisi
1945 2050 2145 2104 breviati
2167 2050 2367 2097 fuissent

219 2127 320 2176 dies
357 2129 447 2192 illi,
485 2131 585 2177 non
626 2131 762 2178 fieret
797 2132 928 2180 salva
964 2133 1123 2199 omnis
1160 2149 1291 2193 caro,
1325 2152 1348 2178 »
1385 2134 1606 2181 conversi
1642 2133 1706 2180 ad
1746 2132 1990 2179 Christum
2033 2129 2359 2178 salvabuntur.

218 2206 476 2273 Gregorius
511 2211 560 2257 in
594 2211 855 2259 Moralium
879 2212 1005 2259 libro
1032 2230 1042 2259 :
1075 2232 1097 2256 «
1126 2215 1179 2260 In
1209 2223 1424 2261 extremo
1454 2213 1672 2261 Israelitae
1705 2228 1876 2260 omnes
1906 2211 1967 2259 ad
1993 2210 2139 2258 fidem
2164 2210 2357 2274 cognita

218 2288 361 2336 Heliae
390 2290 756 2356 praedicatione,
791 2302 1069 2354 occurrent,
1105 2302 1152 2341 et
1188 2302 1305 2341 tunc
1343 2293 1462 2341 illud
1494 2294 1722 2341 eximium
1745 2292 1996 2358 multiplici
2032 2291 2366 2355 aggregatione

217 2369 513 2435 populorum
527 2373 804 2421 convivium
825 2373 1136 2422 celebratum.
1157 2393 1181 2419 »ι
1209 2374 1450 2438 Remigius
1466 2374 1514 2421 in
1530 2373 1911 2421 Psalmumx111⁶
1932 2389 1943 2418 ε
1969 2373 2127 2419 «Cum
2144 2372 2367 2419 averterit

221 2469 243 2492 «
269 2451 525 2513 Dominus,
554 2462 645 2500 etc.
673 2474 695 2498 >2
729 2456 856 2501 Dum
879 2454 1077 2502 Judaica
1106 2454 1307 2520 perfidia
1337 2455 1385 2502 in
1423 2470 1509 2502 sua
1526 2454 1820 2502 crudelitate
1849 2453 2156 2519 impoenitens
2190 2452 2362 2503 extitit.

216 2530 401 2579 duriori
431 2549 480 2580 se
505 2535 793 2599 captivitatis
815 2535 990 2601 laqueo
1009 2535 1226 2583 irretivit.
1256 2538 1375 2594 Quae
1407 2545 1569 2583 tamen
1596 2535 1844 2601 captivitas
1870 2534 2084 2582 solvetur
2111 2532 2171 2580 ad
2195 2531 2365 2597 praedi-

215 2612 455 2661 cationem
493 2615 637 2662 Heliae
667 2626 714 2663 et
749 2616 935 2678 Enoch,
974 2634 1088 2664 cum
1120 2617 1182 2665 ad
1214 2633 1384 2668 eorum
1417 2616 1806 2682 praedicationem
1840 2631 2010 2663 omnes
2037 2614 2086 2661 in
2122 2613 2364 2660 Christum

214 2691 361 2739 Judaei
385 2693 694 2742 crediderint.
714 2717 736 2740 »
765 2697 937 2745 Haimo
960 2715 970 2744 ε
994 2717 1016 2740 «
1037 2698 1305 2762 {mpietates
1329 2713 1357 2745 a
1379 2695 1529 2744 Jacob
1554 2705 1733 2743 avertet
1752 2695 1971 2760 pleniter,
1991 2695 2116 2741 sicut
2135 2693 2365 2757 scriptum

214 2774 311 2820 est⁷
337 2790 347 2819 :
370 2794 393 2816 (ε
420 2777 477 2821 Et
500 2775 601 2840 ipse
624 2775 828 2825 redimet
855 2777 995 2825 lsrael
1022 2794 1079 2825 ex
1103 2777 1331 2825 omnibus
1350 2775 1681 2840 iniquitatibus
1699 2775 1816 2839 ejus.
1842 2793 1865 2819 »
1894 2777 1952 2822 Et
1975 2790 2088 2821 cum
2111 2772 2363 2838 plenitudo

214 2847 439 2901 Gentium
467 2854 729 2917 intraverit,
768 2864 887 2904 tu'nc
922 2857 1082 2904 omnis
1119 2855 1263 2904 Israel
1297 2855 1453 2903 salvus
1491 2854 1588 2903 fiet.
1614 2875 1637 2899 »
1664 2857 1766 2901 «Ut
1800 2871 1899 2902 non
1937 2854 2037 2902 sitis
2073 2853 2214 2901 vobis
2252 2853 2365 2918 ipsis

213 2934 478 2999 sapientes,
508 2955 531 2979 »
570 2935 621 2983 id
660 2946 729 2984 est
771 2936 885 2984 ideo
922 2937 1039 2984 nolo
1074 2954 1162 2984 vos
1196 2936 1325 2985 istud
1361 2936 1607 2984 occultum
1638 2936 1891 2999 ignorare,
1929 2951 1992 2982 ne
2035 2934 2136 2982 visa
2172 2933 2364 2981 illorum

213 3016 547 3079 excaecatione,
565 3017 625 3065 de
648 3017 1000 3067 illuminatione
1019 3018 1261 3084 sapientiae
1278 3034 1426 3083 quam
1443 3016 1628 3065 habetis
1651 3015 1856 3083 superbe
1876 3015 1968 3063 illis
1991 3014 2290 3073 insultantes,
2305 3014 2365 3062 de

259 3226 265 3244 ¹
280 3223 368 3267 lsai„
385 3235 458 3269 cap.
472 3235 505 3268 x,
525 3236 556 3262 v.
570 3230 611 3262 22
631 3238 639 3261 :
657 3229 690 3262 Si
706 3228 803 3262 fuerit
819 3230 962 3271 populus
975 3229 1174 3270 tuuslsraei,
1190 3234 1253 3264 ete.
1326 3232 1337 3251 ⁴
1350 3231 1479 3271 Amos„
1498 3238 1572 3272 cap.
1602 3238 1670 3272 vni,
1690 3239 1720 3264 v.
1739 3231 1770 3263 2.
1786 3246 1828 3255 -—
1844 3230 1856 3250 ⁵
1869 3229 1982 3266 Matth.
1996 3252 2004 3269 ,
2018 3237 2090 3269 cap.
2108 3236 2201 3269 xxiv,
2219 3236 2248 3260 v.
2267 3227 2363 3260 21⁹.-

213 3278 269 3300 —2
284 3277 412 3321 Malae„
441 3290 515 3322 cap.
539 3289 589 3322 iv,
613 3290 644 3315 v.
674 3284 705 3316 5.
722 3301 759 3307 —
779 3285 792 3305 ³
814 3285 942 3325 Amos„
967 3294 1040 3326 cap.
1058 3293 1089 3326 v,
1108 3294 1138 3318 v.
1159 3285 1189 3319 1.
1213 3303 1251 3309 —
1323 3286 1336 3306 ⁶
1352 3284 1482 3318 Psalm.
1502 3293 1581 3327 xm,
1600 3292 1632 3316 v.
1649 3286 1735 3317 7.-
1751 3284 1761 3304 ⁷
1778 3283 1909 3316 Psalm.
1929 3291 2038 3323 cxxix,
2054 3291 2083 3315 v.
2102 3283 2133 3315 8.
