2638 3866
236 229 298 277 47
301 229 333 277 4
1039 220 1210 267 PETRl
1245 220 1416 267 ABAEL
1423 220 1560 267 ARDI

237 328 349 376 dam
383 327 651 383 inventum,
688 324 812 372 sicut
843 331 914 369 est
937 324 1073 368 Pater
1104 330 1151 368 et
1179 320 1340 379 Filius,
1377 319 1626 386 quomodo
1659 319 1828 368 melius
1857 319 2031 368 dicitur
2061 323 2190 369 Deus
2221 322 2374 370 trinus

236 425 381 473 quam
407 405 673 455 substantia
700 405 842 465 trina,
873 403 949 450 vel
979 418 1125 467 quam
1149 405 1286 450 Pater
1311 402 1497 450 trinus?
1525 402 1654 450 Sicut
1678 402 1808 449 enim
1830 417 1926 449 una
1947 411 2134 450 tantum
2156 402 2373 452 substan-

237 490 300 536 tia
320 497 407 544 est,
435 496 482 533 et
505 501 631 532 unus
659 487 796 531 Pater
821 501 830 530 :
858 483 923 531 ita
946 482 1089 530 etiam
1114 499 1236 530 unus
1261 491 1451 530 tantum
1471 485 1617 543 Deus,
1646 498 1746 529 non
1769 482 1946 547 plureS.

300 568 468 614 Trinus
503 566 646 613 etiam
673 567 801 612 Deus
827 563 905 612 vel
931 563 1057 611 trina
1085 562 1350 610 substantia
1383 563 1500 628 quid
1533 562 1664 611 aliud
1693 572 1850 623 sonat,
1885 578 2033 626 quam
2064 571 2158 609 tres
2184 562 2269 623 dii,
2299 563 2375 611 vel

236 658 328 694 tres
363 646 666 694 substantiae?
691 646 882 711 Quippe
915 643 1033 709 quid
1065 643 1194 691 aliud
1227 654 1298 692 est
1329 645 1452 692 trina
1485 644 1659 704 orati0‚
1696 659 1842 708 quam
1874 653 1970 690 tres
2001 642 2275 691 orationes?
2300 643 2374 691 vel

235 729 348 775 bina
381 728 644 794 percussio,
681 744 828 792 quam
861 727 967 774 duae
994 726 1357 791 percussiones?
1391 725 1463 773 Ad
1496 725 1599 773 haec
1631 725 1828 772 fortasse
1864 734 1911 772 et
1946 723 2065 771 illud
2099 724 2149 771 in
2183 725 2377 790 opposi-

238 811 421 857 tionem
454 809 664 869 ducitur,
705 808 839 874 quod
868 812 1024 855 Deum
1058 808 1345 872 tripertitum
1378 807 1663 872 Augustinus
1692 807 1738 852 in
1777 804 2052 852 Enchiridz'o
2087 805 2298 870 capitulo
2328 823 2374 853 xi

235 890 308 936 his
337 889 492 937 verbis
525 889 639 937 dicit
667 908 676 936 ε
726 911 747 934 (ε
768 890 889 936 Satis
925 898 994 935 est
1024 887 1288 935 christiano
1325 905 1486 935 rerum
1518 897 1786 935 creatarum
1815 901 2009 933 causam
2043 885 2238 933 nonnisi
2269 903 2376 933 cre-

236 970 348 1017 dere
389 969 657 1018 bonitatem
697 970 942 1028 creatoriS,
978 969 1062 1033 qui
1100 977 1169 1015 est
1202 971 1330 1015 Deus
1367 985 1518 1028 unus,
1556 967 1835 1032 nullamque
1867 982 1967 1014 esse
2000 974 2238 1027 naturam,
2270 983 2375 1030 quae

237 1067 337 1097 non
361 1061 443 1098 aut
468 1051 567 1116 ipse
590 1051 666 1112 sit,
684 1060 766 1099 aut
790 1050 851 1098 ab
875 1051 1002 1115 ipso3
1030 1065 1238 1113 eumque
1261 1048 1589 1113 tripertitum¹,
1617 1051 1805 1096 Patrem
1828 1045 2023 1107 scilicet,
2047 1055 2095 1093 et
2115 1045 2303 1106 Filium,
2329 1056 2376 1093 et

234 1131 463 1196 Spiritum
495 1142 732 1179 sanctum.
750 1153 773 1175 »
810 1130 1074 1189 Quomodo
1104 1129 1251 1190 enim,
1278 1129 1515 1193 inquient,
1544 1129 1805 1194 tripertitus
1835 1137 1906 1175 est
1927 1130 2073 1186 Deus,
2104 1127 2143 1174 si
2175 1127 2376 1192 partitus

234 1228 332 1258 non
369 1212 427 1258 sit
462 1222 544 1260 aut
579 1222 736 1277 partes
775 1211 984 1259 habeat?
1035 1213 1128 1256 Aut
1162 1209 1412 1272 quomodo
1450 1210 1652 1276 partitus
1688 1219 1780 1270 est,
1823 1208 1915 1255 nisi
1950 1207 2163 1272 primum
2195 1207 2377 1271 integer

234 1291 400 1353 fuerit,
431 1302 511 1339 aut
534 1291 848 1357 postmodum
868 1290 1086 1338 divisus?
1115 1288 1210 1336 Sed
1234 1288 1327 1336 hoc
1350 1291 1458 1355 quis
1482 1290 1604 1339 adeo
1628 1288 1833 1337 infidelis
1857 1298 1955 1350 est,
1984 1297 2035 1335 ut
2059 1303 2159 1334 non
2182 1286 2378 1334 anathe-

232 1372 451 1420 matizet?

302 1452 564 1511 Quomodo
597 1453 742 1501 etiam
768 1451 870 1500 fieri
892 1462 1065 1517 potest,
1096 1464 1150 1500 ut
1170 1465 1265 1502 tres
1290 1469 1506 1520 personae
1537 1452 1602 1499 ita
1625 1450 1686 1499 ab
1711 1450 1914 1497 invicem
1939 1449 2032 1496 sint
2059 1447 2291 1506 discretae,
2324 1456 2376 1494 ut

233 1532 334 1579 haec
358 1550 457 1580 non
488 1534 547 1580 sit
575 1533 671 1593 illa,
698 1544 742 1580 et
773 1550 1072 1597 unaquaeque
1099 1534 1309 1599 ipsarum
1338 1533 1602 1582 substantia
1621 1531 1682 1578 sit
1706 1539 1752 1577 et
1776 1533 1921 1589 Deus,
1950 1538 1998 1575 et
2020 1544 2120 1575 non
2145 1528 2240 1575 sint
2263 1527 2375 1575 ideo

232 1613 392 1678 plures
435 1614 708 1661 substantiae
750 1614 824 1661 vel
865 1613 960 1660 dii?
997 1616 1187 1680 Quippe
1232 1615 1350 1681 quid
1392 1613 1523 1663 aliud
1560 1621 1632 1660 est
1671 1610 1830 1658 dicere
1870 1609 2032 1675 plures
2069 1607 2373 1668 substantiae,

234 1710 379 1758 quam
414 1693 571 1741 dicere
601 1693 754 1759 plura,
791 1710 1000 1757 quorum
1025 1696 1410 1760 unumquodque
1442 1704 1513 1742 est
1540 1691 1842 1740 substantia?
1865 1692 2030 1756 Ipsum
2061 1705 2238 1753 nempe
2274 1688 2377 1753 plu-

232 1772 328 1821 rale
351 1773 642 1822 vocabulum
675 1773 795 1820 nihil
820 1772 950 1820 aliud
973 1783 1060 1830 est,
1090 1791 1236 1838 quam
1257 1775 1516 1839 geminatio
1538 1772 1614 1820 vel
1636 1770 1971 1836 multiplicatio
2004 1770 2077 1816 sui
2100 1767 2373 1832 singularis,

233 1864 283 1901 ut
321 1853 541 1902 videlicet
574 1854 758 1920 plurale
808 1854 958 1901 multa
998 1854 1139 1901 simul
1178 1857 1423 1917 nominet,
1472 1853 1648 1918 quibus
1690 1851 1964 1916 singillatim
2012 1849 2239 1896 convenit
2278 1848 2376 1895 sin-

231 1935 411 1999 gulare.

298 2019 405 2075 Qua
440 2016 582 2062 etiam
621 2015 806 2062 ratione
838 2015 1009 2063 melius
1045 2014 1272 2063 dicuntur
1302 2027 1398 2064 tres
1431 2030 1661 2082 personae,
1692 2012 1805 2077 quia
1837 2026 2134 2075 unaquaeque
2164 2009 2379 2074 ipsarum

230 2112 438 2160 persona
460 2105 545 2154 est,
579 2112 727 2160 quam
758 2106 850 2142 tres
881 2095 948 2142 dii
973 2095 1048 2142 vel
1080 2095 1374 2159 substantiae,
1405 2113 1517 2144 cum
1547 2109 1846 2157 unaquaeque
1876 2092 2088 2156 ipsarum
2120 2092 2250 2137 Deus
2281 2089 2372 2146 sit,

231 2176 328 2223 sive
352 2175 647 2224 substantia?

298 2256 443 2315 Quod
466 2257 503 2304 si
523 2256 635 2304 ideo
656 2258 815 2323 plures
837 2256 1125 2304 substantias
1150 2257 1225 2305 vel
1250 2256 1411 2323 plures
1436 2257 1563 2301 Deos
1586 2253 1680 2301 dici
1703 2269 1950 2317 negemus,
1978 2251 2093 2316 quia
2113 2250 2225 2297 licet
2247 2265 2378 2297 una-

234 2353 433 2400 quaeque
452 2354 770 2402 personarum
793 2337 1059 2385 substantia
1084 2337 1143 2384 sit
1164 2337 1264 2383 sive
1287 2338 1433 2393 DeuS,
1460 2333 1591 2381 nulla
1614 2343 1685 2381 est
1708 2333 1849 2380 unius
1872 2348 2089 2398 personae
2112 2329 2380 2377 differentia

234 2417 295 2464 ad
319 2416 461 2464 aliam
487 2418 531 2462 in
556 2434 614 2463 eo
638 2418 771 2481 quod
794 2418 1057 2465 substantia
1084 2427 1154 2463 est
1176 2416 1252 2463 vel
1271 2419 1399 2462 Deus
1419 2432 1426 2460 τ
1460 2414 1677 2479 profecto
1701 2413 1871 2460 eadem
1903 2413 2088 2459 ratione
2111 2426 2378 2474 numquam

235 2497 495 2544 dicendum
534 2507 605 2544 est
640 2499 801 2563 plures
831 2498 1074 2556 homines,
1115 2513 1205 2543 nec
1228 2496 1381 2549 >etiam
1417 2493 1575 2558 plures
1609 2510 1858 2558 personas,
1900 2509 2012 2539 cum
2047 2490 2266 2538 videlicet
2298 2488 2377 2534 hic

234 2578 385 2624 homo
420 2594 521 2626 non
545 2577 733 2625 differat
756 2577 817 2625 ab
847 2577 928 2625 illo
957 2577 1007 2624 in
1032 2593 1091 2623 eo
1125 2575 1260 2640 quod
1282 2575 1433 2622 homo
1466 2584 1552 2634 est,
1579 2583 1661 2620 aut
1685 2573 1784 2620 haec
1810 2588 2015 2637 persona
2043 2569 2104 2618 ab
2136 2569 2216 2617 illa
2245 2569 2295 2616 in
2319 2584 2378 2615 eo

237 2657 370 2720 quod
391 2674 595 2722 persona
616 2668 703 2706 est.

303 2737 562 2795 Quomodo
598 2738 742 2785 etiam
772 2755 880 2785 vere
910 2738 1115 2785 dicimus
1138 2757 1147 2785 :
1176 2741 1288 2784 Tres
1316 2751 1532 2802 personae
1555 2743 1690 2793 sunt,
1718 2734 1755 2781 si
1780 2732 1931 2780 multa
1954 2731 2082 2779 entia
2105 2746 2205 2776 non
2240 2737 2376 2787 sunt,

238 2816 332 2863 hoc
369 2829 438 2864 est
476 2819 635 2865 multae
671 2819 916 2866 essentiae?
955 2821 1118 2884 Ipsum
1157 2818 1335 2882 quippe
1371 2815 1674 2881 participium
1701 2813 1881 2878 ubique
1915 2813 1964 2859 in
2002 2826 2207 2858 numero
2239 2824 2380 2855 suum

239 2897 441 2944 verbum
472 2900 702 2963 sequitur,
741 2909 793 2946 ut
824 2899 1045 2947 videlicet
1070 2899 1131 2946 de
1162 2915 1261 2963 quo
1296 2897 1550 2944 dicimus«
1574 2894 1847 2955 ambulat,»
1876 2893 2092 2941 dicamus
2131 2910 2152 2934 α
2171 2899 2242 2937 est
2277 2904 2378 2936 am-

240 2974 476 3037 bulans3»
507 2988 554 3024 et
576 2978 635 3025 de
657 2979 830 3043 quibus
850 2979 1054 3027 dicimus
1078 2999 1100 3023 «
1117 2977 1415 3034 ambulant,»
1443 2977 1658 3032 dicamus
1688 2984 1839 3022 «sunt
1867 2971 2209 3021 ambulantia.»
2241 2965 2380 3014 Unde

242 3056 509 3104 Aristoteles
543 3059 591 3105 in
627 3056 839 3107 secundo
867 3061 1208 3122 Plzyuicwum'
1236 3077 1245 3104 :
1284 3057 1481 3119 «Nihil,
1523 3057 1700 3121 inquit,
1743 3054 1903 3102 differt
1937 3053 2095 3100 dicere
2130 3047 2379 3097 hominem

285 3213 291 3230 ¹
313 3212 408 3252 Apud
440 3212 575 3251 August.
608 3222 672 3244 non
699 3214 906 3254 tripertitwn
928 3216 1067 3254 legitur,
1090 3218 1147 3248 sed
1174 3225 1265 3248 eum-
1337 3215 1421 3244 tinos
1438 3214 1678 3253 pervenissent,
1710 3211 1799 3242 locus
1822 3209 1880 3242 iste
1911 3209 2022 3248 potius
2044 3207 2171 3238 videtur
2194 3213 2264 3236 esse
2294 3204 2377 3235 resc-

240 3274 300 3306 que
316 3273 381 3296 esse
398 3264 610 3297 Trinitatem.
628 3283 665 3288 -
682 3267 693 3285 ²
709 3266 762 3297 Sic
783 3268 816 3297 in
833 3269 939 3306 editis,
963 3270 1058 3308 male,
1082 3275 1117 3301 ut
1136 3271 1265 3309 opinor.
1338 3268 1458 3298 rendus
1481 3267 1522 3297 ad
1544 3275 1615 3305 cap.
1633 3273 1665 3297 xi
1687 3265 1761 3296 libri
1787 3263 1867 3306 Περὶ
1894 3262 2095 3304 Ἑρμηνείας,
2120 3261 2174 3292 ubi
2198 3261 2237 3291 dc
2255 3265 2379 3299 propo—

237 3318 314 3351 b'am
332 3328 407 3351 cum
432 3320 505 3351 libri
527 3319 749 3360 Physicorum
774 3320 957 3352 Aristotelis
978 3323 1122 3354 nondum
1146 3324 1186 3354 ad
1205 3322 1269 3354 La—
1341 3322 1457 3353 sitione
1478 3321 1595 3359 agitur.
2000 3320 2002 3324 ’
