2638 3866
233 214 328 261 544
1041 211 1211 257 PETRI
1247 208 1565 259 ABAELARDI

227 316 442 361 exorsus¹
472 332 483 360 ε
514 333 536 355 «
557 315 687 358 Deus
722 310 802 375 qui
841 310 996 375 prima
1025 326 1170 357 causa
1207 320 1253 357 et
1278 320 1349 358 est
1382 321 1428 358 et
1453 322 1668 373 vocatur,
1699 330 1822 360 unus
1858 314 2078 362 omnium
2103 333 2208 381 quae
2240 330 2371 381 sunt,

228 410 427 457 quaeque
463 392 689 439 videntur
727 407 854 451 esse,
897 389 1123 455 princeps
1159 401 1205 438 et
1242 391 1377 454 origo
1414 401 1501 438 est.
1542 392 1630 439 Hic
1667 393 2081 458 superabundanti
2120 397 2375 461 majestatis

230 472 537 520 foecunditate
570 470 631 517 de
664 487 713 517 se
745 479 956 517 mentem
991 470 1184 517 creavit.
1220 473 1331 518 Haec
1361 488 1497 518 mens
1529 488 1633 536 quae
1663 475 1789 538 Noys
1814 484 2030 536 vocatur,
2065 493 2160 540 qua
2183 479 2372 525 Patrem

226 553 444 618 inspicit,
495 551 689 615 plenam
736 549 1099 597 similitudinem
1145 561 1301 599 servat
1344 552 1568 599 auctoris.
1613 553 1832 600 Animam
1870 571 1984 601 vero
2022 554 2083 602 de
2121 572 2172 603 se
2209 567 2369 618 creat,

225 633 492 698 posteriora
528 630 803 697 respiciens.
833 633 1009 678 Rursus
1039 631 1199 679 anima
1235 634 1423 679 Patrem
1446 649 1540 697 qua
1567 633 1781 680 intuetur
1802 634 2036 697 induitur,
2064 652 2119 683 ac
2141 637 2373 701 paulatim

224 713 470 776 redigente
494 715 743 778 respectu’
765 712 814 758 in
839 711 1072 759 fabricam
1098 729 1379 777 corporum,
1405 714 1456 760 in
1481 730 1717 779 corporea
1739 715 1841 779 ipsa
1864 714 2134 778 degenerat.
2161 736 2184 760 »
2211 718 2373 766 Creari

224 804 387 841 autem
423 794 521 840 sive
554 793 704 852 nasci,
737 793 967 839 hocloco
993 792 1265 840 Macrobius
1292 792 1485 841 abusive
1515 794 1731 859 protulit,
1768 795 1890 841 sicut
1912 805 1959 842 et
1988 796 2036 843 in
2070 797 2229 862 primo
2260 797 2371 845 loco

222 874 652 921 determinavimus
702 890 814 920 cum
853 872 1074 920 videlicet
1125 884 1220 920 tam
1261 884 1473 920 mentem
1514 874 1668 939 ipsam
1709 891 1856 939 quam
1910 876 2122 924 animam
2161 869 2372 925 creatam

221 955 393 1002 dixerit
424 974 434 1001 ε
465 965 677 1002 mentem
718 953 914 1019 quidem
955 971 1012 1001 ex
1050 957 1178 1015 Deo,
1219 953 1316 1001 hoc
1355 964 1425 1002 est
1461 953 1633 1001 Filium
1674 963 1729 1002 e'x
1767 957 1936 1016 Patre;
1978 966 2026 1003 et
2062 958 2275 1005 animam
2313 975 2372 1006 ex

219 1046 408 1095 mente,
444 1034 540 1083 hoc
577 1045 647 1082 est
681 1035 910 1100 Spiritum
938 1051 994 1082 ex
1017 1035 1155 1096 Filio,
1189 1034 1273 1081 ubi
1304 1044 1351 1081 et
1382 1044 1636 1098 utramque
1663 1045 1828 1083 natam
1862 1053 1963 1083 esse
1995 1037 2222 1100 insinuat,
2258 1055 2372 1086 cum

221 1118 411 1181 utrique
434 1119 622 1163 Patrem
646 1115 870 1179 assignat,
898 1117 1054 1162 Deum
1077 1114 1275 1179 quidem
1296 1115 1464 1176 menti,
1489 1124 1536 1161 et
1556 1131 1748 1162 rursum
1772 1125 1986 1163 mentem
2009 1117 2161 1182 ipsam
2180 1118 2367 1166 animae.

220 1196 382 1243 Creari
415 1196 576 1259 itaque
611 1195 711 1242 sive
735 1195 866 1241 nasci
901 1212 1003 1242 esse
1037 1212 1093 1242 ex
1126 1195 1219 1242 alio
1248 1194 1492 1258 intelligit,
1522 1204 1575 1241 ut
1599 1195 1692 1242 tale
1721 1196 1781 1242 sit
1813 1196 1946 1260 quod
1983 1198 2049 1243 ait
2076 1197 2172 1245 hoc
2198 1215 2256 1245 ex
2288 1198 2371 1246 illo

217 1277 349 1324 nasci
382 1277 478 1323 sive
501 1276 681 1336 creari,
709 1275 845 1339 quasi
869 1275 1150 1340 simpliciter
1183 1275 1365 1322 diceret
1384 1274 1481 1322 hoc
1509 1292 1567 1322 ex
1599 1275 1682 1322 illo
1712 1292 1830 1323 esse.
1859 1275 2044 1323 Sufficit
2074 1287 2236 1325 autem
2260 1278 2371 1344 phi-

216 1356 426 1422 losopho
451 1356 511 1404 ad
538 1355 897 1403 ostendendum
924 1356 1136 1403 animam
1164 1356 1319 1421 ipsam
1350 1364 1450 1403 tam
1479 1373 1536 1403 ex
1570 1358 1706 1403 Patre
1738 1373 1886 1420 quam
1914 1357 2035 1405 Filio
2058 1375 2178 1420 esse,
2212 1358 2371 1406 solum

218 1453 508 1485 memorasse
539 1437 634 1484 hoc
665 1436 774 1484 loco
806 1436 997 1497 Filium,
1027 1436 1140 1498 quia
1165 1453 1278 1483 cum
1309 1435 1454 1482 Filius
1484 1452 1541 1483 ex
1573 1437 1677 1502 ipso
1713 1439 1851 1485 Patre
1876 1438 1954 1500 sit,
1980 1448 2027 1485 et
2046 1439 2247 1504 Spiritus
2270 1439 2371 1504 ipse

216 1518 312 1565 hoc
343 1528 413 1565 est
442 1518 603 1564 anima
634 1518 738 1583 ipsa
769 1534 826 1563 ex
861 1516 980 1563 Filio
1009 1533 1110 1563 esse
1140 1516 1425 1580 assignatur,
1459 1516 1611 1581 liquet
1642 1516 1861 1582 profecto
1896 1519 2052 1583 ipsam
2082 1535 2279 1584 quoque
2314 1536 2370 1567 ex

220 1601 359 1646 Patre
374 1615 494 1654 esse,
518 1597 785 1644 secundum
806 1597 940 1660 quod
962 1606 1009 1643 et
1031 1597 1132 1661 ipse
1148 1613 1254 1644 eam
1276 1596 1600 1663 Philosophus
1622 1613 1650 1644 a
1669 1600 1774 1644 Deo
1798 1604 1845 1644 et
1864 1600 1968 1662 Noy
1983 1598 2118 1662 juxta
2137 1602 2371 1664 sapientes

218 1678 460 1725 nominari
496 1694 639 1742 supra
677 1677 902 1724 inductus
936 1677 1152 1724 asseruit.
1181 1676 1328 1734 Quod
1359 1694 1476 1724 vero
1507 1677 1573 1724 ait
1605 1687 1817 1725 mentem
1847 1695 1948 1726 esse
1970 1695 2028 1726 ex
2057 1679 2370 1727 foecunditate

216 1758 498 1822 majestatis,
535 1757 627 1804 tale
659 1766 729 1803 est
758 1773 812 1803 ac
841 1757 881 1803 si
909 1756 1089 1803 diceret
1121 1757 1416 1821 Sapientiam
1447 1774 1504 1804 ex
1528 1758 1632 1822 ipsa
1664 1759 2020 1824 omnipotentia
2050 1776 2152 1807 esse
2187 1770 2366 1808 natam.

215 1839 411 1903 Proprie
445 1854 659 1902 namque
690 1837 909 1901 majestas
934 1853 989 1883 ac
1015 1837 1282 1884 reverentia
1304 1837 1532 1902 potentiae
1559 1838 1732 1884 ascribi
1763 1839 1899 1885 solet.
1925 1839 2073 1897 Quod
2093 1856 2210 1887 vero
2234 1839 2367 1899 dicit,

215 1919 350 1983 quod
393 1935 530 1966 mens
570 1934 666 1982 qua
699 1920 891 1964 Patrem
927 1917 1118 1982 inspicit
1154 1916 1518 1964 similitudinem
1553 1928 1725 1979 servat,
1765 1919 1829 1965 ita
1868 1918 2052 1966 dictum
2086 1928 2205 1984 puto
2243 1935 2299 1967 ac
2331 1921 2371 1967 si

215 2010 378 2066 aperte
406 2000 534 2047 dicat
556 1999 729 2046 Filium
753 1999 912 2063 ipsum
934 1999 983 2045 in
1008 1998 1143 2045 omni
1166 2015 1235 2059 re,
1263 1999 1311 2045 in
1335 2015 1429 2062 qua
1454 1998 1620 2046 similis
1641 2009 1713 2046 est
1736 2000 1880 2060 Patri,
1910 1999 2145 2064 aequalem
2166 2000 2369 2048 omnino

214 2081 281 2128 illi
304 2097 423 2128 esse.
453 2083 629 2127 Potens
662 2079 841 2144 quippe
863 2088 933 2125 est
952 2079 1074 2125 sicut
1097 2088 1144 2125 et
1163 2080 1302 2126 Pater
1326 2088 1372 2126 et
1398 2078 1700 2126 tantumdem
1725 2082 1900 2126 Potens
1926 2098 1937 2126 z
1965 2079 2126 2127 bonus
2149 2090 2221 2127 est
2249 2080 2372 2128 sicut

215 2172 262 2210 et
300 2165 454 2222 Pater,
490 2171 537 2207 et
569 2177 704 2225 aeque
738 2159 919 2207 bonus.
951 2159 1027 2206 Sic
1062 2169 1109 2206 et
1126 2159 1176 2205 in
1207 2161 1378 2207 ceteris
1404 2160 1454 2206 in
1478 2159 1654 2224 quibus
1682 2159 1829 2207 habet
1860 2160 2224 2209 similitudinem
2259 2177 2372 2208 cum

218 2245 354 2290 Patre
389 2251 435 2288 et
464 2240 780 2305 aequalitatem
803 2238 969 2286 habet.
1003 2241 1112 2286 Non
1141 2249 1302 2286 autem
1327 2240 1378 2286 in
1414 2239 1641 2287 omnibus
1681 2240 2045 2288 similitudinem
2078 2241 2227 2289 habet
2258 2258 2371 2289 cum

215 2325 376 2382 Patre,
403 2338 517 2368 cum
549 2322 651 2386 ipse
688 2319 820 2367 solus
855 2320 912 2366 sit
945 2320 1131 2383 genitus
1150 2330 1197 2366 et
1219 2319 1348 2367 solus
1385 2322 1523 2368 Pater
1557 2321 1763 2385 genitor,
1801 2321 1933 2385 quod
1973 2320 2172 2385 quidem
2203 2321 2266 2368 ad
2300 2321 2372 2369 di-

215 2402 524 2449 stinctionem
547 2416 865 2465 personarum
895 2400 1066 2446 attinet
1100 2400 1370 2447 secundum
1404 2401 1723 2465 proprietates
1752 2417 1936 2448 earum.
1972 2401 2252 2448 Secundum
2281 2418 2371 2449 nos

218 2483 388 2542 etiam,
426 2482 509 2546 qui
541 2481 698 2528 solum
730 2479 901 2526 Filium
935 2481 1239 2527 incarnatum
1272 2480 1538 2539 credimus,
1577 2482 1625 2527 in
1662 2480 1760 2527 hoc
1792 2498 1892 2527 uno
1928 2481 2099 2527 Filium
2132 2482 2371 2529 minorem

218 2563 373 2621 Patre,
405 2576 506 2606 non
544 2557 776 2623 aequalem
811 2557 1033 2604 dicimus.
1070 2559 1198 2620 Noys
1232 2558 1501 2621 posteriora
1534 2558 1792 2622 respiciens
1832 2558 2042 2604 animam
2071 2567 2217 2618 creat,
2256 2558 2371 2623 quia

215 2639 418 2705 Spiritus
453 2649 672 2700 sanctus,
709 2638 793 2703 qui
823 2655 882 2685 ex
918 2637 1036 2684 Filio
1071 2647 1167 2699 est,
1208 2638 1308 2684 sive
1344 2654 1663 2703 quaecumque
1687 2638 1848 2685 anima
1881 2638 1942 2685 ab
1974 2638 2080 2703 ipso
2115 2638 2370 2687 conditore

217 2739 304 2768 suo
332 2721 513 2769 ducens
536 2719 808 2779 exordium,
837 2719 933 2766 hoc
958 2719 1119 2784 ipsum
1143 2717 1278 2782 quod
1304 2719 1465 2766 anima
1487 2729 1575 2778 esb,
1610 2718 1661 2765 id
1683 2728 1754 2767 est
1776 2719 1873 2766 vita
1895 2728 2164 2766 creatarum
2187 2736 2367 2780 rerum,

219 2818 274 2847 ex
297 2812 514 2866 respectu
540 2799 755 2865 quodam
778 2800 926 2864 ipsius
950 2799 1179 2845 creatoris
1206 2798 1354 2846 habet
1376 2817 1388 2858 ;
1414 2798 1514 2845 hoc
1536 2811 1608 2846 est
1632 2816 1687 2846 ex
1710 2798 1947 2847 beneficio
1972 2799 2146 2846 divinae
2169 2800 2372 2865 Sapien-

222 2882 295 2927 tiae
319 2891 492 2929 cuncta
516 2880 833 2946 disponentis,
865 2889 917 2926 ut
939 2880 987 2926 in
1014 2880 1119 2944 ipso
1142 2887 1363 2943 respectu
1389 2879 1478 2925 Dei
1503 2879 1724 2926 divinum
1750 2879 2039 2943 intelligatur
2061 2878 2366 2928 beneficium.

223 2961 606 3026 Animaquippe
640 2960 701 3008 ab
738 2959 1032 3020 animando,
1073 2959 1169 3005 hoc
1203 2968 1272 3005 est
1304 2958 1595 3006 vivificando
1636 2959 1762 3006 dicta
1797 2969 1884 3006 est.
1929 2959 2133 3024 Spiritus
2173 2959 2370 3024 quidem

219 3049 428 3100 sanctus,
456 3050 507 3086 ut
536 3041 585 3086 in
610 3041 771 3104 primo
795 3039 922 3086 libro
946 3038 1265 3098 distinximus,
1294 3039 1430 3102 quasi
1455 3039 1615 3086 anima
1638 3048 1725 3100 est,
1752 3039 1849 3086 hoc
1873 3034 1943 3086 est
1969 3039 2064 3086 vita
2093 3049 2368 3086 nostrarum

220 3120 506 3180 animarum,
543 3129 590 3165 et
622 3128 794 3166 nostrae
819 3119 989 3165 animae
1016 3119 1152 3181 quasi
1182 3118 1403 3182 quaedam
1438 3118 1540 3182 ejus
1572 3135 1781 3183 corpora
1806 3129 1941 3176 sunt,
1971 3119 2032 3165 ab
2055 3119 2162 3183 ipso
2188 3118 2368 3165 scilicet

263 3309 269 3327 ¹
287 3307 425 3339 Mat-rob.
440 3330 448 3345 ,
471 3305 509 3336 In
526 3305 639 3336 somn.
658 3303 841 3345 Scipionis,
867 3302 924 3334 lib.
944 3299 968 3340 Ι,
998 3311 1069 3342 cap.
1092 3312 1157 3335 xiv.
1180 3321 1217 3326 -
1235 3304 1247 3322 ²
1268 3302 1329 3343 Ap.
1357 3301 1498 3335 Macrob.
1517 3299 1722 3341 regrediente
1743 3303 1903 3341 respectu.
