2638 3866
1163 199 1473 249 DlALOGUS.
2293 201 2378 248 68⁴

261 315 360 347 non
399 300 496 365 agit
528 316 799 366 perperam,
831 310 923 348 etc.
955 319 976 345 n
1012 303 1083 349 De
1105 318 1200 367 qua
1224 303 1367 350 etiam
1389 318 1502 350 cum
1528 302 1651 350 inter
1668 310 1825 350 cetera
1846 301 2050 356 dicatur,
2075 299 2208 365 quod
2228 301 2390 348 omnia

255 379 420 428 suffert
441 379 514 428 vel
543 380 706 427 omnia
728 381 944 439 sustinet,
974 381 1136 446 utique
1157 392 1205 429 et
1229 393 1456 439 mortem3
1484 392 1538 429 ut
1562 392 1724 430 autem
1746 381 1960 429 Christus
1981 381 2200 429 meminit
2215 384 2244 440 ¹,
2260 400 2283 426 «
2297 397 2393 428 ma-

252 460 407 523 jorem
438 460 529 508 hac
561 460 869 508 dilectionem
899 477 1045 508 nemo
1077 460 1245 522 habet,
1282 472 1333 509 ut
1367 463 1575 510 animam
1609 479 1744 510 suam
1778 463 1885 526 quis
1919 470 2069 527 ponat
2103 478 2192 527 pro
2227 462 2392 509 amicis

258 542 354 588 suis
371 559 383 601 ;
401 562 423 585 ‚2
451 558 551 589 non
577 557 691 605 ergo
715 540 835 588 alius
865 540 956 588 alio
986 543 1134 606 magis
1157 544 1205 589 in
1228 543 1422 590 caritate
1443 542 1686 604 abundat,
1711 560 1823 590 cum
1846 543 1946 590 haec
1969 542 2131 590 omnia
2154 543 2323 590 caritas
2344 543 2393 589 in

257 638 307 669 se
323 623 569 669 contineat
592 631 639 669 et
660 637 822 669 secum
846 620 1028 668 afferat.
1051 622 1195 680 Quod
1218 623 1258 670 si
1275 623 1324 669 in
1345 623 1538 671 caritate
1559 639 1704 670 nemo
1724 622 1869 669 alium
1894 622 2200 679 transcendit,
2229 623 2396 686 utique

259 717 348 749 nec
376 703 425 749 in
460 700 714 749 virtutibus
744 710 828 749 aut
851 701 1063 761 meritis,
1096 718 1208 749 cum
1234 719 1447 764 omnem,
1477 713 1530 750 ut
1561 703 1703 763 dicis,
1730 703 1900 750 caritas
1933 702 2280 767 complectatur
2303 704 2397 751 vir-

259 790 425 830 tutem.

324 865 594 911 Cnmsmw.
627 866 822 921 Revera,
848 864 886 910 si
918 863 1112 928 proprie
1138 863 1288 910 virtus
1311 864 1618 928 intelligatur,
1645 881 1750 929 quae
1774 863 1994 911 videlicet
2019 864 2239 911 meritum
2263 865 2395 930 apud

259 946 417 991 Deum
447 942 656 1005 obtinet,
693 944 794 991 sola
825 944 996 991 caritas
1031 945 1181 991 virtus
1217 944 1504 1009 appellanda
1534 954 1622 992 est.
1663 948 1782 1003 Quae
1812 943 2006 1009 quidem
2042 960 2132 1009 pro
2166 960 2225 991 eo
2266 944 2399 1008 quod

254 1028 439 1089 justum
474 1023 618 1071 efficit
655 1024 728 1072 vel
767 1024 938 1072 fortem
966 1041 1048 1072 seu
1076 1035 1451 1090 temperantem,
1481 1025 1663 1089 justitia
1696 1035 1823 1072 recte
1854 1024 2030 1071 dicitur
2063 1023 2137 1071 vel
2171 1024 2399 1072 fortitudo

259 1105 358 1152 sive
393 1104 725 1170 temperantia.
778 1104 871 1151 Sed
915 1105 1038 1152 sicut
1074 1121 1243 1152 omnes
1282 1105 1365 1170 qui
1399 1105 1578 1153 habent
1612 1105 1887 1162 caritatem,
1928 1121 2027 1151 non
2064 1104 2308 1168 aequaliter
2346 1122 2401 1153 ea

261 1185 475 1233 succensi
505 1194 634 1242 sunt,
671 1201 761 1232 nec
797 1201 965 1232 omnes
988 1185 1249 1250 prudentes
1275 1186 1522 1250 aequaliter
1550 1184 1845 1249 intelligunt,
1878 1185 1940 1231 ita
1971 1200 2060 1231 nec
2089 1201 2257 1231 omnes
2285 1185 2400 1248 justi

261 1264 504 1329 aequaliter
532 1266 648 1329 justi
687 1275 822 1323 sunt,
849 1275 931 1313 aut
965 1282 1135 1313 omnes
1168 1265 1413 1330 aequaliter
1447 1266 1592 1312 fortes
1630 1265 1700 1312 vel
1735 1274 2072 1329 temperantes.
2107 1267 2163 1310 Et
2186 1266 2403 1328 quamvis

261 1346 530 1394 secundum
555 1346 769 1411 priorem
794 1346 1170 1407 distinctionem,
1198 1362 1370 1393 omnes
1406 1346 1604 1393 virtutes
1636 1344 1874 1409 aliquibus
1906 1345 2058 1391 inesse
2083 1344 2407 1392 concedamus

261 1442 372 1474 cum
397 1426 616 1474 videlicet
638 1427 967 1490 unusquisque
985 1426 1178 1474 illorum
1197 1426 1255 1473 sit
1285 1426 1440 1490 justus
1469 1435 1514 1472 et
1538 1425 1671 1472 fortis
1695 1435 1742 1472 et
1764 1435 2055 1489 temperanS,
2077 1440 2177 1471 non
2202 1425 2402 1472 omnino

263 1516 423 1553 tamen
449 1507 496 1553 in
523 1506 773 1553 virtutibus
798 1515 881 1553 aut
903 1506 1084 1553 meritis
1107 1522 1317 1553 eosesse
1341 1521 1479 1571 pares
1503 1505 1760 1552 annuimus
1775 1541 1787 1564 ,
1814 1521 1925 1552 cum
1948 1504 2093 1551 alium
2119 1503 2213 1551 alio
2231 1503 2407 1567 justio-

263 1602 367 1633 rem
390 1586 464 1634 vel
497 1586 744 1634 fortiorem
774 1603 857 1633 seu
892 1585 1233 1633 modestiorem
1266 1602 1368 1633 esse
1390 1585 1654 1650 contingat.
1682 1584 1911 1642 Quamvis
1935 1584 2066 1631 enim
2090 1584 2138 1630 in
2169 1583 2407 1649 praedictis

263 1666 512 1732 speciebus
545 1666 804 1727 virtutum,
838 1666 1050 1730 singulos
1086 1666 1347 1713 convenire
1382 1681 1648 1730 ponamus,
1687 1680 1858 1727 magna
1895 1673 2056 1711 tamen
2093 1674 2163 1710 est
2197 1665 2243 1710 in
2279 1664 2409 1711 indi-

263 1746 421 1794 viduis
445 1747 711 1811 specierum
734 1745 1019 1807 differentia,
1048 1762 1160 1793 cum
1181 1745 1327 1809 hujus
1348 1745 1503 1808 major
1534 1760 1681 1808 quam
1703 1744 1827 1790 illius
1861 1744 1920 1790 sit
1949 1743 2129 1807 justitia
2159 1742 2234 1790 vel
2271 1743 2408 1790 forti-

265 1826 384 1874 tudo
408 1844 491 1874 seu
518 1826 859 1892 temperantia;
898 1825 984 1873 sed
1015 1842 1127 1872 cum
1148 1825 1319 1872 caritas
1343 1825 1509 1872 omnia
1532 1841 1636 1889 quae
1660 1824 1835 1884 dixisti,
1861 1823 2094 1882 conferat,
2123 1839 2222 1870 non
2248 1834 2407 1871 tamen

265 1906 464 1970 singulis
508 1906 682 1971 quibus
716 1906 868 1966 inest,
907 1905 1071 1954 omnia
1105 1905 1321 1968 largitur.
1379 1905 1511 1952 Sicut
1549 1905 1679 1951 enim
1716 1920 1744 1950 a
1783 1913 1954 1950 natura
1996 1903 2158 1950 omnia
2193 1905 2410 1968 corporis

266 1986 526 2035 commoda
549 1986 843 2047 tribuuntur,
870 1985 954 2033 sed
978 2002 1078 2032 non
1104 1986 1269 2032 omnia
1295 1985 1539 2045 omnibus,
1566 1985 1633 2031 sic
1658 1995 1703 2030 et
1730 1985 1779 2030 in
1803 1983 1945 2030 bonis
1968 1983 2138 2029 animae
2161 1999 2244 2030 seu
2271 1984 2415 2030 virtu-

265 2067 393 2114 tibus
424 2067 684 2129 contingit,
711 2075 765 2113 ut
793 2082 894 2112 non
927 2081 1096 2112 omnes
1125 2064 1352 2111 omnibus
1376 2063 1624 2128 aequaliter
1657 2063 1884 2110 ditentur.
1927 2062 2067 2108 Unde
2102 2062 2213 2108 volo
2246 2072 2298 2108 ut
2329 2062 2411 2110 ad-

267 2147 456 2205 tendas,
484 2163 630 2210 quam
661 2146 721 2192 sit
743 2145 823 2192 illa
849 2145 970 2192 ratio
994 2143 1212 2204 infirma,
1239 2145 1390 2190 immo
1421 2143 1701 2190 vilissimum
1723 2141 1992 2206 sophisma,
2027 2141 2161 2205 quod
2184 2141 2410 2189 videlicet

267 2244 322 2274 ex
357 2226 563 2274 aliorum
602 2226 833 2290 opinione
868 2225 916 2271 in
954 2223 1199 2289 paradoxa
1234 2222 1488 2288 praedictus
1520 2222 1704 2269 inducit
1738 2220 2083 2286 philosophus,
2121 2231 2175 2268 ut
2211 2221 2409 2269 virtutes

268 2308 389 2354 sicut
419 2316 466 2354 et
497 2306 611 2355 vitia
641 2321 780 2371 pares
803 2306 852 2351 in
876 2303 1103 2351 omnibus
1126 2320 1228 2351 esse
1259 2304 1681 2359 convincat‚-cum
1703 2301 1925 2349 videlicet
1948 2300 2119 2348 dixerit
2139 2300 2274 2348 bono
2300 2304 2404 2349 viro

269 2386 518 2434 meliorem
548 2402 646 2433 non
678 2401 806 2444 esse,
833 2400 923 2431 nec
953 2392 1248 2449 temperante
1275 2382 1725 2448 temperantiorem,
1753 2398 1844 2429 nec
1874 2381 1986 2428 forti
2016 2381 2281 2440 fortiorem,
2317 2397 2408 2429 nec

269 2467 472 2532 sapienti
500 2464 856 2531 sapientiorem.
890 2464 990 2511 Etsi
1010 2464 1138 2511 enim
1160 2463 1294 2510 bono
1315 2463 1419 2510 viro
1445 2479 1546 2509 non
1571 2462 1631 2509 sit
1654 2460 1823 2524 aliquis
1847 2460 2036 2519 melior,
2064 2470 2222 2507 tamen
2247 2460 2409 2525 aliquo

268 2547 404 2595 bono
441 2547 544 2594 viro
575 2545 872 2602 meliorest.
907 2543 1036 2602 Quid
1070 2553 1141 2591 est
1171 2544 1302 2590 enim
1332 2542 1468 2590 *aliud
1503 2542 1660 2590 dicere
1691 2541 1752 2588 de
1783 2541 1944 2604 aliquo
1980 2539 2114 2604 quod
2146 2541 2205 2587 sit
2239 2540 2409 2587 melior

272 2628 423 2688 bono,
449 2628 541 2673 nisi
566 2625 701 2691 quod
725 2626 784 2672 sit
815 2625 986 2672 melior
1008 2641 1155 2688 quam
1177 2623 1337 2670 bonus
1356 2624 1446 2684 vir,
1475 2623 1751 2687 quicunque
1777 2620 1853 2668 ille
1889 2621 1978 2667 sit?
2013 2623 2118 2667 Non
2143 2620 2271 2667 enim
2296 2636 2409 2667 cum

270 2710 428 2754 Deum
457 2707 658 2753 homine
691 2705 893 2753 dicimus
931 2705 1204 2762 meliorem,
1245 2703 1380 2752 aliter
1408 2702 1740 2765 intelligimus,
1774 2700 1864 2747 nisi
1897 2700 2030 2763 quod
2060 2716 2228 2747 omnes
2254 2710 2410 2747 trans-

271 2783 444 2831 cendat
477 2783 715 2830 homines,
754 2782 830 2829 Sic
866 2781 1009 2828 etiam
1045 2797 1154 2827 cum
1190 2789 1350 2827 tamen
1389 2779 1598 2841 aliquem
1631 2777 1816 2824 bonum
1849 2775 2052 2823 dicimus
2084 2775 2239 2823 virum
2274 2774 2410 2823 bono

273 2865 376 2911 viro
401 2863 668 2922 meliorem,
703 2862 753 2910 id
774 2871 871 2922 est,
904 2877 1050 2925 quam
1075 2860 1233 2907 bonus
1253 2860 1326 2906 vir
1351 2859 1431 2917 sit,
1461 2858 1537 2905 vel
1562 2874 1706 2922 quam
1730 2857 1789 2903 sit
1818 2856 1985 2920 aliquis
2009 2857 2081 2903 vir
2101 2855 2279 2916 bonus,
2306 2871 2407 2902 non

273 2945 408 2992 aliter
426 2941 761 3008 accipiendum
785 2940 992 2999 videtur,
1018 2939 1108 2987 nisi
1128 2939 1409 3004 generaliter
1432 2937 1659 2985 omnibus
1680 2936 1823 2984 bonis
1846 2936 1959 2983 viris
1983 2935 2061 2983 ille
2083 2944 2404 3000 praeponatur.

272 3023 418 3081 Quod
442 3023 642 3070 omnino
667 3021 836 3069 falsum
860 3029 949 3079 est,
976 3036 1087 3067 cum
1114 3020 1215 3084 ipse
1244 3019 1387 3066 etiam
1410 3018 1470 3065 sit
1491 3017 1662 3082 aliquis
1684 3016 1929 3063 bonorum
1951 3015 2183 3063 virorum.
2207 3015 2256 3061 Si
2279 3014 2407 3061 enim

273 3102 445 3151 melior
476 3103 533 3149 sit
558 3119 706 3167 quam
735 3101 911 3161 bonus,
938 3099 1012 3147 vel
1036 3115 1182 3164 quam
1213 3099 1272 3147 sit
1304 3098 1474 3163 aliquis
1495 3097 1654 3145 bonus
1682 3097 1772 3158 vir,
1799 3111 2100 3160 consequens
2122 3094 2327 3153 videtur,
2355 3102 2408 3139 ut

351 3284 461 3327 Joan„
477 3295 549 3327 cap.
568 3295 627 3327 xv,
646 3295 675 3318 v.
699 3288 745 3320 13.
2069 3294 2077 3306 .

437 3360 469 3383 11
2201 3337 2251 3374 86
