2638 3866
932 177 1274 228 THEOLOGlA
1308 182 1677 231 cntus'rtANA.
2284 186 2379 234 369

237 292 372 340 ram,
396 298 422 324 ³>
458 278 509 327 id
536 288 608 328 est
639 279 884 328 caritatem
911 277 1170 344 praedicare
1205 290 1350 346 atque
1384 283 1618 349 plantare,
1652 284 1812 349 potius
1844 301 1990 349 quam
2026 285 2270 345 timorem,
2294 289 2377 351 qui

237 358 397 424 frigori
426 370 752 426 comparatur,
786 358 915 408 unde
943 369 990 407 et
1012 359 1305 425 frequentius
1335 380 1483 429 quam
1516 374 1682 412 ceterae
1706 381 1834 425 aves,
1864 383 2092 429 generare
2125 382 2181 415 ac
2209 382 2377 432 parere

235 438 473 489 columbae
495 441 762 499 sufficiunt,
791 456 904 488 cum
934 439 1027 488 sint
1050 441 1270 490 videlicet
1295 444 1537 492 calidioris
1561 454 1759 492 naturae.
1789 448 1884 492 Nec
1915 456 2051 494 vacat
2074 446 2221 495 etiam
2243 450 2376 512 quod

235 518 378 569 binos
408 522 618 587 pariunt3
657 522 801 570 etiam
829 519 1027 568 sociales
1072 532 1214 581 sunt,
1254 533 1302 570 et
1338 525 1479 572 simul
1508 535 1884 573 commorantes.
1912 529 2021 574 Duo
2057 528 2235 593 quippe
2266 540 2378 578 sunt

235 601 442 651 caritatis
479 603 618 664 rami,
663 618 788 651 unus
826 603 875 648 in
913 603 1087 660 Deum,
1130 602 1251 650 alius
1290 604 1339 652 in
1376 605 1681 669 proximum3
1714 615 1762 653 et
1798 606 2091 672 quicumque
2131 609 2375 658 caritatem

236 680 398 742 habet,
436 683 671 731 unitatem
699 681 970 731 concordiae
996 691 1170 730 servat.
1210 685 1266 730 Et
1298 693 1370 732 est
1397 684 1492 732 hoc
1521 685 1630 733 loco
1666 686 1869 751 Spiritus
1903 697 2093 735 sanctus
2124 690 2376 754 proprium

235 775 416 810 nomen
440 763 583 810 unius
602 779 835 829 personae,
861 779 972 811 cum
1001 763 1050 809 in
1080 762 1172 811 alia
1204 764 1550 828 significatione
1585 775 1836 831 acceptum
1866 767 1925 814 sit
1953 783 2212 816 commune
2232 771 2377 819 trium

234 856 570 907 personarum,
597 843 867 892 secundum
889 843 984 891 hoc
1009 842 1188 892 scilicet
1208 845 1343 909 quod
1363 845 1526 894 divina
1549 846 1812 895 substantia
1837 847 2092 912 spiritualis
2115 858 2184 896 est
2205 859 2253 898 et
2274 866 2373 899 non

233 936 487 989 corporea,
514 933 562 972 et
584 925 729 972 etiam
753 933 932 972 sancta.
959 926 1031 971 De
1054 923 1150 972 hoc
1173 925 1317 972 etiam
1340 927 1628 990 Augustinus
1650 926 1775 975 libro
1798 927 2020 975 videlicet
2048 932 2120 975 De
2144 931 2377 978 Trinitate

233 1003 451 1052 meminit
486 1004 674 1053 dicens¹
704 1023 715 1052 t
746 1005 993 1071 «Spiritus
1016 1015 1208 1053 sanctus
1229 1006 1498 1054 secundum
1520 1007 1570 1055 id
1594 1007 1728 1073 quod
1760 1009 1989 1074 scriptum
2020 1019 2107 1067 est,
2146 1011 2375 1074 quoniam

233 1088 363 1136 Deus
395 1091 589 1155 spiritus
627 1100 714 1146 est,
754 1100 912 1156 potest
939 1091 1135 1156 quidem
1174 1092 1502 1140 universaliter
1536 1094 1649 1156 dici,
1694 1095 1807 1159 quia
1835 1104 1882 1142 et
1914 1098 2051 1142 Pater
2084 1096 2293 1160 spiritus,
2332 1106 2379 1145 et

233 1168 377 1217 Filius
393 1171 604 1234 spiritus,
631 1181 678 1219 et
699 1173 838 1219 Pater
857 1181 1068 1233 sanctus,
1086 1182 1132 1219 et
1155 1172 1297 1220 Filius
1319 1184 1562 1222 sanctus.»
1585 1177 1641 1223 Et
1663 1186 1774 1241 post
1795 1193 1975 1242 pauca:
2008 1196 2030 1220 <c
2045 1176 2248 1242 Spiritus
2268 1193 2377 1223 san-

234 1258 338 1298 ctus
360 1251 582 1316 quaedam
610 1253 760 1299 Patris
785 1252 982 1318 Filiique
1005 1254 1285 1301 communio
1308 1264 1397 1316 est,
1429 1265 1476 1303 et
1501 1255 1612 1303 ideo
1639 1255 1835 1304 fortasse
1859 1258 1926 1304 sic
1950 1257 2236 1322 appellatur,
2264 1257 2378 1322 quia

236 1330 362 1378 Patri
384 1341 432 1379 et
456 1333 574 1379 Filio
597 1342 754 1398 potest
777 1333 948 1381 eadem
972 1333 1228 1399 appellatio
1251 1336 1528 1383 convenire.
1557 1339 1618 1383 Ut
1640 1353 1753 1401 ergo
1780 1353 1837 1384 ex
1861 1337 2058 1385 nomine
2081 1336 2214 1400 quod
2239 1337 2377 1386 utris-

233 1425 328 1473 que
355 1413 600 1474 convenit,
631 1414 880 1479 utriusque
902 1414 1184 1462 communio
1207 1415 1515 1479 significetur,
1539 1426 1741 1463 vocatur
1774 1416 1959 1464 donum
1993 1416 2248 1464 amborum
2272 1417 2379 1482 Spi-

232 1490 352 1538 ritus
381 1502 590 1541 sanctus.
613 1514 635 1538 >³
665 1493 800 1542 Idem
822 1496 870 1542 in
894 1497 1005 1543 XV'
1027 1513 1038 1541 ε
1072 1515 1094 1541 α
1116 1496 1272 1544 Multis
1302 1496 1532 1562 exemplis
1557 1497 1721 1545 doceri
1752 1507 1909 1563 potest
1936 1496 2197 1544 multarum
2219 1513 2379 1544 rerum

232 1571 468 1620 vocabula
493 1583 539 1620 et
571 1574 901 1623 universaliter
929 1576 1065 1641 poni,
1100 1585 1149 1624 et
1172 1578 1366 1643 proprie
1391 1576 1681 1642 quibusdam
1712 1577 1856 1626 rebus
1878 1576 2114 1625 adhiberi.
2143 1579 2246 1624 Hoc
2267 1576 2379 1625 ideo

233 1650 356 1714 dixi,
386 1669 449 1701 ne
478 1654 735 1720 quisquam
760 1666 1016 1722 propterea
1047 1673 1138 1704 nos
1172 1658 1568 1706 inconvenienter
1595 1658 1831 1706 existimet
1861 1659 2109 1706 caritatem
2140 1656 2381 1722 appellare

233 1732 464 1798 Spiritum
499 1745 739 1798 sanctum,
770 1738 882 1801 quia
906 1747 952 1784 et
974 1740 1103 1785 Deus
1127 1741 1283 1799 Pater,
1314 1748 1362 1786 et
1387 1741 1515 1786 Deus
1546 1738 1689 1786 Filius
1716 1749 1874 1804 potest
1892 1739 2063 1786 caritas
2087 1738 2375 1803 nuncupari.

232 1813 365 1861 Sicut
378 1831 493 1878 ergo
509 1816 707 1863 unicum
721 1818 831 1865 Dei³
843 1818 1054 1865 Verbum
1062 1834 1291 1867 vocamus
1303 1820 1495 1885 proprie
1509 1819 1707 1867 nomine
1718 1820 1986 1886 Sapientiae,
2001 1836 2114 1867 curn
2124 1827 2171 1866 et
2179 1819 2381 1884 Spiritus

232 1903 425 1942 sanctus
452 1905 500 1943 et
534 1898 671 1944 Pater
695 1897 797 1963 ipse
826 1899 1071 1964 Sapientia
1096 1918 1109 1947 ι
1137 1900 1202 1947 ita
1228 1900 1431 1965 Spiritus
1460 1911 1654 1948 sanctus
1685 1901 1879 1967 proprie
1911 1908 2218 1964 nuncupatur
2243 1915 2380 1946 voca·

232 1972 350 2023 bulo
371 1976 601 2035 caritatis,
633 1994 745 2026 cum
768 1979 829 2026 sit
856 1990 904 2027 et
926 1983 1063 2028 Pater
1089 1990 1136 2029 et
1159 1981 1304 2029 Filius
1326 1982 1513 2030 caritas.
1539 2003 1561 2026 »
1587 1985 1881 2047 Frequenter
1910 1981 2091 2046 quippe
2113 1980 2376 2043 contingit,

233 2062 289 2102 ut
312 2071 491 2104 nomen
526 2073 787 2107 commune
818 2061 1079 2109 multarum
1110 2077 1270 2110 rerum
1306 2061 1368 2109 ad
1402 2079 1547 2110 unam
1579 2078 1745 2110 earum
1775 2063 1910 2126 quasi
1947 2061 2197 2127 proprium
2229 2070 2378 2107 trans·

234 2133 443 2196 feratur-3
474 2154 587 2186 cum
610 2149 780 2187 ceterae
806 2157 881 2188 res
898 2141 1115 2190 *habeant
1139 2142 1336 2207 propria
1370 2143 1588 2203 nomina,
1627 2159 1714 2207 per
1745 2159 1851 2207 quae
1879 2141 2058 2188 scilicet
2087 2139 2149 2187 ad
2175 2139 2382 2188 invicem

234 2214 440 2276 distent,
474 2217 576 2265 haec
607 2236 725 2267 vero
760 2237 858 2268 non
898 2221 1074 2280 habeat
1113 2238 1324 2283 nomen3
1366 2222 1646 2270 differentiae
1681 2223 1740 2270 sit
1775 2222 1919 2287 hujus
1952 2221 2206 2287 proprium
2243 2219 2378 2284 quod

233 2295 367 2361 prius
397 2313 658 2347 commune
691 2311 792 2348 erat
829 2302 1069 2364 omnium,
1096 2300 1244 2349 veluti
1276 2319 1389 2350 cum
1423 2302 1622 2350 clericos
1653 2303 1948 2369 appellamus
1976 2301 2039 2349 ad
2063 2299 2380 2348 differentiam

234 2376 608 2440 monachorum,
647 2396 760 2427 cum
797 2390 956 2430 tamen
993 2392 1040 2430 et
1061 2382 1291 2430 monachi
1321 2383 1480 2431 clerici
1519 2383 1630 2444 sint,
1668 2394 1716 2431 et
1748 2384 2046 2431 confessores
2078 2380 2283 2428 dicimus
2317 2380 2378 2427 ad

234 2452 557 2506 differentiam
596 2470 881 2525 martyrum,
926 2478 1039 2510 cum
1080 2463 1322 2529 praecipue
1355 2473 1610 2528 martyres,
1659 2463 1709 2510 id
1749 2473 1818 2511 est
1859 2472 2017 2522 testeS,
2058 2459 2251 2508 dicendi
2288 2460 2381 2507 sint

234 2535 550 2600 confessores,
587 2540 671 2604 qui
704 2558 858 2606 usque
883 2542 947 2590 ad
978 2553 1184 2591 mortem
1218 2544 1362 2592 etiam
1396 2545 1444 2591 in
1482 2543 1783 2591 confessione
1814 2543 1963 2591 divini
1994 2541 2203 2589 nominis
2228 2555 2381 2605 perse-

237 2627 419 2664 verant.
458 2619 605 2667 Multa
638 2638 834 2687 quoque
867 2623 959 2671 alia
989 2634 1103 2672 sunt
1124 2624 1486 2689 prophetiarum
1519 2624 1643 2686 loca,
1675 2641 1732 2672 ex
1754 2624 1930 2689 quibus
1953 2630 2114 2687 aperte
2144 2619 2380 2667 Trinitatis

235 2692 460 2743 discretio
485 2699 706 2747 traditur.

302 2776 677 2826 Generationem
704 2781 903 2844 quidem
938 2783 1041 2831 Filii
1068 2793 1295 2832 aeternam
1328 2800 1385 2831 ex
1417 2787 1554 2830 Patre
1580 2783 1681 2847 ipse
1712 2781 1865 2830 David
1895 2790 2057 2846 aperte
2085 2779 2269 2840 docuit,
2296 2777 2379 2825 ubi

236 2870 495 2920 personam
526 2858 628 2905 Filii
647 2859 908 2909 introducit
933 2863 1174 2927 loquentis
1210 2865 1306 2911 sic*
1331 2881 1342 2910 t
1375 2884 1398 2906 κ
1421 2863 1659 2910 Dominus
1691 2862 1810 2909 dixit
1838 2861 1899 2909 ad
1931 2877 2037 2908 me:
2067 2859 2208 2907 Filius
2244 2874 2380 2906 meus

237 2950 287 2983 es
301 2945 370 2995 tu,
391 2953 480 3000 ego
495 2936 643 2986 hodie
661 2941 804 3003 genui
821 2949 883 2988 te.
904 2943 1097 2990 Postula
1110 2959 1138 2990 a
1154 2960 1250 3005 me,
1265 2952 1313 2991 et
1329 2943 1460 2991 dabo
1478 2942 1564 2990 tibi
1581 2952 1743 3007 gentes
1755 2941 2069 2990 hereditatem
2085 2950 2235 3001 tuam,
2251 2948 2342 2988 etc.
2353 2957 2376 2983 η

238 3015 347 3063 Tale
367 3026 437 3064 est
456 3027 617 3066 autem
636 3020 771 3084 quod
790 3021 883 3068 ait:
911 3041 934 3067 α
952 3025 1053 3087 Ego
1073 3022 1220 3071 hodie
1241 3024 1386 3088 genui
1407 3034 1472 3084 te,
1495 3044 1519 3068 1>
1537 3039 1594 3071 ac
1615 3024 1654 3070 si
1672 3023 1876 3071 diceret:
1894 3020 2194 3069 AEternaliter
2211 3035 2267 3068 ex
2280 3021 2381 3085 ipsa

282 3222 427 3256 ¹Simitta
448 3227 548 3259 habet
576 3226 788 3267 Augustinus,
821 3228 878 3261 ttb.
904 3228 976 3270 XV,
1002 3238 1076 3271 cap.
1095 3239 1167 3272 xix,
1194 3230 1300 3273 Opp„
1319 3233 1344 3264 t.
1363 3230 1447 3264 vm.
1461 3248 1503 3256 -—
1523 3233 1534 3251 ²
1549 3231 1629 3274 Cap.
1649 3240 1726 3273 ιω,
1747 3240 1777 3265 v.
1797 3232 1850 3271 ³0,
1867 3230 1970 3271 ΟΡΡη
1995 3234 2020 3263 ¹·
2043 3226 2129 3262 Vm·
2149 3243 2188 3251 ’“
2204 3225 2261 3258 '¹¹¹
2286 3225 2381 3258 ἕως

242 3276 323 3309 Tum
336 3285 397 3318 pro
413 3279 477 3312 Dei
491 3280 623 3320 tegitur.
642 3297 682 3305 -
698 3286 710 3302 ¹·
726 3281 857 3315 Psalm.
871 3291 906 3325 n,
931 3291 960 3315 v.
979 3285 1011 3317 7.

398 3350 429 3376 11
2160 3326 2218 3377 ⁸¹1¹7
