<?xml version="1.0" encoding="UTF-8"?>
<!DOCTYPE html PUBLIC "-//W3C//DTD XHTML 1.0 Transitional//EN"
    "http://www.w3.org/TR/xhtml1/DTD/xhtml1-transitional.dtd">
<html xmlns="http://www.w3.org/1999/xhtml" xml:lang="en" lang="en">
 <head>
  <title>
</title>
<meta http-equiv="Content-Type" content="text/html;charset=utf-8" />
  <meta name='ocr-system' content='tesseract 3.04.00' />
  <meta name='ocr-capabilities' content='ocr_page ocr_carea ocr_par ocr_line ocrx_word'/>
</head>
<body>
  <div class='ocr_page' id='page_1' title='image "./operahactenusseo00abeluoft_0108.png"; bbox 0 0 2638 3866; ppageno 0'>
   <div class='ocr_carea' id='block_1_1' title="bbox 273 174 1606 227">
    <p class='ocr_par' dir='ltr' id='par_1_1' title="bbox 273 174 1606 227">
     <span class='ocr_line' id='line_1_1' title="bbox 273 174 1606 227; baseline -0.005 -1"><span class='ocrx_word' id='word_1_1' title='bbox 273 177 335 227; x_wconf 81' lang='lat'>98</span> <span class='ocrx_word' id='word_1_2' title='bbox 1081 175 1252 222; x_wconf 83' lang='lat' dir='ltr'>PETRI</span> <span class='ocrx_word' id='word_1_3' title='bbox 1288 174 1606 223; x_wconf 84' lang='lat' dir='ltr'><strong>ABAELARDI</strong></span> 
     </span>
    </p>
   </div>
   <div class='ocr_carea' id='block_1_2' title="bbox 219 274 2495 3084">
    <p class='ocr_par' dir='ltr' id='par_1_2' title="bbox 219 274 2495 3084">
     <span class='ocr_line' id='line_1_2' title="bbox 274 274 2412 345; baseline -0.002 -17"><span class='ocrx_word' id='word_1_4' title='bbox 274 278 540 345; x_wconf 83' lang='lat' dir='ltr'>specialiter</span> <span class='ocrx_word' id='word_1_5' title='bbox 567 277 764 323; x_wconf 90' lang='lat' dir='ltr'>nomine</span> <span class='ocrx_word' id='word_1_6' title='bbox 795 276 948 323; x_wconf 84' lang='lat' dir='ltr'>Patris</span> <span class='ocrx_word' id='word_1_7' title='bbox 983 275 1147 325; x_wconf 85' lang='lat' dir='ltr'>divina</span> <span class='ocrx_word' id='word_1_8' title='bbox 1177 277 1392 342; x_wconf 88' lang='lat' dir='ltr'>potentia</span> <span class='ocrx_word' id='word_1_9' title='bbox 1422 274 1708 334; x_wconf 87' lang='lat' dir='ltr'>declaratur,</span> <span class='ocrx_word' id='word_1_10' title='bbox 1738 275 1863 322; x_wconf 86' lang='lat' dir='ltr'>sicut</span> <span class='ocrx_word' id='word_1_11' title='bbox 1899 276 2098 324; x_wconf 90' lang='lat' dir='ltr'>nomine</span> <span class='ocrx_word' id='word_1_12' title='bbox 2121 275 2225 324; x_wconf 87' lang='lat' dir='ltr'>Filii</span> <span class='ocrx_word' id='word_1_13' title='bbox 2247 276 2412 324; x_wconf 86' lang='lat' dir='ltr'>divina</span> 
     </span>
     <span class='ocr_line' id='line_1_3' title="bbox 273 355 2412 425; baseline -0.002 -17"><span class='ocrx_word' id='word_1_14' title='bbox 273 358 507 425; x_wconf 84' lang='lat' dir='ltr'>sapientia</span> <span class='ocrx_word' id='word_1_15' title='bbox 532 355 842 422; x_wconf 84' lang='lat' dir='ltr'>significatur.</span> <span class='ocrx_word' id='word_1_16' title='bbox 872 359 952 404; x_wconf 87' lang='lat' dir='ltr'>Est</span> <span class='ocrx_word' id='word_1_17' title='bbox 974 366 1136 405; x_wconf 91' lang='lat' dir='ltr'>autem</span> <span class='ocrx_word' id='word_1_18' title='bbox 1167 356 1333 405; x_wconf 88' lang='lat' dir='ltr'>divina</span> <span class='ocrx_word' id='word_1_19' title='bbox 1360 355 1610 422; x_wconf 87' lang='lat' dir='ltr'>sapientia,</span> <span class='ocrx_word' id='word_1_20' title='bbox 1632 355 1870 420; x_wconf 81' lang='lat' dir='ltr'>quaedam,</span> <span class='ocrx_word' id='word_1_21' title='bbox 1898 364 1950 403; x_wconf 89' lang='lat' dir='ltr'>ut</span> <span class='ocrx_word' id='word_1_22' title='bbox 1974 356 2040 404; x_wconf 89' lang='lat' dir='ltr'>ita</span> <span class='ocrx_word' id='word_1_23' title='bbox 2060 355 2235 414; x_wconf 88' lang='lat' dir='ltr'>dicam,</span> <span class='ocrx_word' id='word_1_24' title='bbox 2264 358 2412 423; x_wconf 88' lang='lat' dir='ltr'>ipsius</span> 
     </span>
     <span class='ocr_line' id='line_1_4' title="bbox 275 435 2414 505; baseline -0.001 -18"><span class='ocrx_word' id='word_1_25' title='bbox 275 440 364 487; x_wconf 91' lang='lat' dir='ltr'>Dei</span> <span class='ocrx_word' id='word_1_26' title='bbox 399 437 630 505; x_wconf 85' lang='lat' dir='ltr'>potentia,</span> <span class='ocrx_word' id='word_1_27' title='bbox 670 453 765 501; x_wconf 91' lang='lat' dir='ltr'>qua</span> <span class='ocrx_word' id='word_1_28' title='bbox 786 436 1009 485; x_wconf 85' lang='lat' dir='ltr'>videlicet</span> <span class='ocrx_word' id='word_1_29' title='bbox 1030 436 1093 486; x_wconf 92' lang='lat' dir='ltr'>ab</span> <span class='ocrx_word' id='word_1_30' title='bbox 1118 438 1252 485; x_wconf 91' lang='lat' dir='ltr'>omni</span> <span class='ocrx_word' id='word_1_31' title='bbox 1276 437 1368 485; x_wconf 93' lang='lat' dir='ltr'>sibi</span> <span class='ocrx_word' id='word_1_32' title='bbox 1392 436 1574 484; x_wconf 84' lang='lat' dir='ltr'>fallacia</span> <span class='ocrx_word' id='word_1_33' title='bbox 1606 436 1678 484; x_wconf 91' lang='lat' dir='ltr'>vel</span> <span class='ocrx_word' id='word_1_34' title='bbox 1700 453 1863 484; x_wconf 86' lang='lat' dir='ltr'>errore</span> <span class='ocrx_word' id='word_1_35' title='bbox 1887 435 2143 502; x_wconf 88' lang='lat' dir='ltr'>providere</span> <span class='ocrx_word' id='word_1_36' title='bbox 2162 446 2339 502; x_wconf 87' lang='lat' dir='ltr'>potest,</span> <span class='ocrx_word' id='word_1_37' title='bbox 2365 447 2414 485; x_wconf 88' lang='lat' dir='ltr'>et</span> 
     </span>
     <span class='ocr_line' id='line_1_5' title="bbox 274 516 2412 583; baseline -0.001 -15"><span class='ocrx_word' id='word_1_38' title='bbox 274 522 339 567; x_wconf 86' lang='lat' dir='ltr'>ita</span> <span class='ocrx_word' id='word_1_39' title='bbox 360 519 591 568; x_wconf 87' lang='lat' dir='ltr'>veraciter</span> <span class='ocrx_word' id='word_1_40' title='bbox 621 533 732 564; x_wconf 89' lang='lat' dir='ltr'>cum</span> <span class='ocrx_word' id='word_1_41' title='bbox 765 517 853 566; x_wconf 90' lang='lat' dir='ltr'>ista</span> <span class='ocrx_word' id='word_1_42' title='bbox 884 517 1147 582; x_wconf 88' lang='lat' dir='ltr'>dijudicare</span> <span class='ocrx_word' id='word_1_43' title='bbox 1166 528 1214 566; x_wconf 91' lang='lat' dir='ltr'>et</span> <span class='ocrx_word' id='word_1_44' title='bbox 1235 516 1497 566; x_wconf 89' lang='lat' dir='ltr'>scrutando</span> <span class='ocrx_word' id='word_1_45' title='bbox 1522 527 1798 583; x_wconf 88' lang='lat' dir='ltr'>penetrare,</span> <span class='ocrx_word' id='word_1_46' title='bbox 1826 527 1881 564; x_wconf 91' lang='lat' dir='ltr'>ut</span> <span class='ocrx_word' id='word_1_47' title='bbox 1916 517 1966 565; x_wconf 91' lang='lat' dir='ltr'>in</span> <span class='ocrx_word' id='word_1_48' title='bbox 2000 517 2134 565; x_wconf 89' lang='lat' dir='ltr'>nullo</span> <span class='ocrx_word' id='word_1_49' title='bbox 2156 517 2315 583; x_wconf 90' lang='lat' dir='ltr'>decipi</span> <span class='ocrx_word' id='word_1_50' title='bbox 2337 518 2412 566; x_wconf 88' lang='lat' dir='ltr'>vel</span> 
     </span>
     <span class='ocr_line' id='line_1_6' title="bbox 272 597 2414 664; baseline -0.001 -17"><span class='ocrx_word' id='word_1_51' title='bbox 272 616 430 647; x_wconf 85' lang='lat' dir='ltr'>errare</span> <span class='ocrx_word' id='word_1_52' title='bbox 456 598 622 664; x_wconf 87' lang='lat' dir='ltr'>possit.</span> <span class='ocrx_word' id='word_1_53' title='bbox 649 598 889 664; x_wconf 83' lang='lat' dir='ltr'>Sapientia</span> <span class='ocrx_word' id='word_1_54' title='bbox 911 599 1072 663; x_wconf 89' lang='lat' dir='ltr'>itaque</span> <span class='ocrx_word' id='word_1_55' title='bbox 1096 599 1258 647; x_wconf 89' lang='lat' dir='ltr'>divina</span> <span class='ocrx_word' id='word_1_56' title='bbox 1292 599 1507 664; x_wconf 86' lang='lat' dir='ltr'>potentia</span> <span class='ocrx_word' id='word_1_57' title='bbox 1528 608 1600 646; x_wconf 85' lang='lat' dir='ltr'>est</span> <span class='ocrx_word' id='word_1_58' title='bbox 1624 597 1704 646; x_wconf 90' lang='lat' dir='ltr'>illa</span> <span class='ocrx_word' id='word_1_59' title='bbox 1727 598 1925 646; x_wconf 83' lang='lat' dir='ltr'>facultas</span> <span class='ocrx_word' id='word_1_60' title='bbox 1954 597 2261 646; x_wconf 88' lang='lat' dir='ltr'>discernendi</span> <span class='ocrx_word' id='word_1_61' title='bbox 2276 633 2289 658; x_wconf 96' lang='lat'><strong><em>‚</em></strong></span> <span class='ocrx_word' id='word_1_62' title='bbox 2326 614 2414 662; x_wconf 83' lang='lat' dir='ltr'>per</span> 
     </span>
     <span class='ocr_line' id='line_1_7' title="bbox 275 676 2416 745; baseline -0.002 -17"><span class='ocrx_word' id='word_1_63' title='bbox 275 696 420 745; x_wconf 88' lang='lat' dir='ltr'>quam</span> <span class='ocrx_word' id='word_1_64' title='bbox 447 699 470 724; x_wconf 91' lang='lat'>«</span> <span class='ocrx_word' id='word_1_65' title='bbox 497 679 662 727; x_wconf 91' lang='lat' dir='ltr'>omnia</span> <span class='ocrx_word' id='word_1_66' title='bbox 685 678 836 727; x_wconf 89' lang='lat' dir='ltr'>oculis</span> <span class='ocrx_word' id='word_1_67' title='bbox 861 680 964 744; x_wconf 90' lang='lat' dir='ltr'>ejus</span> <span class='ocrx_word' id='word_1_68' title='bbox 990 679 1123 727; x_wconf 91' lang='lat' dir='ltr'>nuda</span> <span class='ocrx_word' id='word_1_69' title='bbox 1147 689 1258 727; x_wconf 88' lang='lat' dir='ltr'>sunt</span> <span class='ocrx_word' id='word_1_70' title='bbox 1279 689 1327 727; x_wconf 89' lang='lat' dir='ltr'>et</span> <span class='ocrx_word' id='word_1_71' title='bbox 1347 681 1551 745; x_wconf 84' lang='lat' dir='ltr'>aperta¹‚</span> <span class='ocrx_word' id='word_1_72' title='bbox 1583 699 1606 723; x_wconf 88' lang='lat'>»</span> <span class='ocrx_word' id='word_1_73' title='bbox 1642 695 1733 726; x_wconf 88' lang='lat' dir='ltr'>nec</span> <span class='ocrx_word' id='word_1_74' title='bbox 1755 678 2022 743; x_wconf 88' lang='lat' dir='ltr'>quidquam</span> <span class='ocrx_word' id='word_1_75' title='bbox 2043 677 2325 743; x_wconf 86' lang='lat' dir='ltr'>ignorantiae</span> <span class='ocrx_word' id='word_1_76' title='bbox 2346 676 2416 726; x_wconf 89' lang='lat' dir='ltr'>illi</span> 
     </span>
     <span class='ocr_line' id='line_1_8' title="bbox 274 759 2414 826; baseline -0.001 -17"><span class='ocrx_word' id='word_1_77' title='bbox 274 762 424 826; x_wconf 91' lang='lat' dir='ltr'>possit</span> <span class='ocrx_word' id='word_1_78' title='bbox 447 762 618 809; x_wconf 87' lang='lat' dir='ltr'>inesse.</span> <span class='ocrx_word' id='word_1_79' title='bbox 663 761 796 808; x_wconf 88' lang='lat' dir='ltr'>Sicut</span> <span class='ocrx_word' id='word_1_80' title='bbox 834 762 964 809; x_wconf 89' lang='lat' dir='ltr'>enim</span> <span class='ocrx_word' id='word_1_81' title='bbox 1000 763 1270 810; x_wconf 88' lang='lat' dir='ltr'>sanativum</span> <span class='ocrx_word' id='word_1_82' title='bbox 1305 771 1389 809; x_wconf 88' lang='lat' dir='ltr'>aut</span> <span class='ocrx_word' id='word_1_83' title='bbox 1422 761 1599 809; x_wconf 86' lang='lat' dir='ltr'>durum</span> <span class='ocrx_word' id='word_1_84' title='bbox 1625 777 1684 808; x_wconf 82' lang='lat' dir='ltr'>ex</span> <span class='ocrx_word' id='word_1_85' title='bbox 1724 761 1952 826; x_wconf 89' lang='lat' dir='ltr'>potentiis</span> <span class='ocrx_word' id='word_1_86' title='bbox 1985 759 2279 825; x_wconf 89' lang='lat' dir='ltr'>quibusdam</span> <span class='ocrx_word' id='word_1_87' title='bbox 2314 759 2414 808; x_wconf 90' lang='lat' dir='ltr'>dici</span> 
     </span>
     <span class='ocr_line' id='line_1_9' title="bbox 278 841 2416 909; baseline 0 -20"><span class='ocrx_word' id='word_1_88' title='bbox 278 841 547 890; x_wconf 86' lang='lat' dir='ltr'>Aristoteles</span> <span class='ocrx_word' id='word_1_89' title='bbox 574 842 741 890; x_wconf 86' lang='lat' dir='ltr'>astruit</span> <span class='ocrx_word' id='word_1_90' title='bbox 751 843 782 902; x_wconf 77' lang='lat'>²,</span> <span class='ocrx_word' id='word_1_91' title='bbox 823 842 957 907; x_wconf 93' lang='lat' dir='ltr'>quod</span> <span class='ocrx_word' id='word_1_92' title='bbox 987 843 1210 891; x_wconf 83' lang='lat' dir='ltr'>videlicet</span> <span class='ocrx_word' id='word_1_93' title='bbox 1246 843 1349 908; x_wconf 89' lang='lat' dir='ltr'>ipsa</span> <span class='ocrx_word' id='word_1_94' title='bbox 1368 906 1371 909; x_wconf 26' lang='grc' dir='ltr'>Ι</span> <span class='ocrx_word' id='word_1_95' title='bbox 1389 841 1711 890; x_wconf 88' lang='lat' dir='ltr'>incommodis</span> <span class='ocrx_word' id='word_1_96' title='bbox 1749 842 1849 891; x_wconf 83' lang='lat' dir='ltr'>suis</span> <span class='ocrx_word' id='word_1_97' title='bbox 1877 841 2098 890; x_wconf 89' lang='lat' dir='ltr'>resistere</span> <span class='ocrx_word' id='word_1_98' title='bbox 2132 841 2310 903; x_wconf 86' lang='lat' dir='ltr'>valent,</span> <span class='ocrx_word' id='word_1_99' title='bbox 2350 841 2416 889; x_wconf 82' lang='lat' dir='ltr'>ita</span> 
     </span>
     <span class='ocr_line' id='line_1_10' title="bbox 277 921 2415 989; baseline -0 -19"><span class='ocrx_word' id='word_1_100' title='bbox 277 922 507 988; x_wconf 84' lang='lat' dir='ltr'>sapientia</span> <span class='ocrx_word' id='word_1_101' title='bbox 533 923 720 971; x_wconf 88' lang='lat' dir='ltr'>ratione</span> <span class='ocrx_word' id='word_1_102' title='bbox 741 922 952 987; x_wconf 90' lang='lat' dir='ltr'>quadam</span> <span class='ocrx_word' id='word_1_103' title='bbox 978 923 1192 989; x_wconf 88' lang='lat' dir='ltr'>potentia</span> <span class='ocrx_word' id='word_1_104' title='bbox 1222 922 1415 984; x_wconf 90' lang='lat' dir='ltr'>dicitur,</span> <span class='ocrx_word' id='word_1_105' title='bbox 1448 922 1560 987; x_wconf 91' lang='lat' dir='ltr'>quia</span> <span class='ocrx_word' id='word_1_106' title='bbox 1594 922 1788 970; x_wconf 78' lang='lat' dir='ltr'>fallaciae</span> <span class='ocrx_word' id='word_1_107' title='bbox 1820 921 2000 970; x_wconf 89' lang='lat' dir='ltr'>scilicet</span> <span class='ocrx_word' id='word_1_108' title='bbox 2029 922 2105 970; x_wconf 88' lang='lat' dir='ltr'>vel</span> <span class='ocrx_word' id='word_1_109' title='bbox 2133 922 2415 986; x_wconf 72' lang='lat' dir='ltr'>ignorantiae</span> 
     </span>
     <span class='ocr_line' id='line_1_11' title="bbox 279 1002 2415 1069; baseline -0.001 -19"><span class='ocrx_word' id='word_1_110' title='bbox 279 1003 524 1062; x_wconf 87' lang='lat' dir='ltr'>resistitur,</span> <span class='ocrx_word' id='word_1_111' title='bbox 550 1019 639 1050; x_wconf 91' lang='lat' dir='ltr'>nec</span> <span class='ocrx_word' id='word_1_112' title='bbox 661 1003 711 1051; x_wconf 90' lang='lat' dir='ltr'>in</span> <span class='ocrx_word' id='word_1_113' title='bbox 734 1002 894 1066; x_wconf 90' lang='lat' dir='ltr'>aliquo</span> <span class='ocrx_word' id='word_1_114' title='bbox 919 1019 1006 1069; x_wconf 89' lang='lat' dir='ltr'>per</span> <span class='ocrx_word' id='word_1_115' title='bbox 1028 1020 1242 1052; x_wconf 89' lang='lat' dir='ltr'>errorem</span> <span class='ocrx_word' id='word_1_116' title='bbox 1260 1020 1398 1052; x_wconf 90' lang='lat' dir='ltr'>mens</span> <span class='ocrx_word' id='word_1_117' title='bbox 1415 1012 1587 1051; x_wconf 80' lang='lat' dir='ltr'>caecata</span> <span class='ocrx_word' id='word_1_118' title='bbox 1607 1003 1799 1051; x_wconf 89' lang='lat' dir='ltr'>labitur.</span> <span class='ocrx_word' id='word_1_119' title='bbox 1823 1003 1900 1050; x_wconf 90' lang='lat' dir='ltr'>Sic</span> <span class='ocrx_word' id='word_1_120' title='bbox 1918 1012 1966 1051; x_wconf 89' lang='lat' dir='ltr'>et</span> <span class='ocrx_word' id='word_1_121' title='bbox 1982 1003 2217 1050; x_wconf 87' lang='lat' dir='ltr'>visionem</span> <span class='ocrx_word' id='word_1_122' title='bbox 2241 1011 2415 1068; x_wconf 85' lang='lat' dir='ltr'>poten-</span> 
     </span>
     <span class='ocr_line' id='line_1_12' title="bbox 277 1082 2417 1150; baseline -0 -20"><span class='ocrx_word' id='word_1_123' title='bbox 277 1083 393 1131; x_wconf 90' lang='lat' dir='ltr'>tiam</span> <span class='ocrx_word' id='word_1_124' title='bbox 410 1082 656 1148; x_wconf 88' lang='lat' dir='ltr'>quandam</span> <span class='ocrx_word' id='word_1_125' title='bbox 670 1120 682 1144; x_wconf 95' lang='lat'>,</span> <span class='ocrx_word' id='word_1_126' title='bbox 707 1084 830 1131; x_wconf 90' lang='lat' dir='ltr'>sicut</span> <span class='ocrx_word' id='word_1_127' title='bbox 851 1101 879 1132; x_wconf 93' lang='lat' dir='ltr'>e</span> <span class='ocrx_word' id='word_1_128' title='bbox 898 1085 1144 1132; x_wconf 88' lang='lat' dir='ltr'>contraroi</span> <span class='ocrx_word' id='word_1_129' title='bbox 1162 1085 1423 1132; x_wconf 87' lang='lat' dir='ltr'>caecitatem</span> <span class='ocrx_word' id='word_1_130' title='bbox 1440 1084 1774 1150; x_wconf 88' lang='lat' dir='ltr'>impotentiam</span> <span class='ocrx_word' id='word_1_131' title='bbox 1798 1083 2120 1131; x_wconf 91' lang='lat' dir='ltr'>nominamus.</span> <span class='ocrx_word' id='word_1_132' title='bbox 2145 1082 2278 1130; x_wconf 90' lang='lat' dir='ltr'>Idem</span> <span class='ocrx_word' id='word_1_133' title='bbox 2296 1098 2417 1145; x_wconf 91' lang='lat' dir='ltr'>quo·</span> 
     </span>
     <span class='ocr_line' id='line_1_13' title="bbox 277 1161 2418 1230; baseline 0 -20"><span class='ocrx_word' id='word_1_134' title='bbox 277 1179 370 1227; x_wconf 92' lang='lat' dir='ltr'>que</span> <span class='ocrx_word' id='word_1_135' title='bbox 394 1163 456 1211; x_wconf 90' lang='lat' dir='ltr'>de</span> <span class='ocrx_word' id='word_1_136' title='bbox 491 1162 689 1211; x_wconf 84' lang='lat' dir='ltr'>scientia</span> <span class='ocrx_word' id='word_1_137' title='bbox 714 1163 944 1228; x_wconf 89' lang='lat' dir='ltr'>qualibet,</span> <span class='ocrx_word' id='word_1_138' title='bbox 970 1182 1077 1229; x_wconf 81' lang='lat' dir='ltr'>quae</span> <span class='ocrx_word' id='word_1_139' title='bbox 1112 1166 1233 1213; x_wconf 88' lang='lat' dir='ltr'>visio</span> <span class='ocrx_word' id='word_1_140' title='bbox 1260 1165 1480 1230; x_wconf 82' lang='lat' dir='ltr'>quaedam</span> <span class='ocrx_word' id='word_1_141' title='bbox 1515 1164 1689 1212; x_wconf 89' lang='lat' dir='ltr'>mentis</span> <span class='ocrx_word' id='word_1_142' title='bbox 1721 1173 1810 1225; x_wconf 87' lang='lat' dir='ltr'>est,</span> <span class='ocrx_word' id='word_1_143' title='bbox 1846 1174 1895 1211; x_wconf 88' lang='lat' dir='ltr'>et</span> <span class='ocrx_word' id='word_1_144' title='bbox 1917 1163 1979 1210; x_wconf 93' lang='lat' dir='ltr'>de</span> <span class='ocrx_word' id='word_1_145' title='bbox 2019 1163 2290 1226; x_wconf 86' lang='lat' dir='ltr'>ignorantia</span> <span class='ocrx_word' id='word_1_146' title='bbox 2321 1161 2418 1210; x_wconf 90' lang='lat' dir='ltr'>dici</span> 
     </span>
     <span class='ocr_line' id='line_1_14' title="bbox 276 1243 2418 1311; baseline 0 -22"><span class='ocrx_word' id='word_1_147' title='bbox 276 1243 515 1290; x_wconf 89' lang='lat' dir='ltr'>convenit.</span> <span class='ocrx_word' id='word_1_148' title='bbox 537 1246 661 1290; x_wconf 90' lang='lat' dir='ltr'>Cum</span> <span class='ocrx_word' id='word_1_149' title='bbox 682 1244 824 1308; x_wconf 89' lang='lat' dir='ltr'>igitur</span> <span class='ocrx_word' id='word_1_150' title='bbox 843 1245 1071 1311; x_wconf 90' lang='lat' dir='ltr'>sapientia</span> <span class='ocrx_word' id='word_1_151' title='bbox 1097 1245 1337 1310; x_wconf 82' lang='lat' dir='ltr'>quaedam,</span> <span class='ocrx_word' id='word_1_152' title='bbox 1364 1253 1417 1293; x_wconf 86' lang='lat' dir='ltr'>ut</span> <span class='ocrx_word' id='word_1_153' title='bbox 1446 1245 1630 1293; x_wconf 89' lang='lat' dir='ltr'>dictum</span> <span class='ocrx_word' id='word_1_154' title='bbox 1651 1254 1739 1307; x_wconf 89' lang='lat' dir='ltr'>est,</span> <span class='ocrx_word' id='word_1_155' title='bbox 1774 1245 1834 1292; x_wconf 88' lang='lat' dir='ltr'>sit</span> <span class='ocrx_word' id='word_1_156' title='bbox 1856 1243 2073 1310; x_wconf 89' lang='lat' dir='ltr'>potentia</span> <span class='ocrx_word' id='word_1_157' title='bbox 2101 1260 2111 1290; x_wconf 76' lang='grc' dir='ltr'><strong><em>ε</em></strong></span> <span class='ocrx_word' id='word_1_158' title='bbox 2139 1243 2263 1291; x_wconf 90' lang='lat' dir='ltr'>sicut</span> <span class='ocrx_word' id='word_1_159' title='bbox 2287 1243 2418 1290; x_wconf 87' lang='lat' dir='ltr'>enim</span> 
     </span>
     <span class='ocr_line' id='line_1_15' title="bbox 276 1322 2421 1391; baseline 0 -22"><span class='ocrx_word' id='word_1_160' title='bbox 276 1338 452 1370; x_wconf 90' lang='lat' dir='ltr'>aereum</span> <span class='ocrx_word' id='word_1_161' title='bbox 477 1322 683 1388; x_wconf 88' lang='lat' dir='ltr'>sigillum</span> <span class='ocrx_word' id='word_1_162' title='bbox 721 1334 791 1372; x_wconf 91' lang='lat' dir='ltr'>est</span> <span class='ocrx_word' id='word_1_163' title='bbox 816 1325 1067 1391; x_wconf 90' lang='lat' dir='ltr'>quoddam</span> <span class='ocrx_word' id='word_1_164' title='bbox 1094 1342 1173 1386; x_wconf 85' lang='lat' dir='ltr'>aes,</span> <span class='ocrx_word' id='word_1_165' title='bbox 1213 1325 1362 1389; x_wconf 89' lang='lat' dir='ltr'>liquet</span> <span class='ocrx_word' id='word_1_166' title='bbox 1392 1325 1609 1391; x_wconf 87' lang='lat' dir='ltr'>profecto</span> <span class='ocrx_word' id='word_1_167' title='bbox 1633 1325 1847 1373; x_wconf 89' lang='lat' dir='ltr'>divinam</span> <span class='ocrx_word' id='word_1_168' title='bbox 1870 1324 2154 1390; x_wconf 88' lang='lat' dir='ltr'>sapientiam</span> <span class='ocrx_word' id='word_1_169' title='bbox 2177 1340 2233 1371; x_wconf 89' lang='lat' dir='ltr'>ex</span> <span class='ocrx_word' id='word_1_170' title='bbox 2255 1322 2421 1371; x_wconf 88' lang='lat' dir='ltr'>divina</span> 
     </span>
     <span class='ocr_line' id='line_1_16' title="bbox 277 1403 2421 1471; baseline 0.001 -22"><span class='ocrx_word' id='word_1_171' title='bbox 277 1403 491 1466; x_wconf 89' lang='lat' dir='ltr'>potentia</span> <span class='ocrx_word' id='word_1_172' title='bbox 515 1419 616 1451; x_wconf 90' lang='lat' dir='ltr'>esse</span> <span class='ocrx_word' id='word_1_173' title='bbox 641 1421 780 1454; x_wconf 84' lang='lat' dir='ltr'>suum</span> <span class='ocrx_word' id='word_1_174' title='bbox 813 1404 1012 1468; x_wconf 91' lang='lat' dir='ltr'>habere,</span> <span class='ocrx_word' id='word_1_175' title='bbox 1037 1405 1101 1453; x_wconf 90' lang='lat' dir='ltr'>ad</span> <span class='ocrx_word' id='word_1_176' title='bbox 1121 1422 1228 1453; x_wconf 90' lang='lat' dir='ltr'>eam</span> <span class='ocrx_word' id='word_1_177' title='bbox 1254 1405 1435 1453; x_wconf 90' lang='lat' dir='ltr'>scilicet</span> <span class='ocrx_word' id='word_1_178' title='bbox 1466 1405 1847 1454; x_wconf 89' lang='lat' dir='ltr'>similitudimem</span> <span class='ocrx_word' id='word_1_179' title='bbox 1881 1422 1978 1471; x_wconf 91' lang='lat' dir='ltr'>qua</span> <span class='ocrx_word' id='word_1_180' title='bbox 2013 1404 2219 1469; x_wconf 86' lang='lat' dir='ltr'>sigillum</span> <span class='ocrx_word' id='word_1_181' title='bbox 2241 1419 2421 1452; x_wconf 87' lang='lat' dir='ltr'>aereum</span> 
     </span>
     <span class='ocr_line' id='line_1_17' title="bbox 278 1482 2423 1552; baseline 0.001 -24"><span class='ocrx_word' id='word_1_182' title='bbox 278 1498 334 1529; x_wconf 84' lang='lat' dir='ltr'>ex</span> <span class='ocrx_word' id='word_1_183' title='bbox 356 1498 449 1531; x_wconf 81' lang='lat' dir='ltr'>aere</span> <span class='ocrx_word' id='word_1_184' title='bbox 480 1482 655 1532; x_wconf 89' lang='lat' dir='ltr'>dicitur</span> <span class='ocrx_word' id='word_1_185' title='bbox 688 1501 809 1544; x_wconf 87' lang='lat' dir='ltr'>esse,</span> <span class='ocrx_word' id='word_1_186' title='bbox 838 1485 971 1549; x_wconf 89' lang='lat' dir='ltr'>quod</span> <span class='ocrx_word' id='word_1_187' title='bbox 1006 1495 1076 1533; x_wconf 89' lang='lat' dir='ltr'>est</span> <span class='ocrx_word' id='word_1_188' title='bbox 1108 1486 1208 1551; x_wconf 90' lang='lat' dir='ltr'>ejus</span> <span class='ocrx_word' id='word_1_189' title='bbox 1247 1487 1445 1534; x_wconf 88' lang='lat' dir='ltr'>materia</span> <span class='ocrx_word' id='word_1_190' title='bbox 1467 1486 1543 1534; x_wconf 91' lang='lat' dir='ltr'>vel</span> <span class='ocrx_word' id='word_1_191' title='bbox 1573 1487 1754 1552; x_wconf 91' lang='lat' dir='ltr'>species</span> <span class='ocrx_word' id='word_1_192' title='bbox 1784 1503 1843 1534; x_wconf 85' lang='lat' dir='ltr'>ex</span> <span class='ocrx_word' id='word_1_193' title='bbox 1878 1502 2070 1550; x_wconf 86' lang='lat' dir='ltr'>genere,</span> <span class='ocrx_word' id='word_1_194' title='bbox 2109 1484 2243 1550; x_wconf 90' lang='lat' dir='ltr'>quod</span> <span class='ocrx_word' id='word_1_195' title='bbox 2283 1483 2423 1549; x_wconf 84' lang='lat' dir='ltr'>quasi</span> 
     </span>
     <span class='ocr_line' id='line_1_18' title="bbox 278 1564 2424 1631; baseline 0.001 -21"><span class='ocrx_word' id='word_1_196' title='bbox 278 1564 475 1615; x_wconf 86' lang='lat' dir='ltr'>materia</span> <span class='ocrx_word' id='word_1_197' title='bbox 493 1565 667 1630; x_wconf 90' lang='lat' dir='ltr'>speciei</span> <span class='ocrx_word' id='word_1_198' title='bbox 683 1564 856 1613; x_wconf 89' lang='lat' dir='ltr'>dicitur</span> <span class='ocrx_word' id='word_1_199' title='bbox 879 1583 997 1626; x_wconf 89' lang='lat' dir='ltr'>esse,</span> <span class='ocrx_word' id='word_1_200' title='bbox 1024 1576 1078 1613; x_wconf 91' lang='lat' dir='ltr'>ut</span> <span class='ocrx_word' id='word_1_201' title='bbox 1096 1566 1273 1614; x_wconf 86' lang='lat' dir='ltr'>animal</span> <span class='ocrx_word' id='word_1_202' title='bbox 1293 1566 1521 1614; x_wconf 90' lang='lat' dir='ltr'>hominis.</span> <span class='ocrx_word' id='word_1_203' title='bbox 1548 1568 1681 1615; x_wconf 89' lang='lat' dir='ltr'>Sicut</span> <span class='ocrx_word' id='word_1_204' title='bbox 1696 1568 1828 1616; x_wconf 92' lang='lat' dir='ltr'>enim</span> <span class='ocrx_word' id='word_1_205' title='bbox 1851 1584 1907 1615; x_wconf 86' lang='lat' dir='ltr'>ex</span> <span class='ocrx_word' id='word_1_206' title='bbox 1930 1584 1990 1615; x_wconf 94' lang='lat' dir='ltr'>eo</span> <span class='ocrx_word' id='word_1_207' title='bbox 2012 1564 2146 1631; x_wconf 92' lang='lat' dir='ltr'>quod</span> <span class='ocrx_word' id='word_1_208' title='bbox 2163 1574 2234 1613; x_wconf 83' lang='lat' dir='ltr'>est</span> <span class='ocrx_word' id='word_1_209' title='bbox 2246 1581 2424 1613; x_wconf 83' lang='lat' dir='ltr'>aereum</span> 
     </span>
     <span class='ocr_line' id='line_1_19' title="bbox 277 1642 2423 1711; baseline 0.001 -22"><span class='ocrx_word' id='word_1_210' title='bbox 277 1642 484 1707; x_wconf 88' lang='lat' dir='ltr'>sigillum</span> <span class='ocrx_word' id='word_1_211' title='bbox 509 1645 653 1709; x_wconf 86' lang='lat' dir='ltr'>exigit</span> <span class='ocrx_word' id='word_1_212' title='bbox 674 1647 944 1693; x_wconf 88' lang='lat' dir='ltr'>necessario</span> <span class='ocrx_word' id='word_1_213' title='bbox 967 1656 1021 1693; x_wconf 90' lang='lat' dir='ltr'>ut</span> <span class='ocrx_word' id='word_1_214' title='bbox 1041 1664 1102 1694; x_wconf 86' lang='lat' dir='ltr'>aes</span> <span class='ocrx_word' id='word_1_215' title='bbox 1117 1647 1193 1706; x_wconf 91' lang='lat' dir='ltr'>sit,</span> <span class='ocrx_word' id='word_1_216' title='bbox 1221 1657 1267 1694; x_wconf 88' lang='lat' dir='ltr'>et</span> <span class='ocrx_word' id='word_1_217' title='bbox 1291 1664 1346 1694; x_wconf 89' lang='lat' dir='ltr'>ex</span> <span class='ocrx_word' id='word_1_218' title='bbox 1369 1664 1428 1695; x_wconf 92' lang='lat' dir='ltr'>eo</span> <span class='ocrx_word' id='word_1_219' title='bbox 1449 1647 1583 1711; x_wconf 88' lang='lat' dir='ltr'>quod</span> <span class='ocrx_word' id='word_1_220' title='bbox 1604 1648 1774 1709; x_wconf 87' lang='lat' dir='ltr'>homo,</span> <span class='ocrx_word' id='word_1_221' title='bbox 1802 1657 1855 1695; x_wconf 90' lang='lat' dir='ltr'>ut</span> <span class='ocrx_word' id='word_1_222' title='bbox 1877 1646 2053 1695; x_wconf 88' lang='lat' dir='ltr'>animal</span> <span class='ocrx_word' id='word_1_223' title='bbox 2086 1647 2162 1707; x_wconf 89' lang='lat' dir='ltr'>sit,</span> <span class='ocrx_word' id='word_1_224' title='bbox 2203 1645 2289 1694; x_wconf 90' lang='lat' dir='ltr'>sed</span> <span class='ocrx_word' id='word_1_225' title='bbox 2321 1661 2423 1693; x_wconf 88' lang='lat' dir='ltr'>non</span> 
     </span>
     <span class='ocr_line' id='line_1_20' title="bbox 279 1725 2427 1794; baseline 0.002 -25"><span class='ocrx_word' id='word_1_226' title='bbox 279 1741 305 1769; x_wconf 93' lang='lat' dir='ltr'>e</span> <span class='ocrx_word' id='word_1_227' title='bbox 327 1725 600 1786; x_wconf 80' lang='lat' dir='ltr'>contrari03</span> <span class='ocrx_word' id='word_1_228' title='bbox 621 1726 686 1773; x_wconf 91' lang='lat' dir='ltr'>ita</span> <span class='ocrx_word' id='word_1_229' title='bbox 706 1725 867 1774; x_wconf 87' lang='lat' dir='ltr'>divina</span> <span class='ocrx_word' id='word_1_230' title='bbox 892 1728 1140 1793; x_wconf 87' lang='lat' dir='ltr'>sapientia,</span> <span class='ocrx_word' id='word_1_231' title='bbox 1165 1744 1269 1792; x_wconf 77' lang='lat' dir='ltr'>quae</span> <span class='ocrx_word' id='word_1_232' title='bbox 1287 1738 1356 1775; x_wconf 88' lang='lat' dir='ltr'>est</span> <span class='ocrx_word' id='word_1_233' title='bbox 1380 1729 1594 1794; x_wconf 85' lang='lat' dir='ltr'>potentia</span> <span class='ocrx_word' id='word_1_234' title='bbox 1613 1725 1937 1790; x_wconf 80' lang='lat' dir='ltr'>discernendi,</span> <span class='ocrx_word' id='word_1_235' title='bbox 1956 1728 2100 1792; x_wconf 82' lang='lat' dir='ltr'>exigit</span> <span class='ocrx_word' id='word_1_236' title='bbox 2119 1727 2254 1792; x_wconf 88' lang='lat' dir='ltr'>quod</span> <span class='ocrx_word' id='word_1_237' title='bbox 2273 1728 2332 1773; x_wconf 91' lang='lat' dir='ltr'>sit</span> <span class='ocrx_word' id='word_1_238' title='bbox 2352 1725 2427 1773; x_wconf 89' lang='lat' dir='ltr'>di-</span> 
     </span>
     <span class='ocr_line' id='line_1_21' title="bbox 219 1804 2425 1875; baseline 0.002 -26"><span class='ocrx_word' id='word_1_239' title='bbox 219 1861 227 1871; x_wconf 35' lang='lat'>,</span> <span class='ocrx_word' id='word_1_240' title='bbox 281 1804 390 1851; x_wconf 88' lang='lat' dir='ltr'>vina</span> <span class='ocrx_word' id='word_1_241' title='bbox 405 1805 636 1869; x_wconf 86' lang='lat' dir='ltr'>potentia,</span> <span class='ocrx_word' id='word_1_242' title='bbox 658 1823 758 1853; x_wconf 93' lang='lat' dir='ltr'>non</span> <span class='ocrx_word' id='word_1_243' title='bbox 778 1823 805 1853; x_wconf 93' lang='lat' dir='ltr'>e</span> <span class='ocrx_word' id='word_1_244' title='bbox 828 1808 1090 1855; x_wconf 86' lang='lat' dir='ltr'>contrario.</span> <span class='ocrx_word' id='word_1_245' title='bbox 1112 1809 1306 1875; x_wconf 88' lang='lat' dir='ltr'>Quippe</span> <span class='ocrx_word' id='word_1_246' title='bbox 1324 1819 1376 1856; x_wconf 91' lang='lat' dir='ltr'>ut</span> <span class='ocrx_word' id='word_1_247' title='bbox 1398 1826 1460 1856; x_wconf 87' lang='lat' dir='ltr'>aes</span> <span class='ocrx_word' id='word_1_248' title='bbox 1478 1819 1574 1856; x_wconf 90' lang='lat' dir='ltr'>tam</span> <span class='ocrx_word' id='word_1_249' title='bbox 1590 1809 1652 1857; x_wconf 92' lang='lat' dir='ltr'>ad</span> <span class='ocrx_word' id='word_1_250' title='bbox 1663 1825 1842 1857; x_wconf 82' lang='lat' dir='ltr'>aereum</span> <span class='ocrx_word' id='word_1_251' title='bbox 1858 1808 2067 1872; x_wconf 78' lang='lat' dir='ltr'>sigillum</span> <span class='ocrx_word' id='word_1_252' title='bbox 2087 1824 2235 1872; x_wconf 90' lang='lat' dir='ltr'>quam</span> <span class='ocrx_word' id='word_1_253' title='bbox 2251 1806 2313 1854; x_wconf 89' lang='lat' dir='ltr'>ad</span> <span class='ocrx_word' id='word_1_254' title='bbox 2333 1805 2425 1853; x_wconf 88' lang='lat' dir='ltr'>alia</span> 
     </span>
     <span class='ocr_line' id='line_1_22' title="bbox 280 1883 2424 1955; baseline 0.001 -24"><span class='ocrx_word' id='word_1_255' title='bbox 280 1899 330 1931; x_wconf 91' lang='lat' dir='ltr'>se</span> <span class='ocrx_word' id='word_1_256' title='bbox 351 1883 512 1946; x_wconf 90' lang='lat' dir='ltr'>habet,</span> <span class='ocrx_word' id='word_1_257' title='bbox 540 1895 586 1933; x_wconf 90' lang='lat' dir='ltr'>et</span> <span class='ocrx_word' id='word_1_258' title='bbox 606 1887 783 1934; x_wconf 88' lang='lat' dir='ltr'>animal</span> <span class='ocrx_word' id='word_1_259' title='bbox 805 1887 865 1936; x_wconf 88' lang='lat' dir='ltr'>ad</span> <span class='ocrx_word' id='word_1_260' title='bbox 888 1887 1138 1936; x_wconf 89' lang='lat' dir='ltr'>hominem</span> <span class='ocrx_word' id='word_1_261' title='bbox 1161 1891 1308 1954; x_wconf 87' lang='lat' dir='ltr'>quam</span> <span class='ocrx_word' id='word_1_262' title='bbox 1331 1889 1392 1937; x_wconf 89' lang='lat' dir='ltr'>ad</span> <span class='ocrx_word' id='word_1_263' title='bbox 1412 1889 1502 1937; x_wconf 85' lang='lat' dir='ltr'>alia</span> <span class='ocrx_word' id='word_1_264' title='bbox 1526 1891 1602 1951; x_wconf 91' lang='lat' dir='ltr'>sit,</span> <span class='ocrx_word' id='word_1_265' title='bbox 1637 1899 1684 1937; x_wconf 90' lang='lat' dir='ltr'>et</span> <span class='ocrx_word' id='word_1_266' title='bbox 1703 1890 1918 1955; x_wconf 82' lang='lat' dir='ltr'>potentia</span> <span class='ocrx_word' id='word_1_267' title='bbox 1939 1888 2103 1937; x_wconf 91' lang='lat' dir='ltr'>divina</span> <span class='ocrx_word' id='word_1_268' title='bbox 2125 1897 2223 1934; x_wconf 89' lang='lat' dir='ltr'>tam</span> <span class='ocrx_word' id='word_1_269' title='bbox 2243 1886 2305 1934; x_wconf 90' lang='lat' dir='ltr'>ad</span> <span class='ocrx_word' id='word_1_270' title='bbox 2327 1885 2424 1933; x_wconf 84' lang='lat' dir='ltr'>dis-</span> 
     </span>
     <span class='ocr_line' id='line_1_23' title="bbox 280 1965 2426 2035; baseline 0.001 -24"><span class='ocrx_word' id='word_1_271' title='bbox 280 1965 576 2013; x_wconf 89' lang='lat' dir='ltr'>cernendum</span> <span class='ocrx_word' id='word_1_272' title='bbox 600 1983 744 2031; x_wconf 88' lang='lat' dir='ltr'>quam</span> <span class='ocrx_word' id='word_1_273' title='bbox 770 1967 831 2015; x_wconf 91' lang='lat' dir='ltr'>ad</span> <span class='ocrx_word' id='word_1_274' title='bbox 855 1969 1155 2034; x_wconf 88' lang='lat' dir='ltr'>operandum</span> <span class='ocrx_word' id='word_1_275' title='bbox 1179 1987 1228 2017; x_wconf 89' lang='lat' dir='ltr'>se</span> <span class='ocrx_word' id='word_1_276' title='bbox 1250 1970 1398 2018; x_wconf 90' lang='lat' dir='ltr'>habet</span> <span class='ocrx_word' id='word_1_277' title='bbox 1425 1989 1435 2017; x_wconf 80' lang='lat' dir='ltr'>z</span> <span class='ocrx_word' id='word_1_278' title='bbox 1460 1981 1506 2018; x_wconf 91' lang='lat' dir='ltr'>et</span> <span class='ocrx_word' id='word_1_279' title='bbox 1530 1971 1653 2018; x_wconf 90' lang='lat' dir='ltr'>sicut</span> <span class='ocrx_word' id='word_1_280' title='bbox 1676 1987 1851 2018; x_wconf 82' lang='lat' dir='ltr'>aereum</span> <span class='ocrx_word' id='word_1_281' title='bbox 1878 1969 2087 2035; x_wconf 87' lang='lat' dir='ltr'>sigillum</span> <span class='ocrx_word' id='word_1_282' title='bbox 2108 1968 2170 2016; x_wconf 92' lang='lat' dir='ltr'>de</span> <span class='ocrx_word' id='word_1_283' title='bbox 2196 1968 2300 2032; x_wconf 91' lang='lat' dir='ltr'>ipsa</span> <span class='ocrx_word' id='word_1_284' title='bbox 2320 1967 2426 2014; x_wconf 88' lang='lat' dir='ltr'>aeris</span> 
     </span>
     <span class='ocr_line' id='line_1_24' title="bbox 280 2044 2424 2116; baseline 0.001 -25"><span class='ocrx_word' id='word_1_285' title='bbox 280 2044 539 2094; x_wconf 87' lang='lat' dir='ltr'>substantia</span> <span class='ocrx_word' id='word_1_286' title='bbox 566 2047 641 2095; x_wconf 88' lang='lat' dir='ltr'>vel</span> <span class='ocrx_word' id='word_1_287' title='bbox 661 2050 864 2097; x_wconf 88' lang='lat' dir='ltr'>essentia</span> <span class='ocrx_word' id='word_1_288' title='bbox 889 2050 1062 2097; x_wconf 88' lang='lat' dir='ltr'>dicitur</span> <span class='ocrx_word' id='word_1_289' title='bbox 1085 2068 1204 2114; x_wconf 86' lang='lat' dir='ltr'>esse,</span> <span class='ocrx_word' id='word_1_290' title='bbox 1226 2067 1339 2099; x_wconf 90' lang='lat' dir='ltr'>cum</span> <span class='ocrx_word' id='word_1_291' title='bbox 1365 2069 1468 2099; x_wconf 90' lang='lat' dir='ltr'>esse</span> <span class='ocrx_word' id='word_1_292' title='bbox 1491 2051 1710 2100; x_wconf 90' lang='lat' dir='ltr'>videlicet</span> <span class='ocrx_word' id='word_1_293' title='bbox 1727 2068 1904 2099; x_wconf 82' lang='lat' dir='ltr'>aereum</span> <span class='ocrx_word' id='word_1_294' title='bbox 1923 2050 2128 2116; x_wconf 89' lang='lat' dir='ltr'>sigillum</span> <span class='ocrx_word' id='word_1_295' title='bbox 2148 2049 2207 2097; x_wconf 89' lang='lat' dir='ltr'>sit</span> <span class='ocrx_word' id='word_1_296' title='bbox 2229 2064 2331 2096; x_wconf 89' lang='lat' dir='ltr'>esse</span> <span class='ocrx_word' id='word_1_297' title='bbox 2361 2063 2424 2094; x_wconf 87' lang='lat' dir='ltr'>aes</span> 
     </span>
     <span class='ocr_line' id='line_1_25' title="bbox 280 2126 2424 2194; baseline 0.001 -22"><span class='ocrx_word' id='word_1_298' title='bbox 280 2126 558 2189; x_wconf 88' lang='lat' dir='ltr'>quoddam,</span> <span class='ocrx_word' id='word_1_299' title='bbox 586 2138 633 2176; x_wconf 90' lang='lat' dir='ltr'>et</span> <span class='ocrx_word' id='word_1_300' title='bbox 656 2146 757 2177; x_wconf 88' lang='lat' dir='ltr'>esse</span> <span class='ocrx_word' id='word_1_301' title='bbox 781 2129 1032 2179; x_wconf 90' lang='lat' dir='ltr'>hominem</span> <span class='ocrx_word' id='word_1_302' title='bbox 1052 2170 1064 2194; x_wconf 94' lang='lat'>,</span> <span class='ocrx_word' id='word_1_303' title='bbox 1094 2132 1143 2179; x_wconf 90' lang='lat' dir='ltr'>id</span> <span class='ocrx_word' id='word_1_304' title='bbox 1176 2143 1246 2180; x_wconf 91' lang='lat' dir='ltr'>est</span> <span class='ocrx_word' id='word_1_305' title='bbox 1281 2133 1460 2181; x_wconf 89' lang='lat' dir='ltr'>animal</span> <span class='ocrx_word' id='word_1_306' title='bbox 1492 2132 1803 2192; x_wconf 84' lang='lat' dir='ltr'>rationabile,</span> <span class='ocrx_word' id='word_1_307' title='bbox 1834 2133 1894 2180; x_wconf 90' lang='lat' dir='ltr'>sit</span> <span class='ocrx_word' id='word_1_308' title='bbox 1922 2148 2022 2179; x_wconf 91' lang='lat' dir='ltr'>esse</span> <span class='ocrx_word' id='word_1_309' title='bbox 2050 2129 2229 2178; x_wconf 88' lang='lat' dir='ltr'>animal</span> <span class='ocrx_word' id='word_1_310' title='bbox 2268 2127 2424 2193; x_wconf 90' lang='lat' dir='ltr'>quod-</span> 
     </span>
     <span class='ocr_line' id='line_1_26' title="bbox 280 2205 2427 2279; baseline 0.002 -27"><span class='ocrx_word' id='word_1_311' title='bbox 280 2205 435 2265; x_wconf 78' lang='lat' dir='ltr'>dam³‚</span> <span class='ocrx_word' id='word_1_312' title='bbox 472 2207 538 2256; x_wconf 92' lang='lat' dir='ltr'>ita</span> <span class='ocrx_word' id='word_1_313' title='bbox 576 2218 623 2256; x_wconf 88' lang='lat' dir='ltr'>et</span> <span class='ocrx_word' id='word_1_314' title='bbox 663 2210 828 2258; x_wconf 89' lang='lat' dir='ltr'>divina</span> <span class='ocrx_word' id='word_1_315' title='bbox 866 2213 1098 2278; x_wconf 86' lang='lat' dir='ltr'>sapientia</span> <span class='ocrx_word' id='word_1_316' title='bbox 1129 2213 1191 2260; x_wconf 87' lang='lat' dir='ltr'>de</span> <span class='ocrx_word' id='word_1_317' title='bbox 1214 2213 1387 2260; x_wconf 82' lang='lat' dir='ltr'>divinae</span> <span class='ocrx_word' id='word_1_318' title='bbox 1411 2215 1636 2279; x_wconf 83' lang='lat' dir='ltr'>potentiae</span> <span class='ocrx_word' id='word_1_319' title='bbox 1661 2213 1837 2261; x_wconf 89' lang='lat' dir='ltr'>dicitur</span> <span class='ocrx_word' id='word_1_320' title='bbox 1859 2230 1960 2261; x_wconf 91' lang='lat' dir='ltr'>esse</span> <span class='ocrx_word' id='word_1_321' title='bbox 2001 2210 2286 2269; x_wconf 88' lang='lat' dir='ltr'>substantia,</span> <span class='ocrx_word' id='word_1_322' title='bbox 2313 2225 2427 2258; x_wconf 87' lang='lat' dir='ltr'>cum</span> 
     </span>
     <span class='ocr_line' id='line_1_27' title="bbox 280 2285 2453 2358; baseline 0.002 -27"><span class='ocrx_word' id='word_1_323' title='bbox 280 2285 500 2334; x_wconf 89' lang='lat' dir='ltr'>videlicet</span> <span class='ocrx_word' id='word_1_324' title='bbox 539 2304 642 2336; x_wconf 91' lang='lat' dir='ltr'>esse</span> <span class='ocrx_word' id='word_1_325' title='bbox 684 2291 968 2355; x_wconf 90' lang='lat' dir='ltr'>sapientiam</span> <span class='ocrx_word' id='word_1_326' title='bbox 985 2329 997 2353; x_wconf 92' lang='lat'>,</span> <span class='ocrx_word' id='word_1_327' title='bbox 1038 2293 1088 2340; x_wconf 91' lang='lat' dir='ltr'>id</span> <span class='ocrx_word' id='word_1_328' title='bbox 1133 2303 1202 2341; x_wconf 89' lang='lat' dir='ltr'>est</span> <span class='ocrx_word' id='word_1_329' title='bbox 1236 2294 1502 2358; x_wconf 88' lang='lat' dir='ltr'>potentiam</span> <span class='ocrx_word' id='word_1_330' title='bbox 1540 2293 1869 2352; x_wconf 86' lang='lat' dir='ltr'>discernendi,</span> <span class='ocrx_word' id='word_1_331' title='bbox 1915 2293 1975 2340; x_wconf 91' lang='lat' dir='ltr'>sit</span> <span class='ocrx_word' id='word_1_332' title='bbox 2022 2309 2124 2340; x_wconf 89' lang='lat' dir='ltr'>esse</span> <span class='ocrx_word' id='word_1_333' title='bbox 2163 2291 2428 2356; x_wconf 88' lang='lat' dir='ltr'>potentiam</span> <span class='ocrx_word' id='word_1_334' title='bbox 2448 2322 2453 2327; x_wconf 77' lang='lat'>,</span> 
     </span>
     <span class='ocr_line' id='line_1_28' title="bbox 281 2366 2423 2439; baseline 0.001 -26"><span class='ocrx_word' id='word_1_335' title='bbox 281 2366 569 2430; x_wconf 89' lang='lat' dir='ltr'>quamdam,</span> <span class='ocrx_word' id='word_1_336' title='bbox 597 2370 731 2434; x_wconf 91' lang='lat' dir='ltr'>quod</span> <span class='ocrx_word' id='word_1_337' title='bbox 756 2382 826 2418; x_wconf 85' lang='lat' dir='ltr'>est</span> <span class='ocrx_word' id='word_1_338' title='bbox 847 2372 1019 2420; x_wconf 87' lang='lat' dir='ltr'>Filium</span> <span class='ocrx_word' id='word_1_339' title='bbox 1042 2373 1102 2421; x_wconf 94' lang='lat' dir='ltr'>de</span> <span class='ocrx_word' id='word_1_340' title='bbox 1129 2374 1396 2422; x_wconf 82' lang='lat' dir='ltr'>substantia</span> <span class='ocrx_word' id='word_1_341' title='bbox 1423 2376 1571 2422; x_wconf 87' lang='lat' dir='ltr'>Patris</span> <span class='ocrx_word' id='word_1_342' title='bbox 1602 2392 1721 2437; x_wconf 83' lang='lat' dir='ltr'>esse,</span> <span class='ocrx_word' id='word_1_343' title='bbox 1748 2376 1825 2423; x_wconf 89' lang='lat' dir='ltr'>vel</span> <span class='ocrx_word' id='word_1_344' title='bbox 1847 2374 1909 2422; x_wconf 90' lang='lat' dir='ltr'>ab</span> <span class='ocrx_word' id='word_1_345' title='bbox 1933 2371 2034 2439; x_wconf 87' lang='lat' dir='ltr'>ipso</span> <span class='ocrx_word' id='word_1_346' title='bbox 2059 2373 2273 2436; x_wconf 83' lang='lat' dir='ltr'>genitum</span> <span class='ocrx_word' id='word_1_347' title='bbox 2305 2387 2423 2417; x_wconf 90' lang='lat' dir='ltr'>esse.</span> 
     </span>
     <span class='ocr_line' id='line_1_29' title="bbox 280 2449 2427 2521; baseline 0.001 -28"><span class='ocrx_word' id='word_1_348' title='bbox 280 2449 400 2494; x_wconf 85' lang='lat' dir='ltr'>Nam</span> <span class='ocrx_word' id='word_1_349' title='bbox 435 2458 482 2495; x_wconf 89' lang='lat' dir='ltr'>et</span> <span class='ocrx_word' id='word_1_350' title='bbox 517 2451 699 2515; x_wconf 90' lang='lat' dir='ltr'>species</span> <span class='ocrx_word' id='word_1_351' title='bbox 722 2468 779 2498; x_wconf 81' lang='lat' dir='ltr'>ex</span> <span class='ocrx_word' id='word_1_352' title='bbox 804 2469 975 2516; x_wconf 88' lang='lat' dir='ltr'>genere</span> <span class='ocrx_word' id='word_1_353' title='bbox 1013 2456 1147 2518; x_wconf 89' lang='lat' dir='ltr'>quasi</span> <span class='ocrx_word' id='word_1_354' title='bbox 1181 2456 1309 2519; x_wconf 86' lang='lat' dir='ltr'>gigni</span> <span class='ocrx_word' id='word_1_355' title='bbox 1334 2456 1408 2502; x_wconf 87' lang='lat' dir='ltr'>vel</span> <span class='ocrx_word' id='word_1_356' title='bbox 1444 2457 1599 2503; x_wconf 85' lang='lat' dir='ltr'>creari</span> <span class='ocrx_word' id='word_1_357' title='bbox 1622 2454 1901 2521; x_wconf 90' lang='lat' dir='ltr'>philosophi</span> <span class='ocrx_word' id='word_1_358' title='bbox 1929 2454 2114 2511; x_wconf 87' lang='lat' dir='ltr'>dicunt,</span> <span class='ocrx_word' id='word_1_359' title='bbox 2157 2449 2427 2498; x_wconf 89' lang='lat' dir='ltr'>secundum</span> 
     </span>
     <span class='ocr_line' id='line_1_30' title="bbox 280 2527 2429 2598; baseline 0.001 -26"><span class='ocrx_word' id='word_1_360' title='bbox 280 2527 374 2574; x_wconf 83' lang='lat' dir='ltr'>boc</span> <span class='ocrx_word' id='word_1_361' title='bbox 394 2528 588 2591; x_wconf 78' lang='lat' dir='ltr'>scilicet,</span> <span class='ocrx_word' id='word_1_362' title='bbox 608 2531 743 2595; x_wconf 87' lang='lat' dir='ltr'>quod</span> <span class='ocrx_word' id='word_1_363' title='bbox 763 2549 820 2579; x_wconf 81' lang='lat' dir='ltr'>ex</span> <span class='ocrx_word' id='word_1_364' title='bbox 840 2534 963 2598; x_wconf 87' lang='lat' dir='ltr'>ipSO‚</span> <span class='ocrx_word' id='word_1_365' title='bbox 988 2544 1042 2581; x_wconf 86' lang='lat' dir='ltr'>ut</span> <span class='ocrx_word' id='word_1_366' title='bbox 1059 2534 1242 2582; x_wconf 90' lang='lat' dir='ltr'>dictum</span> <span class='ocrx_word' id='word_1_367' title='bbox 1258 2545 1346 2594; x_wconf 88' lang='lat' dir='ltr'>est,</span> <span class='ocrx_word' id='word_1_368' title='bbox 1364 2551 1466 2583; x_wconf 89' lang='lat' dir='ltr'>esse</span> <span class='ocrx_word' id='word_1_369' title='bbox 1481 2535 1794 2583; x_wconf 89' lang='lat' dir='ltr'>contrahunt.</span> <span class='ocrx_word' id='word_1_370' title='bbox 1810 2533 2055 2593; x_wconf 84' lang='lat' dir='ltr'>Boethius,</span> <span class='ocrx_word' id='word_1_371' title='bbox 2079 2533 2129 2578; x_wconf 93' lang='lat' dir='ltr'>in</span> <span class='ocrx_word' id='word_1_372' title='bbox 2145 2530 2271 2578; x_wconf 90' lang='lat' dir='ltr'>libro</span> <span class='ocrx_word' id='word_1_373' title='bbox 2294 2531 2429 2575; x_wconf 69' lang='lat' dir='ltr'>Divi-</span> 
     </span>
     <span class='ocr_line' id='line_1_31' title="bbox 282 2608 2429 2680; baseline 0.001 -27"><span class='ocrx_word' id='word_1_374' title='bbox 282 2611 483 2670; x_wconf 76' lang='lat' dir='ltr'>sionum,</span> <span class='ocrx_word' id='word_1_375' title='bbox 509 2627 658 2673; x_wconf 85' lang='lat' dir='ltr'>genus</span> <span class='ocrx_word' id='word_1_376' title='bbox 680 2613 727 2659; x_wconf 90' lang='lat' dir='ltr'>in</span> <span class='ocrx_word' id='word_1_377' title='bbox 753 2614 934 2679; x_wconf 89' lang='lat' dir='ltr'>species</span> <span class='ocrx_word' id='word_1_378' title='bbox 959 2616 1096 2679; x_wconf 88' lang='lat' dir='ltr'>quasi</span> <span class='ocrx_word' id='word_1_379' title='bbox 1118 2616 1168 2663; x_wconf 95' lang='lat' dir='ltr'>in</span> <span class='ocrx_word' id='word_1_380' title='bbox 1189 2615 1423 2680; x_wconf 88' lang='lat' dir='ltr'>quasdam</span> <span class='ocrx_word' id='word_1_381' title='bbox 1447 2633 1474 2663; x_wconf 91' lang='lat' dir='ltr'>a</span> <span class='ocrx_word' id='word_1_382' title='bbox 1498 2633 1548 2664; x_wconf 90' lang='lat' dir='ltr'>se</span> <span class='ocrx_word' id='word_1_383' title='bbox 1581 2615 1947 2680; x_wconf 90' lang='lat' dir='ltr'>quodammodo</span> <span class='ocrx_word' id='word_1_384' title='bbox 1973 2611 2331 2679; x_wconf 83' lang='lat' dir='ltr'>procreationes</span> <span class='ocrx_word' id='word_1_385' title='bbox 2353 2608 2429 2655; x_wconf 94' lang='lat' dir='ltr'>di-</span> 
     </span>
     <span class='ocr_line' id='line_1_32' title="bbox 284 2682 2427 2760; baseline 0.002 -28"><span class='ocrx_word' id='word_1_386' title='bbox 284 2687 378 2733; x_wconf 85' lang='lat' dir='ltr'>vidi</span> <span class='ocrx_word' id='word_1_387' title='bbox 404 2691 608 2738; x_wconf 43' lang='lat' dir='ltr'>asserit&amp;</span> <span class='ocrx_word' id='word_1_388' title='bbox 633 2694 755 2739; x_wconf 89' lang='lat' dir='ltr'>Cum</span> <span class='ocrx_word' id='word_1_389' title='bbox 773 2704 935 2742; x_wconf 87' lang='lat' dir='ltr'>autem</span> <span class='ocrx_word' id='word_1_390' title='bbox 949 2697 1130 2760; x_wconf 91' lang='lat' dir='ltr'>species</span> <span class='ocrx_word' id='word_1_391' title='bbox 1153 2713 1207 2744; x_wconf 84' lang='lat' dir='ltr'>ex</span> <span class='ocrx_word' id='word_1_392' title='bbox 1232 2712 1405 2760; x_wconf 89' lang='lat' dir='ltr'>genere</span> <span class='ocrx_word' id='word_1_393' title='bbox 1429 2682 1580 2744; x_wconf 85' lang='lat' dir='ltr'>creari</span> <span class='ocrx_word' id='word_1_394' title='bbox 1603 2713 1686 2744; x_wconf 92' lang='lat' dir='ltr'>seu</span> <span class='ocrx_word' id='word_1_395' title='bbox 1717 2696 1848 2760; x_wconf 90' lang='lat' dir='ltr'>gigni</span> <span class='ocrx_word' id='word_1_396' title='bbox 1877 2694 2118 2753; x_wconf 89' lang='lat' dir='ltr'>dicantur,</span> <span class='ocrx_word' id='word_1_397' title='bbox 2140 2707 2241 2739; x_wconf 87' lang='lat' dir='ltr'>non</span> <span class='ocrx_word' id='word_1_398' title='bbox 2267 2699 2427 2737; x_wconf 86' lang='lat' dir='ltr'>tamen</span> 
     </span>
     <span class='ocr_line' id='line_1_33' title="bbox 284 2767 2431 2843; baseline 0.002 -32"><span class='ocrx_word' id='word_1_399' title='bbox 284 2767 394 2813; x_wconf 86' lang='lat' dir='ltr'>ideo</span> <span class='ocrx_word' id='word_1_400' title='bbox 417 2785 607 2818; x_wconf 90' lang='lat' dir='ltr'>necesse</span> <span class='ocrx_word' id='word_1_401' title='bbox 630 2782 700 2820; x_wconf 86' lang='lat' dir='ltr'>est</span> <span class='ocrx_word' id='word_1_402' title='bbox 724 2790 873 2836; x_wconf 83' lang='lat' dir='ltr'>genus</span> <span class='ocrx_word' id='word_1_403' title='bbox 896 2778 1079 2840; x_wconf 88' lang='lat' dir='ltr'>species</span> <span class='ocrx_word' id='word_1_404' title='bbox 1097 2793 1208 2824; x_wconf 88' lang='lat' dir='ltr'>suas</span> <span class='ocrx_word' id='word_1_405' title='bbox 1230 2786 1470 2843; x_wconf 86' lang='lat' dir='ltr'>tempore,</span> <span class='ocrx_word' id='word_1_406' title='bbox 1498 2777 1575 2824; x_wconf 82' lang='lat' dir='ltr'>vel</span> <span class='ocrx_word' id='word_1_407' title='bbox 1611 2794 1698 2842; x_wconf 88' lang='lat' dir='ltr'>per</span> <span class='ocrx_word' id='word_1_408' title='bbox 1728 2775 2028 2824; x_wconf 82' lang='lat' dir='ltr'>existentiam</span> <span class='ocrx_word' id='word_1_409' title='bbox 2061 2770 2351 2839; x_wconf 81' lang='lat' dir='ltr'>praecedere,</span> <span class='ocrx_word' id='word_1_410' title='bbox 2377 2778 2431 2816; x_wconf 89' lang='lat' dir='ltr'>ut</span> 
     </span>
     <span class='ocr_line' id='line_1_34' title="bbox 287 2846 2430 2922; baseline 0.002 -32"><span class='ocrx_word' id='word_1_411' title='bbox 287 2846 503 2896; x_wconf 89' lang='lat' dir='ltr'>videlicet</span> <span class='ocrx_word' id='word_1_412' title='bbox 531 2851 688 2915; x_wconf 88' lang='lat' dir='ltr'>ipsum</span> <span class='ocrx_word' id='word_1_413' title='bbox 726 2856 856 2919; x_wconf 90' lang='lat' dir='ltr'>prius</span> <span class='ocrx_word' id='word_1_414' title='bbox 893 2873 994 2903; x_wconf 89' lang='lat' dir='ltr'>esse</span> <span class='ocrx_word' id='word_1_415' title='bbox 1028 2858 1281 2921; x_wconf 88' lang='lat' dir='ltr'>contigerit</span> <span class='ocrx_word' id='word_1_416' title='bbox 1320 2875 1469 2922; x_wconf 90' lang='lat' dir='ltr'>quam</span> <span class='ocrx_word' id='word_1_417' title='bbox 1503 2858 1624 2906; x_wconf 91' lang='lat' dir='ltr'>illas.</span> <span class='ocrx_word' id='word_1_418' title='bbox 1661 2860 1921 2922; x_wconf 90' lang='lat' dir='ltr'>Nunquam</span> <span class='ocrx_word' id='word_1_419' title='bbox 1949 2854 2128 2903; x_wconf 89' lang='lat' dir='ltr'>etenim</span> <span class='ocrx_word' id='word_1_420' title='bbox 2161 2867 2312 2916; x_wconf 88' lang='lat' dir='ltr'>genus</span> <span class='ocrx_word' id='word_1_421' title='bbox 2340 2850 2430 2897; x_wconf 89' lang='lat' dir='ltr'>nisi</span> 
     </span>
     <span class='ocr_line' id='line_1_35' title="bbox 287 2928 2495 3001; baseline 0.002 -29"><span class='ocrx_word' id='word_1_422' title='bbox 287 2941 370 2989; x_wconf 86' lang='lat' dir='ltr'>per</span> <span class='ocrx_word' id='word_1_423' title='bbox 393 2928 602 2993; x_wconf 87' lang='lat' dir='ltr'>aliquam</span> <span class='ocrx_word' id='word_1_424' title='bbox 626 2935 831 2997; x_wconf 85' lang='lat' dir='ltr'>speciem</span> <span class='ocrx_word' id='word_1_425' title='bbox 857 2953 992 2983; x_wconf 89' lang='lat' dir='ltr'>suam</span> <span class='ocrx_word' id='word_1_426' title='bbox 1016 2955 1115 2985; x_wconf 92' lang='lat' dir='ltr'>esse</span> <span class='ocrx_word' id='word_1_427' title='bbox 1148 2938 1403 3001; x_wconf 89' lang='lat' dir='ltr'>contingit,</span> <span class='ocrx_word' id='word_1_428' title='bbox 1444 2939 1519 2986; x_wconf 84' lang='lat' dir='ltr'>vel</span> <span class='ocrx_word' id='word_1_429' title='bbox 1552 2938 1791 2987; x_wconf 88' lang='lat' dir='ltr'>ullatenus</span> <span class='ocrx_word' id='word_1_430' title='bbox 1823 2935 2002 2986; x_wconf 90' lang='lat' dir='ltr'>animal</span> <span class='ocrx_word' id='word_1_431' title='bbox 2033 2935 2138 2991; x_wconf 87' lang='lat' dir='ltr'>fuit,</span> <span class='ocrx_word' id='word_1_432' title='bbox 2173 2941 2431 2995; x_wconf 89' lang='lat' dir='ltr'>antequam</span> <span class='ocrx_word' id='word_1_433' title='bbox 2490 2953 2495 2957; x_wconf 90' lang='lat'>·</span> 
     </span>
     <span class='ocr_line' id='line_1_36' title="bbox 287 3007 2431 3084; baseline 0.001 -33"><span class='ocrx_word' id='word_1_434' title='bbox 287 3007 516 3056; x_wconf 88' lang='lat' dir='ltr'>rationale</span> <span class='ocrx_word' id='word_1_435' title='bbox 539 3012 614 3058; x_wconf 85' lang='lat' dir='ltr'>vel</span> <span class='ocrx_word' id='word_1_436' title='bbox 638 3013 913 3062; x_wconf 86' lang='lat' dir='ltr'>irrationale</span> <span class='ocrx_word' id='word_1_437' title='bbox 938 3017 1095 3076; x_wconf 81' lang='lat' dir='ltr'>fuerit,</span> <span class='ocrx_word' id='word_1_438' title='bbox 1123 3027 1169 3064; x_wconf 93' lang='lat' dir='ltr'>et</span> <span class='ocrx_word' id='word_1_439' title='bbox 1202 3019 1267 3065; x_wconf 88' lang='lat' dir='ltr'>ita</span> <span class='ocrx_word' id='word_1_440' title='bbox 1293 3019 1512 3083; x_wconf 88' lang='lat' dir='ltr'>quaedam</span> <span class='ocrx_word' id='word_1_441' title='bbox 1540 3020 1720 3084; x_wconf 89' lang='lat' dir='ltr'>species</span> <span class='ocrx_word' id='word_1_442' title='bbox 1744 3036 1857 3066; x_wconf 91' lang='lat' dir='ltr'>cum</span> <span class='ocrx_word' id='word_1_443' title='bbox 1879 3017 1976 3064; x_wconf 92' lang='lat' dir='ltr'>suis</span> <span class='ocrx_word' id='word_1_444' title='bbox 2000 3012 2253 3078; x_wconf 87' lang='lat' dir='ltr'>generibus</span> <span class='ocrx_word' id='word_1_445' title='bbox 2287 3008 2431 3057; x_wconf 88' lang='lat' dir='ltr'>simul</span> 
     </span>
    </p>
   </div>
   <div class='ocr_carea' id='block_1_3' title="bbox 291 3215 2435 3324">
    <p class='ocr_par' dir='ltr' id='par_1_3' title="bbox 291 3215 2435 3324">
     <span class='ocr_line' id='line_1_37' title="bbox 332 3215 2435 3265; baseline 0.006 -19"><span class='ocrx_word' id='word_1_446' title='bbox 332 3216 337 3233; x_wconf 87' lang='lat'>¹</span> <span class='ocrx_word' id='word_1_447' title='bbox 358 3215 473 3256; x_wconf 58' lang='lat' dir='ltr'>Heb‘r„</span> <span class='ocrx_word' id='word_1_448' title='bbox 489 3226 559 3258; x_wconf 86' lang='lat' dir='ltr'>cap.</span> <span class='ocrx_word' id='word_1_449' title='bbox 580 3226 623 3258; x_wconf 85' lang='grc' dir='ltr'>ιν,</span> <span class='ocrx_word' id='word_1_450' title='bbox 643 3228 671 3251; x_wconf 86' lang='grc' dir='ltr'>ν.</span> <span class='ocrx_word' id='word_1_451' title='bbox 698 3223 746 3254; x_wconf 83' lang='lat'>13.</span> <span class='ocrx_word' id='word_1_452' title='bbox 772 3238 812 3245; x_wconf 93' lang='lat'><strong>—</strong></span> <span class='ocrx_word' id='word_1_453' title='bbox 830 3222 841 3241; x_wconf 86' lang='lat'><em>²</em></span> <span class='ocrx_word' id='word_1_454' title='bbox 854 3223 980 3263; x_wconf 79' lang='lat' dir='ltr'>Cate9.‚</span> <span class='ocrx_word' id='word_1_455' title='bbox 1000 3232 1072 3264; x_wconf 86' lang='lat' dir='ltr'>cap.</span> <span class='ocrx_word' id='word_1_456' title='bbox 1091 3233 1158 3264; x_wconf 82' lang='lat' dir='ltr'>vm,</span> <span class='ocrx_word' id='word_1_457' title='bbox 1181 3226 1203 3265; x_wconf 79' lang='lat' dir='ltr'>S</span> <span class='ocrx_word' id='word_1_458' title='bbox 1232 3229 1262 3259; x_wconf 82' lang='lat'>7.</span> <span class='ocrx_word' id='word_1_459' title='bbox 1282 3242 1319 3248; x_wconf 95' lang='lat'>—</span> <span class='ocrx_word' id='word_1_460' title='bbox 1393 3225 1566 3259; x_wconf 82' lang='lat' dir='ltr'>Erroribus</span> <span class='ocrx_word' id='word_1_461' title='bbox 1585 3226 1849 3262; x_wconf 22' lang='lat' dir='ltr'>Abaelardixhunc</span> <span class='ocrx_word' id='word_1_462' title='bbox 1866 3224 1984 3257; x_wconf 78' lang='lat' dir='ltr'>refutat</span> <span class='ocrx_word' id='word_1_463' title='bbox 1999 3223 2117 3255; x_wconf 88' lang='lat' dir='ltr'>locum.</span> <span class='ocrx_word' id='word_1_464' title='bbox 2130 3237 2167 3244; x_wconf 93' lang='lat'>—</span> <span class='ocrx_word' id='word_1_465' title='bbox 2192 3220 2202 3239; x_wconf 87' lang='lat'><em>⁴</em></span> <span class='ocrx_word' id='word_1_466' title='bbox 2219 3218 2288 3251; x_wconf 79' lang='lat' dir='ltr'>Lib·</span> <span class='ocrx_word' id='word_1_467' title='bbox 2309 3218 2435 3259; x_wconf 67' lang='lat' dir='ltr'>Divis„</span> 
     </span>
     <span class='ocr_line' id='line_1_38' title="bbox 291 3267 1635 3324; baseline 0.01 -24"><span class='ocrx_word' id='word_1_468' title='bbox 291 3267 340 3301; x_wconf 77' lang='lat' dir='ltr'>³S.</span> <span class='ocrx_word' id='word_1_469' title='bbox 360 3268 542 3304; x_wconf 75' lang='lat' dir='ltr'>Bernartius</span> <span class='ocrx_word' id='word_1_470' title='bbox 560 3274 592 3305; x_wconf 85' lang='lat' dir='ltr'>in</span> <span class='ocrx_word' id='word_1_471' title='bbox 616 3275 751 3315; x_wconf 77' lang='lat' dir='ltr'>epistola</span> <span class='ocrx_word' id='word_1_472' title='bbox 773 3277 815 3309; x_wconf 85' lang='lat' dir='ltr'>ad</span> <span class='ocrx_word' id='word_1_473' title='bbox 841 3276 1062 3312; x_wconf 73' lang='lat' dir='ltr'>Innocentium</span> <span class='ocrx_word' id='word_1_474' title='bbox 1079 3281 1265 3320; x_wconf 81' lang='lat' dir='ltr'>pontificem</span> <span class='ocrx_word' id='word_1_475' title='bbox 1280 3282 1322 3314; x_wconf 86' lang='lat' dir='ltr'>de</span> <span class='ocrx_word' id='word_1_476' title='bbox 1396 3281 1493 3324; x_wconf 74' lang='lat' dir='ltr'>opp„</span> <span class='ocrx_word' id='word_1_477' title='bbox 1506 3292 1539 3323; x_wconf 81' lang='lat' dir='ltr'>p.</span> <span class='ocrx_word' id='word_1_478' title='bbox 1558 3283 1635 3315; x_wconf 86' lang='lat'><strong>639.</strong></span> 
     </span>
    </p>
   </div>
  </div>
 </body>
</html>
