2638 3866
254 228 351 276 382
1062 225 1235 273 PETRI
1270 226 1585 275 ABAELARDI

256 328 535 393 praedictum
572 327 762 373 musicae
799 326 1081 392 capitulum,
1111 336 1158 374 et
1181 327 1395 379 inveniet
1416 328 1669 392 quomodo
1695 330 1988 394 Pythagoras
2016 329 2205 378 ebrium
2235 331 2396 379 adole-

255 395 466 457 scentem
482 408 571 455 sub
591 408 777 472 Phrygii
792 408 925 455 modi
943 425 1064 455 sono
1082 408 1351 470 incitatum,
1372 410 1601 475 spondaeo
1618 411 1893 458 succinente
1909 410 2119 458 reddidit
2131 412 2391 473 mitiorem,

254 501 302 537 et
337 491 410 538 sui
446 498 741 554 compotem.
780 492 899 536 Nam
934 506 1046 536 cum
1077 499 1322 550 scortum,
1354 490 1604 554 inquit,-in
1638 491 1796 538 rivalis
1822 491 1971 538 domo
2004 502 2123 539 esset
2157 491 2389 551 clausum,

254 581 397 634 atque
421 569 499 616 ille
524 569 685 616 furens
714 569 917 616 domum
951 569 1091 617 vellet
1120 569 1392 630 amburere,
1423 588 1632 635 cumque
1665 572 1907 635 Pitagoras
1929 571 2172 619 stellarum
2198 587 2390 633 cursus,

255 661 305 697 ut
343 651 386 697 ei
425 666 530 697 mos
568 661 858 711 nocturnus,
899 651 1183 715 inspiceret,
1225 650 1307 698 ubi
1342 652 1569 699 intellexit
1607 669 1727 699 sono
1768 653 1905 716 Frigii
1944 652 2078 699 modi
2117 652 2390 712 incitatum,

252 732 412 779 multis
438 731 707 778 amicorum
736 730 1150 779 admonitionibus
1175 748 1204 779 a
1238 730 1452 779 facinore
1483 733 1692 779 noluisse
1725 732 1968 794 desistere,
1994 733 2167 780 mutari
2191 732 2392 779 modum

252 813 478 878 praecepit
503 822 645 877 atque
674 813 740 860 ita
771 813 973 860 furentis
1000 814 1217 860 animum
1252 813 1569 861 adolescentis
1598 814 1661 861 ad
1685 824 1858 861 statum
1891 815 2064 861 mentis
2086 814 2393 879 pacatissimae

252 894 552 958 temperavit.
598 894 811 940 Inveniet
849 895 993 941 etiam
1027 893 1163 958 quod
1201 910 1312 940 cum
1351 894 1585 941 vinolenti
1621 893 1950 942 adolescentes
1986 894 2214 941 tibiarum
2250 895 2393 942 etiam

251 984 412 1033 cantu,
442 984 494 1020 ut
512 973 583 1034 fit,
601 974 829 1034 instincti,
857 974 1070 1021 mulieris
1092 974 1281 1039 pudicae
1309 974 1433 1021 sores
1457 974 1746 1037 frangerent,
1772 975 2100 1022 ammonuisse
2126 974 2389 1034 tibicinam,

253 1064 304 1101 ut
339 1054 623 1120 spondaeum
649 1065 857 1115 caneret,
896 1055 1140 1119 Pitagoras
1163 1054 1337 1102 dicitur
1367 1074 1376 1102 :
1409 1055 1544 1119 quod
1568 1072 1676 1102 cum
1704 1055 1783 1103 illa
1808 1042 2027 1115 fecisset,
2044 1054 2264 1101 tarditate
2287 1071 2395 1102 mo—

251 1135 428 1182 dorum
451 1145 496 1182 et
520 1136 746 1199 gravitate
780 1137 996 1183 canentis
1033 1135 1226 1183 illorum
1259 1136 1497 1182 furentem
1523 1135 1837 1201 petulantiam
1871 1135 2173 1183 consedasse.
2204 1134 2395 1183 Videbit

251 1215 433 1262 ibidem
471 1225 518 1262 et
554 1215 807 1280 quomodo
842 1216 1116 1281 Terpander
1162 1227 1307 1280 atque
1342 1217 1455 1262 Ario
1499 1216 1693 1263 Lesbios
1741 1225 1884 1280 atque
1929 1220 2069 1263 Iones
2112 1216 2397 1280 gravissimis

251 1296 434 1343 morbis
469 1306 638 1343 cantus
671 1297 888 1361 eripuere
913 1296 1135 1361 proesidio
1153 1315 1166 1354 ς
1202 1313 1393 1343 necnon
1420 1305 1467 1343 et
1499 1297 1703 1360 qualiter
1735 1297 1963 1344 Ismenias
1985 1296 2240 1342 Thebanus
2276 1299 2395 1342 Boe-

250 1377 429 1423 tiorum
453 1376 689 1441 pluribus,
717 1393 840 1440 quos
866 1377 1046 1423 sciatici
1071 1376 1252 1423 doloris
1278 1387 1518 1425 tormenta
1541 1377 1800 1435 vexabant,
1832 1377 1990 1424 modis
2024 1377 2172 1423 fertur
2199 1385 2396 1423 cunctas

248 1456 524 1504 abstersisse
556 1457 815 1504 molestiaS.
846 1457 937 1504 Ubi
969 1457 1114 1504 etiam
1136 1457 1452 1522 Empedocles
1483 1475 1593 1504 cum
1618 1458 1720 1521 ejus
1746 1458 1989 1523 hospitem
2013 1458 2211 1521 quidam
2237 1455 2396 1520 gladio

249 1534 537 1582 furibundus
576 1535 852 1594 invaderet,
904 1535 1141 1582 inflexisse
1186 1535 1388 1582 modum
1430 1535 1637 1583 canendi
1669 1535 1860 1595 dicitur,
1901 1545 2043 1599 atque
2079 1533 2396 1582 adolescentis

249 1614 546 1662 iracundiam
587 1625 891 1679 temperasse.
934 1618 988 1661 In
1023 1625 1213 1663 tantum
1245 1633 1387 1677 vero,
1427 1617 1582 1680 inquit
1620 1617 1828 1675 Boetius,
1874 1616 2040 1681 priscae
2078 1613 2397 1679 philosophiae

251 1695 420 1741 studiis
449 1696 519 1742 vis
548 1696 740 1741 musicae
770 1695 883 1741 artis
907 1696 1146 1753 innotuit,
1174 1706 1228 1742 ut
1258 1697 1510 1759 Pitagorici
1543 1714 1655 1743 cum
1679 1696 1879 1743 diurnas
1905 1696 1954 1742 in
1987 1711 2161 1742 somno
2184 1693 2397 1741 resolve·
2450 1695 2452 1699 ’

250 1785 360 1822 rent
393 1792 549 1832 curas,
583 1774 875 1839 quibusdam
910 1775 1157 1822 cantilenis
1180 1785 1444 1835 uterentur,
1472 1786 1526 1823 ut
1559 1777 1626 1822 eis
1648 1776 1768 1823 lenis
1792 1786 1839 1822 et
1873 1777 2061 1839 quietus
2096 1791 2244 1839 sopor
2277 1773 2397 1820 irre·-

251 1866 402 1920 peret.
436 1859 601 1920 Itaque
631 1856 894 1920 experrecti
926 1856 1028 1903 aliis
1051 1856 1342 1921 quibusdam
1377 1857 1535 1904 modis
1569 1868 1816 1921 stuporem
1848 1856 2006 1903 somni
2036 1855 2398 1903 confusionem—

250 1952 346 1999 que
386 1936 673 2002 purgabant.
720 1936 797 2002 ld,
813 1937 1043 1983 nimirum
1081 1937 1284 1994 scientes
1325 1937 1459 2001 quod
1511 1947 1684 1984 nostrae
1723 1947 1822 1984 tota
1868 1936 2038 1983 animae
2083 1935 2398 1999 corporisque

250 2033 488 2081 compago
521 2017 704 2063 musica
730 2017 1035 2081 coaptatione
1059 2027 1106 2064 et
1123 2018 1291 2081 juncta
1316 2018 1390 2064 sit.
1426 2021 1544 2065 Nam
1571 2028 1623 2064 ut
1645 2034 1747 2065 sese
1770 2017 1988 2082 corporis
2011 2016 2210 2063 affectus
2228 2014 2394 2074 habet,

249 2097 315 2145 ita
343 2098 487 2144 etiam
520 2098 687 2161 pulsus
719 2097 878 2144 cordis
913 2097 1126 2144 motibus
1160 2098 1438 2159 incitantur,
1472 2099 1603 2162 quod
1637 2098 1815 2145 scilicet
1846 2097 2150 2144 Democritus
2173 2095 2398 2160 Ypocrati

250 2176 441 2224 medico
477 2176 729 2224 tradidisse
762 2178 926 2242 fertur,
958 2195 1069 2225 cum
1101 2195 1214 2226 eum
1242 2179 1380 2242 quasi
1412 2179 1654 2239 insanum,
1690 2179 1875 2225 cunctis
1899 2177 2085 2224 civibus
2107 2176 2157 2223 id
2194 2175 2398 2241 opinan-

252 2257 393 2319 tibus,
426 2257 476 2304 in
510 2257 731 2305 custodia
764 2259 993 2306 medendi
1025 2275 1168 2306 causa
1195 2260 1382 2306 viseret.
1421 2259 1516 2307 Sed
1539 2276 1774 2324 quorsum
1809 2259 1944 2305 istic?
1968 2258 2082 2322 quia
2112 2273 2213 2304 non
2242 2265 2399 2320 potest

249 2337 459 2385 dubitari
492 2339 609 2402 quin
642 2349 816 2386 nostrae
848 2340 1021 2387 animae
1062 2350 1111 2387 et
1140 2341 1358 2405 corporis
1389 2350 1538 2387 status
1570 2340 1753 2388 eisdem
1790 2338 2159 2402 quodammodo
2192 2352 2399 2402 propor-

250 2418 462 2466 tionibus
498 2418 720 2466 videatur
752 2436 853 2467 esse
885 2421 1200 2485 compositus,
1236 2420 1412 2482 quibus
1444 2420 1750 2467 harmonicas
1773 2419 2128 2466 modulationes
2164 2416 2400 2481 posterior

249 2498 513 2563 disputatio
536 2499 766 2562 conjungi
788 2499 1103 2564 copularique
1127 2500 1429 2547 monstrabit.
1458 2500 1603 2557 Quod
1630 2500 1667 2546 si
1697 2516 1866 2563 parum
1901 2497 2124 2545 fidelibus
2145 2496 2398 2543 videantur

248 2595 355 2642 quae
380 2580 515 2643 juxta
545 2579 865 2644 philosophos
886 2580 947 2626 de
965 2581 1140 2629 virtute
1167 2579 1373 2627 diximus
1399 2580 1698 2637 harmonica,
1727 2580 1818 2626 nisi
1841 2588 1888 2626 et
1910 2594 2053 2625 sacrae
2076 2577 2126 2623 id
2149 2577 2397 2640 scripturae

249 2660 523 2706 testimonio
573 2660 950 2720 confirmemu53
1007 2670 1231 2708 occurrat
1278 2661 1521 2707 memoriae
1556 2661 1760 2725 qualiter
1807 2659 1976 2724 spiritu
2015 2658 2144 2705 malo
2190 2658 2240 2703 in
2285 2655 2396 2703 Saul

251 2739 478 2801 irruente,
508 2750 669 2787 actum
691 2751 762 2788 est
784 2742 1000 2788 virorum
1024 2741 1338 2807 prudentium
1360 2741 1561 2788 consilio
1585 2742 1683 2787 vim
1706 2740 1997 2787 harmonicae
2022 2738 2266 2785 suavitatis
2294 2752 2396 2782 non

254 2818 597 2882 ignorantium,
634 2831 686 2868 ut
712 2824 913 2869 vesaniae
946 2832 1088 2869 tantae
1124 2822 1326 2868 stimulis
1358 2821 1577 2868 Davidici
1609 2821 1797 2868 moduli
1821 2819 2147 2867 mederentur.
2178 2815 2317 2863 Unde
2350 2825 2396 2862 et

254 2899 566 2961 postmodum
601 2902 673 2947 vir
712 2905 816 2949 Deo
852 2903 1024 2967 plenus
1063 2919 1175 2949 cum
1213 2901 1276 2948 ad
1312 2901 1462 2949 divini
1497 2902 1654 2949 cultus
1687 2901 1967 2964 religionem
2008 2895 2394 2962 amplificandam

255 2977 488 3040 templum
522 2980 756 3028 aedificare
795 2982 1086 3046 disponeret,
1126 2983 1338 3047 psalmos
1370 2983 1454 3046 qui
1489 2981 1858 3029 decantarentur
1889 2978 2180 3043 composuit,
2211 2985 2260 3022 et
2293 2991 2395 3021 om-

253 3055 387 3103 nium
425 3060 718 3107 musicorum
752 3062 1183 3108 instrumentorum
1220 3078 1394 3126 genera
1438 3063 1770 3126 congregavit,
1813 3071 1864 3107 ut
1901 3069 2001 3106 tam
2036 3073 2211 3104 vocum
2249 3070 2394 3118 quam

253 3154 487 3185 sonorum
519 3144 848 3190 consonantiis
879 3144 1051 3191 rudem
1082 3143 1291 3192 alliceret
1313 3130 1578 3209 populum,
1604 3161 1690 3208 per
1720 3160 1825 3208 quae
1854 3152 1995 3188 antea
2028 3139 2319 3186 diabolicum
2344 3138 2393 3184 in

256 3218 468 3284 reprobo
503 3237 613 3284 rege
639 3223 877 3285 mitigarat
906 3233 1219 3271 tormentum.
1254 3229 1322 3271 Ex
1357 3242 1456 3289 quo
1487 3225 1725 3289 praecipue
1757 3222 1959 3270 traditur
1994 3236 2140 3285 quam
2163 3217 2391 3266 naturalis

253 3299 423 3353 animae
449 3300 509 3348 sit
535 3299 818 3350 harmonica
840 3303 1127 3366 modulatio,
1154 3321 1259 3368 quae
1278 3306 1342 3352 ita
1364 3315 1587 3352 naturam
1616 3308 1718 3368 ejus
1739 3302 1970 3350 suavitate
1998 3301 2070 3348 sui
2099 3312 2394 3365 componere
