2638 3866
256 290 308 336 64
322 293 350 336 0
1058 287 1228 334 PETRI
1268 285 1579 333 ABAELARDI

1106 523 1345 582 CAPUT
1390 525 1523 585 Vll.

799 671 876 707 Cur
911 672 1013 707 Deus
1044 668 1193 706 dicatur
1229 669 1422 720 inspector
1452 668 1578 707 carnis
1613 677 1651 706 et
1684 682 1835 707 renum.

311 797 448 841 Juxta
470 793 611 856 igitur
634 793 734 840 haec
756 793 872 851 duc,
900 792 1339 858 concupiscentiam
1361 795 1516 841 carnis
1541 803 1588 840 et
1611 793 2051 859 concupiscentiam
2075 795 2260 854 animae,
2278 811 2386 860 quae

247 874 582 939 praemisimus,
609 873 842 939 probator
873 872 1031 920 cordis
1055 883 1102 920 et
1130 889 1300 919 renum
1324 872 1479 920 dictus
1503 882 1572 920 est
1594 875 1740 930 Deus,
1773 873 1869 920 hoc
1894 884 1988 931 est,
2037 874 2279 939 inspector
2308 876 2387 921 in-

247 954 518 1002 tentionum
543 953 617 1000 vel
643 970 964 1000 consensuum
989 952 1102 1000 inde
1131 953 1539 1018 provenientium.
1573 956 1668 1000 Nos
1691 970 1804 1000 vero
1831 953 1914 1017 qui
1943 953 2039 1000 hoc
2066 953 2305 1002 discutere
2327 971 2385 1003 ac

243 1033 459 1097 judicare
481 1050 581 1080 non
610 1034 841 1091 valemus,
877 1034 938 1080 ad
967 1049 1115 1098 opera
1147 1034 1354 1081 maxima
1385 1033 1622 1097 judicium
1655 1043 1872 1080 nostrum
1910 1035 2258 1095 convertimus,
2295 1052 2384 1082 nec

248 1125 344 1161 tam
379 1114 543 1179 culpas
574 1130 720 1177 quam
755 1131 900 1179 opera
924 1115 1171 1179 punimus,
1199 1130 1288 1160 nec
1317 1114 1367 1160 in
1397 1114 1562 1178 aliquo
1593 1123 1692 1161 tam
1722 1113 1856 1178 quod
1886 1114 1988 1177 ejus
2019 1114 2189 1161 animae
2218 1125 2378 1175 nocet,

245 1212 389 1259 quam
406 1194 536 1259 quod
557 1194 657 1241 aliis
675 1211 850 1241 nocere
869 1194 1020 1259 possit
1039 1184 1283 1241 vindicare
1296 1194 1561 1254 studemus,
1585 1204 1634 1241 ut
1660 1194 1806 1257 magis
1824 1179 2015 1259 publica
2036 1195 2382 1258 praeveniamus

244 1276 446 1335 damna,
489 1292 635 1339 quam
669 1274 924 1338 singularia
958 1275 1270 1338 corrigamus,
1304 1274 1437 1337 juxta
1473 1274 1606 1338 quod
1640 1283 1686 1321 et
1719 1275 1955 1322 Dominus
1979 1277 2118 1321 Petro
2142 1276 2224 1321 ait¹
2253 1293 2263 1321 :
2289 1296 2311 1319 ε(
2334 1277 2382 1322 Si

242 1357 509 1421 peccaverit
537 1356 586 1402 in
609 1365 653 1403 te
676 1356 820 1403 frater
843 1365 974 1415 tuus,
998 1356 1186 1420 corripe
1216 1354 1351 1402 illum
1376 1356 1500 1401 inter
1525 1365 1571 1402 te
1594 1364 1641 1402 et
1672 1357 1831 1420 ipsum
1853 1355 2023 1403 solum.
2055 1375 2077 1399 »
2108 1355 2236 1413 Quid
2270 1366 2340 1403 est
2367 1375 2377 1402 :

246 1457 266 1478 «
284 1437 554 1483 peccaverit
577 1437 625 1482 in
649 1445 713 1491 te,
729 1455 751 1480 υ
775 1435 907 1500 quasi
931 1452 1032 1482 non
1053 1435 1102 1481 in
1123 1434 1291 1493 alium,
1314 1445 1367 1482 ut
1390 1435 1538 1499 magis
1550 1434 1753 1498 injurias
1777 1435 1918 1482 nobis
1941 1452 2089 1499 quam
2113 1435 2215 1482 aliis
2229 1435 2382 1484 illatas

241 1517 477 1580 corrigere
497 1517 573 1563 vel
598 1516 839 1563 vindicare
861 1515 1155 1562 debeamus?
1181 1515 1311 1562 Absit
1339 1534 1348 1560 :
1377 1535 1400 1560 «
1415 1515 1463 1562 Si
1481 1515 1748 1580 peccaverit
1763 1516 1811 1562 in
1831 1525 1895 1575 te,
1911 1535 1933 1557 »
1953 1515 2072 1562 dixit
2093 1530 2203 1562 cum
2230 1516 2382 1563 mani-

242 1598 356 1644 feste
379 1598 474 1661 agit
498 1596 630 1644 unde
652 1606 698 1643 te
721 1613 807 1662 per
833 1595 1106 1660 exemplum
1129 1612 1438 1660 corrumpere
1464 1595 1630 1661 possit.
1659 1594 1804 1653 Quod
1827 1595 1867 1642 si
1889 1595 2019 1642 enim
2044 1595 2092 1641 in
2116 1610 2166 1642 se
2191 1604 2380 1643 tantum

241 1687 422 1741 peccat,
450 1694 559 1723 cum
585 1677 725 1741 culpa
747 1677 848 1740 ejus
871 1677 1057 1723 occulta
1080 1693 1190 1722 eum
1215 1677 1372 1723 solum
1395 1693 1533 1723 reum
1556 1675 1821 1736 constituit,
1848 1692 1946 1722 non
1972 1674 2034 1722 ad
2054 1685 2240 1722 reatum
2263 1675 2381 1723 alios

240 1767 474 1820 quantum
512 1757 561 1802 in
595 1773 644 1803 se
679 1766 751 1802 est
785 1772 871 1820 per
905 1755 1178 1819 exemplum
1213 1755 1374 1802 trahit.
1419 1756 1515 1802 Etsi
1556 1756 1685 1802 enim
1719 1755 1893 1802 desunt
1937 1756 2019 1818 qui
2064 1754 2242 1802 malam
2280 1755 2380 1819 ejus

239 1838 476 1883 actionem
508 1837 754 1883 imitentur
780 1836 856 1882 vel
880 1835 1022 1882 etiam
1046 1836 1386 1898 cognoverint,
1423 1836 1548 1882 actio
1571 1844 1730 1881 tamen
1753 1835 1857 1899 ipsa
1879 1835 2030 1897 magis
2052 1851 2199 1898 quam
2231 1835 2376 1882 animi

239 1917 380 1980 culpa
413 1916 687 1980 castiganda
720 1925 793 1962 est
825 1915 956 1979 apud
987 1915 1243 1962 homines:
1277 1916 1390 1979 quia
1424 1915 1532 1979 plus
1570 1914 1763 1961 offensae
1798 1914 2083 1961 contrahere
2117 1915 2292 1979 potuit,
2332 1926 2377 1961 et

239 1997 550 2061 perniciosius
571 2012 658 2060 per
670 1995 941 2059 exemplum
966 1994 1068 2041 fieri
1083 2031 1095 2054 ,
1122 2012 1268 2059 quam
1290 1996 1431 2060 culpa
1459 1995 1610 2041 latens
1633 1994 1798 2040 animi.
1829 1996 1986 2041 Omne
2009 2010 2220 2058 namque
2243 1995 2377 2059 quod

239 2078 286 2124 in
326 2093 637 2124 communem
662 2075 947 2140 perniciem,
989 2074 1063 2123 vel
1106 2075 1154 2121 in
1194 2073 1445 2140 publicum
1483 2073 1755 2122 redundare
1784 2082 1941 2139 potest
1978 2073 2373 2134 incommodum,

237 2156 545 2220 castigatione
575 2155 746 2220 majori
774 2164 844 2202 est
868 2155 1190 2220 puniendum,
1224 2165 1270 2202 et
1296 2154 1427 2219 quod
1459 2153 1701 2202 contrahit
1725 2154 1958 2217 majorem
1992 2153 2246 2212 offensam,
2273 2170 2375 2216 gra-

235 2239 418 2286 viorem
458 2238 582 2284 inter
618 2252 708 2283 nos
746 2246 1048 2301 promeretur
1081 2251 1300 2301 poenam,
1340 2245 1389 2282 et
1426 2235 1577 2298 majus
1610 2233 1869 2281 hominum
1906 2232 2187 2281 scandalum
2223 2231 2376 2297 majus

235 2320 358 2366 inter
386 2318 611 2364 homines
640 2317 841 2363 incurrit
863 2316 1176 2382 supplicium,
1217 2315 1303 2363 etsi
1336 2315 1488 2363 levior
1514 2314 1753 2380 praecessit
1780 2313 1938 2383 culpa.
1972 2315 2214 2362 Ponamus
2244 2314 2374 2361 enim

228 2398 443 2463 aliquem
479 2398 605 2445 coitu
647 2413 735 2444 suo
771 2396 1021 2443 mulierem
1060 2396 1271 2460 aliquam
1312 2395 1582 2460 corrupisse
1616 2396 1666 2441 in
1709 2394 1906 2442 ecclesia
1945 2412 1955 2440 :
1994 2394 2127 2458 quod
2164 2411 2276 2440 cum
2310 2395 2372 2442 ad

234 2496 371 2527 aures
398 2477 568 2544 populi
599 2477 812 2524 delatum
845 2476 1010 2536 suerit,
1041 2492 1143 2522 non
1168 2484 1358 2522 tantum
1388 2474 1449 2522 de
1473 2473 1733 2522 violatione
1756 2474 1942 2521 feminae
1977 2490 2033 2521 ac
2071 2474 2170 2520 veri
2198 2474 2366 2538 templi

233 2562 337 2619 Dei,
359 2569 594 2624 quantum
610 2558 672 2605 de
687 2557 971 2605 infractione
988 2556 1254 2621 corporalis
1272 2554 1436 2620 templi
1457 2564 1849 2612 commoventur3
1869 2571 1980 2600 cum
1998 2562 2158 2600 tamen
2179 2554 2370 2616 gravius

234 2641 293 2687 sit
317 2642 364 2687 in
398 2639 671 2695 mulierem,
698 2654 844 2702 quam
877 2637 927 2684 iu
951 2638 1157 2702 parietes
1191 2650 1502 2701 praesumere,
1537 2645 1583 2681 et
1606 2634 1795 2681 homini
1828 2649 1975 2697 quam
2008 2632 2117 2680 loco
2143 2633 2367 2696 injuriam

236 2721 422 2768 inferre.
458 2723 516 2766 Et
543 2719 766 2767 incendia
791 2718 1051 2765 domorum
1079 2717 1249 2780 majori
1274 2730 1417 2781 poena
1439 2714 1769 2774 vindicamus,
1798 2729 1943 2778 quam
1972 2715 2019 2760 in
2046 2718 2243 2778 peracta
2269 2712 2367 2759 f'or-

238 2802 491 2861 nicatione,
517 2817 629 2847 cum
649 2799 791 2862 longe
815 2798 945 2863 apud
969 2801 1125 2844 Deum
1149 2797 1250 2843 haec
1274 2796 1366 2843 illis
1387 2794 1627 2842 habentur
1651 2795 1884 2859 graviora.

302 2884 359 2926 Et
380 2881 486 2927 haec
509 2879 706 2944 quidem
730 2895 830 2925 non
858 2889 956 2925 tam
972 2878 1162 2942 justitiae
1183 2877 1368 2936 debito,
1393 2892 1538 2939 quam
1564 2874 1932 2940 dispensationis
1953 2883 2161 2936 aguntur
2183 2883 2366 2938 tempe-

237 2969 470 3019 ramento,
511 2970 565 3006 ut
600 2958 1014 3023 quemadmodum
1052 2957 1276 3014 diximus,
1300 2955 1494 3020 publica
1525 2955 1863 3020 praeveniendo
1901 2954 2078 3000 damna
2119 2953 2363 2999 communi

236 3039 540 3085 consulamus
564 3038 771 3085 utilitati.
800 3040 932 3102 Saepe
965 3037 1108 3100 igitur
1133 3037 1330 3082 minima
1356 3045 1549 3099 peccata
1577 3033 1838 3098 majoribus
1859 3033 2015 3099 poenis
2036 3031 2331 3078 vindicamus
2348 3066 2359 3088 ,

237 3119 334 3164 non
361 3126 456 3164 tam
480 3118 697 3180 aequitate
719 3117 906 3179 justitiae
929 3115 1261 3172 adtendentes,
1287 3131 1391 3178 quae
1415 3114 1555 3178 culpa
1580 3114 1885 3178 praecesserit,
1911 3128 2055 3176 quam
2079 3109 2363 3156 discretione

234 3197 544 3262 providentiae
577 3197 861 3258 cogitantes,
888 3205 1065 3259 quanta
1094 3194 1208 3241 hinc
1231 3195 1509 3256 contingere
1532 3194 1681 3257 possit
1708 3191 2094 3249 incommoditas,
2130 3190 2167 3235 si
2197 3189 2363 3235 leviter

279 3369 432 3410 'Matth.,
452 3378 522 3409 cap.
541 3376 620 3400 xvin
633 3392 641 3407 ,
667 3377 698 3399 v.
719 3368 770 3400 15.
