<?xml version="1.0" encoding="UTF-8"?>
<!DOCTYPE html PUBLIC "-//W3C//DTD XHTML 1.0 Transitional//EN"
    "http://www.w3.org/TR/xhtml1/DTD/xhtml1-transitional.dtd">
<html xmlns="http://www.w3.org/1999/xhtml" xml:lang="en" lang="en">
 <head>
  <title>
</title>
<meta http-equiv="Content-Type" content="text/html;charset=utf-8" />
  <meta name='ocr-system' content='tesseract 3.04.00' />
  <meta name='ocr-capabilities' content='ocr_page ocr_carea ocr_par ocr_line ocrx_word'/>
</head>
<body>
  <div class='ocr_page' id='page_1' title='image "./operahactenusseo00abeluoft_0621.png"; bbox 0 0 2638 3866; ppageno 0'>
   <div class='ocr_carea' id='block_1_1' title="bbox 659 268 2397 320">
    <p class='ocr_par' dir='ltr' id='par_1_1' title="bbox 659 268 2397 320">
     <span class='ocr_line' id='line_1_1' title="bbox 659 268 2397 320; baseline -0.001 -1"><span class='ocrx_word' id='word_1_1' title='bbox 659 273 873 320; x_wconf 84' lang='lat' dir='ltr'><strong>ETHICA</strong></span> <span class='ocrx_word' id='word_1_2' title='bbox 908 273 1015 319; x_wconf 86' lang='lat' dir='ltr'><strong>SEU</strong></span> <span class='ocrx_word' id='word_1_3' title='bbox 1050 272 1222 320; x_wconf 79' lang='lat' dir='ltr'>LIBER</span> <span class='ocrx_word' id='word_1_4' title='bbox 1257 273 1456 320; x_wconf 84' lang='lat' dir='ltr'><strong>DIC&#39;I&#39;US</strong></span> <span class='ocrx_word' id='word_1_5' title='bbox 1486 291 1497 318; x_wconf 74' lang='grc' dir='ltr'>ε</span> <span class='ocrx_word' id='word_1_6' title='bbox 1537 270 1703 317; x_wconf 89' lang='lat' dir='ltr'><strong>SClTO</strong></span> <span class='ocrx_word' id='word_1_7' title='bbox 1736 269 2005 317; x_wconf 84' lang='lat' dir='ltr'><strong>TElPSUM.</strong></span> <span class='ocrx_word' id='word_1_8' title='bbox 2310 268 2397 318; x_wconf 81' lang='grc'><strong>611</strong></span> 
     </span>
    </p>
   </div>
   <div class='ocr_carea' id='block_1_2' title="bbox 254 369 2415 3415">
    <p class='ocr_par' dir='ltr' id='par_1_2' title="bbox 254 369 2413 3013">
     <span class='ocr_line' id='line_1_2' title="bbox 254 369 2408 444; baseline -0.003 -19"><span class='ocrx_word' id='word_1_9' title='bbox 254 377 499 444; x_wconf 86' lang='lat' dir='ltr'><strong>puniatur.</strong></span> <span class='ocrx_word' id='word_1_10' title='bbox 538 376 714 442; x_wconf 86' lang='lat' dir='ltr'><strong>Culpas</strong></span> <span class='ocrx_word' id='word_1_11' title='bbox 752 375 914 438; x_wconf 88' lang='lat' dir='ltr'><strong>itaque</strong></span> <span class='ocrx_word' id='word_1_12' title='bbox 951 373 1099 420; x_wconf 88' lang='lat' dir='ltr'><strong>animi</strong></span> <span class='ocrx_word' id='word_1_13' title='bbox 1144 373 1311 421; x_wconf 89' lang='lat' dir='ltr'><strong>divino</strong></span> <span class='ocrx_word' id='word_1_14' title='bbox 1347 381 1645 420; x_wconf 83' lang='lat' dir='ltr'><strong>reservantes</strong></span> <span class='ocrx_word' id='word_1_15' title='bbox 1677 370 1891 435; x_wconf 90' lang='lat' dir='ltr'><strong>judicio,</strong></span> <span class='ocrx_word' id='word_1_16' title='bbox 1932 369 2099 418; x_wconf 80' lang='lat' dir='ltr'><strong>effecta</strong></span> <span class='ocrx_word' id='word_1_17' title='bbox 2140 385 2307 417; x_wconf 86' lang='lat' dir='ltr'><strong>earum</strong></span> <span class='ocrx_word' id='word_1_18' title='bbox 2346 370 2408 418; x_wconf 88' lang='lat' dir='ltr'><strong>de</strong></span> 
     </span>
     <span class='ocr_line' id='line_1_3' title="bbox 254 450 2408 523; baseline -0.004 -17"><span class='ocrx_word' id='word_1_19' title='bbox 254 457 434 523; x_wconf 91' lang='lat' dir='ltr'><strong>quibus</strong></span> <span class='ocrx_word' id='word_1_20' title='bbox 459 456 676 521; x_wconf 88' lang='lat' dir='ltr'><strong>judicare</strong></span> <span class='ocrx_word' id='word_1_21' title='bbox 701 454 955 511; x_wconf 84' lang='lat' dir='ltr'><strong>babemuS,</strong></span> <span class='ocrx_word' id='word_1_22' title='bbox 983 454 1324 517; x_wconf 83' lang='lat' dir='ltr'><strong>prosequimur</strong></span> <span class='ocrx_word' id='word_1_23' title='bbox 1342 462 1540 513; x_wconf 83' lang='lat' dir='ltr'><strong>nostro,</strong></span> <span class='ocrx_word' id='word_1_24' title='bbox 1567 451 1977 516; x_wconf 84' lang='lat' dir='ltr'><strong>dispensationem</strong></span> <span class='ocrx_word' id='word_1_25' title='bbox 2013 451 2060 497; x_wconf 88' lang='lat' dir='ltr'><strong>in</strong></span> <span class='ocrx_word' id='word_1_26' title='bbox 2087 450 2284 512; x_wconf 87' lang='lat' dir='ltr'><strong>talibus,</strong></span> <span class='ocrx_word' id='word_1_27' title='bbox 2313 451 2408 498; x_wconf 90' lang='lat' dir='ltr'><strong>hoc</strong></span> 
     </span>
     <span class='ocr_line' id='line_1_4' title="bbox 256 530 2405 604; baseline -0.004 -18"><span class='ocrx_word' id='word_1_28' title='bbox 256 548 326 586; x_wconf 90' lang='lat' dir='ltr'><strong>est</strong></span> <span class='ocrx_word' id='word_1_29' title='bbox 340 537 623 604; x_wconf 79' lang='lat' dir='ltr'><strong>prudentiae,</strong></span> <span class='ocrx_word' id='word_1_30' title='bbox 649 551 796 601; x_wconf 85' lang='lat' dir='ltr'><strong>quam</strong></span> <span class='ocrx_word' id='word_1_31' title='bbox 819 534 1045 593; x_wconf 81' lang='lat' dir='ltr'><strong>diximuS,</strong></span> <span class='ocrx_word' id='word_1_32' title='bbox 1070 533 1308 581; x_wconf 86' lang='lat' dir='ltr'><strong>rationem</strong></span> <span class='ocrx_word' id='word_1_33' title='bbox 1332 535 1482 598; x_wconf 86' lang='lat' dir='ltr'><strong>magis</strong></span> <span class='ocrx_word' id='word_1_34' title='bbox 1503 549 1651 598; x_wconf 90' lang='lat' dir='ltr'><strong>quam</strong></span> <span class='ocrx_word' id='word_1_35' title='bbox 1680 531 1912 594; x_wconf 77' lang='lat' dir='ltr'><strong>aequitatis</strong></span> <span class='ocrx_word' id='word_1_36' title='bbox 1937 530 2252 579; x_wconf 83' lang='lat' dir='ltr'><strong>adtendentes</strong></span> <span class='ocrx_word' id='word_1_37' title='bbox 2275 532 2405 596; x_wconf 88' lang='lat' dir='ltr'><strong>puri-</strong></span> 
     </span>
     <span class='ocr_line' id='line_1_5' title="bbox 258 611 2402 678; baseline -0.004 -13"><span class='ocrx_word' id='word_1_38' title='bbox 258 629 420 667; x_wconf 86' lang='lat' dir='ltr'><strong>tatem.</strong></span> <span class='ocrx_word' id='word_1_39' title='bbox 451 621 581 665; x_wconf 86' lang='lat' dir='ltr'><strong>Deus</strong></span> <span class='ocrx_word' id='word_1_40' title='bbox 603 632 718 665; x_wconf 85' lang='lat' dir='ltr'><strong>vero</strong></span> <span class='ocrx_word' id='word_1_41' title='bbox 738 615 883 662; x_wconf 88' lang='lat' dir='ltr'><strong>unius</strong></span> <span class='ocrx_word' id='word_1_42' title='bbox 901 612 1134 678; x_wconf 89' lang='lat' dir='ltr'><strong>cujusque</strong></span> <span class='ocrx_word' id='word_1_43' title='bbox 1157 630 1351 678; x_wconf 84' lang='lat' dir='ltr'><strong>poenam</strong></span> <span class='ocrx_word' id='word_1_44' title='bbox 1374 613 1644 662; x_wconf 88' lang='lat' dir='ltr'><strong>secundum</strong></span> <span class='ocrx_word' id='word_1_45' title='bbox 1663 611 1816 677; x_wconf 78' lang='lat' dir='ltr'><strong>culpae</strong></span> <span class='ocrx_word' id='word_1_46' title='bbox 1835 612 2150 674; x_wconf 78' lang='lat' dir='ltr'><strong>quantitatem</strong></span> <span class='ocrx_word' id='word_1_47' title='bbox 2174 611 2402 677; x_wconf 86' lang='lat' dir='ltr'><strong>disponit,</strong></span> 
     </span>
     <span class='ocr_line' id='line_1_6' title="bbox 256 691 2402 764; baseline -0.004 -18"><span class='ocrx_word' id='word_1_48' title='bbox 256 708 305 745; x_wconf 85' lang='lat' dir='ltr'><strong>et</strong></span> <span class='ocrx_word' id='word_1_49' title='bbox 322 699 617 764; x_wconf 88' lang='lat' dir='ltr'><strong>quicumque</strong></span> <span class='ocrx_word' id='word_1_50' title='bbox 637 697 795 763; x_wconf 90' lang='lat' dir='ltr'><strong>ipsum</strong></span> <span class='ocrx_word' id='word_1_51' title='bbox 816 693 1058 760; x_wconf 77' lang='lat' dir='ltr'><strong>aequaliter</strong></span> <span class='ocrx_word' id='word_1_52' title='bbox 1076 704 1412 754; x_wconf 85' lang='lat' dir='ltr'><strong>contemnunt,</strong></span> <span class='ocrx_word' id='word_1_53' title='bbox 1431 693 1602 758; x_wconf 84' lang='lat' dir='ltr'><strong>aequali</strong></span> <span class='ocrx_word' id='word_1_54' title='bbox 1619 691 1935 758; x_wconf 90' lang='lat' dir='ltr'><strong>postmodum</strong></span> <span class='ocrx_word' id='word_1_55' title='bbox 1953 707 2098 756; x_wconf 89' lang='lat' dir='ltr'><strong>poena</strong></span> <span class='ocrx_word' id='word_1_56' title='bbox 2117 693 2402 756; x_wconf 88' lang='lat' dir='ltr'><strong>puniuntur,</strong></span> 
     </span>
     <span class='ocr_line' id='line_1_7' title="bbox 256 771 2405 843; baseline -0.004 -16"><span class='ocrx_word' id='word_1_57' title='bbox 256 779 490 843; x_wconf 85' lang='lat' dir='ltr'><strong>cujusque</strong></span> <span class='ocrx_word' id='word_1_58' title='bbox 516 777 810 825; x_wconf 86' lang='lat' dir='ltr'><strong>conditionis</strong></span> <span class='ocrx_word' id='word_1_59' title='bbox 842 785 927 823; x_wconf 86' lang='lat' dir='ltr'><strong>aut</strong></span> <span class='ocrx_word' id='word_1_60' title='bbox 960 774 1269 840; x_wconf 83' lang='lat' dir='ltr'><strong>professionis</strong></span> <span class='ocrx_word' id='word_1_61' title='bbox 1292 774 1401 821; x_wconf 87' lang='lat' dir='ltr'><strong>sint.</strong></span> <span class='ocrx_word' id='word_1_62' title='bbox 1436 775 1485 820; x_wconf 89' lang='lat' dir='ltr'><strong>Si</strong></span> <span class='ocrx_word' id='word_1_63' title='bbox 1507 775 1635 821; x_wconf 88' lang='lat' dir='ltr'><strong>enim</strong></span> <span class='ocrx_word' id='word_1_64' title='bbox 1665 772 1934 820; x_wconf 86' lang='lat' dir='ltr'><strong>monachus</strong></span> <span class='ocrx_word' id='word_1_65' title='bbox 1964 782 2010 819; x_wconf 88' lang='lat' dir='ltr'><strong>et</strong></span> <span class='ocrx_word' id='word_1_66' title='bbox 2033 771 2182 818; x_wconf 87' lang='lat' dir='ltr'><strong>laicus</strong></span> <span class='ocrx_word' id='word_1_67' title='bbox 2212 772 2261 818; x_wconf 91' lang='lat' dir='ltr'><strong>in</strong></span> <span class='ocrx_word' id='word_1_68' title='bbox 2287 788 2405 820; x_wconf 90' lang='lat' dir='ltr'><strong>con-</strong></span> 
     </span>
     <span class='ocr_line' id='line_1_8' title="bbox 256 853 2403 922; baseline -0.004 -15"><span class='ocrx_word' id='word_1_69' title='bbox 256 876 454 907; x_wconf 88' lang='lat' dir='ltr'><strong>sensum</strong></span> <span class='ocrx_word' id='word_1_70' title='bbox 475 858 808 907; x_wconf 84' lang='lat' dir='ltr'><strong>fornicationis</strong></span> <span class='ocrx_word' id='word_1_71' title='bbox 824 857 1001 922; x_wconf 88' lang='lat' dir='ltr'><strong>pariter</strong></span> <span class='ocrx_word' id='word_1_72' title='bbox 1020 855 1233 911; x_wconf 87' lang='lat' dir='ltr'><strong>veniant,</strong></span> <span class='ocrx_word' id='word_1_73' title='bbox 1254 865 1300 902; x_wconf 88' lang='lat' dir='ltr'><strong>et</strong></span> <span class='ocrx_word' id='word_1_74' title='bbox 1325 871 1460 902; x_wconf 90' lang='lat' dir='ltr'><strong>mens</strong></span> <span class='ocrx_word' id='word_1_75' title='bbox 1479 870 1675 919; x_wconf 87' lang='lat' dir='ltr'><strong>quoque</strong></span> <span class='ocrx_word' id='word_1_76' title='bbox 1699 853 1806 901; x_wconf 82' lang='lat' dir='ltr'><strong>laici</strong></span> <span class='ocrx_word' id='word_1_77' title='bbox 1826 853 1874 899; x_wconf 89' lang='lat' dir='ltr'><strong>in</strong></span> <span class='ocrx_word' id='word_1_78' title='bbox 1900 862 2085 900; x_wconf 87' lang='lat' dir='ltr'><strong>tantum</strong></span> <span class='ocrx_word' id='word_1_79' title='bbox 2110 853 2169 900; x_wconf 89' lang='lat' dir='ltr'><strong>sit</strong></span> <span class='ocrx_word' id='word_1_80' title='bbox 2186 868 2403 911; x_wconf 86' lang='lat' dir='ltr'><strong>accensa,</strong></span> 
     </span>
     <span class='ocr_line' id='line_1_9' title="bbox 258 931 2408 1004; baseline -0.003 -17"><span class='ocrx_word' id='word_1_81' title='bbox 258 949 310 987; x_wconf 90' lang='lat' dir='ltr'><strong>ut</strong></span> <span class='ocrx_word' id='word_1_82' title='bbox 343 955 502 1004; x_wconf 89' lang='lat' dir='ltr'><strong>neque</strong></span> <span class='ocrx_word' id='word_1_83' title='bbox 540 939 659 1004; x_wconf 91' lang='lat' dir='ltr'><strong>ipse,</strong></span> <span class='ocrx_word' id='word_1_84' title='bbox 695 938 735 985; x_wconf 92' lang='lat' dir='ltr'><strong>si</strong></span> <span class='ocrx_word' id='word_1_85' title='bbox 761 936 1031 985; x_wconf 88' lang='lat' dir='ltr'><strong>monachus</strong></span> <span class='ocrx_word' id='word_1_86' title='bbox 1062 946 1202 996; x_wconf 86' lang='lat' dir='ltr'><strong>esset,</strong></span> <span class='ocrx_word' id='word_1_87' title='bbox 1243 951 1332 1000; x_wconf 91' lang='lat' dir='ltr'><strong>pro</strong></span> <span class='ocrx_word' id='word_1_88' title='bbox 1368 935 1635 982; x_wconf 85' lang='lat' dir='ltr'><strong>reverentia</strong></span> <span class='ocrx_word' id='word_1_89' title='bbox 1669 934 1757 980; x_wconf 90' lang='lat' dir='ltr'><strong>Dei</strong></span> <span class='ocrx_word' id='word_1_90' title='bbox 1784 932 1844 981; x_wconf 91' lang='lat' dir='ltr'><strong>ab</strong></span> <span class='ocrx_word' id='word_1_91' title='bbox 1876 933 1965 980; x_wconf 83' lang='lat' dir='ltr'><strong>ista</strong></span> <span class='ocrx_word' id='word_1_92' title='bbox 1997 932 2294 997; x_wconf 86' lang='lat' dir='ltr'><strong>turpitudine</strong></span> <span class='ocrx_word' id='word_1_93' title='bbox 2329 931 2408 980; x_wconf 87' lang='lat' dir='ltr'><strong>de·</strong></span> 
     </span>
     <span class='ocr_line' id='line_1_10' title="bbox 257 1012 2406 1082; baseline -0.004 -15"><span class='ocrx_word' id='word_1_94' title='bbox 257 1019 465 1079; x_wconf 84' lang='lat' dir='ltr'><strong>sisteret,</strong></span> <span class='ocrx_word' id='word_1_95' title='bbox 499 1018 724 1067; x_wconf 87' lang='lat' dir='ltr'><strong>eamdem</strong></span> <span class='ocrx_word' id='word_1_96' title='bbox 747 1033 894 1082; x_wconf 88' lang='lat' dir='ltr'><strong>quam</strong></span> <span class='ocrx_word' id='word_1_97' title='bbox 929 1015 1197 1064; x_wconf 87' lang='lat' dir='ltr'><strong>monachus</strong></span> <span class='ocrx_word' id='word_1_98' title='bbox 1227 1031 1420 1081; x_wconf 82' lang='lat' dir='ltr'><strong>poenam</strong></span> <span class='ocrx_word' id='word_1_99' title='bbox 1458 1025 1686 1062; x_wconf 83' lang='lat' dir='ltr'><strong>meretur.</strong></span> <span class='ocrx_word' id='word_1_100' title='bbox 1715 1014 1791 1061; x_wconf 85' lang='lat' dir='ltr'><strong>Sic</strong></span> <span class='ocrx_word' id='word_1_101' title='bbox 1820 1023 1866 1061; x_wconf 87' lang='lat' dir='ltr'><strong>et</strong></span> <span class='ocrx_word' id='word_1_102' title='bbox 1895 1014 1956 1060; x_wconf 93' lang='lat' dir='ltr'><strong>de</strong></span> <span class='ocrx_word' id='word_1_103' title='bbox 1982 1012 2071 1061; x_wconf 87' lang='lat' dir='ltr'><strong>illis</strong></span> <span class='ocrx_word' id='word_1_104' title='bbox 2103 1012 2406 1060; x_wconf 90' lang='lat' dir='ltr'><strong>sentiendum</strong></span> 
     </span>
     <span class='ocr_line' id='line_1_11' title="bbox 256 1087 2407 1166; baseline -0.004 -18"><span class='ocrx_word' id='word_1_105' title='bbox 256 1110 328 1148; x_wconf 89' lang='lat' dir='ltr'><strong>est</strong></span> <span class='ocrx_word' id='word_1_106' title='bbox 357 1116 568 1166; x_wconf 90' lang='lat' dir='ltr'><strong>quorum</strong></span> <span class='ocrx_word' id='word_1_107' title='bbox 597 1098 716 1147; x_wconf 90' lang='lat' dir='ltr'><strong>alter</strong></span> <span class='ocrx_word' id='word_1_108' title='bbox 739 1098 987 1146; x_wconf 87' lang='lat' dir='ltr'><strong>manifeste</strong></span> <span class='ocrx_word' id='word_1_109' title='bbox 1019 1112 1224 1162; x_wconf 90' lang='lat' dir='ltr'><strong>peccans</strong></span> <span class='ocrx_word' id='word_1_110' title='bbox 1250 1095 1427 1142; x_wconf 86' lang='lat' dir='ltr'><strong>multos</strong></span> <span class='ocrx_word' id='word_1_111' title='bbox 1460 1087 1774 1153; x_wconf 86' lang='lat' dir='ltr'><strong>scandalizat,</strong></span> <span class='ocrx_word' id='word_1_112' title='bbox 1807 1110 1862 1140; x_wconf 87' lang='lat' dir='ltr'><strong>ac</strong></span> <span class='ocrx_word' id='word_1_113' title='bbox 1888 1110 1974 1158; x_wconf 85' lang='lat' dir='ltr'><strong>per</strong></span> <span class='ocrx_word' id='word_1_114' title='bbox 2003 1091 2278 1158; x_wconf 87' lang='lat' dir='ltr'><strong>exemplum</strong></span> <span class='ocrx_word' id='word_1_115' title='bbox 2301 1109 2407 1140; x_wconf 88' lang='lat' dir='ltr'><strong>cor-</strong></span> 
     </span>
     <span class='ocr_line' id='line_1_12' title="bbox 258 1173 2406 1246; baseline -0.003 -19"><span class='ocrx_word' id='word_1_116' title='bbox 258 1182 473 1246; x_wconf 88' lang='lat' dir='ltr'><strong>rumpit;</strong></span> <span class='ocrx_word' id='word_1_117' title='bbox 495 1181 614 1228; x_wconf 89' lang='lat' dir='ltr'><strong>alter</strong></span> <span class='ocrx_word' id='word_1_118' title='bbox 644 1196 779 1240; x_wconf 82' lang='lat' dir='ltr'><strong>vero,</strong></span> <span class='ocrx_word' id='word_1_119' title='bbox 819 1196 932 1226; x_wconf 91' lang='lat' dir='ltr'><strong>cum</strong></span> <span class='ocrx_word' id='word_1_120' title='bbox 967 1178 1156 1225; x_wconf 85' lang='lat' dir='ltr'><strong>occulte</strong></span> <span class='ocrx_word' id='word_1_121' title='bbox 1188 1187 1372 1242; x_wconf 89' lang='lat' dir='ltr'><strong>peccet,</strong></span> <span class='ocrx_word' id='word_1_122' title='bbox 1407 1177 1495 1224; x_wconf 83' lang='lat' dir='ltr'><strong>soli</strong></span> <span class='ocrx_word' id='word_1_123' title='bbox 1532 1175 1623 1222; x_wconf 85' lang='lat' dir='ltr'><strong>sibi</strong></span> <span class='ocrx_word' id='word_1_124' title='bbox 1662 1185 1819 1222; x_wconf 91' lang='lat' dir='ltr'><strong>nocet.</strong></span> <span class='ocrx_word' id='word_1_125' title='bbox 1861 1175 1909 1220; x_wconf 91' lang='lat' dir='ltr'><strong>Si</strong></span> <span class='ocrx_word' id='word_1_126' title='bbox 1944 1175 2074 1221; x_wconf 88' lang='lat' dir='ltr'><strong>enim</strong></span> <span class='ocrx_word' id='word_1_127' title='bbox 2102 1174 2186 1237; x_wconf 92' lang='lat' dir='ltr'><strong>qui</strong></span> <span class='ocrx_word' id='word_1_128' title='bbox 2219 1173 2406 1221; x_wconf 85' lang='lat' dir='ltr'><strong>occulte</strong></span> 
     </span>
     <span class='ocr_line' id='line_1_13' title="bbox 256 1254 2407 1326; baseline -0.005 -16"><span class='ocrx_word' id='word_1_129' title='bbox 256 1272 442 1326; x_wconf 85' lang='lat' dir='ltr'><strong>peccat,</strong></span> <span class='ocrx_word' id='word_1_130' title='bbox 479 1262 529 1308; x_wconf 91' lang='lat' dir='ltr'><strong>in</strong></span> <span class='ocrx_word' id='word_1_131' title='bbox 561 1260 762 1320; x_wconf 85' lang='lat' dir='ltr'><strong>eodem,</strong></span> <span class='ocrx_word' id='word_1_132' title='bbox 789 1276 888 1324; x_wconf 94' lang='lat' dir='ltr'><strong>quo</strong></span> <span class='ocrx_word' id='word_1_133' title='bbox 918 1258 1014 1318; x_wconf 89' lang='lat' dir='ltr'><strong>ille,</strong></span> <span class='ocrx_word' id='word_1_134' title='bbox 1043 1258 1295 1326; x_wconf 89' lang='lat' dir='ltr'><strong>proposito</strong></span> <span class='ocrx_word' id='word_1_135' title='bbox 1330 1267 1376 1304; x_wconf 87' lang='lat' dir='ltr'><strong>et</strong></span> <span class='ocrx_word' id='word_1_136' title='bbox 1401 1258 1505 1322; x_wconf 88' lang='lat' dir='ltr'><strong>pari</strong></span> <span class='ocrx_word' id='word_1_137' title='bbox 1538 1265 1822 1321; x_wconf 85' lang='lat' dir='ltr'><strong>contemptu</strong></span> <span class='ocrx_word' id='word_1_138' title='bbox 1857 1255 1942 1302; x_wconf 92' lang='lat' dir='ltr'><strong>Dei</strong></span> <span class='ocrx_word' id='word_1_139' title='bbox 1971 1254 2149 1313; x_wconf 86' lang='lat' dir='ltr'><strong>existit,</strong></span> <span class='ocrx_word' id='word_1_140' title='bbox 2190 1263 2242 1301; x_wconf 87' lang='lat' dir='ltr'><strong>ut</strong></span> <span class='ocrx_word' id='word_1_141' title='bbox 2275 1254 2407 1317; x_wconf 89' lang='lat' dir='ltr'><strong>quod</strong></span> 
     </span>
     <span class='ocr_line' id='line_1_14' title="bbox 257 1334 2403 1406; baseline -0.004 -18"><span class='ocrx_word' id='word_1_142' title='bbox 257 1342 375 1390; x_wconf 90' lang='lat' dir='ltr'><strong>alios</strong></span> <span class='ocrx_word' id='word_1_143' title='bbox 399 1358 500 1389; x_wconf 87' lang='lat' dir='ltr'><strong>non</strong></span> <span class='ocrx_word' id='word_1_144' title='bbox 522 1342 808 1406; x_wconf 84' lang='lat' dir='ltr'><strong>corrumpit,</strong></span> <span class='ocrx_word' id='word_1_145' title='bbox 837 1339 1033 1387; x_wconf 86' lang='lat' dir='ltr'><strong>fortuitu</strong></span> <span class='ocrx_word' id='word_1_146' title='bbox 1063 1339 1213 1402; x_wconf 86' lang='lat' dir='ltr'><strong>magis</strong></span> <span class='ocrx_word' id='word_1_147' title='bbox 1237 1338 1443 1395; x_wconf 88' lang='lat' dir='ltr'><strong>eveniat,</strong></span> <span class='ocrx_word' id='word_1_148' title='bbox 1469 1353 1618 1401; x_wconf 85' lang='lat' dir='ltr'><strong>quam</strong></span> <span class='ocrx_word' id='word_1_149' title='bbox 1639 1338 1742 1402; x_wconf 88' lang='lat' dir='ltr'><strong>ipse</strong></span> <span class='ocrx_word' id='word_1_150' title='bbox 1763 1346 1962 1401; x_wconf 87' lang='lat' dir='ltr'><strong>propter</strong></span> <span class='ocrx_word' id='word_1_151' title='bbox 1986 1338 2140 1382; x_wconf 85' lang='lat' dir='ltr'><strong>Deum</strong></span> <span class='ocrx_word' id='word_1_152' title='bbox 2169 1334 2403 1394; x_wconf 85' lang='lat' dir='ltr'><strong>dimittat,</strong></span> 
     </span>
     <span class='ocr_line' id='line_1_15' title="bbox 258 1415 2409 1487; baseline -0.004 -17"><span class='ocrx_word' id='word_1_153' title='bbox 258 1423 342 1486; x_wconf 89' lang='lat' dir='ltr'><strong>qui</strong></span> <span class='ocrx_word' id='word_1_154' title='bbox 381 1438 472 1470; x_wconf 91' lang='lat' dir='ltr'><strong>nec</strong></span> <span class='ocrx_word' id='word_1_155' title='bbox 515 1421 608 1469; x_wconf 91' lang='lat' dir='ltr'><strong>sibi</strong></span> <span class='ocrx_word' id='word_1_156' title='bbox 641 1422 731 1487; x_wconf 88' lang='lat' dir='ltr'><strong>ipsi</strong></span> <span class='ocrx_word' id='word_1_157' title='bbox 772 1430 974 1487; x_wconf 84' lang='lat' dir='ltr'><strong>propter</strong></span> <span class='ocrx_word' id='word_1_158' title='bbox 1007 1424 1164 1467; x_wconf 90' lang='lat' dir='ltr'><strong>Deum</strong></span> <span class='ocrx_word' id='word_1_159' title='bbox 1205 1428 1463 1484; x_wconf 84' lang='lat' dir='ltr'><strong>temperat,</strong></span> <span class='ocrx_word' id='word_1_160' title='bbox 1510 1417 1728 1483; x_wconf 82' lang='lat' dir='ltr'><strong>profecto</strong></span> <span class='ocrx_word' id='word_1_161' title='bbox 1765 1417 1870 1483; x_wconf 89' lang='lat' dir='ltr'><strong>pari</strong></span> <span class='ocrx_word' id='word_1_162' title='bbox 1908 1426 2040 1463; x_wconf 83' lang='lat' dir='ltr'><strong>reatu</strong></span> <span class='ocrx_word' id='word_1_163' title='bbox 2088 1415 2217 1480; x_wconf 89' lang='lat' dir='ltr'><strong>apud</strong></span> <span class='ocrx_word' id='word_1_164' title='bbox 2253 1418 2409 1463; x_wconf 89' lang='lat' dir='ltr'><strong>Deum</strong></span> 
     </span>
     <span class='ocr_line' id='line_1_16' title="bbox 258 1494 2408 1566; baseline -0.004 -16"><span class='ocrx_word' id='word_1_165' title='bbox 258 1502 619 1566; x_wconf 84' lang='lat' dir='ltr'><strong>constringitur.</strong></span> <span class='ocrx_word' id='word_1_166' title='bbox 665 1502 836 1549; x_wconf 90' lang='lat' dir='ltr'><strong>Solum</strong></span> <span class='ocrx_word' id='word_1_167' title='bbox 869 1500 1049 1566; x_wconf 84' lang='lat' dir='ltr'><strong>quippe</strong></span> <span class='ocrx_word' id='word_1_168' title='bbox 1087 1499 1305 1547; x_wconf 89' lang='lat' dir='ltr'><strong>animum</strong></span> <span class='ocrx_word' id='word_1_169' title='bbox 1345 1499 1395 1546; x_wconf 86' lang='lat' dir='ltr'><strong>in</strong></span> <span class='ocrx_word' id='word_1_170' title='bbox 1432 1497 1824 1545; x_wconf 84' lang='lat' dir='ltr'><strong>remuneratione</strong></span> <span class='ocrx_word' id='word_1_171' title='bbox 1858 1495 1978 1545; x_wconf 91' lang='lat' dir='ltr'><strong>boni</strong></span> <span class='ocrx_word' id='word_1_172' title='bbox 2015 1494 2090 1542; x_wconf 89' lang='lat' dir='ltr'><strong>vel</strong></span> <span class='ocrx_word' id='word_1_173' title='bbox 2131 1496 2267 1553; x_wconf 89' lang='lat' dir='ltr'><strong>mali,</strong></span> <span class='ocrx_word' id='word_1_174' title='bbox 2310 1512 2408 1542; x_wconf 90' lang='lat' dir='ltr'><strong>non</strong></span> 
     </span>
     <span class='ocr_line' id='line_1_17' title="bbox 258 1579 2413 1651; baseline -0.003 -18"><span class='ocrx_word' id='word_1_175' title='bbox 258 1586 430 1633; x_wconf 80' lang='lat' dir='ltr'><strong>effecta</strong></span> <span class='ocrx_word' id='word_1_176' title='bbox 476 1602 682 1651; x_wconf 88' lang='lat' dir='ltr'><strong>operum</strong></span> <span class='ocrx_word' id='word_1_177' title='bbox 713 1588 843 1632; x_wconf 92' lang='lat' dir='ltr'><strong>Deus</strong></span> <span class='ocrx_word' id='word_1_178' title='bbox 876 1582 1121 1643; x_wconf 82' lang='lat' dir='ltr'><strong>adtendit,</strong></span> <span class='ocrx_word' id='word_1_179' title='bbox 1161 1600 1251 1630; x_wconf 89' lang='lat' dir='ltr'><strong>nec</strong></span> <span class='ocrx_word' id='word_1_180' title='bbox 1284 1582 1402 1647; x_wconf 88' lang='lat' dir='ltr'><strong>quid</strong></span> <span class='ocrx_word' id='word_1_181' title='bbox 1435 1582 1497 1629; x_wconf 94' lang='lat' dir='ltr'><strong>de</strong></span> <span class='ocrx_word' id='word_1_182' title='bbox 1527 1582 1669 1646; x_wconf 89' lang='lat' dir='ltr'><strong>culpa</strong></span> <span class='ocrx_word' id='word_1_183' title='bbox 1692 1581 1767 1628; x_wconf 89' lang='lat' dir='ltr'><strong>vel</strong></span> <span class='ocrx_word' id='word_1_184' title='bbox 1802 1580 1935 1628; x_wconf 91' lang='lat' dir='ltr'><strong>bona</strong></span> <span class='ocrx_word' id='word_1_185' title='bbox 1972 1579 2217 1626; x_wconf 82' lang='lat' dir='ltr'><strong>voluntate</strong></span> <span class='ocrx_word' id='word_1_186' title='bbox 2250 1588 2413 1626; x_wconf 89' lang='lat' dir='ltr'><strong>nostra</strong></span> 
     </span>
     <span class='ocr_line' id='line_1_18' title="bbox 259 1658 2409 1731; baseline -0.005 -17"><span class='ocrx_word' id='word_1_187' title='bbox 259 1667 510 1731; x_wconf 87' lang='lat' dir='ltr'><strong>proveniat</strong></span> <span class='ocrx_word' id='word_1_188' title='bbox 534 1675 719 1731; x_wconf 89' lang='lat' dir='ltr'><strong>pensat,</strong></span> <span class='ocrx_word' id='word_1_189' title='bbox 743 1665 829 1713; x_wconf 90' lang='lat' dir='ltr'><strong>sed</strong></span> <span class='ocrx_word' id='word_1_190' title='bbox 850 1665 1009 1730; x_wconf 88' lang='lat' dir='ltr'><strong>ipsum</strong></span> <span class='ocrx_word' id='word_1_191' title='bbox 1029 1665 1246 1711; x_wconf 89' lang='lat' dir='ltr'><strong>animum</strong></span> <span class='ocrx_word' id='word_1_192' title='bbox 1264 1664 1315 1710; x_wconf 89' lang='lat' dir='ltr'><strong>in</strong></span> <span class='ocrx_word' id='word_1_193' title='bbox 1337 1662 1589 1728; x_wconf 88' lang='lat' dir='ltr'><strong>proposito</strong></span> <span class='ocrx_word' id='word_1_194' title='bbox 1610 1677 1705 1708; x_wconf 87' lang='lat' dir='ltr'><strong>suae</strong></span> <span class='ocrx_word' id='word_1_195' title='bbox 1729 1660 2026 1720; x_wconf 87' lang='lat' dir='ltr'><strong>intentionis,</strong></span> <span class='ocrx_word' id='word_1_196' title='bbox 2050 1675 2150 1705; x_wconf 91' lang='lat' dir='ltr'><strong>non</strong></span> <span class='ocrx_word' id='word_1_197' title='bbox 2171 1659 2219 1705; x_wconf 91' lang='lat' dir='ltr'><strong>in</strong></span> <span class='ocrx_word' id='word_1_198' title='bbox 2239 1658 2409 1705; x_wconf 80' lang='lat' dir='ltr'><strong>effectu</strong></span> 
     </span>
     <span class='ocr_line' id='line_1_19' title="bbox 258 1737 2411 1813; baseline -0.005 -18"><span class='ocrx_word' id='word_1_199' title='bbox 258 1748 505 1795; x_wconf 84' lang='lat' dir='ltr'><strong>exterioris</strong></span> <span class='ocrx_word' id='word_1_200' title='bbox 537 1747 697 1813; x_wconf 89' lang='lat' dir='ltr'><strong>operis</strong></span> <span class='ocrx_word' id='word_1_201' title='bbox 725 1745 974 1810; x_wconf 86' lang='lat' dir='ltr'><strong>dijudicat.</strong></span> <span class='ocrx_word' id='word_1_202' title='bbox 1005 1747 1165 1810; x_wconf 89' lang='lat' dir='ltr'><strong>Opera</strong></span> <span class='ocrx_word' id='word_1_203' title='bbox 1193 1737 1380 1809; x_wconf 86' lang='lat' dir='ltr'><strong>quippe</strong></span> <span class='ocrx_word' id='word_1_204' title='bbox 1406 1759 1541 1807; x_wconf 85' lang='lat' dir='ltr'><strong>quae,</strong></span> <span class='ocrx_word' id='word_1_205' title='bbox 1576 1751 1627 1789; x_wconf 87' lang='lat' dir='ltr'><strong>ut</strong></span> <span class='ocrx_word' id='word_1_206' title='bbox 1651 1741 1985 1807; x_wconf 78' lang='lat' dir='ltr'><strong>praediximus,</strong></span> <span class='ocrx_word' id='word_1_207' title='bbox 2022 1756 2156 1804; x_wconf 85' lang='lat' dir='ltr'><strong>aeque</strong></span> <span class='ocrx_word' id='word_1_208' title='bbox 2191 1738 2411 1804; x_wconf 89' lang='lat' dir='ltr'><strong>reprobis</strong></span> 
     </span>
     <span class='ocr_line' id='line_1_20' title="bbox 259 1819 2413 1890; baseline -0.004 -15"><span class='ocrx_word' id='word_1_209' title='bbox 259 1837 313 1875; x_wconf 91' lang='lat' dir='ltr'><strong>ut</strong></span> <span class='ocrx_word' id='word_1_210' title='bbox 347 1827 507 1876; x_wconf 85' lang='lat' dir='ltr'><strong>electis</strong></span> <span class='ocrx_word' id='word_1_211' title='bbox 529 1827 809 1876; x_wconf 82' lang='lat' dir='ltr'><strong>communia·</strong></span> <span class='ocrx_word' id='word_1_212' title='bbox 824 1819 970 1885; x_wconf 83' lang='lat' dir='ltr'><strong>sunt,</strong></span> <span class='ocrx_word' id='word_1_213' title='bbox 999 1826 1262 1890; x_wconf 88' lang='lat' dir='ltr'><strong>omniaque</strong></span> <span class='ocrx_word' id='word_1_214' title='bbox 1284 1825 1336 1871; x_wconf 92' lang='lat' dir='ltr'><strong>in</strong></span> <span class='ocrx_word' id='word_1_215' title='bbox 1359 1841 1411 1872; x_wconf 90' lang='lat' dir='ltr'><strong>se</strong></span> <span class='ocrx_word' id='word_1_216' title='bbox 1432 1822 1779 1881; x_wconf 79' lang='lat' dir='ltr'><strong>indifferentia,</strong></span> <span class='ocrx_word' id='word_1_217' title='bbox 1805 1839 1896 1870; x_wconf 91' lang='lat' dir='ltr'><strong>nec</strong></span> <span class='ocrx_word' id='word_1_218' title='bbox 1920 1822 2007 1869; x_wconf 90' lang='lat' dir='ltr'><strong>nisi</strong></span> <span class='ocrx_word' id='word_1_219' title='bbox 2031 1837 2121 1886; x_wconf 91' lang='lat' dir='ltr'><strong>pro</strong></span> <span class='ocrx_word' id='word_1_220' title='bbox 2144 1821 2413 1868; x_wconf 86' lang='lat' dir='ltr'><strong>intentione</strong></span> 
     </span>
     <span class='ocr_line' id='line_1_21' title="bbox 259 1901 2411 1971; baseline -0.004 -15"><span class='ocrx_word' id='word_1_221' title='bbox 259 1909 443 1971; x_wconf 82' lang='lat' dir='ltr'><strong>agentis</strong></span> <span class='ocrx_word' id='word_1_222' title='bbox 464 1908 594 1956; x_wconf 89' lang='lat' dir='ltr'><strong>bona</strong></span> <span class='ocrx_word' id='word_1_223' title='bbox 623 1908 700 1955; x_wconf 87' lang='lat' dir='ltr'><strong>vel</strong></span> <span class='ocrx_word' id='word_1_224' title='bbox 724 1906 849 1955; x_wconf 85' lang='lat' dir='ltr'><strong>mala</strong></span> <span class='ocrx_word' id='word_1_225' title='bbox 871 1905 1079 1954; x_wconf 89' lang='lat' dir='ltr'><strong>dicenda</strong></span> <span class='ocrx_word' id='word_1_226' title='bbox 1102 1915 1231 1965; x_wconf 87' lang='lat' dir='ltr'><strong>sunt,</strong></span> <span class='ocrx_word' id='word_1_227' title='bbox 1261 1921 1361 1952; x_wconf 88' lang='lat' dir='ltr'><strong>non</strong></span> <span class='ocrx_word' id='word_1_228' title='bbox 1386 1904 1606 1952; x_wconf 89' lang='lat' dir='ltr'><strong>videlicet</strong></span> <span class='ocrx_word' id='word_1_229' title='bbox 1629 1904 1745 1968; x_wconf 87' lang='lat' dir='ltr'><strong>quia</strong></span> <span class='ocrx_word' id='word_1_230' title='bbox 1767 1903 1955 1951; x_wconf 91' lang='lat' dir='ltr'><strong>bonum</strong></span> <span class='ocrx_word' id='word_1_231' title='bbox 1978 1902 2055 1949; x_wconf 89' lang='lat' dir='ltr'><strong>vel</strong></span> <span class='ocrx_word' id='word_1_232' title='bbox 2078 1902 2259 1948; x_wconf 89' lang='lat' dir='ltr'><strong>malum</strong></span> <span class='ocrx_word' id='word_1_233' title='bbox 2279 1901 2338 1948; x_wconf 88' lang='lat' dir='ltr'><strong>sit</strong></span> <span class='ocrx_word' id='word_1_234' title='bbox 2357 1918 2411 1949; x_wconf 90' lang='lat' dir='ltr'><strong>ea</strong></span> 
     </span>
     <span class='ocr_line' id='line_1_22' title="bbox 259 1981 2408 2054; baseline -0.002 -20"><span class='ocrx_word' id='word_1_235' title='bbox 259 1987 388 2048; x_wconf 86' lang='lat' dir='ltr'><strong>fieri,</strong></span> <span class='ocrx_word' id='word_1_236' title='bbox 417 1990 503 2037; x_wconf 91' lang='lat' dir='ltr'><strong>sed</strong></span> <span class='ocrx_word' id='word_1_237' title='bbox 531 1990 644 2054; x_wconf 91' lang='lat' dir='ltr'><strong>quia</strong></span> <span class='ocrx_word' id='word_1_238' title='bbox 670 1988 798 2036; x_wconf 92' lang='lat' dir='ltr'><strong>bene</strong></span> <span class='ocrx_word' id='word_1_239' title='bbox 821 1987 896 2035; x_wconf 79' lang='lat' dir='ltr'><strong>vel</strong></span> <span class='ocrx_word' id='word_1_240' title='bbox 919 1988 1045 2034; x_wconf 85' lang='lat' dir='ltr'><strong>male</strong></span> <span class='ocrx_word' id='word_1_241' title='bbox 1069 1986 1218 2047; x_wconf 87' lang='lat' dir='ltr'><strong>fiunt,</strong></span> <span class='ocrx_word' id='word_1_242' title='bbox 1245 1985 1341 2033; x_wconf 90' lang='lat' dir='ltr'><strong>hoc</strong></span> <span class='ocrx_word' id='word_1_243' title='bbox 1373 1995 1461 2047; x_wconf 83' lang='lat' dir='ltr'><strong>est,</strong></span> <span class='ocrx_word' id='word_1_244' title='bbox 1515 2001 1571 2032; x_wconf 84' lang='lat' dir='ltr'><strong>ea</strong></span> <span class='ocrx_word' id='word_1_245' title='bbox 1595 1985 1863 2032; x_wconf 90' lang='lat' dir='ltr'><strong>intentione</strong></span> <span class='ocrx_word' id='word_1_246' title='bbox 1893 1999 1987 2047; x_wconf 89' lang='lat' dir='ltr'><strong>qua</strong></span> <span class='ocrx_word' id='word_1_247' title='bbox 2018 1982 2245 2029; x_wconf 87' lang='lat' dir='ltr'><strong>convenit</strong></span> <span class='ocrx_word' id='word_1_248' title='bbox 2276 1981 2408 2042; x_wconf 81' lang='lat' dir='ltr'><strong>fieri,</strong></span> 
     </span>
     <span class='ocr_line' id='line_1_23' title="bbox 260 2062 2405 2130; baseline -0.002 -15"><span class='ocrx_word' id='word_1_249' title='bbox 260 2079 342 2115; x_wconf 90' lang='lat' dir='ltr'><strong>aut</strong></span> <span class='ocrx_word' id='word_1_250' title='bbox 363 2070 578 2117; x_wconf 91' lang='lat' dir='ltr'><strong>minime.</strong></span> <span class='ocrx_word' id='word_1_251' title='bbox 597 2073 735 2130; x_wconf 88' lang='lat' dir='ltr'><strong>Nam,</strong></span> <span class='ocrx_word' id='word_1_252' title='bbox 765 2078 817 2115; x_wconf 91' lang='lat' dir='ltr'><strong>ut</strong></span> <span class='ocrx_word' id='word_1_253' title='bbox 842 2068 1013 2115; x_wconf 88' lang='lat' dir='ltr'><strong>beatus</strong></span> <span class='ocrx_word' id='word_1_254' title='bbox 1030 2067 1248 2114; x_wconf 88' lang='lat' dir='ltr'><strong>meminit</strong></span> <span class='ocrx_word' id='word_1_255' title='bbox 1271 2066 1582 2128; x_wconf 86' lang='lat' dir='ltr'><strong>Augustinus,</strong></span> <span class='ocrx_word' id='word_1_256' title='bbox 1609 2066 1769 2130; x_wconf 88' lang='lat' dir='ltr'><strong>ipsum</strong></span> <span class='ocrx_word' id='word_1_257' title='bbox 1796 2064 1977 2111; x_wconf 89' lang='lat' dir='ltr'><strong>malum</strong></span> <span class='ocrx_word' id='word_1_258' title='bbox 1997 2079 2099 2110; x_wconf 92' lang='lat' dir='ltr'><strong>esse</strong></span> <span class='ocrx_word' id='word_1_259' title='bbox 2121 2062 2307 2109; x_wconf 90' lang='lat' dir='ltr'><strong>bonum</strong></span> <span class='ocrx_word' id='word_1_260' title='bbox 2322 2074 2405 2120; x_wconf 83' lang='lat' dir='ltr'><strong>est,</strong></span> 
     </span>
     <span class='ocr_line' id='line_1_24' title="bbox 260 2143 2408 2214; baseline -0.003 -19"><span class='ocrx_word' id='word_1_261' title='bbox 260 2165 373 2195; x_wconf 91' lang='lat' dir='ltr'><strong>cum</strong></span> <span class='ocrx_word' id='word_1_262' title='bbox 401 2166 461 2197; x_wconf 85' lang='lat' dir='ltr'><strong>eo</strong></span> <span class='ocrx_word' id='word_1_263' title='bbox 493 2165 689 2214; x_wconf 91' lang='lat' dir='ltr'><strong>quoque</strong></span> <span class='ocrx_word' id='word_1_264' title='bbox 711 2149 839 2196; x_wconf 89' lang='lat' dir='ltr'><strong>bene</strong></span> <span class='ocrx_word' id='word_1_265' title='bbox 871 2157 1034 2195; x_wconf 86' lang='lat' dir='ltr'><strong>utatur</strong></span> <span class='ocrx_word' id='word_1_266' title='bbox 1054 2150 1207 2207; x_wconf 79' lang='lat' dir='ltr'><strong>DeuS,</strong></span> <span class='ocrx_word' id='word_1_267' title='bbox 1235 2161 1325 2192; x_wconf 86' lang='lat' dir='ltr'><strong>nec</strong></span> <span class='ocrx_word' id='word_1_268' title='bbox 1354 2146 1489 2193; x_wconf 86' lang='lat' dir='ltr'><strong>aliter</strong></span> <span class='ocrx_word' id='word_1_269' title='bbox 1512 2146 1671 2210; x_wconf 88' lang='lat' dir='ltr'><strong>ipsum</strong></span> <span class='ocrx_word' id='word_1_270' title='bbox 1694 2161 1796 2192; x_wconf 91' lang='lat' dir='ltr'><strong>esse</strong></span> <span class='ocrx_word' id='word_1_271' title='bbox 1820 2143 2081 2209; x_wconf 89' lang='lat' dir='ltr'><strong>permittat,</strong></span> <span class='ocrx_word' id='word_1_272' title='bbox 2112 2160 2221 2189; x_wconf 91' lang='lat' dir='ltr'><strong>cum</strong></span> <span class='ocrx_word' id='word_1_273' title='bbox 2250 2152 2408 2190; x_wconf 90' lang='lat' dir='ltr'><strong>tamen</strong></span> 
     </span>
     <span class='ocr_line' id='line_1_25' title="bbox 261 2222 2408 2294; baseline -0.003 -18"><span class='ocrx_word' id='word_1_274' title='bbox 261 2231 420 2294; x_wconf 89' lang='lat' dir='ltr'><strong>ipsum</strong></span> <span class='ocrx_word' id='word_1_275' title='bbox 441 2245 750 2294; x_wconf 87' lang='lat' dir='ltr'><strong>nequaquam</strong></span> <span class='ocrx_word' id='word_1_276' title='bbox 771 2230 830 2276; x_wconf 90' lang='lat' dir='ltr'><strong>sit</strong></span> <span class='ocrx_word' id='word_1_277' title='bbox 852 2227 1054 2275; x_wconf 89' lang='lat' dir='ltr'><strong>bonum.</strong></span> <span class='ocrx_word' id='word_1_278' title='bbox 1076 2229 1200 2275; x_wconf 88' lang='lat' dir='ltr'><strong>Cum</strong></span> <span class='ocrx_word' id='word_1_279' title='bbox 1216 2226 1380 2289; x_wconf 89' lang='lat' dir='ltr'><strong>itaque</strong></span> <span class='ocrx_word' id='word_1_280' title='bbox 1402 2225 1609 2272; x_wconf 90' lang='lat' dir='ltr'><strong>dicimus</strong></span> <span class='ocrx_word' id='word_1_281' title='bbox 1634 2225 1952 2271; x_wconf 87' lang='lat' dir='ltr'><strong>intentionem</strong></span> <span class='ocrx_word' id='word_1_282' title='bbox 1974 2223 2187 2271; x_wconf 87' lang='lat' dir='ltr'><strong>hominis</strong></span> <span class='ocrx_word' id='word_1_283' title='bbox 2210 2222 2408 2281; x_wconf 89' lang='lat' dir='ltr'><strong>bonam,</strong></span> 
     </span>
     <span class='ocr_line' id='line_1_26' title="bbox 261 2303 2409 2374; baseline -0.002 -19"><span class='ocrx_word' id='word_1_284' title='bbox 261 2319 310 2355; x_wconf 93' lang='lat' dir='ltr'><strong>et</strong></span> <span class='ocrx_word' id='word_1_285' title='bbox 337 2325 462 2374; x_wconf 90' lang='lat' dir='ltr'><strong>opus</strong></span> <span class='ocrx_word' id='word_1_286' title='bbox 485 2309 611 2357; x_wconf 84' lang='lat' dir='ltr'><strong>illius</strong></span> <span class='ocrx_word' id='word_1_287' title='bbox 633 2308 848 2367; x_wconf 89' lang='lat' dir='ltr'><strong>bonum,</strong></span> <span class='ocrx_word' id='word_1_288' title='bbox 882 2307 982 2355; x_wconf 94' lang='lat' dir='ltr'><strong>duo</strong></span> <span class='ocrx_word' id='word_1_289' title='bbox 1013 2307 1210 2372; x_wconf 87' lang='lat' dir='ltr'><strong>quidem</strong></span> <span class='ocrx_word' id='word_1_290' title='bbox 1234 2306 1597 2369; x_wconf 89' lang='lat' dir='ltr'><strong>distinguimus,</strong></span> <span class='ocrx_word' id='word_1_291' title='bbox 1623 2305 1941 2352; x_wconf 83' lang='lat' dir='ltr'><strong>intentionem</strong></span> <span class='ocrx_word' id='word_1_292' title='bbox 1967 2303 2146 2351; x_wconf 90' lang='lat' dir='ltr'><strong>scilicet</strong></span> <span class='ocrx_word' id='word_1_293' title='bbox 2167 2318 2223 2350; x_wconf 89' lang='lat' dir='ltr'><strong>ac</strong></span> <span class='ocrx_word' id='word_1_294' title='bbox 2261 2319 2409 2367; x_wconf 88' lang='lat' dir='ltr'><strong>opus,</strong></span> 
     </span>
     <span class='ocr_line' id='line_1_27' title="bbox 264 2383 2412 2446; baseline -0.003 -11"><span class='ocrx_word' id='word_1_295' title='bbox 264 2406 351 2437; x_wconf 91' lang='lat' dir='ltr'><strong>nec</strong></span> <span class='ocrx_word' id='word_1_296' title='bbox 381 2405 528 2437; x_wconf 88' lang='lat' dir='ltr'><strong>unam</strong></span> <span class='ocrx_word' id='word_1_297' title='bbox 551 2399 715 2437; x_wconf 89' lang='lat' dir='ltr'><strong>tamen</strong></span> <span class='ocrx_word' id='word_1_298' title='bbox 740 2389 1009 2436; x_wconf 89' lang='lat' dir='ltr'><strong>bonitatem</strong></span> <span class='ocrx_word' id='word_1_299' title='bbox 1035 2388 1345 2446; x_wconf 84' lang='lat' dir='ltr'><strong>intentionis;</strong></span> <span class='ocrx_word' id='word_1_300' title='bbox 1374 2387 1523 2434; x_wconf 84' lang='lat' dir='ltr'><strong>veluti</strong></span> <span class='ocrx_word' id='word_1_301' title='bbox 1546 2387 1584 2433; x_wconf 88' lang='lat' dir='ltr'><strong>si</strong></span> <span class='ocrx_word' id='word_1_302' title='bbox 1607 2386 1824 2433; x_wconf 88' lang='lat' dir='ltr'><strong>dicamus</strong></span> <span class='ocrx_word' id='word_1_303' title='bbox 1847 2384 2032 2432; x_wconf 90' lang='lat' dir='ltr'><strong>bonum</strong></span> <span class='ocrx_word' id='word_1_304' title='bbox 2057 2383 2311 2431; x_wconf 91' lang='lat' dir='ltr'><strong>hominem</strong></span> <span class='ocrx_word' id='word_1_305' title='bbox 2326 2421 2336 2438; x_wconf 87' lang='lat'><strong>,</strong></span> <span class='ocrx_word' id='word_1_306' title='bbox 2365 2394 2412 2430; x_wconf 90' lang='lat' dir='ltr'><strong>et</strong></span> 
     </span>
     <span class='ocr_line' id='line_1_28' title="bbox 261 2463 2409 2532; baseline -0.002 -17"><span class='ocrx_word' id='word_1_307' title='bbox 261 2468 415 2516; x_wconf 87' lang='lat' dir='ltr'><strong>filium</strong></span> <span class='ocrx_word' id='word_1_308' title='bbox 451 2470 570 2517; x_wconf 90' lang='lat' dir='ltr'><strong>boni</strong></span> <span class='ocrx_word' id='word_1_309' title='bbox 607 2470 844 2531; x_wconf 89' lang='lat' dir='ltr'><strong>hominis,</strong></span> <span class='ocrx_word' id='word_1_310' title='bbox 885 2469 1008 2516; x_wconf 91' lang='lat' dir='ltr'><strong>duos</strong></span> <span class='ocrx_word' id='word_1_311' title='bbox 1042 2467 1238 2532; x_wconf 89' lang='lat' dir='ltr'><strong>quidem</strong></span> <span class='ocrx_word' id='word_1_312' title='bbox 1269 2466 1522 2525; x_wconf 90' lang='lat' dir='ltr'><strong>homines,</strong></span> <span class='ocrx_word' id='word_1_313' title='bbox 1561 2482 1660 2513; x_wconf 89' lang='lat' dir='ltr'><strong>non</strong></span> <span class='ocrx_word' id='word_1_314' title='bbox 1696 2466 1818 2513; x_wconf 91' lang='lat' dir='ltr'><strong>duas</strong></span> <span class='ocrx_word' id='word_1_315' title='bbox 1853 2465 2095 2512; x_wconf 86' lang='lat' dir='ltr'><strong>bonitates</strong></span> <span class='ocrx_word' id='word_1_316' title='bbox 2130 2463 2409 2528; x_wconf 61' lang='lat' dir='ltr'><strong>figuramus</strong></span> 
     </span>
     <span class='ocr_line' id='line_1_29' title="bbox 266 2544 2412 2615; baseline -0.003 -19"><span class='ocrx_word' id='word_1_317' title='bbox 266 2551 398 2597; x_wconf 91' lang='lat' dir='ltr'><strong>Sicut</strong></span> <span class='ocrx_word' id='word_1_318' title='bbox 430 2567 544 2615; x_wconf 84' lang='lat' dir='ltr'><strong>ergo</strong></span> <span class='ocrx_word' id='word_1_319' title='bbox 579 2551 732 2598; x_wconf 84' lang='lat' dir='ltr'><strong>homo</strong></span> <span class='ocrx_word' id='word_1_320' title='bbox 755 2550 914 2597; x_wconf 89' lang='lat' dir='ltr'><strong>bonus</strong></span> <span class='ocrx_word' id='word_1_321' title='bbox 940 2566 998 2596; x_wconf 85' lang='lat' dir='ltr'><strong>ex</strong></span> <span class='ocrx_word' id='word_1_322' title='bbox 1033 2548 1230 2614; x_wconf 88' lang='lat' dir='ltr'><strong>propria</strong></span> <span class='ocrx_word' id='word_1_323' title='bbox 1253 2547 1471 2595; x_wconf 89' lang='lat' dir='ltr'><strong>bonitate</strong></span> <span class='ocrx_word' id='word_1_324' title='bbox 1495 2547 1684 2607; x_wconf 89' lang='lat' dir='ltr'><strong>dicitur,</strong></span> <span class='ocrx_word' id='word_1_325' title='bbox 1713 2545 1838 2593; x_wconf 85' lang='lat' dir='ltr'><strong>filius</strong></span> <span class='ocrx_word' id='word_1_326' title='bbox 1863 2555 2024 2593; x_wconf 85' lang='lat' dir='ltr'><strong>autem</strong></span> <span class='ocrx_word' id='word_1_327' title='bbox 2057 2544 2178 2591; x_wconf 92' lang='lat' dir='ltr'><strong>boni</strong></span> <span class='ocrx_word' id='word_1_328' title='bbox 2201 2544 2412 2591; x_wconf 91' lang='lat' dir='ltr'><strong>hominis</strong></span> 
     </span>
     <span class='ocr_line' id='line_1_30' title="bbox 263 2624 2412 2689; baseline -0.003 -13"><span class='ocrx_word' id='word_1_329' title='bbox 263 2647 378 2677; x_wconf 89' lang='lat' dir='ltr'><strong>cum</strong></span> <span class='ocrx_word' id='word_1_330' title='bbox 415 2631 590 2682; x_wconf 87' lang='lat' dir='ltr'><strong>dicitur</strong></span> <span class='ocrx_word' id='word_1_331' title='bbox 614 2631 734 2678; x_wconf 90' lang='lat' dir='ltr'><strong>nihil</strong></span> <span class='ocrx_word' id='word_1_332' title='bbox 758 2632 809 2678; x_wconf 90' lang='lat' dir='ltr'><strong>in</strong></span> <span class='ocrx_word' id='word_1_333' title='bbox 833 2647 882 2678; x_wconf 89' lang='lat' dir='ltr'><strong>se</strong></span> <span class='ocrx_word' id='word_1_334' title='bbox 915 2630 1035 2677; x_wconf 89' lang='lat' dir='ltr'><strong>boni</strong></span> <span class='ocrx_word' id='word_1_335' title='bbox 1068 2628 1274 2688; x_wconf 87' lang='lat' dir='ltr'><strong>habere,</strong></span> <span class='ocrx_word' id='word_1_336' title='bbox 1302 2644 1359 2675; x_wconf 80' lang='lat' dir='ltr'><strong>ex</strong></span> <span class='ocrx_word' id='word_1_337' title='bbox 1383 2628 1480 2675; x_wconf 94' lang='lat' dir='ltr'><strong>hoc</strong></span> <span class='ocrx_word' id='word_1_338' title='bbox 1505 2636 1800 2675; x_wconf 89' lang='lat' dir='ltr'><strong>monstratur</strong></span> <span class='ocrx_word' id='word_1_339' title='bbox 1828 2644 1837 2671; x_wconf 76' lang='grc' dir='ltr'>ε</span> <span class='ocrx_word' id='word_1_340' title='bbox 1866 2627 1930 2672; x_wconf 88' lang='lat' dir='ltr'><strong>ita</strong></span> <span class='ocrx_word' id='word_1_341' title='bbox 1952 2626 2183 2689; x_wconf 88' lang='lat' dir='ltr'><strong>cujusque</strong></span> <span class='ocrx_word' id='word_1_342' title='bbox 2210 2624 2412 2671; x_wconf 89' lang='lat' dir='ltr'><strong>intentio</strong></span> 
     </span>
     <span class='ocr_line' id='line_1_31' title="bbox 263 2704 2413 2775; baseline -0.002 -20"><span class='ocrx_word' id='word_1_343' title='bbox 263 2710 394 2757; x_wconf 87' lang='lat' dir='ltr'><strong>bona</strong></span> <span class='ocrx_word' id='word_1_344' title='bbox 423 2711 472 2757; x_wconf 90' lang='lat' dir='ltr'><strong>in</strong></span> <span class='ocrx_word' id='word_1_345' title='bbox 506 2728 555 2758; x_wconf 89' lang='lat' dir='ltr'><strong>se</strong></span> <span class='ocrx_word' id='word_1_346' title='bbox 578 2721 796 2771; x_wconf 88' lang='lat' dir='ltr'><strong>vocatur,</strong></span> <span class='ocrx_word' id='word_1_347' title='bbox 830 2727 954 2775; x_wconf 92' lang='lat' dir='ltr'><strong>opus</strong></span> <span class='ocrx_word' id='word_1_348' title='bbox 977 2726 1093 2756; x_wconf 86' lang='lat' dir='ltr'><strong>vero</strong></span> <span class='ocrx_word' id='word_1_349' title='bbox 1120 2708 1308 2755; x_wconf 90' lang='lat' dir='ltr'><strong>bonum</strong></span> <span class='ocrx_word' id='word_1_350' title='bbox 1331 2724 1432 2754; x_wconf 90' lang='lat' dir='ltr'><strong>non</strong></span> <span class='ocrx_word' id='word_1_351' title='bbox 1459 2725 1517 2755; x_wconf 85' lang='lat' dir='ltr'><strong>ex</strong></span> <span class='ocrx_word' id='word_1_352' title='bbox 1541 2724 1591 2754; x_wconf 92' lang='lat' dir='ltr'><strong>se</strong></span> <span class='ocrx_word' id='word_1_353' title='bbox 1614 2706 1883 2772; x_wconf 87' lang='lat' dir='ltr'><strong>appellatur</strong></span> <span class='ocrx_word' id='word_1_354' title='bbox 1906 2705 2041 2768; x_wconf 92' lang='lat' dir='ltr'><strong>quod</strong></span> <span class='ocrx_word' id='word_1_355' title='bbox 2064 2721 2121 2751; x_wconf 88' lang='lat' dir='ltr'><strong>ex</strong></span> <span class='ocrx_word' id='word_1_356' title='bbox 2143 2704 2276 2751; x_wconf 90' lang='lat' dir='ltr'><strong>bona</strong></span> <span class='ocrx_word' id='word_1_357' title='bbox 2297 2721 2413 2769; x_wconf 93' lang='lat' dir='ltr'><strong>pro—</strong></span> 
     </span>
     <span class='ocr_line' id='line_1_32' title="bbox 264 2784 2413 2854; baseline -0.003 -18"><span class='ocrx_word' id='word_1_358' title='bbox 264 2789 404 2837; x_wconf 87' lang='lat' dir='ltr'><strong>cedat</strong></span> <span class='ocrx_word' id='word_1_359' title='bbox 427 2791 712 2837; x_wconf 84' lang='lat' dir='ltr'><strong>intentione.</strong></span> <span class='ocrx_word' id='word_1_360' title='bbox 743 2793 847 2837; x_wconf 89' lang='lat' dir='ltr'><strong>Una</strong></span> <span class='ocrx_word' id='word_1_361' title='bbox 868 2791 1029 2854; x_wconf 86' lang='lat' dir='ltr'><strong>itaque</strong></span> <span class='ocrx_word' id='word_1_362' title='bbox 1053 2799 1123 2836; x_wconf 91' lang='lat' dir='ltr'><strong>est</strong></span> <span class='ocrx_word' id='word_1_363' title='bbox 1144 2788 1353 2847; x_wconf 88' lang='lat' dir='ltr'><strong>bonitas,</strong></span> <span class='ocrx_word' id='word_1_364' title='bbox 1382 2787 1511 2834; x_wconf 90' lang='lat' dir='ltr'><strong>unde</strong></span> <span class='ocrx_word' id='word_1_365' title='bbox 1537 2798 1635 2834; x_wconf 88' lang='lat' dir='ltr'><strong>tam</strong></span> <span class='ocrx_word' id='word_1_366' title='bbox 1659 2786 1863 2833; x_wconf 90' lang='lat' dir='ltr'><strong>intentio</strong></span> <span class='ocrx_word' id='word_1_367' title='bbox 1878 2802 2024 2849; x_wconf 89' lang='lat' dir='ltr'><strong>quam</strong></span> <span class='ocrx_word' id='word_1_368' title='bbox 2039 2785 2256 2849; x_wconf 89' lang='lat' dir='ltr'><strong>operatio</strong></span> <span class='ocrx_word' id='word_1_369' title='bbox 2282 2784 2413 2831; x_wconf 88' lang='lat' dir='ltr'><strong>bona</strong></span> 
     </span>
     <span class='ocr_line' id='line_1_33' title="bbox 265 2865 2413 2932; baseline -0.003 -15"><span class='ocrx_word' id='word_1_370' title='bbox 265 2870 457 2925; x_wconf 91' lang='lat' dir='ltr'><strong>dicitur,</strong></span> <span class='ocrx_word' id='word_1_371' title='bbox 485 2871 606 2917; x_wconf 88' lang='lat' dir='ltr'><strong>sicut</strong></span> <span class='ocrx_word' id='word_1_372' title='bbox 629 2887 726 2917; x_wconf 86' lang='lat' dir='ltr'><strong>una</strong></span> <span class='ocrx_word' id='word_1_373' title='bbox 749 2880 819 2917; x_wconf 92' lang='lat' dir='ltr'><strong>est</strong></span> <span class='ocrx_word' id='word_1_374' title='bbox 843 2870 1054 2929; x_wconf 84' lang='lat' dir='ltr'><strong>bonitaS,</strong></span> <span class='ocrx_word' id='word_1_375' title='bbox 1077 2886 1134 2915; x_wconf 83' lang='lat' dir='ltr'><strong>ex</strong></span> <span class='ocrx_word' id='word_1_376' title='bbox 1156 2884 1251 2932; x_wconf 88' lang='lat' dir='ltr'><strong>qua</strong></span> <span class='ocrx_word' id='word_1_377' title='bbox 1264 2867 1425 2914; x_wconf 87' lang='lat' dir='ltr'><strong>bonus</strong></span> <span class='ocrx_word' id='word_1_378' title='bbox 1445 2867 1616 2927; x_wconf 90' lang='lat' dir='ltr'><strong>homo,</strong></span> <span class='ocrx_word' id='word_1_379' title='bbox 1659 2877 1706 2913; x_wconf 90' lang='lat' dir='ltr'><strong>et</strong></span> <span class='ocrx_word' id='word_1_380' title='bbox 1726 2866 1850 2913; x_wconf 86' lang='lat' dir='ltr'><strong>filius</strong></span> <span class='ocrx_word' id='word_1_381' title='bbox 1873 2866 2084 2912; x_wconf 88' lang='lat' dir='ltr'><strong>hominis</strong></span> <span class='ocrx_word' id='word_1_382' title='bbox 2106 2865 2224 2912; x_wconf 90' lang='lat' dir='ltr'><strong>boni</strong></span> <span class='ocrx_word' id='word_1_383' title='bbox 2253 2865 2413 2931; x_wconf 90' lang='lat' dir='ltr'><strong>appel-</strong></span> 
     </span>
     <span class='ocr_line' id='line_1_34' title="bbox 268 2944 2410 3013; baseline -0.002 -18"><span class='ocrx_word' id='word_1_384' title='bbox 268 2949 418 3008; x_wconf 68' lang='lat' dir='ltr'><strong>latur-3</strong></span> <span class='ocrx_word' id='word_1_385' title='bbox 454 2949 527 2997; x_wconf 91' lang='lat' dir='ltr'><strong>vel</strong></span> <span class='ocrx_word' id='word_1_386' title='bbox 550 2966 648 2997; x_wconf 89' lang='lat' dir='ltr'><strong>una</strong></span> <span class='ocrx_word' id='word_1_387' title='bbox 670 2949 885 3007; x_wconf 83' lang='lat' dir='ltr'><strong>bonitaS,</strong></span> <span class='ocrx_word' id='word_1_388' title='bbox 913 2966 972 2996; x_wconf 82' lang='lat' dir='ltr'><strong>ex</strong></span> <span class='ocrx_word' id='word_1_389' title='bbox 997 2962 1094 3013; x_wconf 86' lang='lat' dir='ltr'><strong>qua</strong></span> <span class='ocrx_word' id='word_1_390' title='bbox 1118 2948 1277 2996; x_wconf 89' lang='lat' dir='ltr'><strong>bonus</strong></span> <span class='ocrx_word' id='word_1_391' title='bbox 1299 2947 1470 3007; x_wconf 84' lang='lat' dir='ltr'><strong>homo,</strong></span> <span class='ocrx_word' id='word_1_392' title='bbox 1497 2945 1930 2994; x_wconf 64' lang='lat' dir='ltr'><strong>etssbonahominis</strong></span> <span class='ocrx_word' id='word_1_393' title='bbox 1961 2945 2184 2992; x_wconf 88' lang='lat' dir='ltr'><strong>voluntas</strong></span> <span class='ocrx_word' id='word_1_394' title='bbox 2219 2944 2410 2992; x_wconf 87' lang='lat' dir='ltr'><strong>dicitur.</strong></span> 
     </span>
    </p>

    <p class='ocr_par' dir='ltr' id='par_1_3' title="bbox 267 3026 2415 3415">
     <span class='ocr_line' id='line_1_35' title="bbox 333 3026 2415 3094; baseline -0.002 -17"><span class='ocrx_word' id='word_1_395' title='bbox 333 3032 427 3089; x_wconf 89' lang='lat' dir='ltr'><strong>Qui</strong></span> <span class='ocrx_word' id='word_1_396' title='bbox 470 3047 585 3094; x_wconf 86' lang='lat' dir='ltr'><strong>ergo</strong></span> <span class='ocrx_word' id='word_1_397' title='bbox 626 3031 782 3078; x_wconf 84' lang='lat' dir='ltr'><strong>solent</strong></span> <span class='ocrx_word' id='word_1_398' title='bbox 822 3029 1031 3093; x_wconf 90' lang='lat' dir='ltr'><strong>objicere</strong></span> <span class='ocrx_word' id='word_1_399' title='bbox 1077 3029 1413 3094; x_wconf 86' lang='lat' dir='ltr'><strong>operationem</strong></span> <span class='ocrx_word' id='word_1_400' title='bbox 1460 3044 1658 3092; x_wconf 89' lang='lat' dir='ltr'><strong>quoque</strong></span> <span class='ocrx_word' id='word_1_401' title='bbox 1698 3027 1980 3074; x_wconf 88' lang='lat' dir='ltr'><strong>intentionis</strong></span> <span class='ocrx_word' id='word_1_402' title='bbox 2027 3026 2415 3073; x_wconf 86' lang='lat' dir='ltr'><strong>remuneratione</strong></span> 
     </span>
     <span class='ocr_line' id='line_1_36' title="bbox 267 3106 2415 3175; baseline -0.002 -18"><span class='ocrx_word' id='word_1_403' title='bbox 267 3111 464 3175; x_wconf 87' lang='lat' dir='ltr'><strong>dignam</strong></span> <span class='ocrx_word' id='word_1_404' title='bbox 498 3127 625 3172; x_wconf 90' lang='lat' dir='ltr'><strong>esse,</strong></span> <span class='ocrx_word' id='word_1_405' title='bbox 664 3111 737 3158; x_wconf 89' lang='lat' dir='ltr'><strong>vel</strong></span> <span class='ocrx_word' id='word_1_406' title='bbox 775 3110 840 3158; x_wconf 87' lang='lat' dir='ltr'><strong>ad</strong></span> <span class='ocrx_word' id='word_1_407' title='bbox 872 3110 1071 3175; x_wconf 86' lang='lat' dir='ltr'><strong>aliquod</strong></span> <span class='ocrx_word' id='word_1_408' title='bbox 1106 3109 1508 3162; x_wconf 87' lang='lat' dir='ltr'><strong>remunerationis</strong></span> <span class='ocrx_word' id='word_1_409' title='bbox 1539 3117 1853 3173; x_wconf 84' lang='lat' dir='ltr'><strong>augmentum</strong></span> <span class='ocrx_word' id='word_1_410' title='bbox 1875 3107 2127 3172; x_wconf 78' lang='lat' dir='ltr'><strong>proficere,</strong></span> <span class='ocrx_word' id='word_1_411' title='bbox 2152 3106 2415 3154; x_wconf 87' lang='lat' dir='ltr'><strong>adtendant</strong></span> 
     </span>
     <span class='ocr_line' id='line_1_37' title="bbox 268 3187 2413 3255; baseline -0.003 -16"><span class='ocrx_word' id='word_1_412' title='bbox 268 3191 402 3255; x_wconf 93' lang='lat' dir='ltr'><strong>quod</strong></span> <span class='ocrx_word' id='word_1_413' title='bbox 435 3192 686 3254; x_wconf 88' lang='lat' dir='ltr'><strong>nugatoria</strong></span> <span class='ocrx_word' id='word_1_414' title='bbox 711 3208 881 3239; x_wconf 88' lang='lat' dir='ltr'><strong>eorum</strong></span> <span class='ocrx_word' id='word_1_415' title='bbox 911 3192 969 3238; x_wconf 85' lang='lat' dir='ltr'><strong>sit</strong></span> <span class='ocrx_word' id='word_1_416' title='bbox 992 3190 1218 3254; x_wconf 87' lang='lat' dir='ltr'><strong>objectio.</strong></span> <span class='ocrx_word' id='word_1_417' title='bbox 1246 3193 1376 3250; x_wconf 86' lang='lat' dir='ltr'><strong>Duc,</strong></span> <span class='ocrx_word' id='word_1_418' title='bbox 1402 3189 1646 3253; x_wconf 91' lang='lat' dir='ltr'><strong>inquiunt,</strong></span> <span class='ocrx_word' id='word_1_419' title='bbox 1676 3189 1808 3236; x_wconf 87' lang='lat' dir='ltr'><strong>bona</strong></span> <span class='ocrx_word' id='word_1_420' title='bbox 1830 3198 1960 3249; x_wconf 90' lang='lat' dir='ltr'><strong>sunt,</strong></span> <span class='ocrx_word' id='word_1_421' title='bbox 1985 3188 2188 3235; x_wconf 89' lang='lat' dir='ltr'><strong>intentio</strong></span> <span class='ocrx_word' id='word_1_422' title='bbox 2217 3187 2345 3233; x_wconf 90' lang='lat' dir='ltr'><strong>bona</strong></span> <span class='ocrx_word' id='word_1_423' title='bbox 2368 3197 2413 3233; x_wconf 87' lang='lat' dir='ltr'><strong>et</strong></span> 
     </span>
     <span class='ocr_line' id='line_1_38' title="bbox 268 3267 2411 3334; baseline -0.003 -17"><span class='ocrx_word' id='word_1_424' title='bbox 268 3271 409 3318; x_wconf 86' lang='lat' dir='ltr'><strong>bonae</strong></span> <span class='ocrx_word' id='word_1_425' title='bbox 432 3272 712 3319; x_wconf 89' lang='lat' dir='ltr'><strong>intentionis</strong></span> <span class='ocrx_word' id='word_1_426' title='bbox 742 3270 961 3330; x_wconf 77' lang='lat' dir='ltr'><strong>effectus,</strong></span> <span class='ocrx_word' id='word_1_427' title='bbox 988 3280 1034 3318; x_wconf 91' lang='lat' dir='ltr'><strong>et</strong></span> <span class='ocrx_word' id='word_1_428' title='bbox 1055 3270 1241 3317; x_wconf 90' lang='lat' dir='ltr'><strong>bonum</strong></span> <span class='ocrx_word' id='word_1_429' title='bbox 1272 3270 1406 3317; x_wconf 92' lang='lat' dir='ltr'><strong>bono</strong></span> <span class='ocrx_word' id='word_1_430' title='bbox 1432 3269 1710 3333; x_wconf 90' lang='lat' dir='ltr'><strong>adjunctum</strong></span> <span class='ocrx_word' id='word_1_431' title='bbox 1735 3269 1842 3334; x_wconf 92' lang='lat' dir='ltr'><strong>plus</strong></span> <span class='ocrx_word' id='word_1_432' title='bbox 1879 3267 2058 3332; x_wconf 91' lang='lat' dir='ltr'><strong>aliquid</strong></span> <span class='ocrx_word' id='word_1_433' title='bbox 2085 3268 2240 3314; x_wconf 84' lang='lat' dir='ltr'><strong>valere</strong></span> <span class='ocrx_word' id='word_1_434' title='bbox 2266 3281 2411 3329; x_wconf 90' lang='lat' dir='ltr'><strong>quam</strong></span> 
     </span>
     <span class='ocr_line' id='line_1_39' title="bbox 272 3350 644 3415; baseline 0.003 -17"><span class='ocrx_word' id='word_1_435' title='bbox 272 3352 460 3415; x_wconf 86' lang='lat' dir='ltr'><strong>singula</strong></span> <span class='ocrx_word' id='word_1_436' title='bbox 483 3350 644 3399; x_wconf 86' lang='lat' dir='ltr'><strong>debet.</strong></span> 
     </span>
    </p>
   </div>
  </div>
 </body>
</html>
