2638 3866
285 217 382 267 788
1204 214 1522 264 APPEme.

282 320 491 380 losophiae
519 334 686 378 semper
710 318 876 362 licuisse
889 349 902 372 ,
931 328 981 360 ut
1002 316 1108 360 alter
1131 316 1320 359 alterum.
1329 316 1453 373 justis
1486 315 1781 360 occasionibus
1810 318 2117 378 reprehendat.
2153 322 2327 366 Colotes
2360 323 2432 366 lo-

285 400 497 459 quacitate
521 399 722 442 notabilis
736 397 852 441 rodit
879 397 1122 452 Platonem,
1144 396 1384 456 principem
1405 395 1712 458 philosophiae,
1743 413 1844 442 cum
1872 398 2018 446 divina
2046 416 2220 445 versans
2253 403 2432 448 fabellas

283 480 575 522 immiscuerit.
602 480 656 521 Et
686 490 803 522 certe
832 478 1005 522 Colotes
1028 477 1085 521 ad
1114 476 1342 520 Platonem
1370 492 1466 520 mus
1498 487 1565 524 cst
1593 476 1650 522 ad
1671 477 1962 538 elephantem.
1995 481 2180 525 Lucilius
2200 483 2398 529 Ennium
2413 516 2426 539 ,

284 560 487 602 Horatius
511 560 722 603 Lucilium
753 559 923 602 lacerat.
949 559 1155 602 Omittam
1175 557 1315 600 fumos
1337 556 1597 613 Gentilium,
1621 569 1664 610 et
1680 559 2029 608 membranulam
2057 562 2182 605 hanc.
2196 562 2435 619 luminibus

283 640 483 683 Ecclesiae
508 639 763 684 venustabo.
794 639 1058 700 Augustinus
1081 649 1124 682 et
1145 638 1454 697 Hieronymus,
1479 639 1701 698 presbyter
1721 648 1772 683 ‘et
1787 680 1790 683 ,
1804 640 2060 701 episcopuS,
2091 642 2257 686 alterno
2287 655 2429 687 rostro

283 737 328 764 se
362 733 559 781 carpunt.
584 720 833 782 Fulgentius
874 736 1021 781 regem
1050 718 1285 779 quemdam
1315 718 1471 762 Africae
1488 730 1627 781 notat
1646 720 1920 777 haereticum,
1954 738 2046 766 non
2074 724 2233 767 veritus
2265 725 2430 785 regiam

281 813 553 862 potestatem,
574 802 680 845 dum
703 801 840 862 diligit
860 801 1098 845 veritatem.
1131 799 1323 842 Julianus
1352 800 1641 860 Augustinum
1666 801 1786 844 laedit
1816 801 2035 847 audacter.
2065 804 2429 860 Abinfeotionef,

279 882 443 942 inquit,
466 883 638 926 haeresis
669 882 787 925 nulla
813 892 856 925 te
878 881 1082 942 purgabit
1111 880 1248 924 herba
1275 880 1467 926 fullonis.
1503 881 1628 924 Solus
1660 880 1914 927 Ambrosius
1943 883 1999 926 ab
2027 885 2149 927 omni
2178 885 2431 945 suspicionis

279 963 457 1007 infamia
489 964 599 1007 liber
637 975 715 1018 est,
754 979 884 1022 quem
920 962 1092 1023 egregio
1125 961 1345 1021 praeconio
1378 961 1601 1006 coronavit
1634 961 1830 1021 Pelagius
1866 964 2061 1022 quamvis
2074 1002 2080 1006 ,
2095 965 2342 1020 haereticus,
2367 965 2431 1009 ita

279 1044 427 1088 dicens
454 1061 463 1088 z
504 1045 756 1087 Ambrosius
800 1044 1035 1086 latinorum
1065 1044 1321 1102 scriptorum
1351 1042 1468 1085 velut
1495 1042 1671 1102 quidam
1694 1041 1773 1085 flos
1799 1030 1968 1087 enituit.
1999 1045 2130 1102 Cujus
2156 1046 2431 1105 puriuimum‘

274 1125 324 1168 in
357 1126 574 1185 scripturis
615 1140 787 1168 sensum
821 1141 902 1168 nec
939 1125 1070 1168 etiam
1098 1124 1295 1167 inimicus
1327 1122 1459 1167 audet
1493 1122 1824 1184 reprehendere.
1863 1125 1909 1168 Si
1938 1126 2069 1186 igitur
2102 1126 2254 1170 Abbas
2288 1127 2431 1187 aliqua

275 1206 440 1250 silenda
455 1207 693 1267 descripsit,
717 1206 823 1269 quid
844 1206 1038 1266 peccavit
1057 1206 1103 1247 in
1125 1220 1200 1248 ore
1223 1220 1322 1248 meo
1344 1205 1515 1259 veritas,
1535 1205 1570 1248 si
1591 1204 1845 1264 extirpanda
1860 1205 2059 1249 notavit?
2075 1207 2168 1251 Nec
2189 1208 2306 1251 enim
2328 1219 2429 1253 ante

274 1286 430 1330 faciem
460 1287 592 1348 gladii
624 1287 756 1330 debet
780 1298 964 1329 tremere
989 1285 1175 1343 justitia,
1199 1300 1280 1328 nec
1309 1295 1408 1328 ante
1429 1296 1654 1345 potentem
1685 1286 1843 1330 veritas
1875 1287 2133 1331 adulationis
2167 1288 2428 1334 chlamidem

273 1367 470 1411 induere.
493 1367 622 1411 Unde
663 1368 824 1410 Seneca
847 1368 1060 1410 Caesarem
1082 1366 1302 1424 alloquens
1335 1381 1346 1408 z
1378 1386 1395 1404 «
1415 1367 1571 1420 Caesar,
1595 1366 1756 1425 inquit,
1779 1367 1854 1426 qui
1872 1379 2022 1411 contra
2043 1379 2086 1412 te
2104 1368 2266 1412 audent
2288 1369 2425 1429 loqui,

272 1449 615 1508 magnitudinem
647 1460 766 1492 tuam
798 1449 1000 1508 ignorant
1025 1463 1036 1491 t
1062 1448 1138 1506 qui
1167 1462 1256 1489 non
1287 1446 1475 1501 audent,
1511 1447 1708 1490 nesciunt
1735 1457 1778 1490 te
1803 1449 2027 1492 hominem
2063 1464 2169 1493 esse.
2187 1470 2207 1488 n
2233 1450 2428 1494 Socrates

270 1546 459 1588 quoque,
484 1546 615 1590 quem
636 1529 848 1589 Apollinis
872 1529 1095 1572 oraculum
1119 1527 1477 1588 sapientissimum
1502 1543 1592 1570 esse
1618 1528 1788 1583 cecinit,
1813 1529 2003 1588 capitalis
2024 1541 2115 1573 erat
2136 1531 2423 1575 auctoritatis:

271 1621 315 1653 et
335 1622 481 1654 tamen
502 1611 752 1654 Aristoteles
778 1610 946 1670 egregie
970 1625 1096 1652 ausus
1119 1620 1183 1652 est
1213 1608 1356 1652 dicere
1377 1624 1388 1652 :
1414 1609 1590 1651 Amicus
1613 1619 1675 1652 est
1701 1609 1894 1652 Socrates
1908 1642 1919 1663 ,
1945 1610 2022 1653 sed
2043 1611 2181 1671 magis
2206 1611 2343 1654 amica
2365 1622 2430 1655 est

268 1692 439 1734 veritas.
456 1692 542 1735 Sed
561 1706 654 1746 cur,
671 1692 884 1750 inquiunt,
906 1690 1079 1750 expleto
1100 1690 1241 1749 primo
1264 1689 1498 1743 volumine,
1512 1689 1765 1743 secundum,
1780 1700 1830 1732 ut
1850 1690 2163 1750 spoponderas,
2183 1707 2274 1735 non
2289 1691 2428 1736 texis?

270 1771 381 1826 Quia
414 1787 615 1831 processu
648 1772 853 1830 temporis
893 1786 1039 1813 meum
1070 1785 1218 1829 sapere
1255 1770 1387 1812 crevit
1424 1785 1434 1812 ε
1468 1780 1513 1812 et
1543 1770 1590 1811 in
1624 1770 1880 1813 sententiam
1914 1770 2095 1814 Abbatis
2130 1771 2359 1831 pedibus,
2377 1783 2426 1816 ut

272 1851 443 1906 dicitur,
481 1853 555 1895 ivi.
588 1851 728 1895 Nolui*
753 1867 844 1894 esse
878 1861 1084 1910 patronus
1129 1849 1415 1909 capitulorum
1445 1849 1716 1906 objectorum
1744 1850 2000 1904 Abaelardo,
2031 1848 2132 1910 quia
2161 1854 2239 1895 etsi
2269 1869 2423 1897 sanum

270 1943 483 1991 saperent,
508 1948 598 1975 non
621 1947 723 1975 sane
746 1930 974 1979 sonabant.
1000 1931 1234 1988 Postquam
1257 1929 1401 1989 igitur,
1426 1929 1643 1988 inquiunt,
1669 1945 1695 1971 a
1716 1930 1905 1973 secundo
1928 1931 2040 1974 libro
2063 1947 2216 1975 manus
2237 1934 2420 1992 torpuit,

270 2028 403 2071 quare
425 2013 615 2072 primum
636 2028 727 2054 non
748 2010 919 2053 rasisti?
941 2010 976 2052 F
978 2010 1154 2053 ecissem
1168 2010 1269 2063 hoc,
1293 2009 1487 2067 inquam,
1510 2009 1593 2051 nisi
1615 2024 1733 2051 cassa
1753 2020 1863 2052 esset
1882 2009 2106 2054 industria.
2131 2013 2423 2057 Remanerent

271 2093 386 2135 enim
407 2093 506 2135 viva
537 2091 822 2151 exemplaria,
848 2107 945 2151 quae
963 2091 1056 2148 jam
1083 2105 1160 2148 per
1180 2099 1318 2132 totam
1344 2088 1572 2131 Franciam
1594 2098 1638 2130 et
1663 2087 1832 2131 Italiam
1853 2103 2177 2135 concurrerent.
2239 2092 2256 2135 i
2276 2093 2432 2154 igitur,-

269 2173 490 2232 inquiunt,
517 2173 777 2233 Apologiam
798 2171 916 2214 illam
931 2170 1127 2231 jugulare
1149 2185 1239 2212 non
1261 2180 1406 2229 poteS,
1433 2167 1592 2211 damna
1611 2168 1680 2211 vel
1699 2169 1858 2213 vivam.
1882 2171 2185 2216 Characterem
2206 2173 2270 2216 rei
2292 2173 2429 2218 fronti·

271 2254 361 2310 ejus
384 2253 536 2313 infige,
552 2265 601 2296 ut
623 2253 763 2296 omnis
785 2253 858 2311 qui
879 2251 1047 2312 legerit,
1068 2251 1174 2294 sciat
1193 2261 1236 2293 te
1259 2260 1383 2292 aetate
1407 2265 1497 2292 non
1518 2249 1696 2304 malitia,
1715 2265 1927 2309 peccasse.
1953 2253 2198 2309 Damnabo,
2223 2254 2418 2315 inquam,

270 2333 345 2376 tali
366 2334 632 2388 conditione,
655 2345 705 2376 ut
723 2335 758 2376 si
780 2333 886 2393 quid
907 2333 954 2375 in
975 2347 1204 2392 personam
1222 2331 1410 2374 hominis
1431 2330 1512 2373 Dei
1534 2328 1640 2382 dixi,
1659 2330 1761 2386 joco
1782 2330 1974 2391 legatur,.
1989 2349 2081 2376 non
2103 2335 2235 2378 serio.

324 2415 433 2458 ‘Non
450 2415 933 2474 refutamus,inquiunt,
957 2413 1183 2456 ratiocinia
1205 2423 1295 2466 tua,
1308 2412 1408 2454 satis
1427 2421 1550 2453 caute
1573 2410 1751 2468 asellum
1770 2427 1994 2457 exoneras.
2019 2414 2106 2457 Sed
2118 2416 2420 2461 Carthusianos

273 2496 471 2539 eremitas
485 2529 496 2551 ,
535 2511 668 2556 genus
701 2495 886 2538 electum
900 2528 910 2545 ,
946 2492 1156 2553 populum
1184 2491 1496 2550 acquisitionis,
1533 2506 1665 2549 quare
1701 2492 1974 2550 inquietasti?
2006 2509 2141 2553 quare
2178 2484 2422 2540 invectione

271 2577 536 2634 perunxisti?
560 2594 637 2620 cur
660 2593 684 2619 a
707 2575 870 2619 cellulis
889 2574 974 2617 suis
998 2571 1266 2615 abstraxisti?
1287 2572 1369 2614 Hic
1388 2570 1556 2631 placide
1578 2572 1880 2632 purgationem
1900 2588 2044 2616 meam
2067 2574 2227 2618 audite.
2254 2577 2424 2636 Impro-

272 2669 395 2715 perat
417 2659 634 2718 Propheta
658 2658 741 2712 eis,
772 2657 846 2716 qui
874 2664 1137 2715 congregant
1162 2668 1348 2706 merces,
1373 2664 1417 2696 et
1444 2652 1752 2696 commendant
1770 2668 1843 2696 eas
1865 2653 2033 2698 sacculo
2051 2666 2225 2715 pertuso
2240 2655 2274 2700 ¹⁴.
2299 2658 2421 2701 Con-

274 2739 512 2797 gregabant
538 2739 674 2782 sancti
701 2736 961 2780 anachoritae
987 2733 1256 2777 Carthusiani
1286 2749 1449 2777 merces
1464 2734 1637 2791 justitiae
1651 2766 1662 2788 ,
1694 2734 1771 2777 sed
1793 2735 2010 2778 sacculum
2028 2738 2258 2796 pertusum
2280 2738 2421 2782 habe-

274 2816 395 2861 bant.
434 2820 586 2862 Curavi
620 2820 841 2862 obstruere
875 2817 1072 2859 foramen
1106 2812 1283 2868 sacculi,
1319 2829 1374 2857 ne
1409 2813 1546 2856 farina
1579 2813 1798 2874 religionis
1830 2816 2075 2874 patentibus
2108 2817 2228 2861 rimis
2266 2819 2419 2863 exiret.

274 2895 404 2940 Volui
424 2915 614 2942 resecare
642 2900 688 2942 in
710 2899 770 2941 eis
790 2896 1122 2940 immoderatam
1142 2894 1360 2938 licentiam
1382 2895 1538 2955 linguae
1551 2911 1660 2954 qua,
1682 2885 1801 2938 velut
1814 2895 1991 2954 quidam
2005 2908 2255 2956 geometrae,
2282 2909 2422 2942 totum

275 2977 428 3020 orbem
448 2979 775 3023 ¹mensurabant.
802 2980 887 3021 Cur
916 2979 988 3020 hic
1009 2992 1107 3020 mea
1127 2977 1263 3036 pietas
1285 2975 1546 3019 crudelitatis
1568 2975 1789 3036 arguitur?
1810 2978 1896 3019 Cur
1924 2977 2096 3020 sedulus
2126 2989 2264 3021 sartor
2296 2979 2423 3022 dissi-

274 3068 400 3118 pator
433 3059 693 3118 appellatur?
727 3059 834 3113 Hic,
867 3059 1066 3116 inquiunt
1080 3089 1091 3110 ,
1127 3056 1261 3098 firmae
1292 3056 1470 3099 rationis
1503 3057 1717 3108 columnae
1746 3057 1954 3101 inniteris.
1991 3057 2078 3102 Sed
2110 3058 2421 3102 Massiliensem

273 3138 396 3182 illum
425 3141 687 3182 monachum
718 3156 794 3182 cur
821 3138 1053 3181 vulnerasti
1084 3152 1217 3196 usque
1241 3137 1298 3179 ad
1317 3137 1533 3180 animam?
1562 3138 1675 3193 Quia
1703 3138 1961 3182 -vulnerabat
1994 3139 2171 3182 anulum
2191 3137 2208 3162 ²
2241 3139 2419 3199 Sponsae

322 3310 328 3326 ¹
343 3306 498 3348 Aggasus,
513 3314 586 3346 cap.
605 3313 636 3345 1,
657 3313 688 3336 v.
706 3305 737 3338 6.
754 3321 795 3327 —
808 3304 820 3322 ²
836 3302 890 3334 Sic
903 3302 1109 3335 Amboesius.
