2638 3866
240 237 344 302 '738
869 262 890 300 .·
1065 256 1233 304 PETRI
1268 257 1579 306 ABAELARm

756 427 1046 492 Differentc'a
1067 430 1434 477 eoelktc'mationlk
1455 429 1523 477 ad
1543 431 1850 479 intellectum.

311 565 418 611 Visa
458 573 619 611 autem
653 581 783 613 nunc
819 564 1087 614 differentia
1112 567 1439 615 intellectuum
1470 569 1532 617 ad
1569 586 1762 617 sensum
1794 578 1842 616 et
1866 569 2256 633 imaginationem
2291 585 2376 616 seu

243 645 385 692 etiam
424 645 687 707 rationem,
732 655 878 694 restat
912 663 1019 695 eam
1066 647 1127 695 ad
1162 648 1558 697 existimationem
1594 659 1640 697 et
1680 649 1926 697 scientiam
1965 650 2219 713 assignare.
2262 649 2377 708 Inde

241 734 401 773 autem
433 726 640 772 maxime
671 726 957 774 existimatio
989 727 1119 775 idem
1143 728 1277 793 quod
1309 730 1573 777 intellectus
1598 729 1789 777 videtur
1809 747 1935 791 esse,
1962 729 2095 795 quod
2118 746 2218 776 non
2252 746 2379 776 nun-

241 821 386 869 quam
419 804 680 869 intelligere
710 823 797 871 per
830 808 1099 855 existimare
1128 807 1357 870 dicimus,
1394 819 1441 857 et
1465 810 1708 875 opinionis
1739 826 1936 871 nomen,
1974 809 2108 875 quod
2138 809 2268 856 idem
2305 818 2376 856 est

240 885 374 950 quod
412 886 720 948 existimatio,
760 886 821 934 ad
863 888 1157 936 intellectum
1191 889 1484 954 quandoque
1521 888 1816 937 transfertur.
1846 890 1941 937 Sed
1978 890 2206 938 differunt
2241 888 2375 954 quod

239 966 506 1013 existimare
529 966 724 1014 credere
749 977 836 1027 est,
865 978 912 1016 et
933 969 1215 1017 existimatio
1238 970 1370 1018 idem
1390 969 1524 1035 quod
1549 968 1803 1017 credulitas
1824 971 1921 1018 sive
1945 969 2088 1031 fides;
2117 969 2378 1033 intelligere

237 1057 397 1094 autem
432 1047 666 1112 speculari
698 1058 768 1095 est
798 1066 885 1113 per
918 1050 1182 1110 rationem,
1216 1050 1313 1097 sive
1339 1051 1403 1097 ita
1432 1049 1686 1097 credamus
1721 1067 1821 1098 esse
1856 1051 1954 1098 sive
1991 1051 2210 1097 minime.
2239 1048 2377 1096 Unde

237 1142 347 1173 cum
370 1126 514 1181 audio
537 1127 632 1174 dici
655 1127 845 1176 «homo
867 1129 1053 1193 lignum
1076 1140 1162 1190 est,
1187 1150 1210 1173 ›>
1237 1147 1338 1177 non
1365 1130 1523 1177 minus
1548 1130 1691 1195 hujus
1713 1131 2058 1197 propositionis
2081 1129 2376 1177 intellectum

236 1207 484 1271 concipio,
511 1208 550 1254 si
573 1217 732 1255 tamen
764 1211 1020 1274 conceptui
1052 1209 1197 1257 fidem
1221 1227 1321 1257 non
1346 1210 1621 1270 adhibeam,
1647 1211 1743 1258 hoc
1767 1221 1838 1258 est
1861 1228 1958 1258 non
1989 1211 2053 1258 ita
2077 1220 2130 1257 ut
2153 1208 2376 1274 concipio

234 1303 335 1333 esse
370 1287 579 1335 credam.
609 1289 779 1336 Omnis
810 1289 973 1354 itaque
998 1291 1082 1354 qui.
1106 1290 1288 1353 aliquid
1311 1291 1568 1351 existimat,
1601 1290 1650 1338 id
1674 1290 1807 1355 quod
1842 1291 2076 1338 existimat
2108 1289 2376 1336 necessario

234 1366 475 1429 intelligit3
507 1384 607 1414 non
633 1378 793 1415 autem
819 1386 844 1416 e
867 1386 1120 1417 converso.
1150 1373 1246 1418 Nec
1273 1370 1368 1417 ulla
1393 1381 1463 1417 est
1488 1371 1789 1431 existimatio,
1817 1371 1909 1418 nisi
1938 1370 1998 1418 de
2021 1387 2080 1417 eo
2106 1369 2239 1434 quod
2260 1385 2378 1433 pro-

233 1447 406 1510 positio
438 1448 596 1496 dicere
627 1448 802 1510 habet,
836 1449 933 1496 hoc
967 1460 1038 1497 est
1066 1450 1126 1497 de
1160 1450 1320 1514 aliqua
1355 1467 1516 1497 rerum
1550 1451 1624 1498 vel
1654 1451 1996 1515 conjunctione
2020 1451 2093 1497 vel
2120 1448 2368 1496 divisione.

235 1527 370 1575 Unde
392 1545 643 1592 nunquam
666 1546 772 1577 eam
798 1530 899 1577 sine
922 1531 1268 1596 propositionis
1291 1531 1532 1579 intellectu
1557 1530 1723 1578 haberi
1748 1541 1951 1579 constat.

701 1694 918 1739 Scientiae
940 1692 1007 1739 ad
1026 1694 1428 1740 exckcimationcm
1449 1695 1544 1740 sive
1568 1694 1878 1742 intellectam.

298 1829 502 1876 Scientia
539 1839 698 1876 autem
729 1846 886 1894 neque
922 1830 1191 1878 intellectus
1226 1841 1296 1878 est
1325 1848 1482 1895 neque
1518 1832 1827 1891 existimatio,
1871 1831 1954 1878 sed
1989 1842 2059 1878 est
2091 1832 2193 1896 ipsa
2227 1832 2374 1878 animi

230 1909 466 1958 certitudo
505 1926 610 1974 quae
644 1926 745 1956 non
787 1910 946 1957 minus
985 1910 1178 1958 absente
1210 1910 1286 1958 vel
1320 1911 1668 1958 existimatione
1705 1911 1779 1958 vel
1818 1911 2060 1958 intellectu
2101 1919 2368 1976 permanet.

230 1989 450 2054 Alioquin
481 1988 775 2038 dormientes
805 1990 1053 2038 scientiam
1084 1991 1386 2049 amitterent,
1418 2009 1529 2038 cum
1552 1991 1824 2039 Aristoteles
1856 1992 2077 2039 scientias
2104 2000 2152 2037 et
2177 1990 2373 2038 virtutes

227 2087 284 2118 ex
304 2070 615 2118 diuturnitate
641 2071 713 2118 sui
743 2071 867 2118 inter
887 2071 1083 2119 habitus
1105 2073 1266 2137 potius
1289 2089 1435 2137 quam
1458 2073 1583 2120 inter
1606 2071 1945 2136 dispositiones
1970 2071 2238 2119 collocavit.
2266 2074 2369 2118 Hoc

227 2150 287 2198 de
311 2151 579 2199 differentia
600 2151 932 2199 intellectuum
954 2152 1016 2200 ad
1039 2154 1341 2219 supraposita
1365 2152 1696 2200 universaliter
1719 2153 1813 2200 dici
1839 2152 2061 2199 sufficiat.

925 2329 997 2372 De
1020 2326 1294 2391 dafferentc'a
1315 2326 1655 2373 intellectuum.

290 2463 427 2507 Nunc
459 2471 618 2508 autem
652 2461 785 2526 juxta
814 2462 1146 2528 promissionis
1180 2472 1355 2510 nostrae
1385 2464 1715 2528 propositum,
1750 2464 1880 2527 ipsos
1909 2461 1972 2509 ab
1996 2462 2202 2509 invicem
2228 2460 2368 2506 intel-

226 2540 374 2588 lectus
410 2552 623 2607 superest
657 2542 909 2606 diligenter
942 2543 1262 2607 distinguere,
1302 2543 1355 2590 ut
1391 2543 1657 2591 secundum
1691 2559 1773 2590 eos
1807 2542 1934 2590 clara
1967 2542 2050 2589 fiat
2087 2555 2368 2588 sermonum

226 2620 463 2668 discretio.
491 2623 896 2687 Distinguendum
920 2631 989 2671 est
1010 2624 1153 2688 igitur
1177 2624 1260 2688 qui
1284 2624 1381 2671 sint
1402 2623 1690 2684 intellectus,
1717 2623 1799 2688 qui
1825 2622 2079 2688 compositi
2103 2630 2149 2668 et
2172 2621 2255 2685 qui
2282 2621 2365 2667 uni

226 2702 365 2763 quive
397 2703 705 2769 multiplices,
739 2704 821 2768 qui
850 2705 991 2752 etiam
1016 2706 1134 2765 sani,
1171 2706 1254 2769 qui
1285 2705 1431 2766 cassi,
1460 2713 1508 2752 et
1531 2705 1614 2769 qui
1637 2704 1736 2751 veri
1769 2703 1846 2750 vel
1881 2703 1983 2751 falsi
2017 2701 2208 2750 dicendi
2238 2701 2332 2747 sint
2350 2737 2362 2758 ,

226 2781 436 2846 quidque
462 2784 586 2831 inter
621 2795 996 2851 componentem
1016 2796 1067 2852 'et
1090 2786 1477 2851 compositorum
1505 2785 1678 2832 referat
1699 2784 2016 2841 intellectum,
2043 2783 2118 2829 vel
2141 2779 2366 2829 dividen-

224 2868 320 2906 tem
342 2871 388 2908 et
411 2862 693 2927 divisorum,
719 2882 803 2912 seu
827 2865 1123 2913 dividentem
1148 2875 1195 2913 et
1221 2866 1598 2913 abstrahentem.

752 3032 850 3089 Qui
866 3029 1130 3076 intellectas
1151 3029 1409 3093 simplices,
1434 3032 1521 3095 qui
1539 3029 1802 3092 compositi.

287 3163 535 3228 Simplices
572 3166 768 3228 quidem
802 3166 1007 3212 dicimus
1041 3163 1337 3225 intellectus,
1376 3165 1498 3212 sicut
1523 3175 1577 3212 et
1608 3164 1845 3228 simplices
1877 3161 2122 3227 quasdam>
2149 3159 2359 3207 actiones

222 3253 303 3290 aut
325 3254 544 3308 tempora
567 3262 672 3308 quae
698 3246 875 3292 scilicet
903 3245 1043 3292 nullis
1067 3245 1434 3292 succedentibus
1462 3245 1551 3291 sibi
1576 3243 1790 3308 partibus
1818 3247 2195 3306 conjunguntur,
2224 3255 2360 3285 com-

225 3323 405 3386 positos
436 3341 550 3371 vero
580 3334 764 3372 contra.
800 3326 931 3372 Sicut
963 3326 1091 3372 enim
1119 3342 1399 3372 sermonum
1430 3326 1514 3387 qui
1548 3323 1815 3370 intellectus
1846 3322 2079 3379 excitant,
2114 3320 2177 3366 ita
2209 3329 2276 3365 est
2313 3327 2359 3363 et
