2638 3866
833 217 889 265 IN
925 217 1258 267 EPISTOLAM
1293 218 1374 266 AD
1409 215 1715 265 ROMANOS.
2259 221 2354 269 239

195 336 286 387 pro
307 318 446 368 malis
468 317 700 367 reddatur
732 317 978 385 operibus.
1005 317 1122 366 Ideo
1145 319 1195 366 in
1215 320 1283 368 eis
1301 317 1432 367 nulla
1452 333 1656 385 operum
1676 318 1906 367 discretio
1925 320 2212 385 requiretur,
2240 322 2351 386 quia

195 401 380 449 nullam
429 398 732 466 intelligendi
777 399 1050 448 Facultatem
1089 399 1321 448 divinitus
1365 408 1674 466 acceperunt.
1718 402 1982 466 Propterea
2023 417 2139 465 ergo
2187 419 2355 450 eorum

196 497 405 548 corpora
436 491 764 530 resurrectura
795 497 898 529 non
923 490 1054 540 sunt,
1085 481 1204 546 quia
1235 498 1329 540 nec·
1358 482 1474 548 ipsis
1506 479 1795 529 animalibus
1826 491 1908 528 aut
1939 483 2137 547 aequitas
2167 493 2247 530 aut
2271 484 2358 531 ini-

196 563 352 628 quitas
375 562 479 622 fuit,
509 579 603 629 pro
622 579 718 628 qua
745 562 813 610 eis
839 571 923 610 aut
953 570 1129 610 aeterna
1158 562 1411 610 beatitudo
1446 562 1505 609 sit
1527 560 1858 622 retribuenda,
1889 563 1963 609 vel
1993 579 2152 628 poena.
2173 583 2196 609 n
2223 564 2354 612 Idem

196 645 244 692 iu
269 643 394 692 libro
419 646 747 706 Qaoescionum
772 646 1018 702 LXXXIII,
1046 659 1154 709 cap.
1183 645 1291 690 xm1
1319 661 1330 690 ι
1355 663 1375 687 α
1400 646 1530 691 Deus
1547 642 1705 708 justus
1728 652 1798 690 est
1821 642 2089 706 gubernans
2115 646 2351 707 universa,

195 724 379 773 nullam
400 741 595 791 poenam
617 726 849 790 cuiquam
873 725 987 773 sinit
1009 725 1252 772 immerito
1278 724 1450 789 infligi,
1479 723 1668 771 nullum
1689 724 1940 789 praemium
1964 725 2205 772 immerito
2231 726 2351 774 dari.

195 806 419 854 Meritum
460 816 627 854 autem
661 823 816 873 poenae
849 816 1131 873 peccatum,
1171 816 1219 854 et
1255 806 1481 853 meritum
1524 805 1710 871 praemii
1747 815 1876 852 recte
1919 805 2097 852 factum
2140 817 2227 854 est.
2264 810 2357 855 Nec

195 896 448 951 peccatum
470 897 554 936 aut
575 897 703 936 recte
727 887 905 936 factum
933 888 1162 954 imputari
1185 887 1412 952 cuiquam
1433 896 1562 934 recte
1585 895 1760 952 potest,
1785 886 1867 950 qui
1885 885 2002 933 nihil
2020 888 2215 952 propria
2236 888 2358 936 fece—

195 966 256 1014 rit
266 966 540 1016 voluntate.
565 971 647 1016 Est
663 985 778 1033 ergo
798 978 846 1016 et
867 978 1121 1035 peccatum
1142 978 1190 1016 et
1212 978 1342 1016 recte
1362 967 1544 1015 factum
1567 967 1616 1013 in
1638 966 1791 1014 libero
1808 966 2071 1014 voluntatis
2094 967 2310 1015 arbitrio.
2330 989 2351 1012 »

264 1049 492 1097 Boethius
513 1059 674 1098 autem
687 1050 813 1098 libro
836 1053 899 1097 111
920 1050 1145 1098 editionis
1165 1049 1390 1098 secundae
1420 1051 1470 1096 in
1493 1048 1899 1109 Perilzermenias,
1929 1048 2047 1113 quid
2072 1050 2128 1096 sit
2151 1049 2357 1098 liberum

195 1129 450 1179 arbitrium
493 1131 746 1195 diligenter
788 1133 1009 1198 aperiens
1045 1133 1111 1180 ait
1143 1150 1153 1178 :
1195 1152 1217 1176 ε(
1251 1134 1348 1179 Nos
1386 1131 1518 1178 enim
1555 1130 1763 1178 liberum
1805 1130 2056 1177 arbitrium
2095 1132 2354 1196 ponimus,

197 1210 330 1259 nullo
356 1212 653 1261 extrinsecus
679 1223 882 1279 cogente
901 1251 912 1271 ‚
938 1214 986 1261 in
1015 1213 1064 1261 id
1089 1213 1220 1279 quod
1248 1230 1339 1279 pro
1375 1211 1518 1260 nobis
1542 1212 1818 1259 faciendum
1842 1211 1917 1258 vel
1955 1228 2055 1258 non
2082 1212 2355 1261 faciendum

144 1307 147 1309 ’
192 1291 525 1355 judicantibus
555 1293 1067 1360 perpendentibusque
1098 1294 1322 1342 videatur
1350 1310 1361 1342 :
1397 1293 1458 1341 ad
1492 1310 1639 1358 quam
1669 1310 1770 1340 rem
1804 1302 2095 1359 praesumpta
2120 1295 2252 1359 prius
2274 1312 2358 1342 co-

196 1373 413 1436 gnitione
449 1373 797 1440 perficiendam
820 1385 868 1423 et
899 1375 1138 1440 agendam
1161 1376 1401 1436 venimuS,
1435 1385 1489 1421 ut
1514 1374 1563 1421 id
1586 1374 1723 1438 quod
1754 1374 1812 1420 sit
1836 1391 1892 1421 ex
1924 1373 2066 1421 nobis
2098 1391 2153 1421 ex
2190 1385 2357 1422 nostro

194 1453 486 1520 principium
496 1455 679 1519 judicio
694 1466 868 1519 sumat,
882 1456 1018 1503 nullo
1034 1457 1328 1504 extrinsecus
1341 1465 1425 1503 aut
1437 1454 1676 1502 violenter
1690 1464 1893 1518 cogente
1907 1463 1991 1502 aut
2009 1455 2319 1520 impediente.
2329 1477 2352 1501 υ

196 1536 315 1581 Item
346 1553 355 1581 :
389 1553 414 1580 c<
439 1538 538 1582 Nos
561 1546 721 1584 autem
747 1536 954 1584 liberum
978 1537 1252 1584 voluntatis*
1271 1536 1524 1584 arbitrium
1551 1553 1652 1583 non
1680 1535 1730 1582 id
1761 1535 1970 1583 dicimus
1993 1535 2127 1600 quod
2155 1538 2359 1601 quisque

194 1614 417 1678 voluerit,
455 1616 539 1663 sed
563 1617 698 1682 quod
734 1618 938 1682 quisque
964 1618 1149 1683 judicio
1180 1628 1226 1665 et
1251 1618 1609 1665 examinatione
1640 1616 1904 1680 collegerit.
1948 1617 2171 1681 Alioquin
2209 1617 2358 1665 multa

195 1712 392 1760 quoque
437 1697 664 1745 animalia
704 1698 956 1745 habebunt
994 1698 1204 1745 liberum
1239 1697 1505 1745 voluntatis
1544 1697 1813 1744 arbitrium.
1859 1697 1941 1744 Illa
1977 1697 2108 1744 enim
2142 1697 2360 1745 videmus

195 1786 368 1842 sponte
397 1777 621 1842 quaedam
653 1778 890 1842 refugere,
925 1778 1219 1843 quibusdam
1250 1788 1423 1844 sponte
1445 1795 1756 1826 concurrere.
1788 1778 1933 1836 Quod
1961 1779 2001 1826 si
2023 1778 2144 1826 velle
2179 1779 2360 1844 aliquid

195 1856 269 1904 vel
299 1857 431 1905 nolle
460 1857 559 1905 hoc
581 1868 710 1906 recte
732 1859 872 1907 liberi
903 1859 1087 1907 arbitrii
1110 1858 1351 1907 vocabulo
1377 1868 1648 1917 teneretur,
1678 1875 1781 1906 non
1806 1859 1963 1907 solum
1986 1859 2083 1906 hoc
2115 1869 2238 1907 esset
2269 1859 2358 1907 ho-

196 1937 356 1996 minis,
385 1938 470 1986 sed
494 1948 776 1987 caeterorum
800 1957 997 2005 quoque
1021 1940 1323 2001 animalium,
1350 1939 1527 2005 quihus
1551 1940 1679 1987 hanc
1701 1940 1842 1988 liberi
1864 1939 2050 1987 arbitrii
2072 1950 2359 2005 potestatem

197 2016 363 2065 abesse
401 2019 510 2084 quis
548 2019 766 2068 nesciat?
795 2020 896 2068 'Sed
930 2030 1002 2068 est
1036 2019 1244 2068 liberum
1277 2021 1547 2081 arbitrium,
1581 2021 1715 2085 quod
1752 2022 1855 2087 ipsa
1889 2037 2087 2086 quoque
2125 2021 2360 2068 vocabula

195 2098 431 2163 produnt,
473 2098 682 2148 liberum
722 2101 866 2148 nobis
899 2101 961 2148 de
1001 2101 1251 2149 voluntate
1281 2102 1538 2166 judicium.
1575 2103 1987 2166 Quotiescumque
2026 2103 2155 2150 enim
2193 2103 2359 2166 imagi-

197 2179 417 2227 nationes
448 2181 613 2228 animo
653 2191 974 2242 concurrunt,
1012 2191 1059 2229 et
1086 2182 1387 2230 voluntatem
1415 2183 1621 2242 irritant,
1654 2199 1735 2229 eas
1769 2183 1893 2230 ratio
1929 2183 2202 2248 perpendit,
2230 2193 2276 2229 et
2300 2182 2359 2229 de

196 2252 272 2306 his
300 2259 517 2323 judicat:
546 2271 593 2308 et
625 2262 762 2327 quod
791 2262 835 2310 ei
864 2263 1036 2310 melius
1058 2262 1250 2310 videtur
1273 2281 1387 2312 cum
1419 2263 1617 2311 arbitrio
1649 2262 1962 2328 perpenderit
1990 2272 2037 2309 et
2062 2263 2361 2326 judicatione

197 2340 470 2404 collegerit,
508 2341 636 2390 facit.
676 2346 832 2408 Atque
866 2343 977 2391 ideo
1012 2343 1236 2408 quaedam
1269 2344 1430 2392 dulcia
1464 2354 1512 2392 et
1547 2344 1756 2410 speciem
1791 2343 2007 2391 utilitatis
2043 2344 2365 2391 monstrantia

197 2421 486 2485 spernimus,
516 2423 749 2488 'quaedam
792 2440 958 2472 amara
1001 2424 1114 2471 licet
1148 2424 1395 2486 nolentes,
1434 2434 1596 2473 tamen
1641 2425 1824 2472 fortiter
1867 2425 2157 2472 sustinemus
2189 2443 2198 2471 :
2236 2424 2359 2472 adeo

198 2517 298 2548 non
338 2502 388 2549 in
418 2503 696 2566 voluntate,
735 2504 816 2552 sed
850 2505 900 2552 in
937 2505 1236 2569 judicatione
1268 2506 1528 2554 voluntatis
1556 2506 1763 2554 liberum
1798 2514 1987 2553 constat
2018 2504 2287 2566 arbitrium,
2313 2516 2359 2552 et

198 2597 298 2628 non
330 2582 380 2629 in
408 2583 772 2648 imaginatione,
802 2586 890 2633 sed
924 2586 973 2633 in
1007 2587 1156 2652 ipsius
1187 2587 1545 2651 imaginationis
1578 2587 1906 2653 perpensione
1937 2586 2169 2633 consistit.
2206 2589 2357 2650 Atque

198 2661 310 2709 ideo
346 2664 653 2728 quarundam
697 2667 944 2714 actionum
982 2684 1073 2715 nos
1110 2668 1200 2733 ipsi
1239 2668 1478 2733 principia
1517 2684 1618 2714 non
1654 2683 1885 2731 sequaces
1924 2683 2107 2714 sumus.
2148 2669 2251 2713 Hoc
2290 2676 2359 2713 est

199 2743 329 2791 enim
353 2745 424 2791 uti
446 2746 651 2807 ratione,
682 2747 751 2794 uti
786 2747 1100 2811 judicatione.
1126 2769 1148 2791 »
1182 2752 1251 2795 Ex
1278 2749 1354 2795 his
1379 2749 1543 2814 itaque
1567 2747 1727 2795 verbis
1759 2747 1950 2794 Boethii
1987 2756 2118 2812 patet
2151 2746 2357 2794 liberum

200 2823 455 2871 arbitrium
488 2825 611 2872 nihil
640 2826 772 2874 aliud
796 2844 898 2875 esse
920 2844 1068 2892 quam
1099 2829 1252 2893 ipsam
1280 2828 1431 2876 animi
1462 2827 1735 2875 facultatem
1772 2827 2074 2875 deliberandi
2106 2844 2162 2875 ac
2191 2827 2360 2892 dijudi-

200 2904 343 2952 candi
378 2905 429 2952 id
469 2906 605 2971 quod
638 2907 755 2954 velit
791 2908 964 2971 facere,
1008 2926 1068 2956 an
1111 2908 1291 2956 scilicet
1322 2909 1382 2955 sit
1416 2894 1718 2970 faciendum,
1757 2925 1818 2956 an
1860 2925 1960 2955 non
1998 2908 2134 2972 quod
2171 2908 2362 2972 elegerit

200 2986 522 3051 sequendum.
566 2987 706 3035 Unde
740 2997 789 3036 et
825 2989 908 3053 qui
942 2989 1062 3036 nihil
1094 2999 1203 3037 actu
1234 2989 1499 3051 deliberat,
1543 2991 1656 3054 quia
1694 2999 1857 3037 tamen
1899 2989 1961 3037 ad
1996 2989 2361 3037 deliberandum

201 3075 341 3132 aptus
364 3078 453 3128 est,
479 3067 634 3116 libero
662 3085 763 3116 non
786 3080 916 3117 caret
939 3069 1153 3118 arbitrio.
1181 3072 1339 3128 Quam
1362 3071 1561 3135 quidem
1587 3071 1861 3118 facultatem
1890 3087 2038 3120 nemo
2068 3071 2170 3118 sani
2194 3071 2361 3135 capitis

202 3147 414 3211 parvulis
437 3148 603 3197 deesse
627 3150 943 3214 contradicet,
971 3152 1070 3199 sive
1093 3151 1284 3200 furiosis
1309 3161 1391 3200 aut
1415 3162 1577 3200 mente
1601 3153 1768 3218 captis,
1801 3151 1895 3216 qui,
1911 3151 2212 3199 discretionis
2233 3150 2360 3213 judi-

251 3311 348 3372 ¹lleg.
369 3333 494 3372 Quoest.
520 3334 639 3376 XXIV,
664 3337 767 3378 Opp.,
783 3342 808 3369 t.
828 3336 887 3377 Vl,
911 3338 972 3370 col.
996 3340 1026 3371 6.
