2638 3866
822 163 1199 214 lNTRODUC'l'lO
1232 165 1315 213 AD
1348 167 1739 217 THEOLOGIAM.
2294 172 2357 222 53

205 284 294 335 per
317 249 584 316 omniassln
611 264 840 314 omnibus
862 265 1066 331 Spiritus
1089 275 1308 328 sanctus,
1334 268 1450 334 quia
1471 268 1539 316 nil
1563 268 1743 335 absque
1767 287 1827 319 eo
1854 281 1942 320 est.
1969 291 1992 317 2>
2017 271 2128 320 Tale
2153 270 2271 338 quid
2297 272 2359 321 de

206 347 436 397 creaturis
459 355 507 396 ct
522 345 584 395 de
598 347 702 396 Deo
719 345 864 394 etiam
884 348 1014 394 Zeno
1038 363 1151 394 cum
1170 348 1342 397 Stoicis
1365 349 1652 415 suspicatur,
1678 368 1823 417 quem
1845 353 2060 419 sequitur
2077 352 2321 419 Virgilius¹
2347 371 2359 400 :

843 520 986 563 Deum
1008 536 1269 580 namque....
1296 522 1359 565 ire
1380 537 1459 583 per
1480 538 1632 567 omnes

626 592 864 652 Terrasque
885 602 1044 636 tractus
1067 608 1150 653 que
1171 594 1380 639 maris....

207 749 268 798 Et
290 747 492 814 reliqua.
516 750 576 797 Et

624 908 840 969 Principio
863 908 1019 953 coelum
1041 926 1090 954 ac
1111 921 1266 967 terras,
1293 926 1551 972 camposque
1571 910 1781 971 liquentes
1794 943 1806 966 ,

624 982 947 1042 Lucentemque
969 981 1149 1043 globum
1169 982 1308 1039 lunae,
1333 983 1587 1043 Titaniaque
1611 994 1721 1027 astra

625 1053 805 1114 Spiritus
829 1055 943 1098 intus
966 1054 1062 1111 alit,
1087 1065 1171 1099 etc.

205 1220 381 1270 Vivere
416 1220 597 1288 quippe
631 1221 682 1269 in
715 1223 821 1269 Deo
857 1232 1032 1271 cuncta
1064 1221 1311 1286 dicuntur,
1347 1232 1402 1270 ut
1430 1240 1575 1290 supra
1606 1223 1934 1283 meminimus,
1971 1223 2238 1272 secundum
2265 1225 2361 1275 hoc

204 1300 341 1368 quod
363 1302 414 1349 in
437 1294 546 1367 ipso
569 1302 705 1352 nulla
726 1298 1072 1367 suntmortua,
1098 1304 1199 1352 hoc
1222 1314 1292 1353 est
1315 1304 1501 1353 inutilia
1517 1343 1530 1368 ,
1558 1304 1643 1353 sed
1669 1305 1873 1353 omniau
1888 1304 2051 1367 tiliter‚
2077 1315 2162 1353 aut
2183 1322 2363 1356 conve-

202 1382 394 1431 nienter
425 1381 544 1431 facta
580 1400 665 1431 seu
698 1383 939 1447 ordinata,
966 1384 1099 1433 unde
1129 1386 1362 1451 scriptum
1393 1388 1482 1433 est²
1509 1405 1519 1432 :
1551 1406 1574 1430 α
1593 1385 1739 1444 Quod
1763 1385 1940 1433 factum
1965 1395 2036 1433 est
2067 1386 2116 1433 in
2141 1386 2246 1452 ipso
2267 1387 2363 1436 vita

204 1473 323 1526 erat,
348 1483 371 1507 >2
397 1463 495 1512 hoc
515 1474 585 1512 est
610 1465 660 1512 in
684 1465 805 1531 ipsa,
834 1476 1096 1531 antequam
1123 1465 1312 1529 fierent,
1339 1466 1646 1532 providentia
1668 1465 1843 1514 divinae
1864 1467 2117 1532 Sapientiae
2142 1484 2361 1515 commo-

203 1542 400 1592 dissime
432 1554 568 1592 erant
604 1545 845 1594 ordinata.
882 1547 1008 1595 Hinc
1040 1563 1235 1595 rursum
1267 1547 1443 1595 dicitur
1476 1544 1489 1594 ε’
1530 1550 1700 1595 «Deus
1733 1547 1810 1595 cui
1843 1547 2006 1595 omnia
2039 1547 2225 1595 vivunt.
2246 1567 2270 1592 »
2304 1549 2363 1596 Et

202 1624 481 1691 Apostolus³
509 1643 519 1673 ε
549 1629 638 1673 «111
661 1643 779 1691 0110,
802 1648 825 1672 »
853 1628 1036 1693 11101111,
1069 1629 1342 1688 «vivimus,
1371 1644 1643 1689 movemur,
1671 1637 1717 1675 et
1740 1644 1924 1675 sumus.
1946 1646 1968 1672 »
1992 1629 2112 1676 Tam
2137 1627 2361 1677 homines

203 1722 351 1771 quam
388 1706 603 1771 pecudes
633 1707 861 1756 vivificat.
895 1709 1043 1773 Cujus
1077 1708 1209 1756 dona
1235 1709 1396 1774 aliqua
1429 1708 1492 1757 ad
1527 1709 1675 1757 vitam
1710 1718 1810 1756 tam
1844 1708 2179 1773 sapientissimi
2215 1725 2363 1774 quam

202 1785 447 1851 simplices
488 1796 632 1854 atque
663 1787 825 1843 idiotae
860 1789 1072 1850 habent;
1108 1789 1239 1838 unde
1274 1790 1406 1838 et'in
1441 1790 1731 1837 Ecclesiaste
1765 1788 1963 1837 dicitur⁴
1990 1807 2000 1836 :
2035 1790 2191 1848 «Quis
2227 1790 2363 1838 novit

202 1867 397 1933 spiritus
415 1866 628 1916 filiorum
656 1869 826 1930 Adam,
847 1880 894 1917 et
919 1871 958 1918 si
982 1870 1440 1934 ascendatsursum,
1468 1881 1516 1919 et
1539 1871 1578 1918 si
1602 1870 1796 1936 spiritus
1812 1870 2148 1935 jumentorum
2166 1869 2365 1918 descen-

204 1947 288 1996 dat
312 1947 578 1996 deorsum?
601 1970 624 1994 >³
651 1949 749 1997 hoc
776 1960 848 1998 est
870 1952 955 2017 qui
979 1951 1073 1999 sint
1097 1951 1421 2018 praedestinati
1445 1951 1507 2000 ad
1528 1951 1696 2013 vitam,
1723 1951 1806 2015 qui
1829 1951 2052 2017 deputati
2074 1950 2136 1998 ad
2160 1959 2364 1999 mortem

203 2028 266 2077 de
284 2030 647 2095 sapientissimis
668 2041 717 2079 et
737 2031 920 2080 idiotis.

270 2112 381 2158 Haec
398 2110 460 2158 de
482 2111 731 2160 Macrobio
754 2112 884 2160 dicta
906 2112 1160 2161 sufficiant.
1183 2114 1231 2160 Si
1255 2113 1364 2178 quis
1388 2122 1551 2160 autem
1572 2129 1649 2159 me
1672 2111 1809 2177 quasi
1831 2111 2164 2176 importunum
2188 2127 2244 2158 ac
2262 2110 2363 2158 vio-

202 2190 391 2238 lentum
414 2192 740 2258 expositorem
766 2204 1010 2256 causetur,
1036 2210 1095 2241 eo
1119 2194 1254 2259 quod
1279 2195 1440 2241 minus
1464 2193 1662 2259 propria
1688 2191 1986 2257 expositione
2012 2191 2075 2239 ad
2098 2190 2244 2239 fidem
2270 2207 2360 2238 no-

204 2279 354 2318 stram
376 2272 527 2320 verba
550 2272 962 2339 philosophorum
985 2273 1320 2339 detorqueam,
1349 2284 1396 2322 et
1417 2273 1516 2321 hoc
1539 2273 1605 2321 eis
1628 2274 1879 2338 imponam
1903 2271 2036 2337 quod
2058 2287 2364 2336 nequaquam

204 2350 298 2417 ipsi
317 2362 589 2411 senserunt,
612 2353 829 2402 attendat
847 2354 976 2402 illam
995 2354 1187 2421 Caiphae
1201 2355 1528 2423 prophetiam¹⁵
1548 2370 1695 2419 quam
1715 2353 1918 2419 Spiritus
1935 2362 2127 2400 sanctus
2151 2368 2237 2417 per
2251 2368 2363 2399 eum

204 2432 427 2496 protulit,
448 2433 593 2500 longe
610 2433 673 2482 ad
692 2434 842 2482 alium
863 2452 1059 2483 sensum
1081 2453 1188 2484 eam
1206 2435 1602 2494 accommodam,
1626 2451 1775 2500 quam
1790 2434 2007 2500 prolator
2023 2434 2124 2499 ipse
2143 2432 2358 2480 senserit.

204 2513 326 2561 Nam
349 2522 397 2561 et
416 2514 570 2562 sancti
589 2502 856 2581 prophetae,
883 2534 996 2574 cum
1016 2516 1179 2582 aliqua
1213 2518 1417 2583 Spiritus
1438 2525 1631 2564 sanctus
1650 2532 1737 2581 per
1762 2532 1846 2563 eos
1867 2514 2109 2579 loquatur,
2137 2529 2237 2560 non
2257 2528 2363 2559 om·

207 2608 293 2640 nes
315 2595 578 2645 sententias
599 2595 662 2643 ad
693 2613 814 2662 quas
839 2614 888 2645 se
920 2597 1107 2645 habent
1138 2598 1285 2647 verba
1310 2614 1397 2646 sua
1419 2596 1718 2661 intelligunt,
1746 2594 1830 2644 sed
1855 2611 1978 2660 saepe
2002 2610 2150 2641 unum
2175 2602 2363 2640 1311111111

212 2672 263 2719 in
284 2674 352 2721 eis
374 2673 576 2736 habent,
600 2693 713 2724 cum
734 2678 938 2743 Spiritus
961 2679 1081 2744 ipse,
1105 2680 1189 2743 qui
1210 2696 1298 2745 per
1317 2696 1401 2727 eos
1424 2677 1655 2742 loquitur,
1678 2676 1852 2723 multas
1871 2674 1937 2721 ibi
1958 2673 2227 2739 provideat,
2250 2688 2364 2738 qua-

206 2761 349 2800 tenus
367 2756 686 2819 postmodum
710 2758 825 2806 alias
843 2758 947 2806 aliis
966 2758 1367 2825 expositionibus,
1389 2768 1436 2804 et
1455 2757 1569 2804 alias
1586 2756 1688 2804 aliis
1706 2755 1923 2820 inspirat.
1949 2753 2088 2802 Unde
2103 2753 2364 2818 Gregorius

206 2832 260 2879 in
276 2835 495 2900 Regi-stro
524 2836 585 2883 ad
603 2839 885 2892 Januarium
902 2839 1186 2904 episcopum
1205 2838 1615 2902 Calaguritanum⁰
1633 2835 1847 2883 scribens
1866 2835 1984 2883 ait⁷z
2012 2857 2035 2880 «
2048 2838 2101 2882 In
2117 2835 2362 2883 intellectu

206 2925 352 2963 sacrae
384 2916 641 2982 Scripturae
672 2919 834 2984 respui
866 2936 968 2966 11011
993 2919 1137 2967 debet
1161 2918 1394 2985 quicquid
1425 2935 1569 2966 sacrae
1597 2916 1711 2965 fidei
1736 2932 1837 2964 non
1862 2916 2052 2964 resistit.
2079 2916 2211 2964 Sicut
2233 2915 2361 2963 enim

207 3011 267 3044 ex
288 3013 391 3044 uno
414 3013 535 3045 auro
558 2998 638 3046 alii
662 3000 965 3060 murenulaS,
992 3000 1071 3049 alii
1089 3001 1321 3062 annulos,
1348 3000 1429 3048 alii
1450 2999 1680 3048 dextralia
1702 2997 1764 3047 ad
1789 3007 2131 3046 ornamentum
2161 2996 2357 3058 faciunt,

250 3176 259 3196 ¹
279 3176 414 3219 Geor9.‚
434 3176 490 3217 lv.
515 3187 546 3212 v.
570 3179 633 3212 218
657 3183 691 3211 et
720 3188 790 3220 seq.
809 3196 850 3205 —
867 3180 878 3199 ²
896 3178 1006 3219 Joan.,
1023 3188 1096 3221 cap.
1115 3188 1146 3221 1,
1167 3189 1197 3212 v.
1216 3181 1248 3212 3.
1321 3178 1534 3211 ralutanum.
1560 3177 1638 3218 Leg.
1658 3176 1711 3210 Aa
1732 3175 1972 3210 Domitianum
1994 3174 2305 3217 metropolitanum.
2321 3189 2359 3197 -

209 3229 270 3253 —³
284 3231 355 3264 Act.
373 3231 505 3273 Apost„
528 3241 601 3273 cap.
626 3241 716 3275 xvii,
734 3243 764 3265 v.
790 3235 844 3267 28.
868 3251 910 3257 -
928 3234 939 3254 ⁴
953 3233 1093 3274 Eccles„
1109 3241 1182 3274 cap.
1201 3241 1250 3272 11¹,
1323 3234 1333 3252 '
1349 3233 1475 3275 Epist„
1492 3233 1551 3265 lib.
1563 3230 1620 3273 111,
1638 3240 1692 3272 ep.
1710 3239 1809 3264 van.

206 3289 242 3318 v.
262 3285 318 3319 21.
338 3302 376 3309 ·-
394 3287 405 3306 ⁵
420 3284 531 3327 Joan„
557 3296 630 3328 cap.
649 3296 685 3327 n,
702 3296 734 3321 v.
750 3290 808 3330 50,
826 3289 878 3322 51.
896 3305 937 3313 -
955 3288 968 3309 ⁶
983 3288 1065 3322 Cod.
1085 3287 1168 3320 Vict.
1190 3286 1253 3320 Ca-
