2638 3866
609 218 825 266 ETHlCA
859 219 967 266 SEU
1002 220 1174 268 LIBER
1210 220 1416 268 DICTUS
1455 238 1467 268 ε
1504 219 1669 268 SClTO
1703 220 1971 269 TElPSUM.
2276 224 2362 271 631

234 324 374 374 minis
390 362 403 387 ,
418 324 685 372 remittetur
709 324 752 372 ei
778 343 790 385 ;
816 325 899 389 qui
920 335 1079 373 autem
1095 325 1267 374 dixerit
1292 335 1461 373 contra
1472 324 1700 391 Spiritum
1732 326 1977 383 Sanctum,
1996 339 2094 370 non
2108 324 2376 374 remittetur

232 405 292 466 ei,
307 421 466 470 neque
488 405 537 452 in
559 404 656 452 hoc
678 405 860 464 seculo,
875 421 1034 470 neque
1063 406 1112 453 in
1139 406 1337 454 futuro?
1360 426 1383 452 »
1413 405 1558 464 Quod
1585 421 1734 470 quare
1755 403 1951 465 diceret,
1979 405 2165 451 Marcus
2189 408 2376 471 aperuit

231 484 419 533 dicens¹
447 503 458 532 z
501 505 523 530 «
544 485 786 543 Quoniam
813 484 1041 533 dicebant
1063 506 1073 533 :
1100 486 1330 551 Spiritum
1353 485 1661 534 immundum
1685 484 1848 533 habet.
1873 504 1896 530 »
1931 487 2034 532 Hoc
2063 495 2222 534 autem
2258 504 2374 552 pec-

231 576 390 614 catum
408 564 605 631 quidem
628 564 1012 631 desperationem
1033 567 1181 613 veniae
1197 565 1392 627 dicunt,
1413 583 1524 614 cum
1545 566 1651 630 quis
1669 565 1892 613 videlicet
1908 565 1973 613 ob
1993 566 2374 629 magnitudinem

231 656 542 711 peccatorum
567 644 741 693 diffidit
767 646 958 711 penitus
986 662 1012 693 a
1042 645 1256 694 bonitate
1285 648 1390 707 Dei,
1427 663 1531 711 quae
1564 663 1650 712 per
1681 646 1910 712 Spiritum
1945 648 2173 693 Sanctum
2208 647 2377 695 intelli-

231 727 376 790 gitur,
413 737 465 774 ut
486 741 578 774 nec
609 726 919 792 poenitendo,
945 726 1019 774 vel
1052 726 1210 792 aliqua
1236 727 1556 775 satisfactione
1580 727 1768 774 veniam
1795 727 1945 791 possit
1976 727 2249 793 impetrare.
2281 730 2375 777 Sed

230 807 270 853 si
300 806 396 855 hoc
430 806 635 855 dicimus
666 822 867 873 peccare
891 807 967 855 vel
998 806 1334 873 blasphemare
1355 808 1405 854 in
1434 807 1687 873 Spiritum,
1713 806 1831 871 quid
1857 807 2074 854 dicemus
2101 823 2302 872 peccare
2327 811 2375 857 in

230 887 401 935 Filium
447 887 690 935 hominis?
728 890 977 946 Quantum
1020 905 1137 937 vero
1179 887 1295 935 mihi
1338 888 1545 950 videtur,
1589 903 1792 953 peccare
1830 887 1906 935 vel
1953 886 2288 954 blasphemare
2328 892 2376 937 in

229 967 403 1016 Filium
447 967 661 1016 hominis
697 967 794 1016 hoc
846 968 957 1017 loco
1002 968 1176 1017 dicitur
1215 968 1503 1017 excellentiae
1548 969 1858 1016 humanitatis
1899 968 2072 1016 Christi
2116 968 2374 1033 derogare,

229 1058 459 1114 tanquam
510 1064 617 1098 eam
665 1066 950 1114 negaremus
994 1052 1095 1099 sine
1134 1059 1332 1117 peccato
1381 1060 1693 1117 conceptam,
1731 1050 1807 1098 vel
1854 1067 1882 1098 a
1931 1053 2035 1098 Deo
2084 1061 2377 1117 assumptam

228 1140 428 1196 propter
461 1129 699 1178 visibilem
738 1131 897 1179 carnis
926 1130 1271 1179 infirmitatem.
1312 1130 1364 1178 ld
1397 1131 1577 1196 quippe
1611 1129 1746 1178 nulla
1775 1129 1987 1178 humana
2020 1130 2208 1178 ratione
2242 1147 2379 1179 com-

228 1210 331 1274 peri
351 1220 558 1276 poterat,
585 1210 670 1258 sed
692 1214 797 1258 Deo
816 1220 1005 1260 tantum
1038 1211 1269 1260 revelanti
1298 1211 1446 1259 credi.
1482 1210 1593 1258 Tale
1622 1220 1693 1257 est
1717 1227 1830 1274 ergo
1854 1210 1988 1274 quod
2014 1210 2104 1258 ait'
2133 1228 2144 1256 z
2179 1231 2201 1255 ι(
2221 1213 2378 1260 Omne

228 1300 482 1355 peccatum
508 1301 557 1339 et
578 1291 879 1357 blasphemia
902 1293 1173 1341 remittetur
1196 1291 1477 1340 hominibus
1500 1310 1510 1338 z
1539 1291 1740 1357 Spiritus
1763 1301 1925 1339 autem
1953 1290 2253 1357 blasphemia
2279 1310 2377 1341 non

228 1372 521 1434 remittetur3
541 1391 563 1417 υ
587 1381 820 1438 tanquam
850 1373 890 1421 si
919 1373 1100 1422 diceret
1123 1392 1134 1420 z
1164 1373 1226 1422 de
1255 1372 1385 1421 nulla
1413 1371 1505 1420 alia
1539 1371 1836 1437 blasphemia
1866 1371 2125 1420 diffinitum
2156 1383 2227 1421 est
2250 1376 2379 1440 apud

227 1454 408 1515 Deum,
449 1453 584 1519 quod
618 1454 763 1502 nullis
798 1454 1081 1502 hominibus
1112 1454 1397 1512 dimittatur,
1435 1454 1525 1501 nisi
1559 1453 1620 1501 de
1653 1454 1766 1512 ista;
1804 1462 1852 1501 et
1888 1454 2180 1520 quicumque
2209 1454 2381 1504 dixerit

227 1533 429 1582 verbum
459 1544 629 1583 contra
661 1535 833 1582 Filium
868 1534 1108 1598 hominis,
1157 1537 1427 1583 remittetur
1460 1535 1534 1595 ei,
1576 1534 1672 1582 hoc
1706 1544 1806 1594 est,
1839 1533 1999 1582 nullus
2035 1536 2116 1601 qui
2149 1539 2380 1603 assumpti

228 1614 439 1662 hominis
470 1615 709 1679 dignitati,
746 1626 799 1663 ut
837 1616 1069 1678 diximus,
1095 1615 1312 1680 deroget,
1349 1625 1549 1681 propter
1581 1615 1679 1663 hoc
1711 1614 2037 1676 damnabitur,
2075 1617 2114 1663 si
2146 1615 2248 1664 aliae
2279 1633 2379 1664 non

228 1696 549 1744 interveniant
573 1696 898 1744 damnationis
926 1713 1096 1744 causae.
1127 1700 1233 1744 Non
1257 1697 1386 1744 enim
1416 1697 1466 1743 in
1497 1696 1592 1743 hoc
1616 1696 1785 1760 aliquis
1807 1705 2090 1762 contemptu
2112 1698 2201 1744 Dei
2225 1700 2380 1745 notari

226 1784 401 1840 potest,
442 1778 481 1824 si
515 1778 766 1826 veritatem
803 1794 891 1843 per
929 1794 1145 1825 errorem
1176 1777 1499 1836 contradicat,
1534 1793 1624 1824 nec
1659 1786 1828 1823 contra
1859 1777 2205 1825 conscientiam
2242 1790 2377 1843 agat,

226 1858 434 1904 maxime
464 1874 576 1905 cum
605 1857 655 1905 id
684 1857 777 1905 tale
800 1858 878 1917 sit,
905 1857 1038 1922 quod
1060 1858 1275 1906 humana
1299 1858 1485 1905 ratione
1507 1857 1779 1922 investigari
1804 1874 1904 1904 non
1930 1858 2098 1923 possit,
2125 1858 2210 1906 sed
2234 1861 2381 1924 magis

226 1938 411 1985 ratione
430 1937 650 1986 videatur
679 1940 996 1986 contrarium.
1025 1938 1364 2004 Blasphemare
1393 1948 1555 1986 autem
1578 1939 1627 1985 in
1657 1938 1907 2003 Spiritum,
1934 1949 2005 1985 est
2021 1939 2085 1986 ita
2108 1956 2256 2004 opera
2281 1957 2382 1988 ma·

225 2017 403 2065 nifestae
447 2019 605 2081 gratiae
636 2020 725 2066 Dei
761 2019 1061 2079 calumniari,
1098 2029 1150 2066 ut
1176 2019 1256 2066 illa
1293 2036 1399 2084 quae
1435 2018 1698 2066 credebant
1730 2035 1817 2083 per
1850 2019 2082 2084 Spiritum
2119 2021 2376 2082 Sanctum,

224 2098 320 2146 hoc
358 2110 458 2160 est,
491 2099 657 2147 divina
693 2099 909 2147 bonitate
943 2100 1319 2148 misericorditer
1356 2099 1483 2160 fieri,
1520 2116 1607 2165 per
1639 2098 1889 2146 diabolum
1919 2109 2080 2147 tamen
2117 2113 2381 2149 assererent

225 2180 320 2243 agi,
354 2189 587 2244 tanquam
620 2180 660 2227 si
690 2181 906 2228 dicerent
932 2181 1068 2228 illum
1107 2197 1252 2245 quem
1283 2181 1514 2246 Spiritum
1546 2180 1635 2227 Dei
1671 2179 1956 2242 credebant,
2004 2197 2106 2228 esse
2149 2182 2379 2246 Spiritum

225 2275 455 2324 nequam,
480 2271 529 2308 et
554 2261 621 2309 sic
646 2263 802 2308 Deum
826 2277 929 2309 esse
952 2261 1219 2309 diabolum.

292 2342 597 2406 Quicumque
612 2341 757 2406 igitur
771 2341 904 2390 sicin
917 2342 1162 2390 Christum
1175 2352 1514 2408 peccaverunt,
1531 2342 1742 2391 dicendo
1759 2342 1938 2390 scilicet
1950 2351 2124 2390 contra
2139 2344 2381 2391 conscien-

225 2422 342 2470 tiam
365 2438 479 2470 eum
501 2423 552 2470 in
571 2422 838 2470 Beelzebub
858 2424 1074 2489 principe
1094 2422 1389 2470 daemonium
1410 2424 1579 2488 ejicere
1598 2424 1855 2483 daemonia,
1881 2424 1946 2472 ita
1965 2441 2163 2490 prorsus
2187 2441 2212 2473 a
2230 2441 2379 2490 regno

224 2503 313 2550 Dei
336 2513 449 2550 sunt
468 2504 744 2570 proscripti,
777 2513 824 2552 et
854 2504 918 2552 ab
947 2505 1049 2569 ejus
1068 2504 1218 2568 gratia
1238 2505 1431 2570 penitus
1454 2502 1650 2567 exclusi,
1677 2514 1731 2553 ut
1754 2504 1916 2552 nullus
1939 2505 2134 2552 illorum
2153 2505 2379 2571 deinceps

224 2599 311 2647 per
325 2584 656 2649 poenitentiam
679 2595 945 2634 mereretur
966 2585 1332 2649 indulgentiam.
1359 2589 1456 2635 Nec
1476 2585 1672 2651 quidem
1696 2601 1928 2651 negamus
1946 2602 2030 2633 eos
2050 2585 2220 2634 salvari
2237 2602 2379 2651 posse

225 2664 261 2709 si
276 2665 580 2728 poeniterent,
605 2665 689 2714 sed
710 2666 1019 2714 solummodo
1041 2682 1124 2715 eos
1147 2665 1354 2715 dicimus
1367 2684 1457 2716 nec
1479 2668 1772 2734 poenitentiae
1789 2676 1923 2714 actus
1942 2677 2242 2715 assecuturos
2255 2684 2373 2715 esse.

272 2871 410 2915 'Marc.,
435 2882 506 2914 cap.
526 2883 581 2916 ιιι,
599 2884 630 2906 v.
649 2876 702 2907 30.
723 2891 759 2897 -
777 2875 788 2893 ²
806 2873 936 2916 matth„
954 2884 1024 2916 cap.
1045 2881 1107 2916 xn,
1129 2884 1159 2908 v.
1181 2877 1231 2908 30.
