2638 3866
809 260 867 309 IN
903 259 1233 309 EPISTOLAM
1267 261 1349 310 AD
1383 260 1689 310 ROMANOS.
2226 262 2322 310 ⁴77

179 365 347 417 tabiles
369 363 651 424 exstiterint,
674 360 822 409 veluti
844 359 936 408 Job
968 360 1174 425 gentilis,
1213 371 1262 409 et
1298 361 1519 411 nonnulli
1544 361 1744 410 fortasse
1766 361 2174 429 philosophorum
2208 378 2322 427 gen-

178 448 316 505 tium,
340 445 423 509 qui
445 441 868 492 continentissimae
885 441 992 489 vitae
1016 441 1210 490 fuerunt
1227 451 1339 490 ante
1355 443 1516 508 ipsum
1543 442 1742 490 Domini
1763 442 2045 492 adventum.
2076 445 2143 491 De
2165 443 2323 508 quali-

177 527 268 576 bus
286 526 475 574 'beatus
509 524 829 587 Hieronymus
861 539 1006 586 super
1038 522 1320 585 Matthaeum
1360 536 1758 572 commemorans·
1779 524 1845 571 ait
1876 542 1886 571 :
1926 545 1949 568 ιι
1984 527 2053 572 Ex
2086 540 2146 573 eo
2188 524 2323 588 quod

179 609 333 657 malus
355 622 519 656 servus
541 619 681 652 ausus
703 612 774 650 est
792 602 976 651 dicere¹
1000 620 1010 649 ε
1032 622 1056 648 «
1075 603 1212 651 Metis
1237 604 1321 652 ubi
1349 620 1451 653 non
1475 604 1743 666 seminasti,
1765 615 1814 652 et
1833 621 2094 670 congregas
2118 604 2202 653 ubi
2222 620 2320 653 non

183 707 207 734 «
233 688 463 755 sparsisti,
487 705 511 731 υ
537 683 843 748 intelligimus
864 684 1032 746 etiam,
1061 684 1278 749 gentium
1297 684 1705 751 philosophorum
1726 685 1909 733 bonam
1931 687 2079 734 vitam
2108 687 2322 750 recipere

180 769 462 827 Dominum,
485 776 532 814 et
551 765 686 815 aliter
703 763 882 813 habere
905 781 989 814 eos
1007 765 1091 830 qui
1113 766 1257 830 juste,
1281 767 1417 815 aliter
1433 783 1519 815 eos
1541 767 1626 832 qui
1639 766 1823 831 injuste
1846 778 2012 832 agunt,
2038 767 2101 816 ad
2123 784 2324 832 compa-

180 849 418 898 rationem
436 847 538 912 ejus
561 846 645 912 qui
668 845 875 893 naturali
895 844 989 910 legi
1013 846 1203 908 serviat,
1221 847 1537 895 condemnari
1553 864 1636 895 eos
1655 847 1740 912 qui
1759 848 1989 913 scriptam
2008 848 2163 912 legem
2175 847 2324 910 negli-

178 939 315 995 gunt.
339 948 363 974 »
390 929 565 978 Metere
586 928 747 993 itaque
769 927 1035 975 Dominum
1057 928 1144 976 ubi
1166 944 1266 976 nou
1290 928 1614 989 seminaverit,
1637 928 1775 992 juxta
1794 929 2162 993 Hieronymum,
2185 928 2324 975 intel-

179 1010 370 1075 ligimus
403 1026 486 1057 eos
520 1009 663 1056 etiam
702 1007 786 1073 qui
821 1024 908 1073 per
941 1007 1210 1056 naturalem
1233 1008 1387 1073 legem
1410 1008 1536 1057 bene
1562 1018 1710 1072 agunt
1731 986 1804 1057 ad
1813 1010 1960 1057 vitam
1983 1009 2234 1073 colligere:
2274 1009 2323 1054 in

179 1090 358 1156 quibus
377 1090 554 1138 scilicet
578 1088 767 1137 nullum
788 1088 1139 1154 praedicationis
1162 1088 1368 1137 verbum
1397 1090 1687 1137 seminatum
1722 1099 1808 1137 est.
1848 1090 1943 1137 Sed
1971 1091 2085 1154 quia
2116 1089 2326 1136 fortassis

180 1172 306 1219 inter
323 1170 644 1237 philosophos
663 1170 803 1236 pauci
824 1170 941 1219 tales
957 1171 1254 1232 exstiterunt,
1282 1172 1420 1236 quasi
1443 1170 1725 1236 generaliter
1759 1171 1863 1218 sine
1895 1171 2171 1234 aliquorum
2189 1185 2324 1217 exce·

181 1252 351 1318 ptione
368 1251 465 1299 hoc
487 1250 547 1298 de
571 1251 640 1299 eis
661 1266 806 1316 supra
828 1250 1014 1299 dictum
1034 1262 1124 1314 est,
1153 1262 1204 1300 ut
1225 1253 1466 1318 sapientes
1504 1252 1665 1300 minus
1688 1251 1749 1300 de
1772 1267 1857 1299 sua
1880 1251 2115 1316 sapientia
2144 1266 2326 1315 praesu-

182 1342 333 1392 mant,
359 1348 465 1397 quae
491 1331 643 1396 magis
674 1330 841 1379 inflare
863 1347 1010 1396 quam
1033 1331 1269 1380 aedificare
1292 1334 1412 1381 solet
1431 1342 1453 1393 ;‘
1480 1333 1585 1398 ipso
1616 1332 1730 1380 alibi
1753 1341 2003 1381 attestante
2030 1329 2258 1396 Apostolo
2275 1333 2290 1355 ²
2311 1348 2321 1376 ε

185 1433 208 1458 «
225 1413 433 1461 Scientia
455 1413 610 1475 inflat,
637 1411 843 1460 charitas
863 1412 1127 1461 aedificat.»
1151 1413 1428 1461 Sufficiebat
1457 1414 1587 1461 enim
1623 1413 1767 1460 etiam
1793 1412 1890 1460 hoc
1926 1411 2037 1459 loco
2073 1410 2327 1476 Apostolus

181 1492 244 1541 ad
270 1493 628 1559 reprimendam
652 1492 909 1558 superbam
934 1496 1264 1542 Romanorum
1284 1495 1533 1559 gentilium
1552 1495 1933 1553 contentionem,
1951 1503 1998 1541 et
2007 1491 2328 1539 humilitatem

182 1573 583 1634 conservandam,
618 1573 873 1622 ostendere
908 1591 994 1640 per
1025 1575 1212 1639 aliquos
1248 1575 1655 1640 philosophorum
1681 1573 1938 1638 gentilibus
1970 1572 2193 1620 notitiam
2231 1572 2328 1619 sive

182 1654 329 1703 fidem
366 1656 454 1703 Dei
490 1655 778 1715 innotuisse,
815 1666 864 1703 et
891 1655 1090 1703 eosdem
1120 1656 1251 1721 ipsos
1285 1654 1399 1703 fidei
1436 1657 1689 1720 magistros
1722 1655 1928 1718 graviter
1958 1653 2241 1717 deliquisse,
2277 1663 2330 1701 ut

182 1752 334 1801 usque
350 1746 397 1784 et
407 1736 470 1783 ad
483 1735 808 1783 idololatriam
819 1753 990 1784 eorum
1001 1737 1185 1784 caecitas
1195 1736 1468 1797 duceretur,
1487 1747 1658 1784 etcum
1669 1752 1861 1784 summo
1871 1734 2154 1782 idololatriae
2169 1750 2332 1781 errore

181 1814 244 1863 ad
268 1833 509 1864 summam
531 1817 677 1864 etiam
704 1817 1020 1881 ignominiam
1048 1817 1156 1864 vitae
1185 1816 1575 1878 devolverentur,
1604 1828 1659 1865 ut
1695 1832 1842 1882 supra
1878 1815 2183 1863 memoravit.
2215 1818 2332 1872 Quae

182 1897 348 1945 omnia
371 1913 567 1963 poenam
589 1914 690 1945 esse
715 1898 898 1963 peccati
916 1897 1150 1963 superbiae
1172 1897 1332 1960 docet,
1359 1909 1413 1946 ut
1435 1898 1708 1946 secundum
1738 1898 2058 1945 intentionem
2090 1897 2333 1961 praesentis

183 1977 423 2044 Epistolae,
450 1995 557 2043 quae
577 1987 680 2026 tota
697 1979 840 2026 etiam
875 1988 1046 2026 contra
1069 1979 1303 2044 superbiae
1327 1991 1508 2045 pestem
1543 1981 1718 2045 scripta
1743 1989 1829 2040 est,
1856 1995 1884 2026 a
1906 1977 2130 2043 superbia
2151 1978 2201 2024 in
2227 1978 2332 2043 ipso

181 2059 340 2106 statim
359 2059 578 2124 Epistolae
604 2059 806 2107 exordio
827 2059 1128 2107 dehortetur.
1154 2063 1300 2108 Poena
1320 2061 1635 2126 praecedentis
1657 2059 1842 2125 peccati
1860 2075 2066 2123 sequens
2083 2068 2334 2123 peccatum

182 2139 374 2200 dicitur,
393 2141 523 2205 justa
541 2141 642 2205 ejus
666 2142 990 2189 remuneratio
1013 2141 1075 2189 ad
1098 2157 1311 2207 poenam,
1332 2159 1445 2190 cum
1471 2159 1527 2190 ex
1548 2140 1834 2208 praecedenti
1852 2149 2050 2204 peccato
2071 2139 2205 2203 quod
2228 2155 2334 2185 cor-

182 2221 335 2285 rigere
373 2221 592 2286 negligit,
623 2232 928 2287 promeretur
965 2222 1137 2287 aliquis
1170 2223 1220 2270 in
1259 2223 1392 2271 aliud
1429 2233 1681 2289 peccatum
1717 2221 1938 2281 devolvi3
1974 2229 2028 2266 ut
2054 2220 2189 2283 juxta
2215 2218 2335 2266 illud

184 2302 506 2367 Αροοαζγμειζς
523 2304 536 2327 ³
554 2321 566 2349 ε
585 2322 607 2348 «
626 2303 723 2361 Qui
741 2303 791 2350 in
814 2303 1040 2351 sordibus
1063 2313 1150 2365 est,
1177 2304 1423 2352 sordescat
1448 2303 1624 2351 adhuc.
1646 2322 1670 2349 »

247 2384 359 2431 Tres
382 2383 432 2430 in
455 2383 551 2431 hoc
573 2384 682 2431 loco
699 2384 986 2448 quaestiones
1009 2395 1288 2441 occurrunt.
1315 2389 1534 2444 Quarum
1550 2385 1747 2449 quidem
1758 2400 1857 2432 una
1879 2394 1967 2444 est,
1994 2383 2111 2448 quid
2129 2383 2187 2430 sit
2203 2382 2335 2444 quod

184 2459 511 2508 idololatriam
535 2461 816 2522 faciat,cum
828 2478 919 2510 nos
940 2463 1082 2510 etiam
1107 2462 1366 2510 Christiani
1383 2463 1618 2511 nonnulla
1636 2463 1685 2510 in
1709 2462 1840 2510 cultu
1864 2462 1952 2509 Dei
1968 2461 2042 2508 vel
2054 2460 2336 2523 angelorum

183 2550 265 2588 aut
277 2547 568 2590 ‘sanctorum
592 2541 851 2589 hominum
877 2543 1118 2609 sculptilia
1137 2544 1236 2591 sive
1252 2544 1463 2609 picturas
1482 2543 1767 2591 habeamus.
1789 2542 1889 2589 Alia
1901 2558 2016 2588 vero
2031 2540 2228 2605 quaestio
2247 2548 2334 2598 est,

186 2640 272 2671 cur
303 2625 477 2672 dicitur
502 2629 632 2673 Deus
673 2626 882 2690 aliquem
915 2644 1006 2692 pro
1043 2626 1423 2692 praecedentibus
1453 2627 1661 2692 peccatis
1696 2627 1744 2673 in
1781 2625 1874 2673 alia
1897 2633 2095 2689 peccata
2130 2622 2335 2682 tradere,

190 2713 335 2769 atque
354 2705 452 2752 hoc
473 2723 529 2754 ex
541 2706 720 2770 justitia
743 2723 899 2771 agere,
925 2723 1038 2754 cum
1062 2707 1240 2754 scilicet
1259 2707 1338 2754 ille
1357 2707 1441 2771 qui
1464 2706 1670 2753 traditur
1691 2705 1787 2752 hoc
1809 2704 2000 2751 meruit.
2023 2706 2195 2749 Utrum
2211 2705 2340 2749 Deus

190 2802 388 2850 quoque
413 2796 584 2834 auctor
605 2786 681 2855 vel
703 2803 848 2834 causa
877 2787 1062 2852 peccati
1086 2787 1163 2847 sit,
1187 2804 1299 2834 cum
1319 2786 1649 2833 subtrahendo
1675 2786 1875 2849 gratiam
1894 2800 2050 2845 suam,
2077 2800 2189 2830 eum
2209 2798 2340 2830 com-

193 2866 373 2931 pellere
405 2867 468 2914 ad
498 2867 802 2931 peccandum
834 2868 1070 2927 videatur,
1097 2868 1180 2931 qui
1211 2883 1268 2915 ea
1297 2868 1541 2915 subtracta
1574 2884 1603 2914 a
1632 2875 1831 2932 peccato
1854 2865 1946 2913 sibi
1969 2865 2168 2911 minime
2191 2863 2343 2928 possit

193 2962 390 3009 cavere3
414 2946 831 3011 quemadmodum
854 2948 893 2994 si
909 2948 1015 3011 quis
1042 2949 1086 2994 ei
1112 2947 1196 3012 qui
1225 2958 1295 2995 est
1317 2949 1441 2995 inter
1463 2948 1637 2994 fluctus
1657 2947 1707 2993 in
1730 2946 1871 3005 navi,
1906 2946 2067 2994 navim
2092 2943 2343 2992 subtrahat

195 3043 488 3093 quacunque
511 3028 571 3075 de
589 3044 750 3085 causa,
772 3037 819 3075 et
835 3044 948 3075 eum
970 3027 1038 3074 ibi
1060 3027 1282 3090 dimittat,
1309 3046 1420 3076 eum
1439 3028 1658 3094 profecto
1678 3043 1777 3074 non
1802 3025 2062 3091 compellit.
2083 3025 2237 3072 Tertia
2257 3040 2340 3071 au-

195 3116 293 3154 tem
317 3117 387 3155 est
416 3108 632 3172 quaestio,
659 3107 909 3172 quomodo
929 3108 1112 3171 justum
1133 3110 1192 3156 sit
1210 3109 1361 3174 impio
1380 3109 1645 3156 Dominum
1666 3107 1947 3155 subtrahere
1969 3107 2167 3170 gratiam
2185 3120 2337 3162 suam,

201 3203 296 3250 qua
333 3187 580 3236 subtracta
611 3188 690 3236 ille
719 3188 929 3236 deterior
952 3188 1036 3236 fiat
1075 3199 1120 3237 et
1148 3189 1353 3255 amplius
1386 3199 1579 3254 peccet,
1606 3189 1698 3235 nisi
1731 3188 1873 3236 etiam
1900 3187 2083 3251 justum
2118 3185 2178 3232 sit
2208 3183 2341 3230 illum

244 3373 249 3391 ¹
266 3371 396 3414 Μυκη,
415 3383 486 3415 cap.
506 3383 588 3416 xxv,
605 3384 635 3409 v.
656 3376 709 3409 24.
725 3393 761 3400 --
776 3374 814 3407 ²1
834 3375 977 3410 Corinth
994 3401 1003 3418 ‚
1016 3385 1088 3419 cap.
1106 3385 1174 3418 vm,
1191 3386 1223 3411 v.
1243 3379 1272 3411 ι.
1286 3378 1349 3401 —-³
1363 3377 1476 3418 Apoc„
1492 3385 1565 3418 cap.
1582 3385 1667 3418 xxn,
1688 3385 1721 3409 v.
1740 3377 1789 3410 11.

351 3447 383 3470 11
2129 3433 2178 3469 93
