2638 3866
866 199 923 250 IN
957 199 1288 248 EPlSTOLAM
1324 201 1406 249 AD
1441 199 1744 248 ROMANOS.
2295 199 2386 246 197

233 303 490 353 reddentes
517 318 623 367 quae
658 316 745 349 sua
773 311 901 349 sunt.
938 300 1072 349 Absit
1118 302 1267 361 enim,
1309 309 1362 348 ut
1387 300 1644 349 credamus
1677 298 1937 347 Ecclesiam
1973 315 2002 347 a
2038 299 2197 365 primo
2233 298 2385 347 electo

233 400 386 450 usque
408 382 472 432 ad
496 382 814 430 novissimum
835 382 885 429 in
907 381 1150 446 aliquibus
1165 381 1334 430 saltem
1358 381 1581 431 fidelibus
1617 396 1716 428 non
1751 389 2178 446 perseveraturam,
2207 396 2315 445 quae
2341 391 2384 428 et

232 475 344 522 ante
366 466 522 529 legem
548 463 725 511 multos
747 473 793 511 et
817 472 926 529 post
948 462 1101 527 legem
1119 462 1298 528 plures,
1325 463 1446 511 sicut
1469 473 1517 511 et
1541 463 1701 528 ipsum
1726 462 1809 526 qui
1833 461 1964 509 hunc
1985 462 2228 509 Psalmum
2254 477 2386 509 coin-

232 546 412 611 posuit,
442 555 489 593 et
510 543 601 592 sub
629 544 778 608 gratia
808 535 989 608 colligit
1017 543 1213 591 multos.
1252 543 1391 591 Unde
1427 553 1475 591 et
1507 544 1557 591 in
1588 543 1696 608 ipso
1733 541 1944 589 adventu
1970 542 2167 590 Domini
2196 541 2296 605 jam
2330 558 2386 589 ex

232 627 442 675 maxima
471 636 607 692 parte
637 626 688 673 in
723 624 868 673 Israel
899 624 1021 673 facta
1051 626 1283 685 caecitate,
1324 623 1590 671 nonnullos
1622 622 1825 686 legimus
1854 639 2126 687 superesse,
2155 621 2286 670 velut
2309 622 2386 669 Si-

231 723 476 768 meonem,
504 710 717 767 Annam,
746 716 888 771 atque
909 707 1062 772 ipsam
1086 705 1285 753 Domini
1317 715 1522 753 matrem
1544 721 1656 752 cum
1678 719 1859 768 sponso
1885 719 1973 750 suo
2006 702 2202 769 Joseph,
2232 713 2279 751 et
2305 719 2387 768 pa-

231 797 355 836 trem
370 799 420 836 et
445 798 651 837 matrem
674 789 873 836 Joannis
900 788 1118 853 Baptistae
1139 804 1251 835 cum
1275 787 1399 852 ipso,
1427 788 1560 852 Saepe
1582 795 1746 833 autem
1766 800 1878 831 cum
1903 783 2079 831 dicitur
2112 804 2135 828 ι(
2159 784 2335 844 omnis,
2363 808 2381 827 ι)

231 869 305 917 vel
332 890 354 913 «
373 869 533 917 nullus
549 907 561 931 ,
589 889 612 915 »
642 886 742 917 non
765 868 1067 934 generaliter,
1094 867 1180 915 sed
1199 867 1262 916 ad
1285 868 1546 915 maximam
1566 877 1753 932 partem
1787 864 1980 912 dicitur.
2007 863 2166 912 Veluti
2191 865 2227 911 si
2256 863 2384 914 dica-

233 959 308 998 tur
330 950 392 998 de
414 951 622 1010 civitate,
648 950 697 998 in
717 967 815 1015 qua
834 950 976 1015 pauci
991 958 1104 997 sunt
1120 949 1259 1009 boni,
1287 965 1458 996 omnes
1482 947 1596 995 mali
1618 955 1730 995 sunt
1746 946 1830 1011 qui
1853 946 1901 992 in
1927 962 1984 993 ea
2003 944 2223 993 habitant
2250 963 2260 991 ε
2291 945 2383 1003 vel,

231 1031 350 1079 nulli
368 1031 488 1079 boni
510 1032 688 1080 suntin
712 1048 786 1079 ea.
809 1031 934 1078 Hinc
955 1040 1026 1078 est
1043 1029 1162 1078 illud
1186 1029 1469 1093 Hieronymi
1487 1027 1555 1076 acl
1574 1032 1843 1075 Damasum
1861 1043 2042 1092 papam
2063 1025 2125 1073 de
2150 1025 2250 1073 filio
2274 1043 2386 1092 pro-

231 1110 343 1176 digo
372 1131 381 1158 :
415 1113 563 1172 «Fili,
590 1122 641 1160 tu
665 1117 853 1178 semper
890 1128 1079 1159 mecum
1104 1128 1171 1171 es,
1211 1121 1258 1159 et
1291 1110 1455 1157 omnia
1491 1126 1600 1158 mea
1628 1119 1711 1157 tua
1742 1117 1870 1156 sunt.
1901 1126 1925 1152 »
1959 1106 2188 1172 Nunquid
2228 1107 2387 1172 Angeli

229 1191 438 1240 Throni?
480 1193 656 1241 Omnia
691 1210 806 1257 ergo
833 1192 1053 1256 intelligit
1084 1191 1324 1257 Propheta
1354 1191 1548 1256 eloquia
1585 1190 1774 1251 divina,
1802 1188 2071 1237 secundum
2100 1186 2218 1235 illud
2255 1189 2388 1252 quod

228 1289 352 1338 saepe
374 1274 702 1340 exposuimus,
727 1274 894 1321 omnia
919 1290 1019 1320 non
1044 1272 1106 1320 ad
1127 1283 1286 1320 totum
1322 1290 1424 1321 esse
1460 1271 1787 1331 referendum,
1817 1269 1901 1317 sed
1933 1269 1996 1318 ad
2019 1278 2205 1335 partem
2232 1270 2383 1316 maxi-

230 1371 358 1402 mam
378 1373 388 1401 :
416 1364 468 1402 ut
483 1359 511 1416 ¹,
543 1374 564 1400 «
587 1357 771 1402 Omnes
790 1354 1181 1414 declinaverunt3
1205 1375 1226 1397 »
1251 1365 1295 1401 et
1316 1356 1345 1415 ²,
1375 1356 1592 1401 «Omnes
1614 1353 1698 1418 qui
1717 1362 1828 1400 ante
1843 1367 1920 1398 me
1938 1359 2175 1398 venerunt
2196 1349 2387 1397 fuerunt

229 1435 355 1483 fures
374 1446 422 1484 et
444 1435 673 1484 latrones.
697 1456 720 1479 »
743 1438 801 1483 Et
819 1437 852 1494 ³,
883 1456 904 1478 c<
925 1434 1165 1482 Omnibus
1189 1435 1354 1482 omnia
1385 1434 1537 1482 factus
1559 1451 1685 1490 sum,
1715 1443 1767 1480 ut
1791 1449 1961 1480 omnes
1983 1430 2332 1479 lucrifacerem.
2360 1453 2382 1475 »

229 1518 289 1564 Et
303 1518 333 1576 ⁴,
368 1536 390 1561 ι(
416 1519 597 1564 Omnes
621 1533 729 1581 quae
754 1532 838 1564 sua
863 1526 1103 1581 quaerunt,
1134 1532 1232 1562 non
1264 1532 1370 1580 quae
1392 1518 1505 1562 Jesu
1529 1514 1724 1562 Christi.
1747 1533 1772 1558 »
1801 1516 1963 1572 Quare
1991 1521 2151 1559 autem
2191 1527 2291 1559 non
2329 1513 2388 1558 sit

222 1606 379 1660 justus
398 1597 673 1661 quisquam,
697 1597 947 1662 supponit.
986 1617 1009 1641 (ι
1040 1597 1164 1654 Quia
1186 1613 1287 1643 non
1311 1606 1382 1643 est
1412 1595 1682 1659 intelligens
1719 1595 1986 1642 Dominum
2021 1602 2103 1640 aut
2139 1593 2387 1656 requirens

229 1677 406 1742 ipsum.
425 1697 449 1720 »
482 1680 590 1725 Non
608 1687 679 1726 est
698 1677 969 1741 intelligens
987 1678 1273 1737 Dominum,
1301 1676 1351 1723 id
1373 1687 1460 1736 est,
1489 1691 1590 1723 non
1616 1684 1752 1722 curat
1765 1675 1867 1739 ejus
1889 1673 2136 1739 promissis
2155 1672 2230 1723 vel
2248 1673 2390 1719 minis

229 1757 497 1817 attendere,
524 1759 640 1822 quia
666 1758 887 1806 animalis
908 1757 1061 1805 homo
1094 1774 1196 1805 non
1235 1758 1437 1823 percipit
1472 1774 1527 1804 ea
1552 1773 1658 1821 quae
1686 1765 1799 1803 sunt
1832 1755 2036 1820 Spiritus
2065 1753 2171 1815 Dei,
2204 1753 2288 1800 sed
2322 1764 2391 1801 est

228 1838 350 1886 sicut
378 1855 532 1904 equus
556 1849 603 1887 et
628 1838 807 1899 mulus,
828 1838 1005 1904 quibus
1026 1855 1128 1886 non
1153 1848 1225 1886 est
1247 1838 1533 1886 intellectus.
1560 1840 1617 1884 Et
1636 1837 1749 1902 quia
1776 1853 1877 1883 non
1903 1845 1974 1883 est
1999 1834 2267 1899 intelligens
2291 1838 2387 1882 Do—

226 1919 434 1981 minum,
462 1921 614 1968 nescit
637 1920 882 1986 requirere
907 1928 1020 1968 eum
1043 1937 1131 1987 per
1154 1919 1510 1986 poenitentiam,
1546 1935 1694 1984 quem
1722 1918 1882 1966 amisit
1911 1934 1998 1983 per
2030 1915 2383 1980 negligentiam.

226 2003 384 2058 Quam
406 2002 606 2067 quidem
632 2002 973 2068 negligentiam
996 2002 1227 2062 annectit,
1251 2002 1435 2062 dicens,
1471 2003 1694 2048 «Omnes
1714 1999 2093 2047 declinaverunt.
2127 2018 2151 2042 »
2186 2000 2292 2044 Hoc
2319 2008 2388 2044 est

225 2082 441 2130 studium
464 2100 626 2144 suum,
650 2084 817 2131 relicto
841 2086 965 2144 Deo,
986 2092 1334 2131 converterunt
1357 2081 1420 2129 ad
1444 2081 1692 2141 saeculum,
1722 2091 1770 2128 ut
1788 2097 1878 2145 pro
1900 2078 2247 2145 temporalibus
2264 2095 2381 2126 con-

226 2172 498 2211 temnerent
513 2174 709 2225 aeterna‚
730 2175 874 2230 atque
892 2166 955 2212 ita
979 2181 1150 2212 omnes
1170 2164 1366 2230 pariter,
1392 2173 1492 2211 tam
1512 2161 1663 2210 Judaei
1688 2161 1867 2210 scilicet
1887 2177 2034 2226 quam
2048 2162 2244 2218 Gentes,
2270 2179 2291 2204 «
2310 2159 2383 2205 in-

228 2242 365 2291 utiles
388 2244 479 2291 sibi
507 2245 617 2292 facti
641 2254 770 2292 sunt.
790 2266 811 2288 n
827 2248 980 2293 Nemo
1001 2246 1184 2311 quippe
1204 2255 1303 2293 tam
1326 2245 1522 2309 iniquus
1539 2253 1627 2302 est,
1648 2252 1699 2290 ut
1722 2243 1926 2290 omnino
1949 2240 2130 2287 inutilis
2144 2239 2252 2287 fiat:
2272 2257 2381 2287 cum

226 2323 338 2388 ipsis
361 2325 506 2372 etiam
532 2325 668 2373 malis
690 2328 836 2385 Deus,
872 2336 924 2373 ut
955 2325 1141 2373 dictum
1176 2336 1265 2386 est,
1301 2326 1484 2392 optime
1517 2334 1698 2384 utatur,
1730 2324 1851 2370 sicut
1881 2321 2093 2386 nequitia
2124 2321 2258 2368 Judae
2289 2322 2386 2368 sive

226 2403 423 2453 diaboli.
455 2409 506 2454 In
534 2424 633 2455 uno
658 2408 840 2473 quippe
866 2417 914 2455 et
930 2407 1106 2455 eodem
1132 2407 1276 2465 facto,
1307 2417 1354 2455 et
1371 2409 1502 2454 Deus
1519 2409 1673 2467 Pater,
1701 2415 1748 2453 et
1771 2403 1932 2463 Filius,
1963 2412 2010 2450 et
2038 2402 2184 2449 Judas
2207 2418 2385 2467 coope-

226 2483 316 2531 rati
337 2493 466 2531 sunt.
489 2486 614 2543 Quia
637 2488 774 2533 Pater
793 2485 983 2545 Filium,
1010 2495 1058 2532 et
1075 2485 1221 2533 Filius
1245 2486 1476 2550 seipsum,
1501 2494 1549 2531 et
1572 2483 1719 2531 Judas
1742 2481 1940 2530 tradidit
1963 2481 2247 2528 Dominum.
2274 2483 2384 2526 Tra-

226 2562 344 2611 ditio
378 2565 475 2626 illa,
515 2582 662 2630 quam
692 2576 740 2613 et
772 2565 920 2614 Judas
950 2576 1175 2631 operatus
1207 2577 1294 2629 est,
1322 2581 1637 2614 communem
1657 2564 1877 2611 omnium
1907 2560 2291 2625 redemptionem
2317 2570 2385 2606 est

226 2656 439 2709 operata.
467 2649 554 2694 Per
576 2647 972 2712 praedicationem
994 2646 1193 2712 quidem
1215 2647 1339 2694 Petri
1356 2646 1567 2711 apostoli
1585 2644 1734 2709 aliqui
1754 2642 1976 2690 conversi
2000 2651 2113 2688 sunt
2136 2650 2182 2687 et
2198 2640 2379 2687 salvati.

225 2725 357 2773 Judae
376 2743 489 2773 vero
513 2728 782 2793 nequitiam
806 2729 856 2775 in
880 2728 1084 2776 salutem
1107 2728 1329 2775 omnium
1351 2727 1591 2774 Dominus
1613 2724 1868 2771 convertit.
1910 2722 1982 2768 Ad
2001 2721 2236 2785 majorem
2261 2720 2386 2768 utili·

225 2815 371 2854 tatem
397 2807 539 2854 nobis
563 2808 691 2855 malo
711 2808 846 2855 istius
880 2825 1029 2872 quam
1053 2808 1180 2855 illius
1213 2807 1348 2854 bono
1375 2806 1541 2854 divina
1565 2821 1651 2852 usa
1680 2814 1751 2851 est
1775 2803 1939 2867 gratia.
1974 2800 2164 2849 Diaboli
2187 2818 2384 2866 quoque

224 2888 489 2952 nequitiam
520 2889 627 2952 quis
649 2887 835 2936 dubitet
874 2905 903 2935 a
934 2892 1038 2935 Deo
1064 2904 1257 2953 semper
1280 2887 1407 2934 bene
1430 2885 1663 2944 ordinari,
1695 2900 1806 2931 cum
1831 2892 1877 2930 et
1901 2883 2000 2949 ipse
2024 2882 2142 2930 nihil
2167 2882 2255 2929 nisi
2280 2885 2383 2929 Deo

198 2955 202 2958 .
224 2969 532 3033 permittente
555 2968 714 3026 faciat,
739 2968 816 3015 vel
840 2968 1092 3034 puniendo
1116 2985 1242 3028 reos,
1265 2967 1341 3015 vel
1357 2966 1611 3033 probando
1623 2965 1797 3029 justos,
1819 2963 1894 3010 vel
1909 2962 2147 3027 quidlibet
2162 2962 2382 3027 agendo?

229 3049 366 3097 Unde
390 3059 438 3097 et
461 3059 673 3116 potestas
698 3048 825 3096 illius
844 3066 946 3097 non
967 3049 1059 3096 nisi
1090 3048 1219 3113 justa
1252 3065 1354 3096 esse
1388 3056 1564 3112 potest,
1602 3046 1724 3094 sicut
1757 3044 1982 3092 voluntas
2005 3044 2130 3091 illius
2158 3061 2258 3091 non
2293 3044 2384 3090 nisi

223 3129 399 3193 injusta
428 3148 437 3176 ε
469 3131 553 3195 qui
589 3147 615 3178 a
638 3130 852 3185 Domino
880 3139 1186 3196 potestatem,
1223 3123 1254 3177 a
1286 3146 1335 3177 se
1371 3145 1486 3175 vero
1509 3126 1656 3175 habet
1672 3126 1988 3174 voluntatem.
2027 3127 2134 3172 Non
2156 3134 2227 3172 est
2251 3124 2378 3171 enini

271 3317 278 3334 ¹
298 3315 525 3358 Psalm.x1u‚
550 3326 579 3349 v.
599 3319 629 3350 3.
648 3334 689 3341 —-
705 3318 715 3336 ²
730 3315 840 3357 leam,
866 3324 936 3357 cap,
963 3326 1001 3355 x,
1025 3325 1054 3348 v.
1072 3318 1161 3349 8.-
1178 3315 1215 3348 ³1
1236 3314 1405 3354 Corinth„
1427 3323 1498 3355 cap.
1517 3323 1568 3356 ix,
1586 3323 1617 3346 v.
1635 3315 1688 3347 22.
1705 3330 1743 3336 —
1763 3316 1771 3332 ⁴
1788 3311 1960 3353 Philipp,
1978 3319 2048 3351 cap.
2069 3318 2109 3351 ιι,
2131 3319 2158 3341 v.
2180 3311 2231 3341 21.
