2638 3866
266 242 363 289 376
1071 239 1243 287 PETRI
1278 240 1593 288 ABAELARDI

266 341 514 406 disputans
535 340 720 386 inducit
740 338 904 387 dicens
917 343 929 366 ¹
956 358 967 386 ε
991 360 1014 383 «
1035 343 1233 388 Hermas
1250 342 1334 405 qui
1355 341 1500 389 latine
1517 341 1782 389 Mercurius
1805 341 1997 401 dicitur,
2017 340 2201 406 scripsit
2222 338 2399 387 librum

264 422 347 487 qui
380 420 670 484 Logostilcos
705 421 987 486 appellatur,
1023 421 1072 468 id
1098 432 1169 468 est
1192 421 1406 469 Verbum
1438 423 1727 487 perfectum3
1755 423 2006 471 audiamus
2033 421 2149 486 quid
2175 420 2399 485 loquatur

263 501 323 548 de
349 500 506 547 Verbo
546 499 776 564 perfecto.
810 519 833 545 «
854 502 1105 558 Dominus,
1149 503 1332 565 inquit,
1376 511 1423 549 et
1454 503 1674 549 omnium
1703 502 1850 549 factor
1883 506 2097 550 Deorum
2132 499 2397 549 secundum

267 601 288 622 «
315 580 578 626 Dominum
604 579 728 627 fecit.
762 582 904 627 Hunc
928 581 1037 628 fecit
1062 581 1271 646 primum
1295 592 1342 630 et
1363 582 1519 629 solum
1545 592 1594 630 et
1617 598 1798 630 verum.
1835 586 1996 630 Bonus
2021 590 2182 628 autem
2205 581 2248 628 ei
2270 580 2398 627 visus

265 680 286 702 «
315 669 384 705 est
406 669 450 706 et
467 659 770 725 plenissimus
790 661 1009 708 omnium
1031 661 1292 709 bonorum.
1310 665 1510 709 Laetatus
1523 672 1612 722 est,
1631 672 1678 709 et
1699 662 1834 709 valde
1850 662 2013 710 dilexit
2029 678 2139 708 eum
2152 671 2397 724 tamquam

263 759 285 783 α
316 741 614 804 unigenitum
649 758 805 787 suum.
833 760 856 786 »
882 745 997 789 Item
1022 742 1115 789 alio
1140 741 1247 789 loco
1280 742 1395 789 dicit
1426 760 1436 787 :
1470 763 1493 785 «
1514 742 1656 789 Filius
1686 742 1926 790 benedicti
1960 742 2046 790 Dei
2082 752 2224 805 atque
2257 739 2398 787 bonoe

262 839 285 864 α
313 820 587 878 voluntatis,
624 822 759 884 cujus
792 838 972 870 nomen
999 839 1097 869 non
1120 832 1278 887 potest
1298 822 1513 869 humano
1539 838 1622 868 ore
1651 823 1849 870 narrari.
1875 841 1898 867 »
1934 823 2220 885 Augustinus
2253 836 2397 884 quem

256 900 415 966 primo
454 900 631 947 factum
670 901 805 963 dixit,
847 913 1014 968 postea
1054 903 1353 966 unigenitum
1390 902 1664 967 appellavit.
1709 906 1954 961 Quantum
1999 901 2302 967 plenissimus
2338 900 2397 947 sit

255 980 500 1028 Johannes
539 982 835 1045 Evangelista
868 983 1007 1030 dicit²
1038 1001 1047 1028 :
1086 1003 1108 1026 «
1133 986 1204 1031 De
1238 982 1540 1048 plenitudine
1575 983 1675 1046 ejus
1708 1000 1876 1031 omnes
1908 983 2196 1048 accepimus.
2215 999 2239 1026 »
2268 983 2396 1028 Deos

257 1071 436 1122 autem,
473 1061 569 1108 hoc
601 1072 671 1109 est
706 1063 929 1111 animalia
963 1063 1212 1111 rationalia
1248 1063 1538 1110 immortalia
1571 1063 1847 1128 philosophi
1881 1063 2096 1129 planetas
2134 1078 2218 1110 seu
2252 1061 2394 1108 etiam

255 1141 492 1189 mundum
529 1142 687 1207 ipsum
723 1160 895 1191 vocare
930 1153 1303 1203 consueverunt,
1345 1142 1475 1190 unde
1513 1153 1560 1190 et
1601 1144 1842 1209 Propheta
1877 1144 2029 1191 solem
2061 1153 2107 1190 et
2144 1142 2310 1189 lunam
2347 1150 2394 1189 et

253 1231 410 1268 cetera
447 1221 661 1268 militiam
694 1223 800 1270 coeli
824 1234 983 1284 vocat,
1015 1240 1200 1271 morem
1238 1223 1483 1287 gentilium
1515 1233 1720 1283 secutus,
1758 1225 1842 1288 qui
1870 1225 1936 1271 eis
1966 1234 2212 1287 tamquam
2237 1231 2394 1269 recto-

254 1299 388 1348 ribus
417 1301 514 1347 suis
544 1311 592 1348 et
622 1303 978 1366 protectoribus
1004 1305 1100 1351 suis
1137 1302 1469 1350 immolabant.
1507 1306 1694 1351 Horum
1730 1314 1890 1351 autem
1923 1303 2126 1351 deorum
2157 1300 2394 1350 excellen-

251 1382 396 1428 tiores
426 1381 555 1445 juxta
594 1383 841 1430 Platonem
862 1401 1081 1431 summus
1105 1387 1234 1431 Deus
1263 1383 1324 1431 de
1348 1384 1588 1431 creatione
1623 1383 1832 1432 hominis
1867 1384 2082 1432 facienda
2111 1383 2388 1447 alloquitur,

248 1462 385 1526 quasi
415 1463 579 1509 omnia
605 1480 708 1528 quae
735 1464 783 1511 in
807 1475 932 1512 terra
956 1464 1182 1512 deorsum
1206 1463 1328 1510 fiunt
1346 1480 1374 1510 a
1397 1465 1727 1529 superioribus
1749 1482 1835 1530 per
1857 1466 2067 1512 occultas
2089 1465 2388 1528 planetarum

248 1557 302 1589 ac
318 1542 529 1589 siderum
546 1553 736 1591 naturas
757 1545 1164 1592 administrentur.
1188 1547 1258 1592 Ita
1274 1545 1404 1591 enim
1421 1544 1561 1591 dicit³
1581 1562 1591 1590 :
1619 1545 1731 1593 «Dii
1755 1545 1975 1603 deorum,
1994 1561 2204 1609 quorum
2228 1542 2389 1608 opifex

247 1621 375 1668 idem
393 1633 623 1687 paterque
646 1641 751 1687 ege,
770 1642 918 1690 opera
930 1643 1018 1672 vos
1038 1625 1278 1690 siquidem
1303 1641 1410 1672 mea
1429 1625 1724 1673 dissolubilia
1747 1636 1934 1684 natura,
1959 1642 2035 1672 ine
2049 1635 2208 1672 tamen
2222 1624 2287 1670 ita
2303 1639 2392 1670 no·

246 1700 372 1748 lente
406 1702 777 1763 indissolubilia,
810 1715 902 1752 etc.
926 1726 949 1749 ι»
986 1705 1061 1752 Ad
1092 1706 1187 1752 hoc
1211 1715 1258 1751 et
1278 1705 1396 1752 illud
1424 1705 1630 1769 pertinet
1658 1705 1792 1769 quod
1818 1706 1868 1752 in
1901 1715 2073 1752 octavo
2100 1703 2156 1750 de
2195 1705 2393 1751 Ciuitate

251 1783 341 1827 Dei
366 1781 426 1828 de
449 1782 700 1830 Platonicis
724 1784 921 1831 dicitur*
945 1804 955 1832 ε
989 1806 1011 1828 «
1029 1786 1277 1844 Omnium,
1301 1786 1543 1849 inquiunt,
1571 1785 1850 1832 animalium
1867 1786 1916 1832 in
1940 1785 2115 1849 quibus
2139 1793 2208 1831 est
2232 1784 2392 1831 anima

245 1861 489 1909 rationalis
513 1864 747 1928 tripertita
776 1865 946 1912 divisio
970 1875 1067 1925 est,
1093 1866 1142 1912 in
1175 1865 1320 1926 deos,
1355 1865 1604 1926 homineS,
1631 1865 1889 1911 daemones.
1930 1868 2144 1912 Deorum
2170 1863 2306 1911 sedes
2339 1863 2388 1910 in

245 1941 385 2001 coelo,
418 1941 673 1989 hominum
704 1946 752 1990 in
786 1955 934 2005 terra,
966 1947 1012 1991 in
1039 1962 1147 1992 aere
1177 1945 1471 1992 daemonum.
1493 1964 1516 1989 »
1550 1933 1609 1991 Et
1639 1945 1826 1992 Boetius
1856 1962 1999 2009 super
2022 1944 2346 2008 Porphyrium
2372 1962 2387 1990 .·

247 2040 270 2064 «
292 2022 739 2088 Quandocumque,
778 2025 953 2090 inquit,
993 2029 1150 2073 Deum
1185 2025 1504 2091 subponimus
1542 2025 1765 2084 animali,
1802 2025 2068 2073 secundum
2108 2025 2389 2088 opinionem

246 2116 350 2148 eam
376 2102 590 2162 facimus,
626 2121 731 2167 quae
754 2105 906 2152 solem
931 2106 1184 2170 stellasque
1209 2115 1352 2170 atque
1385 2105 1516 2152 hunc
1538 2115 1694 2152 totum
1724 2105 1962 2152 mundum
1989 2105 2258 2152 animatum
2287 2119 2388 2151 esse

242 2181 511 2242 confirmat,
529 2200 652 2247 quos
666 2185 808 2232 etiam
826 2186 1030 2234 deorum
1047 2187 1245 2234 nomine
1267 2186 1645 2251 appellaverunt.
1671 2204 1693 2230 »
1711 2189 1878 2233 Beatus
1897 2195 2057 2232 autem
2080 2184 2383 2248 Augustinus,

244 2262 378 2324 quod
421 2263 595 2310 dicitur
642 2264 703 2311 de
742 2267 843 2313 sole
876 2276 923 2313 et
958 2267 1127 2314 ceteris
1158 2266 1431 2314 coelestibus
1471 2265 1788 2313 luminaribus
1829 2281 2135 2330 nequaquam
2175 2263 2386 2311 refellere

242 2341 402 2403 audet,
441 2343 524 2390 sed
555 2343 646 2390 sibi
673 2345 911 2392 incertum
941 2363 1041 2394 esse
1067 2347 1335 2412 profitetur,
1375 2356 1536 2393 utrum
1571 2346 1792 2393 videlicet
1822 2345 2021 2410 quidam
2051 2354 2260 2392 rectores
2290 2343 2387 2407 spi-

243 2421 362 2468 ritus
396 2422 486 2469 illis
523 2424 685 2484 insint,
725 2442 812 2490 per
842 2443 966 2490 quos
999 2427 1143 2474 etiam
1166 2427 1485 2487 vivificentur,
1521 2435 1568 2473 et
1599 2426 1732 2490 quod
1756 2425 1974 2473 mirabile
2009 2425 2143 2472 dictu
2174 2423 2382 2482 videtur,

242 2499 358 2548 dicit
390 2503 532 2550 etiam
566 2520 616 2551 se
649 2504 887 2568 ignorare,
926 2516 1085 2553 utrum
1119 2506 1220 2553 haec
1255 2522 1451 2570 quoque
1485 2507 1755 2570 pertineant
1789 2505 1852 2552 ad
1884 2505 2159 2551 societatem
2193 2518 2380 2560 eorum,

242 2597 364 2645 quos
399 2600 487 2630 nos
517 2582 761 2631 christiani
786 2587 982 2650 angelos
1014 2586 1088 2632 vel
1114 2586 1327 2633 coelestes
1357 2586 1549 2650 spiritus
1578 2585 1812 2646 dicimuS,
1852 2584 1983 2631 unde
2018 2584 2067 2630 in
2109 2579 2383 2629 Enchirz‘dio

242 2660 303 2708 ita
340 2662 479 2709 dicit⁵
518 2681 528 2710 :
570 2682 592 2708 «
621 2666 791 2712 Utrum
828 2665 1110 2729 Archangeli
1146 2666 1446 2731 appellentur
1471 2665 1695 2726 Virtutes,
1733 2674 1780 2711 et
1812 2663 1930 2729 quid
1966 2664 2090 2710 inter
2123 2679 2174 2709 se
2207 2661 2383 2708 distent

246 2741 407 2800 Sedes,
440 2744 537 2789 sive
561 2745 944 2806 Domiuationes,
974 2747 1073 2794 sive
1101 2747 1412 2811 Principatus,
1438 2747 1538 2792 sive
1564 2749 1840 2804 Potestates,
1863 2744 2025 2792 dicant
2050 2743 2132 2807 qui
2159 2750 2379 2808 possunt,

244 2820 283 2865 si
305 2829 465 2868 tamen
490 2834 689 2886 possunt
712 2826 920 2889 probare
945 2826 1078 2889 quod
1107 2826 1291 2873 dicunt.
1320 2828 1421 2888 Ego
1445 2842 1522 2872 me
1549 2826 1639 2873 ista
1660 2826 1881 2889 ignorare
1899 2823 2148 2889 profiteor.
2174 2820 2269 2869 Sed
2291 2836 2381 2867 nec

244 2897 360 2944 illud
395 2911 578 2948 certum
600 2903 776 2964 habeo,
804 2915 967 2953 utrum
999 2906 1062 2954 ad
1094 2906 1314 2953 eamdem
1339 2906 1618 2952 societatem
1641 2905 1912 2970 pertineant
1939 2903 2010 2952 sol
2035 2913 2084 2950 et
2103 2902 2218 2949 luna
2249 2909 2296 2947 et
2317 2899 2379 2946 si-

243 2976 384 3038 dera,
419 2983 635 3043 quamvis
669 2987 902 3033 nonnulla
936 2987 1096 3034 lucida
1129 3004 1230 3034 esse
1261 3002 1491 3051 corpora,
1519 3002 1619 3032 non
1645 3002 1756 3031 cum
1791 3001 1934 3031 sensu
1966 2982 2042 3031 vel
2071 2978 2379 3043 intelligentia

242 3056 510 3106 videantur.
549 3063 617 3108 Ne
639 3064 743 3125 quis
775 3064 895 3112 forte
929 3067 1075 3113 sacris
1103 3066 1317 3113 eruditus
1351 3064 1518 3113 litteris
1549 3065 1807 3112 abhorreat
1836 3057 2070 3111 Hermetis
2103 3057 2379 3127 philosophi

285 3263 435 3301 'Contra
465 3267 613 3310 quinque
645 3269 800 3312 haereses,
831 3283 903 3314 cap.
930 3283 976 3307 ιιι.
1005 3275 1112 3323 σωκ,
1143 3281 1166 3309 t.
1191 3276 1274 3310 vnl.
1352 3264 1495 3311 civitate
1520 3277 1605 3316 Dei,
1631 3276 1689 3309 lib.
1706 3274 1791 3314 vul,
1814 3283 1886 3312 can·
1912 3281 1985 3306 xu-
2004 3271 2222 3311 -⁵A¹¹8¹¹⁵¹·
2253 3268 2376 3302 ΕΜΜ·

277 3318 431 3362 ·³.l,oan.,
455 3331 527 3363 cap.
551 3331 582 3363 1,
608 3333 639 3356 v.
667 3325 716 3357 16.
734 3326 856 3359 -31η
879 3328 1016 3361 Timaeo.
1042 3346 1081 3352 —
1102 3329 1112 3349 ⁴
1129 3329 1212 3370 Aug.
1239 3330 1279 3362 de
1351 3331 1480 3374 ridion,
1499 3340 1572 3372 cap.
1592 3338 1679 3363 utu.
1699 3330 1802 3371 opp„
1819 3332 1844 3361 t.
1862 3326 1917 3360 Vl.
