2638 3866
578 229 792 277 ETHlCA
827 229 933 277 SEU
969 229 1142 277 LlBER
1175 229 1379 278 DlC'l'US
1418 247 1430 275 x
1462 229 1627 277 SClTO
1665 228 1929 277 TEIPSUM.
2279 226 2375 275 623

231 331 415 378 sionem
441 329 692 392 adulterii,
724 345 871 395 quam
894 329 1273 395 superfluitatem
1295 330 1409 393 cibi,
1435 332 1509 379 lex
1537 331 1722 391 divina,
1763 340 1816 378 ut
1839 329 2060 390 arbitror,
2088 328 2263 376 docere
2288 345 2376 375 nos

231 420 404 476 potest,
441 426 546 475 quae
584 409 646 457 ad
688 408 817 457 aliud
855 409 1156 474 puniendum
1203 411 1384 459 nullam
1421 429 1576 477 poeuae
1613 411 1980 459 satisfactionem
2015 409 2241 470 instituit;
2281 409 2375 456 hoc

231 508 346 539 vero
381 508 481 539 non
513 490 724 557 qualibet
746 506 907 556 poena,
939 490 1022 538 sed
1046 507 1243 539 summae
1276 493 1444 540 mortis
1476 493 1735 540 afflictione
1763 491 1981 540 damnari
2010 490 2237 539 decrevit.
2264 492 2374 549 Quo

229 574 360 619 enim
389 572 594 620 charitas
626 570 851 638 proximi,
886 586 1034 635 quam
1062 572 1319 636 Apostolus
1345 593 1367 615 «ε
1391 573 1740 638 plenitudinem
1759 571 1875 636 legis
1916 593 1938 616 »
1980 571 2139 633 dicit¹,
2172 570 2380 636 amplius

229 652 434 713 laeditur,
460 653 611 716 magis
635 661 807 700 eontra
829 667 936 699 eam
959 651 1116 716 agitur
1139 662 1185 700 et
1208 652 1413 717 amplius
1434 662 1676 718 peccatur.

294 733 441 792 Quod
466 734 505 781 si
534 732 597 781 ad
627 732 758 781 hunc
786 732 990 781 modum
1019 732 1219 796 singulis
1246 733 1512 781 venialibus
1538 734 1716 799 pariter
1745 743 1792 780 et
1822 731 2151 780 criminalibus
2176 732 2382 797 peccatis

227 813 436 862 invicem
474 813 682 874 collatis,
721 812 864 860 simul
896 813 1042 861 etiam
1072 823 1173 861 tam
1205 814 1295 862 ista
1325 814 1492 862 omnia
1529 830 1674 879 quam
1705 813 1783 861 illa
1817 812 2037 861 conferre
2071 812 2292 869 velimus,
2328 820 2379 858 ut

228 894 432 942 omnino
472 893 650 942 seilicet
689 894 958 942 satisfacere
995 894 1257 956 valeamuS,
1302 910 1609 959 nequaquam
1648 893 1850 958 refugio.
1895 897 2138 941 Ponamus
2175 909 2289 957 ergo
2330 902 2379 939 ut

227 974 400 1039 aliquis
427 990 606 1041 magno
636 975 797 1023 studio
826 974 888 1023 ab
913 974 1140 1022 omnibus
1163 973 1429 1023 venialibus
1451 983 1617 1023 caveat
1642 975 1849 1041 peccatis
1883 985 1929 1022 et
1960 973 2093 1021 nulla
2115 972 2379 1020 criminalia

226 1064 363 1103 curet
394 1056 562 1118 vitare,
598 1065 645 1104 et
673 1072 786 1103 cum
810 1055 888 1104 illa
911 1056 1077 1103 omnia
1100 1065 1290 1116 caveat,
1317 1055 1413 1103 hoc
1435 1066 1720 1121 praesumat}
1754 1056 1862 1121 quis
1889 1071 2002 1103 eum
2034 1055 2082 1101 in
2109 1053 2206 1101 hoc
2227 1053 2380 1101 levius

225 1152 424 1200 peccare
442 1135 696 1201 judicabit,
726 1146 810 1185 aut
833 1136 1084 1184 meliorem
1108 1153 1227 1196 esse,
1255 1136 1295 1183 si
1314 1136 1415 1184 haec
1437 1153 1710 1202 praecavens
1733 1136 1812 1184 illa
1839 1132 2090 1183 incurrat?
2111 1134 2379 1182 Collatione

225 1217 388 1282 itaque
426 1216 552 1266 facta
580 1227 680 1266 tam
713 1217 1032 1283 singulorum,
1067 1227 1121 1265 ut
1154 1216 1380 1275 diximus,
1418 1233 1566 1281 quam
1601 1217 1822 1264 omnium
1850 1217 1993 1265 simul
2026 1216 2232 1263 invicem
2268 1232 2379 1281 pec-

224 1307 442 1346 catorum
460 1336 473 1359 ,
509 1299 695 1364 liquere
731 1298 956 1359 arbitror,
997 1315 1099 1345 non
1139 1298 1311 1346 melius
1349 1298 1426 1345 vel
1471 1298 1667 1362 majoris
1689 1297 1996 1363 perfectionis
2035 1314 2136 1345 esse
2174 1296 2377 1343 venialia

224 1389 420 1443 peccata
453 1396 643 1439 cavere,
683 1396 829 1445 quam
865 1379 1149 1427 criminalia.
1190 1379 1239 1426 Si
1269 1380 1379 1443 quis
1414 1389 1593 1439 tamen,
1631 1396 1743 1426 cum
1778 1379 1858 1427 illa
1891 1379 2103 1444 primum
2138 1378 2373 1436 vitaverit,

222 1459 325 1508 haec
344 1460 680 1526 postmodum,
713 1470 767 1508 ut
787 1470 997 1526 oportet,
1016 1460 1167 1508 vitare
1186 1459 1413 1520 valuerit3
1439 1460 1489 1507 in
1511 1460 1608 1508 hoc
1630 1459 1828 1525 quidem
1856 1459 2008 1507 fateor
2025 1459 2253 1506 virtutem
2275 1458 2376 1522 ejus

225 1540 287 1587 ad
321 1541 666 1606 perfectionem
702 1541 1001 1606 pervenisse;
1042 1557 1133 1588 nec
1171 1548 1332 1588 tamen
1367 1540 1476 1588 ideo
1513 1540 1781 1606 posteriora
1799 1578 1811 1597 ‚
1852 1540 1901 1587 in
1933 1539 2110 1604 quibus
2148 1555 2376 1586 consum-

222 1622 372 1669 matio
391 1622 579 1670 virtutis
609 1622 852 1682 consistit,
879 1631 995 1669 sunt
1026 1619 1269 1687 prioribus
1298 1621 1615 1686 praeferenda,
1651 1637 1742 1668 nec
1765 1630 1899 1668 tanta
1922 1619 2242 1667 retributione
2266 1628 2376 1666 sunt

222 1700 385 1766 digna.
420 1704 554 1768 Saepe
594 1718 806 1767 namque
828 1702 878 1749 in
906 1701 1188 1767 operatione
1211 1701 1411 1766 alicujus
1432 1700 1619 1749 aedificii
1644 1702 1803 1748 minus
1836 1709 1986 1764 agunt
2018 1700 2100 1764 qui
2123 1698 2376 1765 perficiunt

220 1783 398 1847 ipsum,
432 1799 579 1848 quam
608 1783 692 1848 qui
718 1791 859 1830 antea
890 1782 1077 1848 operati
1107 1791 1235 1844 sunt,
1267 1791 1315 1830 et
1342 1782 1427 1846 qui
1463 1791 1675 1829 extremo
1707 1797 1863 1829 assere
1882 1781 1932 1827 in
1957 1779 2377 1828 consummatione

222 1863 381 1928 operis
406 1864 565 1929 posito
589 1864 748 1929 ipsum
768 1861 1041 1928 perficiunt,
1071 1871 1125 1910 ut
1146 1862 1214 1909 sic
1246 1861 1423 1910 domus
1448 1862 1661 1928 perfecta
1684 1862 1783 1921 fiat,
1817 1877 1924 1927 quae
1945 1859 2065 1908 dum
2094 1860 2372 1926 imperfecta

219 1943 325 2005 suit,
354 1943 530 1992 domus
553 1961 677 2010 opus
700 1960 803 1992 non
827 1953 944 1992 erat.

285 2023 514 2072 Sufficere
535 2024 634 2072 huc
658 2041 810 2089 usque
832 2023 1043 2072 arbitror
1075 2040 1166 2071 nos
1189 2022 1252 2070 ad
1274 2020 1602 2086 cognitionem
1626 2025 1811 2090 peccati
1825 2061 1837 2084 ,
1864 2032 2099 2088 quantum
2130 2022 2372 2069 memoriae

220 2106 448 2166 occurrit,
482 2104 745 2168 laborasse,
768 2115 823 2152 ut
841 2121 901 2152 eo
933 2104 1105 2152 melius
1130 2104 1287 2152 caveri
1311 2104 1476 2168 possit,
1510 2121 1610 2169 quo
1637 2103 1910 2168 diligentius
1940 2103 2185 2169 cognitum
2210 2102 2366 2149 fuerit.

220 2184 331 2232 Mali
364 2186 544 2251 quippe
578 2185 747 2234 notitia
779 2186 910 2250 justo
944 2184 1109 2233 deesse
1143 2201 1244 2232 non
1282 2194 1466 2249 potest,
1495 2201 1586 2232 nec
1618 2201 1787 2234 cavere
1821 2186 1928 2250 quis
1957 2184 2125 2232 vitium
2162 2183 2254 2231 nisi
2288 2199 2370 2231 co-

220 2265 407 2328 gnitum
435 2265 577 2313 valet.

1046 2510 1302 2571 CAPUT
1358 2511 1546 2570 XVII.

944 2658 1001 2695 De
1037 2665 1289 2708 peccatorum
1325 2655 1656 2696 reconciliatione.

285 2780 341 2824 Et
371 2778 603 2843 quoniam
636 2780 828 2845 plagam
862 2780 1034 2828 animae
1066 2780 1463 2841 monstravimus,
1497 2779 1759 2827 curationis
1791 2776 2059 2825 remedium
2090 2775 2369 2824 studeamus

218 2858 499 2919 ostendere3
526 2858 657 2907 unde
679 2860 799 2907 illud
825 2861 1105 2925 Hieronymi
1125 2878 1135 2907 :
1158 2879 1181 2905 «
1200 2862 1244 2907 O
1258 2859 1461 2919 medice,
1477 2860 1516 2907 si
1529 2859 1709 2926 peritus
1728 2875 1795 2916 es,
1812 2859 1934 2906 sicut
1946 2857 2148 2923 posuisti
2169 2872 2365 2905 causam

218 2939 401 3001 morbi,
428 2940 494 2988 ita
525 2939 684 2987 indica
720 2938 955 2987 sanitatis!
989 2960 1011 2985 υ
1034 2943 1156 2988 Cum
1191 2940 1335 3005 igitur
1353 2939 1602 3006 peccando
1634 2942 1792 2988 Deum
1814 2938 2123 3000 offendimus,
2150 2947 2369 3003 superest

216 3020 392 3085 quibus
425 3021 469 3068 ei
498 3020 657 3068 modis
687 3020 988 3068 reconciliari
1011 3021 1264 3086 possimus.
1300 3024 1412 3069 Tres
1434 3022 1598 3086 itaque
1626 3031 1738 3068 sunt
1766 3020 1815 3068 in
1838 3019 2230 3070 reconciliatione
2251 3035 2366 3084 pec·-

215 3102 388 3149 catoris
409 3100 472 3149 ad
493 3104 669 3163 Deum,
697 3100 980 3148 Poenitentia
999 3102 1196 3163 seilicet,
1225 3102 1495 3163 Confessio,
1522 3101 1808 3151 Satisfactio.

262 3320 393 3360 ¹R0m.‚
417 3330 489 3361 cap.
513 3330 584 3361 xm,
607 3331 638 3354 v.
658 3323 709 3355 10.
