2638 3866
914 247 1257 297 THEOLOGIA
1305 249 1652 297 CHRISTIANA
1662 286 1673 296 .
2282 250 2380 297 489

225 350 344 399 nitio
373 348 686 409 constitutivi,
722 345 814 395 alia
842 345 1049 406 divisivi,
1075 348 1195 395 sicut
1219 358 1264 396 et
1291 365 1403 396 cum
1435 349 1641 397 dicimus
1672 348 1914 396 infinitum
1944 347 2078 396 aliud
2110 348 2380 397 secundum

226 440 434 496 tempus,
473 427 605 476 aliud
641 425 911 476 secundum
947 443 1241 488 mensuram,
1280 429 1411 476 aliud
1439 429 1707 477 secundum
1740 428 2098 477 multitudinem
2132 438 2180 477 et
2205 439 2379 493 cetera,

225 509 358 559 aliud
383 507 675 557 diffinitione
697 508 977 575 accipimus.
1008 509 1067 553 Et
1097 525 1188 555 nos
1219 509 1419 574 quidem
1450 526 1542 575 pro
1569 509 1744 557 eodem
1771 509 1846 556 vel
1870 509 2069 558 diversis
2092 509 2383 559 diffinitione

226 590 455 639 eumdem
484 600 661 638 statum
680 588 758 636 vel
791 588 1006 636 diversos
1028 596 1177 636 status
1199 589 1540 638 consuevimus
1563 590 1740 652 dicere,
1767 606 1857 637 nec
1880 590 2015 638 aliter
2042 590 2175 639 hunc
2206 600 2384 639 statum

227 673 359 720 illum
384 688 486 720 esse
511 670 735 731 dicimus,
759 669 851 717 nisi
881 668 1011 716 idem
1036 669 1094 715 sit
1123 669 1412 718 diffinitione
1442 671 1632 736 penitus
1660 671 1763 718 haec
1786 688 1861 718 res
1883 688 1995 718 cum
2014 671 2112 731 illa,
2146 681 2229 720 aut
2248 671 2382 720 hunc

227 764 405 802 statum
427 769 530 800 non
555 768 658 799 esse
687 750 843 810 illum,
868 750 961 797 nisi
982 749 1085 797 haec
1111 767 1186 798 res
1207 767 1308 798 non
1333 752 1391 798 sit
1414 752 1585 799 eadem
1612 753 1802 819 penitus
1826 769 1938 799 cum
1961 751 2058 814 illa,
2086 753 2135 799 in
2158 770 2382 818 expresso

227 833 406 881 scilicet
427 849 529 880 esse
549 848 656 892 suo,
682 830 780 879 hoc
806 840 875 878 est
899 829 1071 878 eadem
1095 831 1297 879 omnino
1314 831 1629 880 diffinitione.

294 915 412 972 Quae
434 929 552 961 vero
575 913 669 960 sint
687 911 982 978 proprietate
1005 910 1193 959 diversa
1209 911 1462 976 diligenter
1484 912 1691 961 arbitror
1711 911 1931 978 superius
1962 928 2065 960 esse
2094 910 2378 970 discussum,

229 1010 340 1041 cum
361 1010 389 1041 e
411 993 653 1042 contrario
677 1010 784 1058 quae
809 993 903 1039 sint
926 991 1095 1039 eadem
1114 992 1406 1058 proprietate
1430 992 1703 1042 doceretur.

296 1074 522 1123 Similiter
542 1083 589 1122 et
607 1091 666 1122 ex
684 1091 744 1121 eo
768 1072 902 1139 quod
925 1072 1184 1120 diffinitum
1207 1083 1277 1120 est
1296 1090 1401 1138 quae
1425 1074 1520 1121 sint
1541 1074 1711 1123 eadem
1731 1072 2063 1136 similitudine,
2100 1072 2197 1121 hoc
2233 1083 2303 1121 est
2326 1073 2387 1120 si-

230 1154 378 1215 milia,
405 1154 590 1203 clarum
617 1171 643 1202 e
666 1154 911 1203 contrario
935 1154 1221 1220 relinquitur
1243 1154 1470 1220 quaeysint
1498 1155 1809 1203 similitudine
1845 1154 2051 1217 diversa,
2092 1153 2190 1202 hoc
2225 1164 2296 1202 est
2335 1154 2384 1201 in

230 1234 393 1300 aliquo
416 1235 682 1283 dissimilia.

296 1316 550 1364 Diversum
569 1332 766 1381 quoque
791 1317 1057 1365 mutatione
1081 1333 1138 1364 ex
1157 1316 1486 1382 superioribus
1510 1333 1596 1383 per
1620 1316 1917 1364 contrarium
1939 1316 2034 1364 dici
2063 1315 2213 1380 liquet
2246 1314 2387 1380 quid-

230 1388 349 1462 quid
367 1397 416 1444 in
441 1397 604 1462 aliquo
628 1407 699 1444 est
722 1407 1068 1463 permutatum,
1092 1397 1189 1446 hoc
1214 1408 1284 1446 est
1307 1397 1682 1446 diversificatum
1706 1397 1767 1445 ab
1786 1413 1845 1445 eo
1873 1396 2009 1463 quod
2035 1397 2170 1463 prius
2193 1405 2312 1457 erat,
2335 1405 2389 1443 ut

230 1478 270 1524 si
300 1477 450 1525 modo
482 1487 573 1526 stet
602 1480 838 1540 Socrates,
874 1479 1025 1527 modo
1061 1478 1240 1527 sedeat.
1273 1482 1384 1526 Haec
1410 1479 1609 1545 quidem
1639 1478 1766 1526 dicta
1800 1488 1915 1526 sunt
1937 1477 1999 1526 ad
2028 1476 2388 1525 ostendendum

231 1568 352 1622 quot
374 1559 534 1606 modis
556 1559 688 1606 idem
711 1569 759 1607 et
777 1559 1022 1608 diversum
1049 1560 1347 1626 accipiantur
1368 1577 1426 1608 ex
1448 1561 1645 1627 propria
1663 1560 1711 1607 vi
1730 1576 1817 1625 per
1849 1577 1899 1607 se
1927 1559 2073 1606 etiam
2095 1557 2241 1619 dicta,
2276 1574 2387 1605 cum

231 1639 510 1704 frequenter
528 1657 585 1688 ex
607 1639 845 1704 adjunctis
859 1650 908 1689 et
929 1641 1044 1690 alias
1065 1650 1311 1689 assumant
1333 1640 1726 1706 significationes,
1748 1640 1825 1687 vel
1848 1640 1959 1687 istas
1977 1639 2244 1705 deponant.
2266 1640 2388 1685 Cum

232 1719 363 1767 enim
382 1719 588 1768 dicimus
609 1721 718 1768 loca
742 1721 948 1783 diversa,
970 1722 1159 1770 diversa
1180 1721 1385 1768 dicimus
1408 1721 1679 1769 secundum
1703 1720 2071 1781 continentiam,
2096 1736 2197 1767 non
2218 1735 2390 1766 secun-

230 1799 351 1847 dum
374 1817 653 1863 numerum,
667 1801 745 1849 vel
768 1801 1038 1850 secundum
1056 1802 1312 1850 essentiam
1332 1819 1342 1848 ε
1371 1801 1587 1867 alioquin
1609 1802 1780 1849 vinum
1798 1801 1935 1866 quod
1952 1810 2023 1848 est
2046 1801 2096 1848 in
2119 1799 2253 1848 dolio
2273 1798 2389 1846 etin

231 1879 382 1928 domo
405 1881 454 1928 in
478 1881 678 1929 diversis
700 1891 824 1930 esset
844 1882 983 1945 locis,
1010 1899 1122 1930 cum
1154 1881 1345 1930 nullum
1382 1899 1560 1949 corpus
1601 1883 1651 1930 in
1693 1882 1892 1930 diversis
1925 1897 2027 1929 esse
2059 1880 2179 1929 locis
2217 1895 2391 1949 conce-

233 1959 392 2009 datur.
421 1963 545 2009 Cum
569 1961 732 2027 itaque
755 1963 892 2010 locus
916 1962 1016 2011 hoc
1045 1980 1227 2011 nomen
1263 1980 1321 2010 ex
1360 1963 1661 2010 continentia
1696 1961 1773 2010 vel
1811 1962 2074 2028 capacitate
2113 1960 2387 2018 conveniat,

232 2057 347 2088 cum
370 2041 566 2089 additur
588 2042 632 2090 ei
655 2042 917 2101 diversum,
944 2043 1193 2092 diversitas
1216 2044 1524 2091 continentiae
1542 2043 1817 2107 designatur
1845 2061 1855 2089 :
1883 2059 1939 2090 ac
1962 2042 1998 2088 si
2024 2041 2263 2088 diceretur
2283 2039 2392 2087 loca

233 2120 421 2171 diversa
443 2139 548 2187 quae
571 2123 701 2170 idem
725 2125 974 2172 continere
997 2141 1054 2172 ac
1077 2123 1369 2172 concludere
1393 2140 1494 2171 non
1517 2123 1716 2170 habent.
1741 2123 1818 2170 Sic
1842 2132 1889 2170 et
1912 2139 2023 2169 cum
2059 2121 2265 2168 dicimus
2287 2119 2392 2184 Spi-

232 2201 379 2249 ritum
402 2213 622 2251 sanctum
646 2203 979 2269 multiplicem,
1005 2204 1080 2252 vel
1101 2214 1286 2271 septem
1305 2205 1527 2270 Spiritus,
1551 2204 1661 2268 quia
1683 2203 1887 2269 Spiritus
1908 2219 1966 2250 ex
1989 2201 2272 2268 operatione
2295 2216 2392 2246 suae

232 2281 462 2331 bonitatis
487 2293 535 2331 et
550 2283 889 2332 distributione
910 2302 1006 2333 suae
1029 2286 1189 2350 gratiae
1213 2285 1307 2334 dici
1336 2285 1475 2345 solet,
1506 2285 1633 2332 hanc
1664 2283 2066 2349 multiplicitatem
2103 2299 2159 2330 ac
2190 2281 2394 2328 diversi-

234 2371 382 2411 tatem
405 2364 610 2429 Spiritus
631 2365 695 2413 ad
724 2365 890 2413 effecta
926 2367 1027 2431 ejus
1064 2376 1214 2414 totam
1256 2365 1532 2414 reducimus
1559 2365 1725 2430 :juxta
1755 2362 1891 2430 quod
1925 2373 1973 2411 et
2002 2361 2121 2410 illud
2161 2361 2393 2426 accipitur

182 2467 185 2470 ·
235 2443 370 2508 quod
386 2445 572 2493 Veritas
595 2447 661 2492 ait
681 2449 693 2471 ¹
719 2465 729 2493 :
762 2467 785 2489 (ε
807 2447 966 2494 Alium
991 2447 1278 2496 Paraclitum
1296 2446 1425 2494 dabo
1442 2446 1595 2509 vobis,
1618 2467 1639 2491 »
1655 2446 1753 2493 hoc
1770 2456 1841 2493 est
1859 2443 1921 2494 ad
1934 2443 2067 2491 aliud
2082 2441 2393 2491 efficiendum

235 2524 285 2570 in
309 2524 466 2572 vobis.
494 2525 589 2574 Sed
607 2536 654 2573 et
680 2543 792 2574 cum
819 2527 1023 2576 dicimus
1045 2528 1205 2594 opifex
1229 2529 1366 2588 alius,
1393 2529 1551 2595 pictor
1586 2527 1726 2587 alius,
1767 2525 1901 2574 faber
1934 2524 2072 2586 alius,
2116 2534 2231 2584 etc.,
2279 2523 2394 2586 quia

235 2603 330 2652 hoc
352 2622 534 2653 nomen
555 2606 714 2671 opifex
737 2624 794 2655 ex
818 2610 1099 2674 operatione
1119 2609 1363 2667 convenit,
1388 2609 1488 2656 sive
1501 2626 1557 2656 ex
1578 2608 1760 2667 officio,
1778 2606 1984 2654 dicimus
2004 2605 2152 2652 alium
2176 2614 2223 2651 et
2245 2603 2395 2650 alium

236 2685 504 2732 secundum
527 2686 696 2735 effecta
718 2688 795 2735 vel
824 2689 999 2752 officia,
1042 2707 1144 2738 non
1182 2689 1454 2737 secundum
1478 2704 1728 2754 personaS,
1768 2704 1880 2734 cum
1924 2686 2121 2733 fortasse
2159 2700 2393 2731 nonnun-

237 2779 386 2828 quam
403 2764 573 2812 eadem
595 2783 805 2831 persona
833 2770 1079 2834 utriusque
1111 2769 1258 2817 officii
1292 2769 1368 2816 sit.
1409 2769 1503 2816 Sed
1540 2785 1652 2816 cum
1693 2767 1965 2814 Aristoteles
1995 2774 2153 2813 vester
2187 2763 2304 2811 dicit
2345 2763 2394 2810 in

238 2845 396 2909 primo
419 2846 826 2908 perihermenias,
850 2866 1097 2898 sermones
1117 2850 1240 2897 sicut
1273 2859 1320 2896 et
1348 2849 1526 2896 litteras
1550 2866 1648 2896 non
1676 2846 1873 2895 eosdem
1897 2845 2124 2894 omnibus
2147 2860 2251 2893 esse
2269 2881 2282 2905 ,
2310 2842 2397 2892 sed

238 2924 455 2972 diversos
474 2925 692 2988 diversis,
720 2929 988 2977 secundum
1008 2930 1223 2978 officium
1241 2928 1546 2994 significandi
1570 2927 1622 2975 id
1644 2927 1781 2988 dixit,
1803 2926 1938 2993 quod
1954 2936 2024 2974 est
2041 2942 2326 2974 sermonum
2349 2934 2397 2972 et

238 3003 522 3064 litterarum,
558 3023 659 3053 non
695 3009 966 3057 secundum
999 3011 1152 3076 ipsam
1189 3027 1367 3058 vocum
1404 3009 1725 3075 prolationem
1755 3027 1764 3056 :
1794 3009 1907 3074 quia
1940 3024 2053 3056 cum
2092 3007 2153 3054 sit
2190 3006 2397 3073 prolatio

238 3099 413 3130 vocum
444 3085 673 3132 naturalis
702 3087 946 3148 omnibus,
969 3087 1270 3153 significandi
1308 3087 1523 3135 officium
1560 3086 1690 3154 apud
1719 3103 1887 3134 omnes
1926 3104 2025 3133 non
2067 3095 2276 3146 tenetur,
2313 3083 2397 3132 sed

239 3162 371 3228 apud
393 3180 477 3213 eos
499 3164 828 3229 solummodo,
854 3169 939 3234 qui
957 3185 1126 3218 earum
1149 3169 1511 3236 impositionem
1532 3185 1632 3217 non
1659 3168 1900 3234 ignorant.
1945 3167 2042 3227 Qui
2075 3168 2220 3216 etiam
2252 3174 2397 3232 post-

288 3348 420 3390 'Joan.‚
435 3360 508 3393 cap.
528 3361 593 3393 xiv,
610 3362 642 3387 v.
664 3355 717 3389 11.

409 3425 439 3450 u
2187 3413 2238 3449 62
