2638 3866
286 194 381 241 648
1091 191 1260 238 PETRI
1295 189 1617 239 ABAELARDI

287 311 371 359 per
405 309 551 358 quam
584 309 696 340 eum
724 291 973 339 salubriter
1003 291 1156 356 possis
1190 292 1425 339 invenire.
1463 293 1602 339 Nunc
1626 307 1705 339 me
1736 291 1799 339 ad
1822 292 2129 358 interrogata,
2162 303 2314 359 prout·
2327 295 2426 360 ipse

286 374 588 433 concesserit,
618 380 834 437 superest
856 371 1166 436 respondere.

351 457 534 500 PmLos.
563 453 638 499 Sic
660 451 878 517 profecto
902 452 1129 499 convenit
1145 452 1281 515 juxta
1303 452 1539 518 propositi
1560 452 1711 500 nostri
1734 453 2031 501 condictum.

350 536 555 580 JUDAEUS.
591 535 773 580 Omnes
807 531 1005 595 quidem
1038 531 1265 579 homines
1300 532 1418 579 dum
1453 533 1639 598 parvuli
1662 542 1774 580 sunt
1807 550 1897 582 nec
1930 533 2091 581 adhuc
2127 533 2430 581 discretionis

284 623 423 661 aetate
458 612 670 678 pollent,
701 622 890 660 constat
921 629 1090 660 eorum
1123 613 1378 660 hominum
1413 612 1559 666 fidem
1587 613 1663 662 vel
1699 614 2104 662 consuetudinem
2136 614 2290 679 sequi,
2318 620 2430 662 cum

284 693 461 758 quibus
483 703 847 755 conversantur,
876 703 923 741 et
949 710 1117 741 eorum
1141 694 1366 755 maxime,
1399 711 1521 759 quos
1546 695 1751 761 amplius
1775 695 1998 760 diligunt.
2030 685 2291 760 Postquam
2315 711 2430 743 vero

285 772 436 820 adulti
461 783 591 832 sunt,
627 783 680 821 ut
706 774 807 837 jam
831 775 1030 840 proprio
1057 774 1156 838 regi
1184 775 1371 840 possint
1395 775 1610 837 arbitrio,
1642 792 1743 823 non
1775 775 1934 823 alieno
1958 775 2042 823 sed
2071 776 2272 841 proprio
2295 792 2430 823 com-

285 854 407 900 mitti
453 853 639 917 judicio
685 853 893 914 debent,
939 871 1030 902 nec
1078 864 1178 902 tam
1218 856 1499 920 opinionem
1536 857 1705 904 sectari
1751 872 1898 920 quam
1937 856 2186 903 veritatem
2234 855 2434 902 scrutari

285 935 531 981 convenit.
565 936 674 981 Haec
705 945 865 982 autem
897 935 1008 983 ideo
1041 936 1303 1001 praelibavi,
1347 938 1461 1001 quia
1492 937 1691 985 fortasse
1721 937 1881 1002 primo
1909 936 1972 983 ad
1995 924 2130 984 hanc
2162 935 2307 983 tidem
2343 943 2434 982 nos

286 1015 490 1062 carnalis
523 1014 721 1078 originis
754 1015 955 1062 affectus
988 1012 1230 1064 induxerit
1261 1027 1307 1064 et
1340 1017 1644 1065 consuetudo
1679 1033 1827 1082 quam
1866 1017 2027 1083 primo
2068 1017 2306 1063 novimus.
2341 1015 2437 1062 Sed

282 1095 382 1157 jam
409 1111 499 1141 nos
521 1095 602 1142 hic
624 1095 746 1142 ratio
771 1094 954 1144 detinet
976 1098 1139 1162 potius
1165 1113 1313 1162 quam
1336 1098 1522 1163 opinio.
2268 1104 2269 1107 ’
2369 1104 2371 1107 ’

354 1178 541 1222 PfflLos
572 1178 705 1222 Hanc
729 1175 890 1235 nobis,
918 1176 1139 1234 obsecro,
1169 1178 1408 1225 rationem
1431 1178 1581 1243 aperi,
1610 1187 1658 1224 et
1678 1177 1870 1227 sufficit.

308 1258 557 1303 JUDAEUS.
595 1258 691 1303 Lex
725 1256 815 1304 ista
847 1273 995 1322 quam
1026 1259 1309 1322 sequimur,
1346 1258 1410 1318 si,
1447 1268 1502 1305 ut
1540 1258 1804 1317 credimus,
1845 1275 1873 1306 a
1905 1259 2000 1306 deo
2033 1256 2175 1304 nobis
2210 1255 2323 1303 data
2356 1255 2432 1315 sit,

288 1336 519 1399 arguendi
551 1353 652 1384 non
685 1354 851 1385 sumus
882 1339 925 1385 ei
957 1339 1360 1404 obtemperando,
1395 1339 1547 1386 immo
1581 1339 1643 1387 de
1674 1339 1950 1387 obedientia
1982 1335 2352 1409 remunerandi,
2391 1344 2438 1382 et

288 1417 371 1481 qui
405 1433 513 1464 eam
550 1427 872 1466 contemnunt
903 1419 1216 1467 vehementer
1247 1429 1436 1480 errant,
1472 1419 1607 1484 quod
1643 1420 1682 1467 si
1716 1436 1807 1466 nos
1839 1435 1947 1467 eam
1981 1433 2156 1482 cogere
2190 1432 2291 1463 non
2323 1431 2437 1480 pos-

291 1514 455 1544 sumus
486 1513 515 1544 a
543 1500 648 1544 Deo
675 1498 836 1546 datam
863 1499 1022 1559 fuisse,
1048 1517 1139 1547 nec
1173 1516 1259 1547 vos
1285 1499 1382 1547 hoc
1404 1499 1620 1547 refellere
1653 1499 1834 1547 valetis.
1864 1502 1927 1547 Ut
1948 1506 2111 1546 autem
2134 1513 2195 1544 ex
2215 1495 2440 1543 humanae

291 1578 642 1625 consuetudine
664 1579 770 1625 vitae
791 1595 1040 1627 sumamus
1059 1580 1353 1646 exemplum,
1369 1579 1431 1628 da
1450 1579 1587 1640 mihi,
1602 1580 1825 1640 obsecro,
1843 1579 2115 1628 consilium.
2137 1579 2312 1624 Servus
2330 1583 2442 1622 sum

293 1657 542 1720 cujusdam
575 1658 785 1720 domini,
820 1670 867 1707 et
892 1676 1003 1707 eum
1034 1661 1282 1708 offendere
1305 1661 1617 1708 vehementer
1639 1661 1812 1722 timeo,
1842 1669 1891 1707 et
1920 1650 2100 1706 multos
2135 1656 2296 1705 habeo
2323 1657 2441 1703 con-

293 1753 456 1783 servos
488 1738 660 1784 eodem
693 1739 866 1786 timore
898 1736 1142 1788 sollicitos.
1179 1741 1358 1788 Dicunt
1382 1741 1450 1788 illi
1481 1742 1626 1800 mihi,
1657 1741 1914 1788 dominum
1948 1748 2171 1786 nostrum
2203 1735 2441 1801 quiddam

294 1818 572 1882 praecepisse
607 1818 833 1866 omnibus
856 1820 1003 1866 servis
1033 1821 1129 1868 suis
1156 1837 1233 1869 me
1259 1821 1472 1880 absente,
1500 1820 1637 1885 quod
1659 1836 1748 1884 ego
1779 1836 1880 1866 non
1905 1820 2103 1882 ignoro,
2134 1816 2271 1881 quod
2299 1826 2349 1863 et
2376 1815 2444 1863 illi
2491 1855 2493 1857 .

297 1906 584 1961 operantur,
625 1908 673 1945 et
707 1898 769 1945 ad
809 1898 1175 1964 cooperandum
1206 1918 1284 1948 me
1319 1901 1592 1948 hortantur.
1642 1899 1771 1959 Quid
1806 1899 1926 1945 mihi
1964 1897 2131 1945 laudas
2166 1895 2443 1943 faciendum

297 1994 417 2033 esse,
443 1978 482 2024 si
507 1978 569 2025 de
592 1995 651 2026 eo
674 1978 995 2027 dubitaverim
1019 1991 1278 2047 praecepto,
1305 1983 1383 2030 cui
1409 1998 1499 2046 ego
1522 1998 1625 2029 non
1650 1979 1876 2028 interfui?
1901 1982 2007 2026 Non
2031 1977 2179 2024 credo
2199 1976 2276 2023 vel
2299 1984 2346 2022 te
2367 1975 2444 2023 vel

298 2058 444 2106 alium
472 2058 591 2105 mihi
613 2059 891 2121 consulere,
919 2071 972 2108 ut
1000 2077 1251 2109 servorum
1288 2063 1510 2110 omnium
1535 2056 1738 2109 consilio
1761 2069 1940 2126 spret0,
1967 2054 2166 2106 sensum·
2190 2056 2444 2122 proprium

297 2155 502 2201 sequens
551 2155 704 2186 unum
739 2157 817 2187 me
853 2151 1150 2205 sequestrem
1182 2142 1244 2190 ab
1275 2159 1335 2190 eo
1376 2143 1510 2207 quod
1543 2143 1611 2190 illi
1645 2141 1971 2190 communiter
2003 2146 2180 2202 agunt,
2219 2146 2268 2184 et
2311 2135 2446 2200 quod

298 2235 467 2266 omnes
498 2221 779 2285 praecepisse
810 2221 1067 2270 dominum
1098 2232 1361 2285 testantur,
1396 2224 1604 2271 maxime
1629 2239 1742 2270 cum
1773 2221 1868 2269 tale
1888 2219 2108 2268 videatur
2130 2225 2442 2283 praeceptum,

299 2298 433 2361 quod
461 2299 594 2346 nulla
622 2301 773 2364 possit
794 2303 982 2350 ratione
1005 2303 1189 2350 refelli?
1208 2303 1339 2361 Quid
1370 2304 1492 2351 mihi
1523 2319 1719 2351 necesse
1742 2312 1814 2350 est
1835 2301 1896 2348 de
1917 2298 2133 2366 periculo
2158 2296 2395 2356 dubitare,
2418 2312 2447 2344 a

299 2395 396 2442 quo
432 2395 632 2443 possum
666 2397 861 2428 securus
889 2383 1124 2430 existere?
1149 2384 1198 2430 Si
1220 2383 1316 2431 hoc
1339 2384 1569 2431 dominus
1594 2384 1843 2449 praecepit,
1871 2380 2006 2445 quod
2027 2378 2294 2426 multorum
2316 2376 2446 2423 testi-

300 2459 466 2506 monio
499 2459 830 2521 confirmatur,
857 2472 903 2509 et
929 2462 1191 2527 plurimum
1213 2464 1359 2511 habet
1381 2465 1598 2524 rationis,
1623 2460 1960 2511 inexcusabilis
1986 2458 2189 2506 omnino
2211 2473 2349 2514 sums
2364 2455 2447 2519 qui

301 2556 399 2586 non
437 2538 631 2587 obedio.
669 2541 718 2587 Si
752 2551 914 2588 autem
948 2544 1151 2591 consilio
1186 2542 1263 2591 vel
1291 2544 1627 2592 exhortatione
1657 2553 1703 2591 et
1739 2540 1961 2605 exemplo
1992 2533 2339 2586 conservorum
2363 2534 2448 2581 de-

300 2629 483 2684 ceptus,
509 2619 644 2684 quod
666 2631 958 2686 praeceptum
982 2640 1083 2670 non
1113 2624 1174 2671 sit
1194 2641 1390 2689 operor,
1421 2622 1508 2672 etsi
1530 2622 1834 2690 operandum
1872 2637 1972 2667 non
1995 2619 2153 2679 fuerit,
2177 2616 2269 2664 illis
2287 2615 2448 2680 potius

301 2715 446 2762 quam
469 2700 590 2747 mihi
615 2711 686 2748 est
708 2702 1066 2767 imputandum,
1094 2721 1242 2769 quem
1266 2705 1328 2752 ad
1354 2705 1450 2752 hoc
1472 2703 1741 2752 reverentia
1763 2701 1950 2749 domini
1972 2699 2152 2746 traxit.

368 2783 559 2828 PfflLos.
597 2783 736 2829 Certe
773 2793 825 2830 tu
859 2784 961 2849 ipse
995 2785 1251 2833 consilium
1285 2786 1512 2852 aperuisti
1545 2784 1680 2850 quod
1710 2782 1968 2847 requisisti,
2004 2790 2249 2843 nemoque
2281 2751 2450 2823 contra

301 2859 395 2906 hoc
430 2860 664 2909 discretus
693 2864 914 2924 senserit;
953 2865 1037 2912 sed
1071 2876 1183 2957 apta
1206 2868 1466 2933 propositae
1500 2862 1827 2914 similitudinis
1849 2860 2126 2960 exemplum
2148 2857 2229 2906 ad
2224 2856 2328 2903 hoc
2350 2854 2447 2918 quo

305 2939 565 2988 tendimus.
2231 2950 2244 2956 ”
2401 2942 2404 2956 “
2484 3000 2489 3003 A

366 3022 569 3068 JUDAEUS.
596 3023 771 3083 Multae,
800 3026 923 3073 sicut
952 3027 1054 3092 ipse
1075 3029 1233 3089 nosti,
1270 3028 1629 3092 generationes,
1660 3031 2005 3092 praecesserunt
2035 3037 2093 3069 ex
2116 3033 2215 3083 quo
2236 3013 2450 3081 populus

305 3108 469 3146 noster
495 3101 590 3149 hoc
618 3113 984 3165 testamentum,
1022 3107 1157 3171 quod
1182 3108 1273 3155 sibi
1305 3109 1472 3156 datum
1504 3125 1532 3157 a
1555 3111 1658 3155 Deo
1683 3114 1953 3164 autumant,
1985 3096 2262 3149 obediendo
2285 3103 2449 3142 custo·

304 3177 526 3240 dierunt,
568 3191 615 3228 et
651 3199 820 3231 omnes
861 3187 1038 3250 pariter
1074 3188 1135 3235 de
1170 3188 1508 3236 observatione
1545 3189 1694 3253 ipsius
1725 3197 1825 3234 tam
1861 3183 2010 3232 verbo
2045 3195 2189 3245 quam
2228 3174 2447 3239 exemplo

306 3269 525 3323 posteros
558 3262 909 3324 instruxerunt,
948 3277 995 3314 et
1028 3267 1125 3315 fere
1158 3269 1208 3315 in
1243 3269 1340 3316 hoc
1362 3271 1613 3317 universus
1645 3266 1883 3319 consentit
1913 3261 2150 3320 mundus,
2185 3255 2329 3322 quod
2350 3254 2450 3302 haec
