2638 3866
217 196 268 242 71
280 196 313 242 4
1024 194 1196 240 PETRI
1230 194 1565 243 ABAELARDI·

216 308 292 345 tur
320 315 329 344 :
365 317 387 340 (ι,
414 300 542 344 Deus
559 296 679 343 sicut
702 304 982 342 naturarum
1001 293 1240 342 bonarum
1266 296 1476 361 optimus
1502 306 1690 344 creator
1712 306 1800 358 est,
1827 297 1893 345 ita
1916 296 2151 345 malarum
2175 297 2352 345 volun-

216 387 367 425 tatum
392 376 677 441 justissimus
709 374 978 434 ordinator,
1018 385 1072 422 ut
1105 392 1217 423 cum
1250 376 1328 424 ille
1351 376 1474 424 male
1507 386 1671 425 utatur
1691 379 1875 426 naturis
1904 377 2065 441 bonis,
2092 379 2193 444 ipse
2227 377 2353 426 bene

216 467 377 506 utatur
411 457 553 504 etiam
581 455 909 504 voluntatibus
934 456 1087 504 malis.
1118 476 1141 502 >³
1175 460 1292 506 Item
1318 458 1435 507 dicit
1463 458 1591 507 idem
1627 458 1688 507 de
1719 459 1916 507 diabolo
1945 478 1956 506 :
1987 479 2011 505 «
2048 462 2204 521 Deus,
2240 476 2352 506 cum

215 554 323 585 eum
356 537 550 598 creavit,
582 546 629 583 et
664 536 832 584 futurae
867 537 1172 602 malignitatis
1203 538 1303 602 ejus
1338 555 1437 587 non
1476 548 1576 587 erat
1608 539 1817 604 ignarus,
1844 550 1890 588 et
1921 539 2211 604 praevidebat
2247 556 2352 604 quae

213 617 345 664 bona
377 617 438 673 de
475 617 611 665 malis
645 617 745 682 ejus
780 627 901 666 esset
935 617 1163 665 facturus.
1208 637 1232 663 »
1274 622 1391 667 Item
1427 629 1537 685 post
1570 620 1730 685 aliqua
1764 638 1775 667 :
1806 640 1829 666 «
1862 624 2024 685 Neque
2059 620 2190 667 enim
2224 622 2353 667 Deus

214 698 363 745 ullum
387 715 487 746 non
511 698 620 746 dico
643 699 925 764 angelorum
948 699 1022 747 vel
1045 699 1302 747 hominum
1327 710 1546 762 creasset,
1571 718 1719 767 quem
1745 701 1924 749 malum
1946 718 2049 749 esse
2072 701 2351 766 praescisset,

212 780 303 826 nisi
346 781 519 845 pariter
553 790 729 838 nosset,
773 781 948 845 quibus
983 798 1066 830 eos
1092 781 1337 830 bonorum
1368 782 1533 831 usibus
1563 782 1942 831 commendaret.
1978 802 2002 828 »
2049 784 2167 830 Item
2198 781 2312 830 alibi
2339 799 2351 828 ε

216 863 373 908 «Sunt
395 861 528 909 bona
550 861 752 925 singula,
780 862 920 909 simul
946 879 1060 910 vero
1084 864 1306 911 universa
1332 863 1469 912 valde
1494 863 1643 926 bona,
1674 864 1786 929 quia
1809 880 1864 911 ex
1892 862 2118 912 omnibus
2142 863 2358 910 consistit

213 943 533 990 universitatis
567 942 784 990 amabilis
818 943 1145 1008 pulchritudo.
1172 963 1196 990 n
1223 947 1342 992 Item
1373 962 1382 991 :
1417 965 1440 988 «
1464 944 1583 992 lllud
1620 944 1755 1010 quod
1789 944 1971 992 malum
2001 943 2192 1004 dicitur,
2229 943 2355 990 bene

212 1023 488 1070 ordinatum
509 1033 556 1071 et
578 1023 687 1071 loco
710 1040 798 1070 suo
812 1024 1042 1089 positum,
1068 1026 1356 1073 eminentius
1380 1025 1693 1073 commendat
1711 1025 1859 1086 bona,
1889 1034 1941 1072 ut
1959 1024 2110 1089 magis
2135 1025 2356 1089 placeant

209 1114 257 1150 et
278 1103 594 1152 laudabiliora
627 1104 738 1163 sint,
767 1104 885 1152 dum
916 1116 1259 1171 comparantur
1282 1106 1445 1154 bonis.
1472 1107 1570 1153 Nec
1592 1105 1721 1155 enim
1744 1109 1873 1153 Deus
1900 1105 2209 1170 omnipotens
2242 1120 2355 1151 cum

210 1202 398 1232 summe
435 1184 593 1232 bonus
627 1185 701 1245 sit,
743 1184 841 1232 ullo
878 1185 1029 1233 modo
1062 1187 1238 1235 sineret
1271 1187 1385 1235 mali
1418 1186 1599 1252 aliquid
1637 1203 1740 1234 esse
1772 1186 1821 1234 in
1852 1185 2081 1252 operibus
2115 1185 2238 1245 suis,
2265 1185 2356 1232 nisi

210 1283 363 1330 usque
396 1266 519 1313 adeo
552 1276 674 1313 esset
702 1267 1010 1332 omnipotens
1039 1277 1086 1314 et
1111 1267 1295 1328 bonus,
1329 1278 1382 1316 ut
1416 1268 1540 1316 bene
1570 1267 1747 1315 faceret
1776 1274 1824 1315 et
1858 1267 2094 1314 de=malo.
2130 1287 2151 1308 »
2188 1269 2307 1312 Item
2340 1282 2351 1311 ε

214 1366 236 1391 «
260 1350 356 1394 Nec
391 1347 713 1394 dubitandum
743 1357 813 1395 est
841 1351 998 1395 Deum
1033 1348 1186 1396 facere
1214 1349 1340 1396 bene
1371 1350 1515 1397 etiam
1544 1348 1750 1397 sinendo
1782 1348 1885 1396 fieri
1908 1363 2208 1413 quaecunque
2233 1345 2356 1392 fiunt

209 1428 350 1475 mala.
379 1430 484 1475 Non
511 1428 638 1475 enim
662 1428 758 1475 lioc
780 1429 871 1475 nisi
891 1428 1020 1493 justo
1040 1429 1225 1493 judicio
1249 1430 1379 1491 sinit,
1406 1440 1453 1478 et
1476 1429 1694 1496 profecto
1716 1428 1904 1477 bonum
1927 1438 1996 1476 est
2015 1427 2150 1492 quod
2171 1428 2354 1490 justum

207 1518 295 1556 est.
319 1509 550 1567 Quamvis
573 1526 687 1573 ergo
711 1526 782 1570 ea,
810 1527 916 1575 quae
941 1510 1083 1571 mala,
1112 1511 1161 1557 in
1185 1521 1422 1576 quantum
1443 1511 1569 1559 mala
1592 1520 1722 1572 sunt,
1749 1527 1849 1557 non
1875 1518 1986 1557 sunt
2004 1509 2153 1568 bona,
2173 1517 2353 1568 tamen,

211 1599 264 1636 ut
299 1606 398 1636 non
438 1589 595 1637 solum
621 1589 769 1651 bona,
811 1590 894 1637 sed
925 1591 1066 1638 etiam
1103 1592 1196 1638 sint
1223 1601 1270 1639 et
1305 1591 1458 1653 mala,
1484 1591 1674 1639 bonum
1713 1600 1800 1638 est.
1840 1593 1961 1637 Nam
1991 1589 2083 1636 nisi
2115 1597 2238 1635 esset
2260 1587 2357 1634 hoc

207 1672 413 1733 bonum,
454 1683 505 1720 ut
535 1684 692 1721 essent
725 1684 772 1721 et
803 1675 946 1734 mala,
983 1674 1119 1721 nullo
1144 1675 1294 1722 modo
1331 1675 1603 1722 sinerentur
1633 1673 1695 1721 ab
1730 1674 2062 1738 omnipotente
2093 1671 2252 1728 bono,
2280 1671 2358 1717 cui

207 1754 377 1819 procul
406 1754 556 1801 dubio
586 1771 731 1817 quam
760 1755 895 1802 facile
931 1765 1024 1816 est,
1056 1755 1191 1819 quod
1218 1755 1320 1802 vult
1350 1756 1521 1817 facere,
1557 1765 1652 1802 tam
1689 1755 1823 1802 facile
1857 1764 1927 1801 est
1959 1752 2094 1818 quod
2123 1769 2223 1799 non
2258 1750 2359 1799 vult

211 1851 312 1882 esse
335 1827 439 1882 non
471 1835 643 1882 sinere.
673 1838 838 1899 Neque
864 1836 992 1882 enim
1016 1835 1080 1882 ob
1105 1835 1236 1883 aliud
1262 1836 1496 1882 veraciter
1516 1846 1718 1882 vocatur
1741 1835 2080 1899 omnipotenS,
2110 1833 2200 1879 nisi
2228 1848 2358 1896 quo-

207 1916 338 1963 niam
373 1915 612 1980 quidquid
635 1917 738 1963 vult
760 1925 934 1981 potest,
965 1933 1056 1963 nec
1085 1915 1333 1963 voluntate
1365 1916 1633 1981 cujuspiam
1662 1924 1886 1962 creaturae
1906 1913 2164 1961 voluntatis
2198 1911 2358 1958 omni-

206 1997 415 2061 potentis
437 1996 697 2061 impeditur
719 1997 966 2045 effectus.»
994 1999 1117 2044 Ecce
1139 1996 1313 2043 audisti
1339 2005 1502 2061 aperta
1526 1997 1714 2043 ratione
1735 1994 2012 2054 monstrari,
2035 1993 2148 2056 quia
2170 1991 2357 2038 bonum

205 2087 275 2123 est
295 2078 476 2124 malum
497 2094 615 2137 esse,
639 2079 858 2142 quamvis
882 2093 1190 2142 nequaquam
1204 2093 1372 2124 verum
1392 2077 1450 2125 sit
1465 2075 1655 2123 bonum
1673 2075 1855 2122 malum
1875 2091 1996 2122 esse.
2021 2072 2159 2119 Aliud
2179 2071 2359 2136 quippe

207 2168 277 2205 est
301 2157 479 2218 dicere,
506 2159 687 2206 malum
712 2169 782 2206 est
810 2158 1025 2218 bonum,
1063 2157 1195 2205 aliud
1224 2156 1410 2219 dicere,
1443 2157 1625 2204 malum
1658 2172 1760 2204 esse
1785 2155 1989 2202 bonum.
2028 2153 2099 2200 lbi
2132 2153 2263 2200 enim
2297 2151 2359 2199 ad

209 2256 310 2286 rem
336 2240 529 2300 malam,
562 2239 642 2286 hic
675 2239 734 2286 ad
762 2257 866 2287 rem
891 2239 1068 2286 malam
1088 2254 1190 2285 esse
1213 2239 1481 2304 applicatur
1503 2237 1710 2297 bonum,
1738 2236 1836 2283 hoc
1861 2244 1931 2282 est
1954 2234 2021 2281 ibi
2043 2234 2106 2281 ad
2127 2250 2247 2294 rem,
2280 2232 2359 2279 hic

207 2320 270 2367 ad
283 2330 508 2367 eventum
523 2321 609 2371 rei.
632 2324 747 2368 Rem
772 2331 952 2381 autem,
973 2330 1026 2367 ut
1052 2319 1235 2367 dictum
1259 2329 1346 2382 est,
1371 2335 1478 2367 eam
1502 2318 1686 2366 bonam
1711 2317 1933 2376 dicimuS‚
1957 2331 2063 2380 quae
2082 2331 2193 2361 cum
2218 2313 2359 2361 alicui

209 2410 320 2466 apta
342 2401 401 2447 sit
423 2401 548 2460 usui,
574 2401 752 2448 nullius
775 2402 842 2448 rei
865 2400 1181 2449 commodum
1204 2398 1280 2447 vel
1303 2399 1583 2463 dignitatem
1614 2415 1700 2464 per
1721 2414 1830 2446 eam
1855 2395 2078 2461 impediri
2109 2404 2191 2442 aut
2215 2394 2358 2441 etiam

211 2483 364 2529 minui
394 2496 595 2530 'necesse
628 2493 725 2542 est3
774 2482 909 2546 quod
947 2481 1146 2546 quidem
1176 2479 1400 2546 impediri
1427 2481 1504 2527 vel
1535 2480 1689 2526 minui
1737 2489 1853 2526 tuno
1886 2493 1993 2526 eam
2028 2493 2130 2523 rem
2166 2491 2358 2521 necesse

211 2573 350 2623 esset,
386 2564 425 2610 si
448 2580 534 2628 per
563 2563 663 2627 ejus
693 2564 989 2610 contrarium
1012 2562 1088 2610 vel
1122 2561 1360 2629 defectum
1397 2560 1601 2625 dignitas
1634 2560 1715 2607 illa
1738 2559 1813 2606 vel
1844 2555 2163 2605 commodum
2195 2571 2359 2602 neces-

213 2645 337 2691 sario
369 2661 470 2691 non
506 2654 792 2692 remaneret.
819 2643 966 2692 Verbi
1001 2643 1149 2708 gratia
1178 2661 1188 2689 :
1214 2643 1310 2690 vita
1337 2641 1645 2701 immortalis,
1679 2640 1866 2698 laetitia,
1906 2638 2104 2695 sanitaS‚
2142 2636 2355 2695 scientia,

215 2725 398 2771 castitas
429 2725 539 2772 talia
564 2735 702 2787 sunt,
730 2742 859 2790 quae,
892 2741 1005 2772 cum
1037 2722 1218 2787 aliquid
1250 2722 1465 2770 habeant
1494 2721 1737 2786 dignitatis
1758 2720 1834 2767 vel
1860 2717 2134 2778 commodi’,
2174 2725 2361 2764 constat

216 2804 331 2851 illud
364 2806 811 2870 supervenientibus
842 2805 1022 2853 horum
1056 2804 1309 2852 contrariis
1340 2821 1441 2851 non
1478 2818 1747 2850 remanere.
1786 2801 1862 2853 Sic
1896 2809 1943 2846 et
1975 2797 2212 2863 quaslibet
2243 2795 2358 2843 sub-

216 2887 411 2932 stantias
433 2896 620 2933 constat
648 2885 802 2934 bonas
823 2903 899 2934 res
926 2903 1029 2934 esse
1054 2885 1300 2942 dicendas,
1330 2885 1443 2949 quia
1468 2900 1581 2931 cum
1603 2880 1787 2947 aliquid
1809 2878 2027 2928 conferre
2049 2878 2242 2926 valeant
2264 2878 2358 2924 uti-

216 2963 384 3025 litatis,
411 2966 531 3012 nihil
554 2984 641 3030 per
664 2983 742 3013 eas
769 2967 1014 3030 dignitatis
1048 2965 1121 3014 vel
1146 2965 1393 3013 commodi
1422 2980 1615 3013 necesse
1641 2973 1713 3011 est
1741 2960 2013 3027 praepediri.
2043 2962 2161 3006 Nam
2184 2967 2232 3005 et
2252 2973 2359 3023 per-

217 3061 382 3091 versus
402 3045 571 3103 bomo,
598 3048 681 3110 qui
712 3057 949 3112 corruptae
973 3046 1050 3094 vel
1079 3048 1223 3094 etiam
1254 3045 1608 3111 corrumpentis
1633 3044 1739 3091 vitae
1774 3051 1873 3101 est,
1901 3041 2024 3088 sicut
2056 3056 2155 3086 esse
2178 3047 2353 3103 posset,

218 3136 270 3172 ut
291 3141 547 3190 perversus
572 3144 670 3173 non
693 3138 831 3187 esset,
856 3128 1062 3192 ideoque
1080 3145 1167 3192 per
1187 3143 1299 3174 eum
1323 3126 1544 3173 nonnihil
1568 3124 1847 3172 deteriorari
1871 3138 2062 3170 necesse
2085 3127 2221 3167 esset.

282 3211 388 3256 Hoc
420 3218 579 3255 autem
612 3209 673 3255 ad
696 3227 901 3273 praesens
932 3210 994 3257 ad
1026 3211 1401 3275 descriptionem
1432 3210 1501 3256 rei
1533 3209 1675 3255 bonae
1709 3207 1820 3254 satis
1850 3222 1950 3252 esse
1985 3203 2206 3251 arbitror.
2234 3203 2355 3247 Cum

218 3307 332 3336 vero
357 3289 420 3337 ad
443 3299 641 3337 eventus
674 3306 853 3349 rerum,
888 3290 983 3337 hoc
1012 3301 1080 3338 est
1116 3291 1177 3338 ad
1207 3308 1260 3338 ea
1280 3327 1292 3351 ,
1320 3307 1426 3355 quae
1450 3306 1474 3337 a
1500 3286 1915 3353 propositionibus
1946 3284 2171 3331 dicuntur
2202 3291 2249 3329 et
2271 3297 2357 3346 per
