2638 3866
980 224 1325 272 THEOLOGIA
1361 225 1732 274 CHRlSTlANA.
2348 229 2432 275 531

291 326 448 375 evenit
476 324 550 373 vel
584 324 776 373 evenire
798 332 976 390 potest,
1002 341 1114 372 cum
1139 341 1262 390 saepe
1284 326 1430 374 etiam
1460 325 1543 374 filii
1567 325 1847 392 parentibus
1871 326 1965 374 sint
1991 325 2302 392 praeferendi3
2329 326 2444 374 dico

291 417 458 474 postea
482 424 493 454 z
527 405 774 470 Numquid
805 405 844 452 is
867 405 951 470 qui
977 406 1102 470 patri
1126 423 1214 453 suo
1247 422 1334 471 per
1363 408 1529 456 omnia
1553 407 1748 472 aequalis
1774 417 1873 466 est,
1900 417 1984 456 aut
2020 407 2218 455 sortasse
2253 407 2441 467 melior,

292 488 340 535 in
361 487 526 552 aliquo
550 486 793 550 indignior
815 495 885 533 est
909 495 1043 550 patre
1069 485 1188 533 suo?
1212 489 1317 533 Non
1343 488 1528 552 utique,
1558 504 1671 536 cum
1694 487 1887 552 aequalis
1911 487 1955 535 ei
1981 504 2066 553 per
2088 487 2255 536 omnia
2277 487 2338 534 sit
2362 498 2445 536 aut

294 569 491 616 tortasse
530 566 716 616 melior.
759 565 809 613 Si
842 575 1003 614 autem
1041 565 1091 612 iu
1131 564 1266 613 nullo
1305 568 1496 632 penitus
1543 569 1582 615 is
1621 567 1727 615 talis
1765 567 2010 632 indignior
2043 577 2114 616 est
2151 577 2287 634 patre
2322 585 2441 631 sun,

291 647 545 712 quomodo
576 648 624 696 in
654 663 714 695 eo
733 646 985 711 'indignior
1009 645 1262 693 vocabitur
1296 648 1429 711 quod
1461 658 1532 696 est
1557 647 1619 696 ab
1643 648 1750 713 ipso
1787 666 1797 694 ι
1832 659 1915 695 aut
1943 648 2193 712 quomodo
2227 648 2447 712 dignitati

290 728 490 792 alicujus
513 727 563 775 id
586 726 892 791 derogaverit
914 726 1049 792 quod
1081 726 1142 774 ab
1171 727 1266 775 alio
1297 738 1369 775 est
1391 729 1554 794 potius
1576 746 1725 794 quam
1757 729 1841 793 qui
1867 745 1896 776 a
1919 745 1969 776 se
1994 730 2098 794 ipso
2122 738 2270 790 esset,
2299 730 2336 776 si
2362 747 2448 794 per

291 809 458 857 omnia
479 825 614 873 aeque
633 807 795 856 bonus
812 808 871 856 sit
892 808 931 855 is
951 808 1036 872 qui
1055 817 1125 856 est
1145 807 1207 856 ab
1231 807 1346 871 alic,
1373 809 1496 857 sicut
1513 820 1584 857 est
1604 810 1682 858 ille
1703 826 1731 857 a
1747 826 1846 874 quo
1866 810 1967 875 ipse
1987 809 2093 856 est?
2117 809 2244 856 Nihil
2266 810 2447 875 quippe

291 888 453 954 aliqua
486 889 717 953 dignitate
743 888 971 955 praecedit
1002 889 1227 946 alterum,
1264 889 1397 953 quod
1426 890 1475 937 in
1500 891 1634 938 nullo
1658 889 1794 937 bono
1820 899 2073 955 exsuperat
2103 890 2279 954 ipsum.
2319 893 2448 937 Deus

292 980 455 1018 autem
481 973 617 1018 Pater
635 972 793 1018 Deum
819 969 990 1017 Filium
1015 970 1064 1017 in
1085 969 1219 1018 nullo
1243 970 1538 1018 transcendit
1562 970 1716 1032 bono,
1744 987 1856 1018 cum
1877 986 2011 1034 aeque
2037 969 2182 1018 Filius
2206 980 2254 1017 et
2278 979 2449 1035 potens

291 1052 352 1100 sit
388 1061 437 1099 et
468 1052 659 1118 sapiens
692 1061 740 1099 et
772 1051 1040 1116 benignus,
1074 1061 1121 1099 et
1155 1051 1326 1100 eadem
1362 1068 1448 1116 per
1482 1052 1647 1100 omnia
1683 1051 1802 1100 boni
1842 1050 2071 1117 perfectio
2106 1050 2304 1114 singulis
2339 1051 2450 1098 insit

292 1133 530 1198 personis,
568 1133 692 1180 sicut
721 1141 769 1179 et
802 1131 972 1179 eadem
1006 1132 1199 1197 penitus
1225 1131 1476 1180 individua
1512 1132 1604 1179 illis
1636 1132 1759 1180 inest
1794 1131 2078 1180 substantia.
2107 1131 2253 1190 Quod
2292 1132 2450 1196 itaque

292 1213 516 1279 perhibet
538 1214 802 1262 Mercurius
823 1213 997 1262 Filium
1019 1230 1121 1261 esse
1147 1213 1416 1261 secundum
1440 1214 1708 1262 Dominum
1729 1230 1754 1262 a
1779 1216 1932 1274 Patre,
1960 1212 2056 1261 tale
2077 1222 2148 1261 est
2169 1229 2224 1260 ac
2244 1213 2283 1260 si
2303 1212 2447 1271 dicat,

291 1294 452 1359 ipsum
488 1311 684 1359 quoque
707 1295 879 1342 Filium
912 1311 1013 1342 esse
1036 1294 1323 1355 Dominum,
1350 1304 1398 1342 et
1431 1311 1534 1342 esse
1563 1294 1832 1342 secundum
1858 1310 1886 1342 a
1910 1297 2067 1353 Patre,
2105 1293 2202 1340 hoc
2237 1303 2308 1340 est
2341 1310 2452 1358 per-

291 1375 519 1424 sonaliter
552 1375 797 1424 diversum
819 1393 847 1424 a
869 1379 975 1423 Deo
1000 1379 1161 1437 Patre,
1190 1393 1218 1424 a
1240 1392 1339 1441 quo
1364 1375 1469 1424 solo
1502 1376 1606 1442 ipse
1634 1385 1732 1436 est,
1762 1375 1848 1423 sed
1875 1392 1975 1422 non
2009 1375 2166 1435 solus,
2201 1391 2314 1422 cum
2347 1374 2451 1439 ipse

289 1474 488 1522 quoque
522 1458 727 1523 Spiritus
763 1458 825 1506 ab
868 1458 1084 1523 utrisque
1117 1457 1194 1505 sit.
1238 1458 1384 1516 Quasi
1423 1474 1536 1522 ergo
1570 1457 1728 1522 primo
1759 1456 1870 1504 loco
1902 1456 2046 1504 Filius
2082 1466 2154 1504 est
2191 1472 2250 1503 ex
2286 1458 2448 1515 Patre,

291 1537 427 1586 nullo
460 1538 637 1586 scilicet
675 1538 920 1586 mediante
959 1556 969 1585 ε
1004 1539 1214 1604 Spiritus,
1243 1555 1359 1587 vero
1391 1539 1529 1603 quasi
1568 1538 1709 1586 tertio
1742 1537 1879 1597 loco,
1922 1537 2154 1601 quoniam
2191 1537 2259 1583 sic
2294 1545 2365 1583 est
2396 1552 2453 1583 ex

294 1620 452 1678 Patre,
492 1618 627 1684 quod
664 1629 736 1666 est
770 1619 915 1667 etiam
947 1636 1005 1667 ex
1027 1618 1163 1666 Filio.
1204 1618 1481 1667 Secundum
1517 1618 1678 1682 itaque
1710 1617 1828 1665 dixit
1862 1618 1999 1682 quasi
2031 1634 2145 1664 eum
2180 1616 2265 1680 qui
2294 1617 2452 1681 primo

292 1697 404 1746 loco
434 1716 494 1746 ex
523 1703 662 1747 Patre
697 1700 773 1761 sit,
801 1716 860 1747 ex
889 1700 994 1765 ipsa
1016 1699 1242 1747 videlicet
1273 1698 1375 1763 ejus
1403 1698 1695 1760 substantia,
1737 1708 1786 1746 et
1815 1697 1949 1746 nulla
1976 1696 2068 1745 alia
2103 1697 2453 1744 interveniente

292 1795 517 1844 persona.
546 1779 643 1828 Sed
662 1790 709 1828 et
731 1796 844 1828 cum
868 1779 1039 1828 dicunt
1064 1779 1347 1845 Philosophi
1379 1789 1593 1827 mentem
1621 1796 1678 1826 ex
1703 1781 1906 1826 Summo
1926 1782 2030 1826 Deo
2054 1787 2236 1838 natam,
2264 1777 2360 1824 hoc
2383 1786 2454 1825 est

293 1860 509 1908 Verbum
533 1877 591 1907 ex
614 1864 720 1908 Deo
744 1863 899 1922 Patre,
923 1877 1187 1923 summum,
1214 1871 1267 1908 ut
1288 1860 1474 1908 dictum
1500 1871 1588 1921 est,
1615 1860 1785 1908 dicunt
1806 1877 1908 1907 non
1931 1877 1988 1907 ex
2012 1859 2172 1923 aliqua
2194 1858 2447 1923 dignitate;

291 1939 377 1988 sed
400 1957 458 1988 ex
481 1957 541 1988 eo
565 1941 700 2006 quod
720 1957 749 1989 a
775 1941 910 1989 nullo
934 1941 995 1989 sit
1014 1942 1135 2007 ipse,
1165 1958 1277 1990 cum
1299 1952 1470 1989 ceterae
1493 1941 1599 1988 duae
1623 1958 1841 2006 personae
1864 1940 1926 1988 ab
1952 1941 2059 2006 ipso
2082 1940 2195 1987 sint.

358 2012 504 2080 Qu'od
529 2040 643 2071 vero
676 2022 923 2087 objectum
954 2032 1024 2070 est
1053 2022 1189 2087 quod
1225 2023 1337 2087 quia
1367 2022 1498 2070 idem
1522 2023 1583 2069 sit
1613 2022 1928 2070 essentialiter
1955 2020 2100 2068 Filius
2132 2019 2267 2084 quod
2292 2023 2450 2081 Pater,

292 2111 340 2149 et
363 2105 502 2151 Pater
522 2113 716 2168 generet
736 2103 926 2164 Filium,
955 2103 1086 2152 idem
1107 2113 1300 2167 generet
1327 2104 1556 2168 seipsum,
1586 2102 1683 2150 hoc
1706 2112 1794 2162 est,
1821 2101 1933 2166 quia
1957 2100 2121 2158 Filius,
2149 2109 2202 2146 ut
2222 2099 2448 2159 dixi-mus,

293 2193 363 2230 est
395 2200 452 2231 ex
478 2186 636 2246 Patre,
670 2183 802 2231 idem
825 2185 884 2231 sit
916 2201 975 2231 ex
997 2184 1180 2249 seipso;
1212 2183 1346 2232 facile
1370 2193 1441 2231 est
1472 2183 1688 2248 quassari
1709 2199 1767 2230 ex
1787 2181 2099 2229 similitudine
2134 2181 2354 2246 superius
2376 2180 2450 2227 in-

292 2263 457 2326 ducta,
490 2263 551 2312 de
584 2281 694 2312 cera
717 2264 939 2312 videlicet
965 2275 1110 2329 atque
1133 2281 1272 2312 cerea
1294 2264 1520 2328 imagine.
1547 2263 1682 2312 Idem
1706 2264 1887 2329 quippe
1910 2273 1981 2310 est
2009 2261 2319 2310 essentialiter
2342 2277 2451 2309 cera

294 2344 398 2409 ipsa
433 2355 481 2392 et
508 2345 669 2410 imago
704 2362 859 2394 cerea.
889 2347 947 2392 Et
970 2362 1084 2392 cum
1115 2346 1276 2409 imago
1309 2346 1413 2411 ipsa
1443 2362 1502 2392 ex
1524 2345 1628 2410 ipsa
1653 2361 1764 2392 cera
1795 2353 1883 2404 est,
1918 2360 2018 2391 non
2049 2342 2160 2391 ideo
2185 2359 2243 2390 ex
2275 2343 2447 2407 seipsa,

293 2424 389 2473 hoc
415 2435 487 2475 est
514 2443 616 2474 non
649 2425 761 2474 ideo
781 2427 884 2492 ipsa
909 2426 1068 2491 imago
1095 2436 1233 2475 cerea
1265 2435 1336 2474 est
1364 2442 1422 2473 ex
1451 2427 1555 2492 ipsa
1586 2426 1805 2490 imagine
1822 2441 1960 2472 cerea
1977 2462 1989 2486 ‚
2027 2424 2142 2488 quia
2159 2432 2243 2472 est
2267 2440 2325 2470 ex
2349 2423 2452 2488 ipsa

292 2522 421 2567 cera,
448 2507 670 2572 quamvis
692 2506 795 2554 haec
821 2507 925 2572 ipsa
948 2523 1075 2566 cera,
1104 2516 1152 2554 et
1173 2506 1276 2554 haec
1297 2506 1400 2571 ipsa
1426 2507 1606 2570 imago,
1636 2506 1767 2555 idem
1791 2506 1887 2554 siut
1904 2505 2094 2570 penitus
2118 2504 2447 2562 essentialiter,

295 2603 398 2634 non
433 2586 724 2637 diffinitione
766 2588 965 2653 quidem
999 2587 1075 2636 vel
1111 2588 1419 2653 proprietate.
1458 2590 1576 2653 Ipsae
1612 2588 1793 2653 quippe
1822 2586 2058 2634 dictiones
2092 2585 2298 2632 relativae
2332 2601 2447 2631 cum

295 2666 358 2713 ad
396 2667 696 2716 identitatem
734 2668 953 2732 ejusdem
986 2669 1055 2717 rei
1088 2668 1344 2734 praemissis
1379 2667 1662 2716 nominibus
1696 2675 2112 2732 superponuntur,
2150 2681 2251 2712 non
2292 2665 2451 2712 solum

296 2745 360 2794 ad
393 2746 694 2796 identitatem
728 2749 970 2808 essentiae,
1014 2766 1182 2796 verum
1213 2749 1358 2795 etiam
1390 2747 1452 2796 ad
1485 2748 1784 2795 identitatem
1818 2746 2120 2794 diffinitionis
2152 2757 2296 2810 atque
2327 2745 2451 2809 ejus-

296 2826 409 2874 dem
448 2828 638 2892 penitus
681 2837 832 2876 status
873 2829 1324 2887 accommodantur,
1367 2838 1416 2875 ut
1455 2829 1495 2875 si
1533 2828 1692 2875 dicam
1732 2827 1942 2891 aliquam
1990 2843 2092 2874 rem
2130 2842 2231 2873 esse
2275 2843 2334 2873 ex
2367 2843 2447 2887 se,

297 2917 490 2971 oportet
512 2918 566 2955 ut
587 2907 712 2957 idem
735 2909 930 2974 penitus
953 2910 1065 2968 sint,
1086 2910 1223 2973 juxta
1244 2925 1522 2974 expressum
1546 2925 1648 2955 esse
1669 2925 1814 2955 suum
1828 2943 1841 2967 ‚
1865 2924 1941 2955 res
1969 2908 2069 2972 ipsa
2089 2924 2194 2972 quae
2214 2916 2284 2954 est
2308 2916 2356 2954 et
2378 2925 2453 2955 res

298 2988 400 3052 ipsa
430 3005 486 3036 ex
522 3005 619 3052 qua
648 2999 735 3050 est,
759 2988 907 3036 veluti
934 2989 973 3038 si
1001 2988 1133 3037 idem
1164 2999 1287 3037 esset
1320 2988 1611 3036 diffinitione
1644 2988 1744 3035 haec
1768 3004 1878 3035 cera
1906 2998 1953 3035 et
1976 2987 2077 3035 haec
2100 2988 2262 3052 imago
2294 3004 2449 3046 cerea,

298 3069 421 3115 sicut
444 3069 572 3116 idem
597 3079 666 3117 est
689 3069 815 3117 ensis
838 3079 887 3118 et
909 3086 1080 3117 mucro
1108 3090 1119 3118 z
1147 3079 1195 3117 et
1212 3079 1329 3118 tunc
1354 3087 1467 3117 cum
1486 3069 1865 3117 concederemus
1882 3068 2037 3133 ipsam
2064 3069 2325 3133 imaginem
2351 3085 2450 3116 esse

298 3165 356 3196 ex
378 3150 481 3215 ipsa
515 3166 654 3211 cera,
696 3159 943 3215 oporteret
977 3150 1179 3198 concedi
1215 3150 1346 3198 idem
1380 3167 1482 3197 esse
1518 3167 1573 3197 ex
1607 3167 1658 3197 se
1695 3149 1819 3214 ipso.
1860 3152 1982 3196 Cum
2019 3166 2135 3196 vero
2172 3166 2272 3197 non
2307 3149 2455 3214 possit

299 3230 488 3278 ostendi
509 3231 558 3278 id
582 3230 718 3296 quod
738 3231 913 3279 dicitur
942 3248 1041 3279 esse
1062 3248 1118 3279 ex
1145 3231 1228 3278 illo
1256 3230 1385 3278 idem
1412 3247 1514 3278 esse
1534 3231 1824 3279 diffinitione
1853 3247 1965 3277 curn
1985 3231 2087 3291 illo,
2117 3247 2216 3277 non
2247 3240 2318 3276 est
2341 3229 2452 3275 ideo

299 3326 467 3358 verum
493 3311 620 3365 idem
646 3329 748 3360 esse
777 3330 835 3360 ex
859 3329 908 3360 se
937 3312 1059 3377 ipso,
1086 3313 1174 3361 etsi
1202 3312 1297 3360 hoc
1320 3311 1451 3359 idem
1478 3311 1535 3359 sit
1560 3311 1873 3360 essentialiter
1895 3327 1952 3359 ac
1985 3328 2188 3359 numero
2214 3327 2325 3357 cum
2350 3308 2451 3356 illo.
