2638 3866
248 270 347 318 354
1061 265 1232 313 PETRl
1267 264 1584 315 ABAELARDI

250 387 387 418 num.
426 369 548 427 Quia
584 382 673 414 nec
703 366 946 414 immerito
980 365 1159 414 factum
1195 374 1284 428 est,
1323 375 1376 413 ut
1401 366 1611 432 propriis
1640 365 1816 415 scilicet
1849 367 1928 415 ille
1954 378 2169 419 uteretur
2199 372 2380 433 verbis,

248 466 353 515 quae
374 449 591 496 humano
613 455 801 494 tantum
824 463 967 495 sensu
985 445 1193 511 probata
1220 456 1350 495 sunt.
1375 467 1398 490 »
1429 465 1453 493 «
1474 449 1660 513 Hospes
1682 463 1832 495 meus.
1857 468 1880 492 2>
1907 449 2132 513 Origenes
2154 469 2164 498 :
2196 472 2220 496 t<
2237 452 2386 500 Vide·
2430 492 2432 494 .

247 540 327 578 tur
348 529 559 577 indicare
588 526 650 576 de
673 543 731 575 eo
761 528 897 592 quod
919 529 992 576 vir
1014 527 1156 575 fuerit
1180 527 1448 593 hospitaliS‚
1481 527 1563 592 qui
1589 544 1689 575 non
1713 527 1869 577 solum
1894 530 2095 578 Paulum
2121 533 2381 597 receperit,

249 609 332 657 sed
356 619 404 656 et
427 607 634 656 ecclesiae
660 609 890 656 universae
914 609 963 656 in
987 608 1137 656 domo
1166 625 1253 655 sua
1270 607 1662 656 conventiculum
1684 609 1900 674 praebuit.
1929 613 2096 658 Fertur
2127 611 2386 660 traditione

248 689 503 753 majorum,
545 688 679 753 quod
714 689 803 737 iste
837 689 977 737 Caius
1006 689 1190 754 primus
1218 690 1473 755 episcopus
1494 688 1634 737 fuerit
1653 689 2098 738 Thessalonicensis.
2120 710 2145 736 »
2180 690 2384 739 Ambro-

247 770 344 816 sius
372 787 383 815 :
414 789 436 814 «
465 769 551 817 Hic
575 772 646 817 est
676 770 841 832 CaiuS,
880 779 934 817 ut
961 769 1188 830 arbitror,
1214 770 1277 818 ad
1300 786 1447 834 quem
1469 768 1632 818 scribit
1653 772 1859 818 Joannes
1882 771 2135 836 Apostolus
2169 772 2385 820 exultans

247 850 298 897 in
324 850 516 898 caritate
543 850 662 914 ejuS‚
694 867 841 915 quam
870 850 1150 910 exhibebat,
1175 849 1400 898 fratribus
1429 849 1646 916 praebens
1669 860 1884 917 sumptus
1908 851 1999 899 illis
2020 854 2331 900 necessariOS.
2357 871 2380 897 n

251 933 434 995 Haymo
466 949 475 977 :
508 934 642 978 «Iste
675 939 747 978 est
773 931 916 979 Caius
950 931 1094 980 etiam
1123 931 1338 997 captivus
1368 932 1451 996 qui
1477 930 1742 997 baptizatus
1772 940 1844 979 est
1873 930 1935 979 ab
1971 931 2229 997 Apostolo,
2264 932 2387 980 sicut

250 1010 365 1058 dicit
386 1012 437 1058 in
466 1011 667 1076 epistola
697 1011 764 1058 ad
794 1011 1086 1059 Corinthios-¹
1112 1030 1126 1058 .-
1159 1031 1183 1058 «
1210 1012 1460 1060 Neminem
1485 1021 1697 1059 vestrum
1719 1011 1957 1077 baptizavi
1980 1012 2073 1059 nisi
2095 1012 2318 1076 Crispum
2341 1023 2387 1060 et

250 1091 436 1139 Caium.
459 1113 481 1136 »
503 1112 526 1137 «
547 1095 603 1139 Et
617 1093 840 1140 universa
860 1093 1280 1141 Ecclesia.Salutat
1292 1109 1380 1140 vos
1395 1095 1635 1140 Erastus.»
1646 1092 1924 1140 Ambrosius
1939 1091 2018 1140 hic
2033 1092 2385 1139 nominativum

250 1171 487 1236 pluralem
509 1172 745 1237 intelligit,
776 1190 832 1220 ac
867 1174 907 1221 si
929 1173 1192 1221 diceretur:
1220 1173 1437 1220 Salutant
1461 1188 1548 1219 vos
1573 1172 1803 1220 universae
1822 1172 2056 1220 Ecclesiae.
2093 1172 2188 1219 Sed
2214 1172 2387 1220 melior

249 1261 341 1312 est,
379 1252 646 1300 secundum
679 1253 964 1316 Origenem,
998 1254 1233 1317 genitivus
1268 1252 1540 1317 singularis,
1567 1261 1622 1298 ut
1651 1252 1832 1299 dictum
1865 1261 1952 1311 est,
1988 1261 2041 1299 ut
2077 1252 2298 1300 videlicet
2323 1252 2388 1299 ita

247 1331 563 1395 intelllgatur:
592 1336 778 1399 Hospes
800 1350 954 1395 meus,
980 1343 1028 1380 et
1050 1334 1226 1399 hospes
1250 1335 1478 1381 universae
1501 1331 1739 1380 Ecclesiae.
1762 1336 1882 1380 Cum
1905 1333 2035 1380 enim
2050 1332 2148 1396 jam
2172 1333 2389 1397 superius

250 1410 438 1460 dixisset
459 1413 716 1478 Apostolus
744 1432 754 1460 ε
792 1434 814 1457 ε(
836 1414 1050 1461 Salutant
1083 1430 1168 1462 vos
1199 1431 1368 1462 omnes
1394 1414 1612 1461 Ecclesiae
1641 1414 1830 1473 Christi,
1855 1433 1878 1458 >³
1905 1413 2022 1478 quid
2048 1429 2170 1477 opus
2203 1422 2304 1460 erat
2336 1422 2389 1459 ut

248 1491 344 1539 hoc
380 1504 648 1559 repeteret:
687 1494 907 1543 Salutant
940 1512 1028 1543 vos
1069 1496 1299 1543 universae
1324 1494 1574 1542 Ecclesiae?
1615 1514 1638 1538 α
1662 1497 1856 1542 Erastus
1883 1493 2092 1553 arcarius
2118 1493 2335 1541 civitatis.
2361 1511 2385 1538 n

250 1574 480 1637 Origenes
508 1593 517 1621 :
555 1596 577 1619 «
596 1579 718 1623 Puto
741 1593 843 1623 esse
876 1579 1095 1623 Erastum
1126 1594 1271 1641 quem
1304 1576 1437 1639 dicit,
1469 1576 1582 1641 quia
1604 1576 1833 1623 remansit
1866 1574 2120 1635 Corintho,
2154 1574 2389 1622 arcarium

252 1669 381 1722 eum,
419 1655 469 1702 id
493 1665 562 1702 est
582 1655 964 1721 dispensatorem
988 1656 1111 1704 illius
1143 1658 1364 1716 civitatis,
1392 1658 1527 1721 cujus
1558 1655 1780 1704 conditor
1801 1665 1872 1703 est
1894 1658 2040 1703 Deus.
2064 1674 2086 1699 n
2113 1653 2389 1704 Secundum

251 1733 627 1798 Hieronymum,
667 1746 869 1783 vocatur
907 1736 1151 1784 archarius
1190 1737 1416 1796 civitatis,
1454 1735 1719 1784 secundum
1758 1735 1854 1783 hoc
1892 1734 2026 1799 quod
2057 1734 2174 1782 olim
2208 1734 2387 1794 fuerat,

250 1830 352 1860 non
379 1815 547 1862 modo.
576 1819 763 1880 Haymo
799 1835 809 1864 ε
851 1837 874 1862 «
900 1817 1177 1876 Archarius,
1204 1817 1254 1864 id
1282 1827 1352 1864 est
1375 1818 1598 1882 princeps
1627 1817 1704 1864 vel
1742 1816 2044 1880 dispensator
2074 1815 2157 1879 qui
2195 1823 2392 1879 praeerat

251 1894 423 1954 archae,
449 1895 532 1944 ubi
564 1913 736 1945 census
766 1898 1074 1962 ponebantur
1101 1898 1222 1961 regis
1255 1898 1551 1945 tributorum
1570 1906 1616 1943 et
1646 1895 1966 1959 vectigalium.
1993 1915 2016 1938 >2
2057 1913 2080 1940 «
2103 1897 2160 1941 Et
2184 1896 2392 1951 Quartus

251 1973 409 2022 frater.
433 1996 454 2019 »
492 1978 748 2042 Proprium
779 1995 960 2026 nomen
998 1989 1088 2039 est,
1121 1979 1242 2026 sicut
1269 1988 1316 2025 et
1347 1978 1547 2025 Tertius.
1581 1977 1789 2024 «Gratia
1814 1976 2009 2023 Domini
2034 1974 2202 2021 nostri.
2229 1992 2252 2018 »
2282 1973 2391 2020 Hie-

250 2071 484 2120 ronymus
517 2076 528 2103 z
558 2061 711 2105 «Haec
743 2068 813 2106 est
843 2059 1038 2124 scriptio
1063 2075 1234 2106 manus
1269 2059 1370 2123 ejus
1392 2060 1442 2106 in
1467 2057 1695 2106 omnibus
1723 2056 1962 2122 epistolis,
1997 2065 2050 2102 ut
2083 2055 2132 2101 in
2163 2070 2221 2101 ea
2248 2053 2393 2101 etiam

254 2148 603 2185 commemoret
642 2138 880 2186 beneficia
921 2139 1160 2186 Christi.»
1198 2143 1386 2204 Haymo
1431 2157 1442 2187 ε
1497 2158 1519 2184 «
1554 2139 1716 2186 Gratia
1769 2137 1942 2185 dicitur
1983 2134 2125 2199 gratis
2167 2134 2308 2193 data,
2350 2136 2396 2180 et

250 2217 447 2264 nomine
471 2220 628 2281 gratiae
658 2220 889 2267 debemus
920 2220 1182 2284 intelligere
1204 2219 1443 2284 quidquid
1472 2219 1595 2267 boni
1627 2219 1770 2283 gratis
1793 2217 2036 2282 accipiunt
2059 2214 2197 2262 electi
2220 2230 2249 2262 a
2270 2216 2390 2273 Deo,

252 2305 303 2342 ut
326 2297 547 2345 videlicet
569 2317 723 2364 spem,
752 2301 1016 2361 caritatem,
1042 2301 1374 2348 remissionem
1399 2310 1726 2365 peccatorum.
1745 2319 1768 2343 2>

321 2396 344 2421 «
373 2378 427 2424 Ei
462 2388 624 2426 autem
655 2380 739 2443 qui
777 2390 949 2445 potens
985 2390 1056 2427 est
1084 2398 1189 2429 vos.
1215 2400 1239 2426 υ
1276 2380 1550 2446 Capitulum
1585 2380 1680 2427 hoc
1708 2379 1941 2439 Marcion,
1967 2393 1996 2425 a
2020 2392 2120 2441 quo
2152 2374 2395 2438 scripturae

252 2459 546 2522 Evangelicae
566 2469 710 2524 atque
734 2461 1016 2525 Apostolicae
1047 2462 1346 2526 interpolatae
1378 2471 1508 2519 sunt,
1536 2460 1597 2507 de
1619 2460 1711 2507 hac
1732 2458 1943 2524 Epistola
1965 2457 2156 2522 penitus
2180 2453 2390 2501 abstulit.

252 2537 346 2585 Sed
372 2549 419 2585 et
441 2539 503 2586 ab
527 2557 586 2587 eo
610 2539 721 2588 loco
745 2540 826 2587 ubi
840 2542 1072 2606 scriptum
1097 2550 1183 2600 est,
1215 2542 1414 2587 «Omne
1437 2549 1600 2587 autem
1623 2538 1758 2603 quod
1782 2554 1883 2585 non
1907 2546 1978 2584 est
2001 2552 2058 2582 ex
2084 2533 2197 2592 fide,
2223 2547 2396 2597 pecca-

251 2627 355 2665 tum
386 2628 474 2682 est,
497 2639 519 2665 »
549 2637 699 2685 usque
725 2621 786 2668 ad
816 2621 964 2669 finem
989 2631 1162 2669 cuncta
1189 2621 1434 2669 dissecuit.
1466 2622 1521 2667 In
1546 2619 1648 2667 aliis
1681 2634 1796 2667 vero
1826 2614 2127 2681 exemplariis
2158 2629 2263 2677 quae
2293 2627 2394 2659 non

254 2708 365 2745 sunt
386 2716 414 2747 a
436 2701 684 2748 Marcione
709 2711 962 2763 temerata,
992 2702 1087 2750 hoc
1109 2702 1269 2767 ipsum
1291 2699 1554 2767 capitulum
1584 2700 1660 2748 vel
1682 2698 1869 2746 diverse
1896 2696 2108 2762 positum
2133 2692 2392 2740 invenitur.

254 2779 308 2824 In
339 2781 584 2828 nonnullis
609 2782 754 2830 etiam
789 2782 1038 2830 codicibus
1071 2792 1177 2848 post
1200 2799 1312 2830 eum
1346 2783 1527 2841 locum,
1558 2800 1582 2826 «
1602 2783 1761 2828 Omne
1783 2788 1945 2826 autem
1969 2775 2102 2840 quod
2123 2790 2223 2821 non
2249 2782 2319 2820 est
2340 2788 2398 2819 ex

256 2855 350 2905 fide
367 2872 619 2923 peccatum
641 2873 729 2923 est,
752 2881 775 2907 »
804 2863 962 2910 statim
983 2863 1190 2911 habetur
1212 2881 1221 2909 :
1248 2882 1271 2909 «
1295 2863 1350 2910 Ei
1372 2872 1536 2913 autem
1556 2861 1640 2926 qui
1658 2870 1830 2926 potens
1852 2867 1924 2905 est
1946 2873 2034 2904 vos
2055 2853 2393 2902 confirmare.»

254 2936 341 2983 Alii
384 2955 498 2986 vero
539 2942 730 2990 codices
774 2944 823 2990 in
861 2943 958 2991 fine
994 2944 1045 2991 id
1097 2944 1180 2991 ubi
1220 2960 1353 2990 nunc
1390 2952 1460 2990 est
1497 2943 1710 3008 positum
1752 2939 2019 2988 continent.
2056 2938 2399 2983 Consummata

257 3017 542 3067 salutatione
580 3039 770 3083 eorum,
804 3025 1030 3073 terminat
1062 3024 1327 3089 Epistolam
1366 3040 1503 3072 suam
1535 3024 1584 3072 in
1621 3023 1812 3072 actione
1846 3019 2132 3084 gratiarum,
2165 3013 2304 3078 quasi
2338 3011 2399 3058 de

257 3098 445 3163 expleto
471 3117 615 3164 opere
644 3119 731 3150 suo
765 3105 808 3150 ei
841 3114 995 3167 grates
1020 3104 1247 3165 referens,
1284 3105 1366 3168 qui
1387 3104 1484 3152 hoc
1506 3104 1551 3151 ei
1575 3102 1839 3168 inspiravit.
1869 3104 1934 3146 Ac
1958 3099 1997 3145 si
2025 3098 2090 3144 ita
2113 3094 2362 3143 continuet
2383 3110 2393 3136 ι

257 3177 425 3239 Vobis,
459 3181 676 3244 inquam,
703 3183 763 3230 sit
787 3184 954 3246 gratia,
983 3184 1067 3232 sed
1093 3185 1137 3232 ei
1160 3185 1243 3249 qui
1274 3195 1446 3250 potens
1475 3194 1563 3246 est,
1588 3193 1679 3231 etc.
1719 3196 1891 3247 perpes
1925 3179 1984 3225 sit
2014 3176 2181 3240 gloria.
2217 3176 2275 3220 Et
2308 3187 2398 3218 no·-

301 3367 307 3385 ¹
332 3365 484 3399 Corinth.
502 3368 529 3410 1,
548 3376 620 3408 cap.
640 3369 690 3402 14.
