2638 3866
872 234 928 283 ΙΝ
965 233 1296 282 EPISTOLAM
1332 236 1412 284 AD
1447 236 1751 285 ROMANOS.
2296 236 2383 284 33¹

240 361 439 419 propter
459 350 556 400 hoc
577 349 910 411 damnabitur,
938 348 1074 416 quod
1095 350 1172 398 vel
1205 349 1309 399 zelo
1337 351 1454 419 legis
1486 352 1709 410 abstinet,
1739 367 1800 399 ne
1832 359 1999 400 contra
2036 352 2387 403 conscientiam

242 443 422 499 peccet.
461 436 678 482 «Potens
703 441 776 481 est
800 431 947 481 enim.
965 451 988 475 2>
1020 434 1083 480 Ac
1109 431 1147 479 si
1178 431 1391 482 diceret:
1418 434 1534 483 Ideo
1564 433 1763 500 quidem
1785 433 1954 482 melius
1986 449 2090 483 esse
2112 435 2290 501 opinor
2317 438 2392 485 vel

240 517 484 565 caritative
518 533 698 576 assero,
738 517 850 582 quia
884 516 954 564 nil
987 515 1231 564 adversari
1256 515 1447 566 videtur
1471 519 1588 584 quin
1623 517 1721 566 hoc
1754 517 2050 583 sperandum
2083 534 2185 566 non
2217 520 2294 568 sit.
2333 523 2391 568 Et

239 597 334 645 hoc
368 608 438 646 est
470 617 480 646 ε
524 619 547 644 «
577 600 749 647 Potens
782 607 854 646 est
884 599 1042 660 Deus,
1081 607 1173 645 etc.
1210 618 1232 642 >2
1278 597 1394 646 Ideo
1430 599 1560 647 enim
1596 600 1727 647 Deus
1756 614 1896 664 posse
1936 598 2128 659 dicitur,
2165 601 2297 666 quod
2330 619 2391 651 ne

239 676 300 725 ab
356 695 415 728 eo
465 678 576 740 fiat,
620 677 751 727 nulla
796 677 1019 747 impediri
1067 677 1252 728 ratione
1296 678 1504 743 videtur,
1559 679 1636 728 vel
1686 678 1974 728 authoritate
2023 681 2386 733 contradicitur.

238 760 348 809 Tale
379 770 448 809 est
483 778 624 827 ergo,
668 781 691 807 «
720 770 893 828 potens
928 770 999 809 est
1033 763 1191 820 Deus,
1217 781 1240 806 >2
1281 778 1338 809 ac
1369 762 1409 809 si
1439 761 1627 811 dicatur
1661 781 1672 810 ε
1712 760 1851 810 Nulla
1885 777 1947 809 ne
1981 761 2077 809 hoc
2108 763 2244 812 faciat
2276 782 2392 814 con-

240 829 380 901 traire
416 843 538 890 ratio
572 842 778 891 videtur.
816 862 838 888 «
868 844 988 891 Nam
1019 842 1157 891 alius.
1193 863 1215 886 >2
1248 842 1388 890 Unde
1423 844 1487 892 ita
1522 842 1602 891 alii
1636 843 1756 891 alios
1780 841 2000 906 judicent
2027 842 2103 890 vel
2137 845 2392 910 reprehen-

238 920 356 970 dant
411 922 658 993 subjungit
711 924 969 991 Apostolus
996 963 1008 987 ,
1065 941 1122 973 ex
1176 924 1388 991 propriis
1454 924 1630 973 scilicet
1683 923 1988 972 conscientiis
2015 961 2028 986 ,
2096 942 2207 972 cum
2272 927 2391 975 alius

237 1002 415 1053 scilicet
467 1016 658 1054 censeat
702 1003 1061 1054 observandum
1117 1007 1167 1053 in
1221 1005 1512 1055 abstinentia
1571 1005 1989 1072 supradictorum,
2037 1024 2060 1051 «
2093 1005 2222 1054 diem
2270 1008 2393 1055 inter

237 1082 391 1146 diem,
418 1106 441 1130 »
481 1086 527 1134 id
553 1097 624 1135 est
667 1086 745 1135 die
791 1086 951 1152 aliqua
998 1087 1090 1136 alia
1131 1087 1211 1135 die
1254 1087 1562 1153 interposita,
1607 1086 1730 1134 sicut
1772 1084 1922 1133 modo
1963 1095 2134 1151 quarta
2176 1096 2224 1136 et
2262 1097 2393 1136 sexta

239 1164 375 1225 seria,
411 1166 586 1232 quibus
613 1168 819 1216 maxime
855 1167 916 1215 ab
947 1167 1174 1216 omnibus
1209 1184 1406 1234 quoque
1440 1167 1711 1217 carnalibus
1744 1166 1972 1215 abstineri
2005 1168 2156 1231 solet,
2197 1178 2392 1235 propter

237 1244 562 1296 edomandam
607 1248 787 1297 scilicet
835 1266 1050 1309 carnem,
1099 1266 1199 1298 non
1247 1259 1448 1316 propter
1487 1249 1685 1315 aliquod
1722 1248 1837 1313 legis
1878 1247 2188 1310 mandatum3
2229 1249 2392 1297 «alius

238 1341 433 1375 omnem
471 1327 599 1376 diem
629 1349 652 1373 >2
690 1329 869 1378 scilicet
910 1330 1271 1380 observandum
1309 1346 1436 1390 esse,
1466 1329 1527 1378 ab
1560 1329 1636 1378 his
1666 1328 1887 1377 videlicet
1916 1327 2142 1377 carnibus
2169 1346 2289 1395 quas
2317 1329 2390 1378 lex

235 1406 493 1457 interdicit.

306 1508 329 1532 (ε
352 1491 721 1557 Unusquisque,
750 1512 773 1535 »
820 1492 870 1539 in
908 1491 1085 1540 talibus
1117 1492 1193 1540 his
1234 1493 1413 1542 scilicet
1448 1491 1770 1558 dijudicandis
1812 1492 1888 1540 vel
1933 1490 2288 1553 deliberandis,
2331 1492 2392 1539 de

236 1569 413 1634 quibus
443 1572 580 1619 nulla
617 1571 779 1620 adhuc
816 1572 1048 1621 discussio
1084 1573 1162 1621 vel
1192 1578 1380 1623 ratione
1408 1574 1486 1622 vel
1521 1573 1813 1622 authoritate
1842 1573 1964 1621 facta
1998 1580 2087 1619 est.
2129 1571 2394 1620 «Abundet

235 1644 284 1691 in
312 1661 400 1692 suo
426 1663 587 1707 sensu,
608 1665 631 1692 »
659 1646 707 1695 id
731 1658 802 1695 est
825 1664 962 1696 suam
996 1649 1147 1714 magis
1178 1650 1463 1717 opinionem
1496 1664 1641 1714 quam
1674 1649 1867 1696 alterius
1893 1655 2137 1712 sequatur.
2165 1645 2393 1694 Nondum

236 1726 365 1772 enim
390 1725 451 1774 ab
474 1728 705 1793 Apostolo
724 1729 797 1776 vel
823 1728 925 1776 aliis
947 1728 1228 1778 doctoribus
1244 1729 1497 1779 manifesta
1522 1728 1644 1776 ratio
1662 1728 1836 1776 tradita
1860 1726 2087 1775 Romanis
2102 1726 2201 1774 istis
2222 1726 2390 1787 fuerat,

235 1822 323 1853 cur
353 1816 553 1874 propter
585 1817 879 1875 praeceptum
911 1809 1028 1874 legis
1061 1810 1164 1858 haec
1202 1810 1492 1858 abstinentia
1524 1809 1759 1858 servanda
1791 1825 1892 1857 non
1929 1817 2071 1857 esset.
2104 1827 2128 1852 «ι
2148 1807 2243 1866 Qui
2273 1809 2395 1875 sapit

235 1884 382 1935 diem.
402 1906 425 1933 n
453 1890 519 1936 Ac
544 1889 583 1937 si
619 1889 827 1938 diceret:
856 1887 972 1938 Ideo
999 1891 1207 1956 quisque
1242 1900 1464 1939 nostrum
1499 1891 1549 1940 in
1587 1890 1762 1938 talibus
1797 1890 1959 1939 adhuc
1992 1905 2190 1956 prorsus
2211 1888 2394 1954 judicio

235 1965 549 2032 relinquatur,
579 1969 695 2034 quia
718 1968 855 2016 aliter
878 1978 1049 2017 contra
1073 1969 1423 2018 conscientiam
1444 1968 1633 2033 agendo
1658 1979 1897 2035 peccaret,
1936 1970 2058 2017 sicut
2078 1968 2394 2034 postmodum

233 2045 411 2094 scilicet
433 2047 625 2112 dicitur,
647 2050 762 2114 quia
786 2065 933 2098 omne
957 2049 1093 2115 quod
1113 2067 1214 2098 non
1239 2059 1310 2098 est
1333 2067 1390 2098 ex
1414 2050 1528 2111 fide,
1555 2060 1809 2116 peccatum
1833 2060 1920 2098 est.
1943 2053 2003 2097 Et
2025 2048 2123 2097 hoc
2142 2058 2230 2111 est,
2254 2069 2277 2093 «
2298 2050 2393 2107 Qui

233 2128 356 2195 sapit
392 2129 538 2192 diem,
562 2148 586 2176 n
623 2130 721 2179 hoc
753 2140 824 2179 est
858 2130 1010 2180 credit
1043 2131 1256 2196 aliquam
1294 2131 1543 2180 observari
1576 2131 1779 2193 debere,
1818 2131 1880 2180 ad
1914 2131 2157 2179 honorem
2195 2130 2393 2177 Domini

233 2207 330 2256 hoc
352 2209 480 2271 facit,
518 2212 597 2258 cui
627 2211 808 2259 scilicet
830 2229 918 2278 per
950 2211 1293 2261 abstinentiam
1325 2213 1454 2261 hanc
1478 2212 1777 2260 moderatam
1801 2212 1989 2278 placere
2025 2227 2076 2259 se
2095 2208 2262 2259 credit.
2294 2230 2318 2257 «
2336 2213 2394 2257 Et

233 2289 317 2353 qui
348 2290 627 2353 manducat,
649 2311 673 2338 »
700 2292 750 2340 id
774 2301 844 2341 est
869 2309 896 2340 a
919 2293 1063 2340 nullis
1083 2293 1174 2341 sibi
1203 2310 1422 2359 unquam
1454 2293 1799 2341 abstinendum
1825 2292 2150 2355 credits-'cum
2173 2290 2393 2340 videlicet

232 2369 416 2419 nullam
441 2371 759 2421 rebellionem
797 2374 955 2421 carnis
986 2391 1094 2440 quae
1124 2374 1373 2423 domanda
1407 2375 1468 2423 sit
1504 2375 1694 2434 sentiat,
1721 2374 1796 2422 vel
1827 2373 2156 2422 infirmitatem
2187 2373 2394 2438 patiatur

233 2467 338 2517 quae
361 2451 658 2502 abstinentiae
683 2455 929 2503 contraria
961 2455 1037 2502 sit.
1067 2455 1298 2503 Nondum
1321 2456 1452 2503 enim
1477 2456 1528 2503 in
1559 2466 1780 2522 tempore
1815 2454 2160 2522 Apostolorum
2182 2453 2393 2519 quadra-

233 2532 421 2596 gesimae
439 2533 513 2581 vel
532 2544 672 2582 sextae
692 2535 818 2583 feriae
835 2535 904 2586 sic
919 2535 1187 2584 institutam
1205 2553 1307 2585 esse
1323 2536 1661 2585 abstinentiam
1679 2536 1756 2584 vel
1775 2535 2111 2584 confirmatam
2130 2534 2384 2583 credimus.

237 2631 260 2657 «
283 2609 495 2662 Domino
528 2616 818 2677 manducat,
853 2616 904 2664 id
930 2627 997 2665 est
1029 2617 1090 2666 ad
1123 2618 1367 2666 honorem
1400 2618 1502 2683 ejus
1535 2618 1769 2678 similiter,
1808 2627 2009 2684 propter
2040 2617 2136 2664 hoc
2168 2614 2389 2664 videlicet

235 2693 368 2758 quod
405 2696 564 2743 statim
596 2696 863 2762 subjungit,
900 2699 1017 2763 quia
1047 2699 1257 2763 «gratias
1288 2699 1332 2746 ei
1357 2700 1473 2763 agit,
1497 2719 1519 2743 »
1545 2699 1598 2746 id
1622 2709 1693 2747 est
1724 2698 1918 2746 laudem
1947 2697 2108 2756 refert,
2145 2696 2206 2744 de
2240 2693 2387 2743 resec·

233 2773 365 2821 tione
395 2774 576 2823 scilicet
607 2776 669 2824 ab
695 2794 752 2824 eo
777 2777 867 2825 sibi
902 2779 1125 2844 praestita.
1154 2783 1221 2827 Ex
1248 2795 1348 2844 quo
1373 2778 1781 2845 perpendendum
1805 2787 1893 2838 est,
1934 2786 2126 2842 quantae
2152 2776 2211 2824 sit
2237 2776 2388 2842 culpae

233 2853 320 2902 has
353 2864 508 2919 grates
539 2866 652 2921 post
682 2856 844 2904 cibum
877 2860 1092 2907 Domino
1125 2875 1225 2907 non
1263 2860 1459 2907 referre.
1485 2878 1510 2905 «
1527 2861 1587 2906 Et
1621 2860 1705 2924 qui
1740 2874 1841 2906 non
1877 2857 2156 2918 manducat,
2181 2856 2280 2904 »id
2319 2866 2390 2904 est

234 2936 424 2999 penitus
450 2936 657 2985 abstinet
680 2948 881 3004 propter
903 2939 1059 3003 legem
1079 2939 1141 2987 ab
1165 2939 1240 2988 his
1265 2956 1373 3005 quae
1402 2941 1507 3007 ipsa
1535 2939 1762 3006 prohibet
1778 2978 1791 2998 ‚
1825 2938 1888 2987 ad
1916 2938 2161 2987 honorem
2189 2937 2388 2985 Domini

235 3032 334 3063 non
364 3017 644 3080 manducat,
672 3018 723 3065 id
745 3029 816 3067 est
837 3018 1062 3068 abstinet.
1090 3023 1197 3068 Non
1228 3022 1358 3069 enim
1389 3020 1518 3070 hanc
1544 3020 1830 3069 obedientiae
1851 3016 2171 3068 reverentiam
2194 3019 2287 3085 legi
2312 3034 2387 3067 ex-

233 3094 385 3159 hibet,
418 3098 509 3145 nisi
547 3109 747 3165 propter
771 3095 928 3148 Deum
959 3101 1042 3166 qui
1066 3117 1174 3149 eam
1204 3088 1356 3162 dedit,
1382 3112 1429 3150 et
1457 3118 1571 3150 cum
1605 3101 1844 3150 abstineat
1870 3101 2068 3167 insuper
2097 3100 2158 3150 de
2187 3114 2386 3166 percep-

236 3177 366 3225 tione
397 3178 588 3226 alterius
612 3179 707 3227 cibi
736 3181 967 3241 concessi,
995 3190 1043 3229 et
1063 3198 1089 3230 a
1115 3185 1219 3230 Deo
1245 3183 1469 3248 praestiti,
1505 3184 1678 3248 gratias
1698 3182 1811 3247 agit.
1841 3185 2032 3230 «Nemo
2051 3182 2197 3229 enim.
2221 3201 2243 3224 »
2270 3179 2385 3227 Ideo

236 3266 281 3303 et
310 3258 609 3309 manducans
630 3271 678 3310 et
703 3260 950 3310 abstinens
973 3262 1037 3312 ad
1067 3262 1313 3312 honorem
1332 3264 1423 3312 Dei
1447 3263 1545 3312 hoc
1563 3264 1679 3329 agit,
1703 3263 1818 3328 quia
1840 3279 2031 3330 semper
2055 3272 2152 3310 tam
2175 3258 2383 3308 vivendo

237 3338 415 3387 scilicet
449 3357 595 3404 quam
623 3342 878 3391 moriendo
911 3343 1049 3392 electi
1082 3345 1347 3393 Dominum
1380 3345 1628 3393 honorant
1662 3354 1807 3410 atque
1842 3342 2147 3408 glorificant:
2175 3338 2383 3389 vivendo
