2638 3866
921 205 1267 256 THEOLOGIA
1303 207 1667 257 CHRISTlANA.
2280 209 2374 256 395

224 314 415 379 giorum
446 312 730 377 interpretes
761 307 1052 373 singularem
1081 308 1262 373 eloquii
1297 310 1581 358 suavitatem
1613 325 1698 357 ore
1728 318 2058 358 emanaturam
2088 309 2373 357 dixerunt.»

226 392 544 442 Excellentius
585 401 747 439 autem
782 400 830 438 et
868 389 1235 437 convenientius
1272 390 1320 437 id
1359 390 1773 457 interpretandum
1815 407 1916 439 esse
1955 407 2056 438 non
2098 390 2296 450 dubito,
2335 392 2374 439 si

225 475 285 524 ad
322 474 498 522 divinae
526 472 770 538 dignitatIs
803 470 1002 535 gloriam
1036 469 1129 518 hoc
1161 470 1447 519 miraculum
1478 472 1727 532 referatur,
1763 480 1816 518 ut
1844 471 1941 520 boc
1965 473 2006 519 ei
2032 474 2163 520 Dens
2191 472 2376 536 insigne

226 556 440 622 praesagii
477 554 735 615 conferret,
767 552 851 618 qui
874 551 1136 599 divinitatis
1167 568 1263 599 suae
1294 569 1381 618 per
1411 570 1524 601 eum
1556 552 1830 617 diligentius
1863 569 2035 601 arcana
2070 553 2377 601 revoluturus

215 639 366 686 esset.
394 635 666 703 Oportebat
697 635 879 700 quippe
902 643 955 682 ut
986 650 1185 681 summae
1216 633 1399 699 sophiae
1421 651 1529 698 quae
1550 634 1770 682 Christus
1793 644 1886 694 est,
1914 634 2129 682 Verbum
2155 634 2375 683 videlicet

227 728 275 767 et
306 718 549 784 Sapientia
572 717 658 765 Dei
694 717 862 777 Patris,
889 732 1105 764 summus
1127 714 1448 781 philosophus
1484 716 1681 781 ejusque
1715 732 1944 780 sequaces
1977 717 2238 781 plurimum
2265 726 2378 764 atte-

227 808 481 847 starentur.
511 797 650 845 Unde
682 807 729 846 et
752 797 886 862 juxta
920 800 971 845 B.
1009 795 1342 860 Augustinum‚
1373 796 1631 862 Apostolus
1654 796 2022 845 Atheniensibus
2059 797 2285 862 loquens,
2326 807 2378 844 ut

227 895 372 946 supra
402 879 729 938 meminimus,
755 895 868 926 eum
890 894 993 926 rem
1022 892 1246 942 magnam
1277 877 1490 938 dixisset,
1524 887 1571 925 et
1592 894 1698 943 quae
1726 894 1755 926 a
1785 878 1951 944 paucis
1984 887 2143 944 posset
2161 877 2375 941 intelligi,

227 960 362 1027 quod
396 961 445 1008 in
478 960 561 1008 illo
595 960 797 1008 scilicet¹
824 979 836 1008 ε
867 980 890 1004 c<
910 958 1128 1007 Vivimus
1144 996 1156 1018 ,
1178 975 1433 1006 movemur
1458 969 1506 1007 et
1533 976 1724 1022 sumus,
1748 979 1772 1005 »
1798 959 1994 1024 adjecit,
2018 979 2042 1004 «
2058 960 2202 1007 sicut²
2239 960 2380 1006 vestri

227 1041 425 1107 quidam
458 1040 709 1102 dixerunt;
732 1060 755 1086 »
783 1041 1034 1089 Platonem
1059 1041 1239 1107 quippe
1274 1039 1611 1088 Atheniensem
1646 1040 1788 1088 fuisse
1823 1049 2027 1088 constat.
2066 1039 2187 1087 111υά
2220 1049 2380 1087 31116111

229 1124 277 1170 111
304 1139 404 1188 quo
433 1140 533 1170 non
566 1122 872 1171 mediocriter
896 1138 1076 1170 errasse
1101 1121 1236 1169 Plato
1266 1131 1313 1169 et
1334 1121 1525 1169 videtur
1548 1131 1593 1169 et
1614 1121 1806 1182 dicitur,
1835 1121 1973 1184 illud,
2000 1122 2219 1185 inquam,
2248 1121 2383 1186 quod

229 1204 438 1252 animam
472 1202 644 1250 mundi
670 1203 842 1251 saetam
870 1220 971 1251 esse
1000 1202 1133 1262 dicit,
1164 1201 1260 1251 hoc
1290 1212 1360 1251 est
1387 1203 1579 1250 initium
1607 1202 1848 1264 habuisse,
1875 1212 1923 1251 et
1952 1203 2087 1267 quod
2120 1219 2265 1268 supra
2290 1204 2384 1249 Ma-

228 1284 424 1333 crobius
447 1301 560 1332 cum
583 1284 645 1332 de
668 1284 830 1332 anima
859 1284 1030 1332 mundi
1054 1284 1333 1350 loqueretur
1356 1285 1573 1345 asseruit,
1608 1287 1764 1331 Deum
1787 1294 1835 1332 et
1859 1288 1996 1350 Noyn
2020 1284 2145 1332 ultra
2171 1285 2381 1331 animam

230 1383 350 1428 esse,
380 1366 516 1431 quasi
550 1366 822 1432 superiores
850 1365 1099 1431 dignitate,
1134 1383 1246 1414 cum
1276 1376 1466 1414 constet
1500 1365 1630 1432 apud
1663 1382 1832 1415 omnes
1856 1383 1969 1414 vere
2001 1365 2267 1414 catholicos
2291 1375 2385 1413 tres

230 1464 462 1513 personas
475 1447 525 1494 in
551 1448 811 1496 Divinitate
838 1465 925 1513 per
948 1448 1110 1496 omnia
1138 1447 1229 1495 sibi
1248 1447 1515 1513 coaequales
1544 1457 1592 1495 et
1614 1458 1874 1496 coaeternas
1896 1464 2016 1508 esse,
2047 1447 2086 1494 si
2109 1447 2381 1511 diligentius

231 1528 523 1590 attendatur,
559 1545 587 1576 a
624 1529 821 1576 veritate
862 1546 964 1577 non
1005 1528 1270 1587 exorbitat,
1310 1529 1434 1576 sicut
1469 1529 1785 1595 postmodum
1825 1529 2136 1576 ostendemus
2170 1526 2231 1575 de
2270 1544 2384 1594 pro-

231 1610 448 1657 cessione
469 1609 672 1674 Spiritus
702 1609 1003 1658 disserentes.
1033 1614 1140 1658 Non
1164 1610 1295 1657 enim
1323 1610 1425 1657 sine
1457 1626 1601 1657 causa
1632 1609 1711 1657 hic
1742 1609 2062 1675 philosophus
2093 1625 2190 1674 prae
2218 1609 2386 1656 ceteris

231 1690 601 1738 commendatur
633 1690 694 1738 ab
729 1691 960 1739 omnibus
993 1701 1093 1740 tam
1124 1690 1372 1752 fidelibus,
1408 1700 1462 1738 ut
1496 1707 1641 1756 supra
1672 1691 2005 1749 meminimuS,
2032 1706 2180 1754 quam
2214 1688 2387 1736 infide-

231 1770 373 1819 libus.
401 1774 525 1819 Cum
554 1771 714 1836 itaque
738 1772 787 1818 in
814 1772 950 1819 omni
972 1771 1193 1820 doctrina
1223 1771 1544 1838 philosophiae
1572 1771 1817 1818 Platonica
1839 1780 1967 1818 secta
1990 1770 2230 1830 enituerit,
2253 1770 2389 1834 juvat

231 1852 374 1899 etiam
415 1851 743 1916 quorumdam
779 1852 1143 1900 Platonicorum
1178 1853 1454 1901 testimonia
1497 1851 1701 1913 inferre,
1743 1868 1850 1917 quae
1883 1851 2013 1899 idem
2052 1860 2190 1918 pater
2225 1855 2390 1915 Augu-

232 1933 385 1980 stinus
413 1932 462 1979 in
499 1933 704 1998 septimo
740 1935 1105 2000 Confessionum
1137 1943 1491 1982 commemorat
1523 1934 1573 1981 in
1611 1933 1797 1999 scriptis
1831 1950 2002 1981 eorum
2035 1950 2086 1981 se
2117 1933 2388 1998 reperisse',

234 2015 281 2061 in
312 2012 489 2078 quibus
522 2013 720 2078 quidem
755 2023 858 2062 tota
888 2015 985 2063 fere
1017 2015 1131 2064 fidei
1162 2026 1337 2064 nostrae
1368 2032 1556 2063 summa
1591 2015 1717 2063 circa
1745 2014 2047 2063 divinitatem
2077 2013 2224 2061 Verbi
2258 2029 2394 2078 aper-

235 2094 414 2142 tissime
452 2095 744 2154 continetur,
792 2097 914 2143 sicut
950 2096 1051 2162 ipsa
1098 2097 1415 2162 postmodum
1454 2096 1625 2143 tradita
1672 2105 1744 2143 est
1777 2112 1806 2143 a
1839 2095 2039 2142 summis
2077 2093 2392 2160 scriptoribus

235 2175 352 2222 novi
379 2176 697 2238 Testamenti,
736 2176 958 2224 ,1011311116
990 2177 1171 2225 scilicet
1203 2186 1248 2224 et
1280 2177 1446 2225 Paulo.
1482 2177 1555 2223 Ait
1579 2177 1760 2242 quippe
1795 2176 2086 2240 Augustinus
2116 2175 2295 2222 ibidem
2331 2173 2392 2221 ad

236 2257 394 2303 Deum
427 2272 703 2304 sermonem
735 2257 991 2305 intendens
1031 2275 1042 2304 z
1088 2276 1112 2303 «
1133 2258 1405 2306 Procurasti
1441 2257 1559 2304 mihi
1588 2274 1675 2323 per
1709 2257 1970 2322 quemdam
2007 2252 2260 2304 ho'minem
2294 2255 2393 2302 im·-

238 2336 517 2383 manissimo
554 2345 671 2402 typo
707 2338 952 2402 turgidum
984 2338 1224 2404 quosdam
1254 2338 1617 2386 Platonicorum
1654 2338 1821 2400 libros,
1863 2355 1919 2386 ex
1958 2354 2109 2402 graeca
2142 2337 2307 2401 lingua
2344 2336 2392 2383 in

237 2416 435 2465 latinam
470 2433 663 2480 versos,
702 2428 749 2466 et
790 2419 858 2467 ibi
893 2419 1014 2486 legi,
1056 2435 1157 2467 non
1193 2419 1392 2485 quidem
1430 2419 1506 2467 his
1544 2419 1729 2482 verbis,
1772 2419 1857 2467 sed
1890 2419 1987 2467 boc
2022 2419 2154 2467 idem
2191 2418 2393 2466 omnino

239 2498 399 2545 multis
434 2508 481 2545 et
513 2499 859 2565 multiplicibus
891 2500 1086 2549 suaderi
1124 2501 1395 2549 rationibus
1423 2500 1581 2565 quod*
1621 2503 1714 2547 «In
1749 2501 1987 2566 principio
2029 2509 2131 2548 erat
2156 2498 2390 2555 Verbum,

243 2597 266 2623 «
287 2588 335 2626 et
361 2578 572 2627 Verbum
593 2591 694 2628 erat
717 2581 849 2648 apud
872 2583 1048 2643 Deum,
1072 2591 1119 2630 et
1140 2585 1269 2630 Deus
1295 2592 1396 2630 erat
1423 2582 1654 2630 Verbum.
1672 2583 1777 2629 Hoc
1801 2591 1902 2629 erat
1927 2582 1975 2627 in
1999 2580 2238 2646 principio
2264 2577 2394 2644 apud

244 2678 266 2703 «
292 2661 465 2721 Deum,
494 2661 659 2709 omnia
687 2663 950 2728 peripsum
967 2663 1087 2711 facta
1114 2673 1226 2710 sunt
1241 2672 1289 2710 et
1311 2663 1414 2710 sine
1446 2664 1550 2728 ipso
1571 2662 1751 2710 factum
1779 2671 1849 2709 est
1879 2661 2018 2720 nihil,
2053 2660 2184 2724 quod
2218 2659 2395 2706 factum

247 2749 381 2787 «est.
411 2742 464 2787 111
491 2741 596 2805 ipso
623 2742 720 2789 vita
750 2753 869 2803 erat,
894 2753 942 2790 et
961 2744 1059 2791 vita
1083 2753 1184 2791 erat
1218 2744 1300 2791 lux
1331 2743 1608 2801 hominum,
1647 2751 1694 2789 et
1725 2742 1808 2789 lux
1843 2742 1892 2788 in
1926 2740 2137 2788 tenebris
2169 2740 2316 2797 lucet,
2352 2748 2399 2786 et

248 2839 269 2864 «
295 2819 502 2867 tenebrae
516 2837 628 2867 eum
649 2839 748 2868 non
768 2824 1262 2888 comprehenderunt.
1280 2844 1302 2867 >2
1321 2826 1378 2870 Et
1390 2824 1504 2888 quia
1516 2822 1730 2869 hominis
1743 2822 1921 2881 anima,
1942 2821 2163 2886 quamvis
2186 2820 2400 2867 testimo-

247 2900 382 2947 nium
405 2900 658 2965 perhibeat
680 2902 741 2949 de
764 2902 964 2962 lumine,
992 2920 1094 2951 non
1118 2914 1188 2950 est
1209 2913 1369 2951 tamen
1394 2903 1497 2969 ipsa
1524 2902 1624 2964 lux,
1646 2902 1728 2950 sed
1753 2900 1968 2949 Verbum
1991 2904 2120 2948 Deus
2142 2910 2214 2948 est
2235 2900 2399 2947 lumen

247 2998 434 3041 verum,
462 2982 574 3046 quia
605 2982 845 3030 illuminat
869 3000 1067 3031 omnem
1102 2984 1354 3033 hominem
1377 2985 1652 3032 venientem
1686 2984 1734 3030 in
1766 2982 1899 3031 hunc
1922 2982 2181 3044 mundum,
2214 2991 2262 3029 et
2287 2981 2402 3047 quia

250 3063 297 3109 in
334 3061 429 3109 hoc
463 3063 649 3110 mundo
681 3074 801 3123 erat,
838 3074 883 3112 et
914 3065 1127 3113 mundus
1160 3083 1247 3132 per
1277 3083 1391 3114 eum
1425 3065 1575 3114 factus
1599 3074 1688 3126 est,
1724 3074 1772 3113 et
1795 3063 2007 3112 mundus
2040 3080 2151 3112 eum
2183 3079 2284 3111 non
2320 3078 2402 3110 co·

298 3262 531 3361 'Alct.Apost.,
553 3285 625 3317 cap.
648 3285 734 3315 xvu,
764 3285 793 3311 v.
822 3278 873 3311 28.
895 3295 931 3301 -
949 3275 1011 3309 ι111
1034 3276 1169 3310 Actibus
1187 3276 1429 3319 Apostolorum
1450 3278 1571 3318 legitur
1586 3281 1776 3311 vestrorum
1792 3279 1982 3320 poetarum.
1999 3294 2039 3303 -
2055 3277 2067 3297 ·“
2080 3275 2151 3310 Lib.
2174 3273 2230 3309 vu
2242 3300 2251 3318 ,
2269 3283 2339 3315 cap,
2360 3282 2403 3306 ix.

254 3345 293 3350 —
310 3329 321 3347 ⁴
357 3337 448 3371 ean„
465 3339 536 3372 cap.
556 3339 580 3371 1,
599 3339 628 3364 ν.
651 3335 679 3364 1.
