2638 3866
335 195 429 241 204
1134 189 1305 236 PETRI
1340 188 1653 238 ABAELARD!

333 293 444 357 quia
463 308 545 339 eos
564 291 691 338 solos
710 290 809 336 haec
823 289 1146 336 reconciliatio
1164 288 1416 352 contingit,
1433 289 1516 351 qui
1536 305 1642 335 eam
1662 289 1968 351 crediderunt
1979 300 2026 338 et
2043 303 2459 358 exspectaverunt.

336 393 358 417 «
376 372 447 418 Ad
473 371 796 419 ostensionem
813 386 907 416 suae
918 369 1125 433 justitiae,
1155 388 1177 411 ³>
1205 368 1254 414 id
1277 377 1347 415 est
1368 368 1591 430 caritatis,
1618 385 1723 432 quae
1758 386 1864 430 nos,
1906 380 1960 417 ut
1994 370 2183 419 'dictum
2213 381 2299 427 est,
2316 375 2463 440 'apud

332 469 441 499 eum
459 450 702 515 justificat,
724 449 773 497 id
787 460 873 507 est,
889 449 950 496 ad
969 448 1286 496 exhibendam
1302 448 1442 495 nobis
1461 465 1596 495 suam
1616 449 1941 512 dilectionem,
1956 451 2030 498 vel
2046 451 2464 501 adinsinuandum

331 530 471 578 nobis
493 540 728 594 quantum
743 546 858 576 eum
881 528 1075 592 diligere
1096 527 1372 587 debeamuS‚
1402 529 1485 591 qui
1504 529 1702 594 proprio
1726 529 1843 578 Filio
1879 548 1966 578 suo
2002 549 2103 579 non
2127 535 2342 598 pepercit
2372 551 2462 599 pro

333 611 486 657 nobis.
519 630 542 655 «
569 613 765 676 Propter
797 609 1148 667 remissionem,
1174 628 1196 651 »
1219 608 1270 655 id
1300 618 1391 671 est,
1419 619 1473 656 ut
1495 626 1581 674 per
1604 610 1730 657 hanc
1748 611 1999 674 justitiam,
2027 612 2077 660 id
2103 622 2173 659 est
2195 614 2460 674 caritatem,

330 691 659 737 remissionem
683 700 988 755 peccatorum
1013 705 1340 753 assequamur,
1374 699 1421 736 et
1443 690 1563 736 sicut
1596 706 1681 754 per
1703 691 2006 756 semetipsam
2026 693 2211 741 Veritas
2238 693 2299 741 de
2324 693 2462 742 beata

331 771 590 834 peccatrice
610 770 675 817 ait
700 788 710 815 :
735 791 757 812 «
780 770 1100 816 Remittuntur
1121 769 1166 815 ei
1183 779 1377 833 peccata
1407 769 1573 830 multa,
1607 771 1838 835 quoniam
1874 771 2038 819 dilexit
2071 772 2301 820 multum.
2325 793 2348 819 »
2377 776 2464 820 Re-

330 850 606 897 missionem
629 850 739 896 dico
765 849 994 909 habitam,
1019 850 1093 896 vel
1117 849 1506 914 praecedentium,
1533 850 1748 913 inquam,
1772 851 2077 911 delictorum,
2115 872 2137 897 1<
2160 853 2206 899 in
2231 863 2465 901 sustenta-

330 930 461 976 tione
478 930 583 989 Dei,
606 949 628 974 »
654 930 703 976 id
722 939 791 976 est
816 939 1013 994 propter
1033 929 1310 994 patientiam
1332 930 1437 988 Dei,
1478 930 1561 993 qui
1600 946 1698 976 non
1732 932 1889 978 statim
1918 933 2057 997 punit
2086 949 2194 979 reos
2227 943 2274 980 et
2307 933 2464 998 perdit

330 1019 621 1072 peccatores,
645 1009 727 1056 sed
752 1009 837 1055 diu
860 1019 1097 1074 exspectat
1119 1019 1171 1055 ut
1191 1008 1390 1056 redeant
1407 1025 1493 1074 per
1511 1010 1859 1074 poenitentiam,
1887 1021 1935 1059 et
1964 1022 2150 1059 cessent
2181 1029 2208 1059 a
2244 1023 2460 1077 peccato,

329 1098 375 1134 et
398 1089 464 1134 sic
486 1088 833 1151 indulgentiam
852 1098 1224 1153 consequantur.
1253 1108 1275 1133 «
1300 1088 1370 1136 Ad
1388 1090 1730 1137 ostensionem.
1750 1111 1770 1133 1³
1800 1092 1959 1138 Primo
1983 1092 2165 1139 dixerat
2188 1092 2464 1157 simpliciter

328 1168 389 1214 ad
411 1169 735 1215 ostensionem
765 1168 955 1231 justitiae
979 1185 1091 1227 suae,
1129 1185 1259 1215 nunc
1291 1184 1404 1216 vero
1428 1168 1562 1216 addit
1587 1188 1597 1216 ε
1639 1190 1661 1212 «
1696 1173 1749 1216 In
1780 1170 1875 1218 hoc
1910 1181 2129 1236 tempore
2162 1172 2338 1234 gratias,
2362 1190 2384 1217 n
2415 1173 2464 1219 id
2490 1188 2497 1195 “

327 1256 396 1292 est
416 1247 590 1293 amoris
611 1247 771 1311 potius
794 1263 938 1310 quam
960 1248 1158 1294 timoris.
1189 1251 1312 1294 Cum
1330 1248 1490 1312 itaque
1524 1249 1589 1295 ait
1614 1249 1805 1312 justitiae
1835 1251 1954 1314 ejus,
1986 1250 2036 1297 id
2068 1260 2138 1297 est
2162 1267 2275 1311 suae,
2301 1251 2349 1298 in
2369 1250 2465 1298 hoc

327 1336 543 1390 tempore
567 1326 742 1373 scilicet
760 1327 935 1390 gratiae,
965 1338 1128 1392 aperte
1148 1328 1358 1375 insinuat
1379 1344 1526 1392 quam
1544 1329 1774 1392 justitiam
1797 1331 1951 1394 primo
1985 1330 2286 1392 intellexerit,
2324 1330 2372 1379 id
2396 1340 2466 1379 est

326 1407 567 1453 caritatem
590 1423 695 1470 quae
709 1406 990 1454 hominibus
1009 1408 1161 1454 nostri
1183 1409 1432 1473 temporis,
1458 1408 1508 1455 id
1526 1419 1595 1456 est
1618 1411 1848 1474 temporis
1877 1412 2052 1474 gratiae,
2078 1420 2310 1475 tanquam
2346 1428 2465 1476 pro-

328 1487 690 1550 pria'convenit.
725 1490 886 1533 Potest
909 1497 954 1534 et
972 1487 1106 1551 quod
1122 1488 1296 1535 dicitur
1321 1508 1343 1532 «
1365 1489 1414 1534 in
1433 1490 1775 1537 sustentatione
1799 1492 1903 1550 Dei,
1929 1511 1951 1535 ³>
1979 1491 2040 1538 ad
2065 1507 2368 1555 consequens
2387 1508 2463 1539 re-

326 1566 455 1623 ferri,
480 1566 529 1612 id
553 1576 639 1627 est,
672 1566 734 1613 ad
765 1566 861 1612 hoc
893 1567 1027 1630 quod
1066 1567 1385 1631 subjungitur,
1428 1569 1533 1616 «ad
1572 1571 1896 1617 ostensionem
1931 1571 2121 1635 justitiae
2157 1571 2260 1635 ejus
2292 1572 2342 1618 in
2371 1571 2466 1619 hoc

331 1655 562 1710 tempore,
588 1665 610 1690 n
635 1653 687 1692 ut
712 1647 771 1692 sit
791 1645 1015 1693 videlicet
1035 1663 1216 1704 sensus,
1243 1650 1507 1695 Dominum
1539 1649 1600 1696 ad
1631 1649 1726 1696 hoc
1750 1651 2028 1698 sustinuisse
2063 1651 2132 1698 vel
2155 1651 2392 1698 distulisse
2415 1652 2463 1698 in

329 1726 614 1789 praecedenti
639 1735 874 1790 tempore,
902 1736 955 1772 ut
971 1727 1290 1774 manifestaret
1303 1728 1536 1791 justitiam
1559 1746 1695 1777 suam
1715 1746 1860 1793 quam
1877 1730 2103 1791 diximuS,
2130 1731 2180 1778 id
2203 1741 2274 1779 est
2298 1733 2465 1780 carita-

330 1815 442 1866 tem,
463 1806 512 1851 in
532 1805 627 1852 hoc
648 1814 882 1870 tempore.
903 1825 926 1849 «
944 1809 1006 1852 Ut
1027 1807 1086 1853 sit
1111 1807 1210 1871 ipse
1225 1808 1420 1870 justus»
1440 1808 1704 1869 voluntate,
1726 1828 1749 1853 «
1771 1819 1819 1855 et
1831 1809 2093 1873 justificans
2110 1828 2134 1854 »
2161 1812 2460 1875 operatione,

328 1886 378 1932 id
395 1896 482 1945 est,
513 1896 565 1933 ut
582 1896 628 1933 et
649 1885 761 1933 velit
780 1886 978 1951 implere
1002 1903 1087 1950 per
1110 1887 1352 1934 Christum
1363 1889 1496 1953 quod
1510 1890 1813 1953 promiserat,
1841 1890 1901 1936 de
1926 1890 2260 1954 redemptione
2282 1892 2465 1939 scilicet

326 1966 403 2012 vel
414 1965 755 2028 justificatione
775 1975 956 2026 nostra,
975 1976 1022 2013 et
1043 1967 1164 2014 sicut
1184 1968 1403 2027 voluerit,
1430 1985 1576 2033 opere
1598 1968 1875 2034 adimpleat.
1898 1989 1922 2014 «
1947 1973 2068 2016 Eum
2086 1971 2168 2034 qui
2194 1987 2251 2017 ex
2276 1969 2371 2018 fide
2393 1981 2464 2018 est

327 2048 434 2092 Jesu
456 2045 646 2104 Christi,
674 2045 769 2091 »id
795 2047 972 2110 estqui
1003 2047 1153 2094 credit
1188 2064 1299 2095 eum
1334 2052 1512 2107 Jesum,
1551 2049 1599 2095 id
1638 2059 1708 2096 est
1742 2049 2046 2111 salvatorem,
2082 2067 2168 2115 per
2198 2050 2294 2098 hoc
2330 2051 2463 2115 quod

326 2125 539 2172 Christus
563 2135 648 2183 est,
676 2125 726 2172 id
749 2135 819 2172 est
842 2129 970 2174 Deus
990 2138 1036 2174 et
1055 2128 1224 2175 bomo.

393 2206 618 2263 Quaestio.
642 2207 846 2252 Maxima
862 2206 958 2253 hoc
981 2207 1091 2254 loco
1112 2210 1311 2272 quaestio
1336 2226 1385 2256 se
1408 2211 1598 2274 ingerit,
1621 2228 1725 2276 quae
1758 2213 1818 2259 sit
1847 2213 1932 2260 ista
1954 2212 2174 2260 videlicet
2197 2221 2361 2259 nostra
2388 2228 2463 2259 re—

330 2286 548 2350 demptio
568 2303 654 2351 per
676 2296 886 2333 mortem
906 2287 1098 2348 Christi,
1126 2298 1208 2335 aut
1227 2291 1479 2353 quomodo
1497 2310 1587 2340 nos
1612 2294 1660 2339 in
1692 2293 1794 2356 ejus
1811 2293 2041 2356 sanguine
2058 2292 2305 2356 justificari
2338 2295 2463 2357 Apo-

329 2365 478 2412 stolus
493 2366 637 2424 dicat‚
660 2367 741 2430 qui
763 2366 934 2429 majori
954 2368 1189 2432 supplicio
1202 2369 1581 2433 dignividemur,
1606 2373 1717 2436 quia
1738 2373 1788 2419 id
1805 2373 2134 2419 commisimus
2152 2372 2303 2436 iniqui
2317 2372 2459 2433 servi,

326 2456 522 2510 propter
543 2446 675 2509 quod
694 2447 926 2494 innocens
947 2448 1185 2495 Dominus
1216 2451 1402 2497 occisus
1425 2451 1500 2497 sit.
1529 2452 1691 2499 Primo
1734 2452 1897 2515 itaque
1928 2452 2119 2498 videtur
2152 2451 2462 2515 quaerendum

325 2542 420 2587 qua
443 2527 719 2573 necessitate
744 2530 872 2574 Deus
893 2527 1142 2575 hominem
1163 2532 1486 2595 assumpserit,
1513 2542 1564 2579 ut
1584 2549 1673 2578 nos
1697 2531 1964 2578 secundum
1995 2548 2189 2579 carnem
2209 2531 2462 2578 moriendo

325 2605 597 2666 redimeret,
624 2606 697 2653 vel
722 2622 748 2654 a
774 2624 872 2671 quo
897 2624 986 2654 nos
1005 2609 1262 2656 redemerit
1293 2612 1376 2674 qui
1404 2628 1496 2674 nos
1527 2612 1602 2659 vel
1639 2612 1821 2675 justitia
1850 2611 1925 2658 vel
1944 2621 2178 2676 potestate
2204 2621 2370 2676 captos
2393 2620 2462 2658 te-

325 2695 407 2731 net
427 2704 436 2730 :
467 2697 514 2732 et
533 2703 626 2750 qua
641 2687 822 2750 justitia
841 2705 930 2734 nos
946 2687 1007 2734 ab
1031 2689 1132 2752 ejus
1151 2700 1386 2754 potestate
1408 2691 1695 2751 liberaverit,
1725 2693 1809 2756 qui
1841 2702 2076 2757 praecepta
2112 2691 2319 2750 dederit,
2357 2708 2462 2755 quae

327 2764 402 2810 ille
421 2767 657 2830 suscipere
679 2767 818 2814 vellet
841 2777 893 2814 ut
917 2784 1006 2814 nos
1020 2768 1295 2816 dimitteret.
1320 2774 1378 2817 Et
1404 2771 1602 2835 quidem
1617 2775 1635 2799 ¹·
1651 2772 1845 2832 dicitur,
1883 2771 2017 2836 quod
2039 2788 2067 2818 a
2090 2780 2324 2836 potestate
2359 2770 2462 2818 dia-

326 2842 426 2888 boli
452 2860 540 2890 nos
564 2845 833 2906 redemerit,
873 2848 956 2911 qui
983 2865 1070 2912 per
1106 2850 1532 2911 transgressionem
1565 2851 1710 2916 primi
1750 2851 1980 2911 hominis,
2020 2852 2101 2915 qui
2132 2867 2180 2898 se
2211 2851 2255 2897 ei
2291 2859 2462 2915 sponte

330 2920 603 2969 obediendo
627 2924 910 2988 subjecerat,
933 2927 1040 2990 jure
1060 2929 1272 2991 quodam
1297 2945 1492 2977 omnem
1516 2947 1711 2995 quoque
1734 2931 1835 2994 ejus
1854 2941 2138 2996 potestatem
2166 2929 2458 2995 possidebat,

332 3017 386 3046 ac
406 3018 593 3065 semper
616 3004 896 3067 possideret,
924 3008 1015 3053 nisi
1037 3007 1266 3056 liberator
1286 3010 1485 3057 veniret.
1522 3011 1615 3057 Sed
1656 3028 1769 3058 cum
1807 3011 1934 3058 solos
1966 3011 2142 3058 electos
2171 3009 2458 3069 liberaverit,

329 3081 525 3143 quando
548 3098 631 3128 eos
651 3083 869 3131 diabolus
889 3087 1164 3150 possidebat
1187 3090 1285 3136 sive
1309 3090 1356 3136 in
1377 3090 1474 3137 hoc
1505 3090 1695 3152 saecuIO,
1718 3092 1816 3138 sive
1840 3092 1889 3137 in
1914 3091 2093 3152 futuro,
2132 3090 2281 3153 magis
2314 3105 2460 3153 quam

374 3266 380 3283 ¹
394 3264 584 3296 Amboesius
607 3265 711 3303 Quod.
