2638 3866
956 241 1030 288 ΤΗ
1037 241 1295 290 EOLOGIA
1329 242 1698 292 CHRISTIANA.
2302 241 2396 289 559

247 345 497 411 quomodo
527 345 654 406 vult,
688 353 944 411 operatur,
973 353 1021 391 et
1054 354 1108 391 ut
1131 345 1196 392 ita
1219 344 1337 392 fiant
1367 345 1468 410 ipse
1492 345 1635 393 etiam
1683 343 1807 393 facit.
1851 348 1970 393 Nam
1995 344 2083 392 etsi
2114 359 2212 391 non
2237 352 2397 409 potest

247 426 520 487 ambulare,
536 436 696 475 tamen
719 434 877 491 potest
899 424 1052 472 facere
1066 424 1419 486 utambuletur,
1436 426 1534 473 hoc
1547 435 1618 474 est
1631 435 1684 473 ut
1700 426 1876 491 aliquis
1898 423 2129 485 ambulet,
2158 441 2268 472 cum
2292 425 2394 489 ipse

247 507 310 555 ad
332 507 427 555 hoc
455 524 484 556 a
511 525 596 556 sua
619 506 863 555 creatione
882 521 1123 570 quemque
1147 515 1593 573 aptumpraeparet,
1632 516 1677 554 et
1700 507 1750 554 in
1774 507 1880 572 ipso
1916 507 2061 555 etiam
2093 515 2203 553 actu
2236 506 2395 571 ipsum

247 598 500 637 conservet
526 599 575 637 et
596 595 843 646 sustentet,
875 596 931 634 ut
947 586 1080 633 hunc
1103 585 1180 633 ille
1204 596 1365 634 actum
1387 588 1588 652 expleat.
1619 590 1762 635 Posse
1784 587 1946 651 itaque
1970 589 2101 634 Deus
2125 587 2289 634 omnia
2313 586 2394 634 di-

248 670 388 730 citur,
412 686 515 718 non
537 668 670 734 quod
689 684 861 717 omnes
883 667 1123 732 suscipere
1146 667 1297 732 possit
1313 668 1527 715 actiones
1541 705 1553 728 ,
1580 667 1665 715 sed
1687 666 1823 732 quod
1845 668 1894 714 in
1914 667 2141 714 omnibus
2163 684 2268 732 quae
2291 667 2394 714 fieri

247 749 376 809 velit,
404 749 523 797 nihil
546 750 649 814 ejus
672 748 910 797 voluntati
929 747 1146 795 resistere
1174 752 1364 812 queat⁰.
1394 747 1534 796 Unde
1556 759 1603 796 et
1627 747 1929 813 Apostolus¹,
1959 767 1981 791 α
1999 747 2247 795 Voluntati
2270 749 2387 812 ejus,

246 831 429 895 inquit,
465 831 572 895 quis
606 830 824 879 resistet?
841 850 864 874 »
890 833 949 877 Et
979 828 1268 890 Psalmista',
1298 849 1321 875 ι(
1340 831 1669 895 Quaecumque
1697 829 1852 877 voluit
1882 828 2007 877 fecit.
2027 848 2050 873 »
2077 828 2172 875 Sed
2207 838 2253 875 et
2281 846 2391 876 cum

247 910 375 959 idem
400 910 514 959 alibi
537 911 665 959 dicat
694 911 971 976 Apostolus³
997 930 1020 955 «
1038 913 1168 958 Deus
1190 910 1294 957 vult
1316 926 1486 957 omnes
1508 911 1666 958 salvos
1697 909 1800 957 {ieri
1825 919 1874 957 et
1896 909 2143 956 neminem
2167 909 2342 974 perire,
2368 928 2391 952 »

239 992 375 1056 juxta
395 991 515 1040 illud
545 991 814 1058 prophetae‘
840 1010 850 1039 ε
885 1012 907 1038 «
928 991 1051 1039 Nolo
1085 1001 1290 1039 mortem
1315 992 1602 1057 peccatoris,
1629 991 1714 1039 sed
1731 991 1881 1055 magis
1914 1000 1965 1037 ut
2002 999 2311 1037 convertatur
2346 1000 2392 1037 et

245 1072 402 1132 vivat3
423 1091 447 1118 »
469 1082 517 1120 et
537 1089 622 1138 per
637 1073 942 1138 semetipsam
959 1073 1140 1120 Veritas
1156 1071 1407 1120 obstinatae
1430 1081 1478 1120 et
1500 1071 1787 1119 damnandae
1812 1070 1942 1118 dicat
1962 1070 2139 1118 civitati
2155 1073 2169 1096 ⁶
2195 1089 2205 1117 ε
2226 1090 2248 1115 «
2264 1073 2396 1128 Quo-

236 1153 368 1205 tiens
390 1152 523 1200 volui
546 1170 838 1217 congregare
871 1152 995 1200 filios
1017 1163 1145 1212 tuos,
1172 1152 1588 1217 quemadmodum
1624 1152 1798 1217 gallina
1819 1162 2079 1216 congregat
2101 1150 2259 1217 pullos
2282 1168 2395 1199 suos

245 1229 334 1276 sub
367 1230 482 1290 alas,
526 1240 573 1278 et
603 1230 834 1278 noluisti?
853 1250 876 1275 n
903 1240 1033 1296 patet
1062 1230 1236 1278 divinae
1259 1230 1520 1278 voluntatis
1551 1229 1842 1298 vocabulum
1878 1229 2071 1276 duobus
2105 1228 2263 1276 modis
2294 1245 2395 1276 esse

243 1310 552 1372 sumendum3
580 1310 796 1376 alioquin
816 1328 929 1359 cum
948 1314 1078 1359 Deus
1101 1311 1265 1359 omnia
1285 1327 1602 1376 quaecumque
1622 1310 1774 1358 voluit
1796 1311 1952 1370 saciat,
1975 1320 2023 1357 et
2044 1326 2214 1357 omnes
2235 1310 2393 1357 salvos

242 1390 347 1438 fieri
370 1390 506 1453 velit,
533 1408 765 1456 cogemur
788 1392 954 1457 utique
976 1391 1211 1458 profiteri,
1233 1393 1369 1457 juxta
1390 1391 1526 1439 illum
1552 1390 1882 1439 detestabilem
1905 1391 2125 1454 Origenis
2149 1406 2362 1438 errorem
2378 1426 2390 1450 ‚

243 1472 376 1538 quod
399 1489 553 1537 usque
586 1474 730 1521 etiam
760 1473 824 1522 ad
848 1473 1093 1522 daemones
1121 1473 1438 1522 salvationem
1468 1472 1756 1532 extenderit,
1784 1488 1953 1519 omnes
1977 1470 2274 1537 quandoque
2304 1471 2395 1519 sal-

242 1552 430 1600 vandos
465 1569 593 1615 esse,
633 1563 680 1601 et
715 1554 975 1601 Veritatem
1021 1554 1175 1620 ipsam
1211 1554 1413 1602 Veritati
1449 1554 1713 1613 contraire,
1751 1553 1836 1600 ubi
1885 1552 1945 1600 de
1986 1553 2145 1617 impiis
2179 1562 2228 1599 et
2257 1552 2395 1615 justis

242 1631 476 1697 loquitur,
505 1633 696 1681 dicens⁶
725 1653 735 1681 ε
766 1652 789 1678 «
813 1637 869 1681 Et
891 1633 1030 1682 ibunt
1052 1635 1104 1682 hi
1137 1635 1187 1682 in
1219 1634 1509 1700 supplicium
1535 1643 1786 1692 aeternum,
1816 1633 1932 1696 justi
1968 1642 2129 1680 autem
2163 1633 2211 1679 in
2248 1632 2395 1679 vitam

239 1720 484 1762 aeternam.
510 1732 534 1759 »
563 1715 658 1772 Qui
680 1731 845 1762 rursus
868 1715 1026 1781 impiis
1049 1716 1138 1763 ait⁷
1164 1733 1175 1762 :
1204 1736 1232 1765 ,α
1249 1718 1336 1772 Ite,
1366 1713 1624 1774 maledicti,
1651 1714 1700 1760 in
1725 1714 1886 1778 ignem
1911 1723 2145 1761 aeternum
2168 1713 2251 1777 qui
2273 1729 2396 1778 prae-

243 1803 437 1859 paratus
468 1804 540 1842 est
566 1794 764 1842 diabolo
796 1805 843 1842 et
871 1795 1051 1859 angelis
1078 1796 1198 1860 ejus.
1223 1814 1247 1840 n
1276 1794 1406 1843 Velle
1430 1795 1592 1859 itaque
1626 1797 1756 1841 Deus
1787 1793 1981 1841 duobus
2016 1794 2178 1841 modis
2200 1793 2392 1854 dicitur,

243 1882 326 1921 aut
355 1874 625 1921 secundum
647 1874 870 1922 videlicet
897 1875 1213 1940 providentiae
1243 1892 1338 1923 suae
1362 1875 1739 1936 ordinationem,
1765 1875 2034 1923 secundum
2058 1874 2194 1940 quod
2216 1874 2398 1922 scilicet

241 1954 423 2019 aliquid
456 1954 668 2020 disponit
702 1955 835 2021 apud
868 1973 918 2003 se
951 1972 1007 2003 ac
1037 1955 1291 2016 deliberat,
1325 1957 1584 2020 statuitque
1608 1973 1694 2003 sua
1730 1956 2053 2022 providentia,
2093 1966 2145 2003 ut
2175 1957 2242 2003 sic
2267 1965 2396 2020 post·

241 2035 447 2083 modum
471 2036 730 2102 compleat,
757 2046 840 2083 aut
862 2037 1132 2084 secundum
1154 2037 1338 2085 consilii
1365 2038 1439 2084 sui
1462 2037 1849 2084 adhortationem
1874 2037 1950 2084 vel
1971 2037 2390 2103 approbationem,

239 2133 335 2181 qua
351 2133 752 2182 unumquemque
767 2117 943 2166 adhoc
968 2118 1215 2179 admonet,
1237 2118 1371 2182 quod
1389 2135 1475 2183 per
1494 2119 1692 2182 gratiam
1714 2134 1851 2166 suam
1869 2134 2178 2165 remunerare
2200 2126 2394 2183 paratus

240 2206 329 2244 est.
368 2200 426 2244 Et
455 2198 592 2261 juxta
627 2198 843 2261 priorem
874 2197 1075 2262 quidem
1103 2198 1308 2246 modum
1336 2214 1436 2263 quo
1461 2201 1589 2245 Deus
1623 2197 1746 2246 velle
1769 2197 1954 2262 aliquid
1982 2197 2175 2258 dicitur,
2202 2197 2299 2244 hoc
2321 2206 2394 2244 est

240 2293 298 2323 ex
322 2277 472 2341 gratia
505 2294 592 2326 sua
627 2277 852 2325 ordinare
883 2287 1026 2342 atque
1060 2278 1192 2343 apud
1228 2295 1277 2326 se
1313 2277 1522 2340 firmare,
1557 2288 1610 2325 ut
1635 2277 1755 2326 fiant
1785 2277 1963 2343 aliqua,
1994 2288 2094 2326 tam
2122 2295 2213 2326 nos
2247 2293 2393 2342 quam

299 2436 314 2454 '¹
345 2432 458 2474 Hinc
479 2431 588 2475 illud
602 2431 793 2492 estquod
807 2433 853 2475 in
866 2433 1129 2476 Euchiridio
1144 2433 1296 2477 beatus
1317 2444 1632 2477 commemorat
1653 2434 1916 2494 Augustinus
1930 2433 1969 2477 ⁸:
2001 2455 2017 2471 «ι
2036 2433 2187 2492 Neque
2197 2434 2313 2476 enim
2335 2434 2393 2476 ob

240 2496 358 2541 aliud
386 2498 596 2541 veraciter
624 2509 804 2541 vocatur
832 2499 1129 2559 omnipotens,
1162 2500 1244 2542 nisi
1278 2500 1484 2560 quoniam
1513 2499 1716 2560 quicquid
1746 2499 1838 2543 vult
1866 2510 2033 2560 potest,
2064 2515 2144 2543 nec
2173 2499 2393 2542 voluntate

239 2563 477 2623 cujuspiam
492 2572 696 2606 creaturae
718 2563 950 2607 voluntatis
971 2566 1278 2626 omnipotentis
1299 2565 1534 2626 impeditur
1556 2565 1750 2609 effectus.
1774 2587 1790 2604 »
1814 2565 1938 2609 Idem
1959 2566 2004 2607 in
2026 2565 2137 2608 libro
2152 2565 2205 2607 de
2222 2565 2391 2623 Spiritu

240 2638 283 2672 et
305 2629 452 2671 littera
491 2645 505 2670 .·
536 2649 553 2666 «
572 2629 675 2672 Non
696 2640 840 2690 potest
861 2629 1002 2673 facere
1025 2631 1179 2688 injusta
1195 2663 1206 2684 ,
1232 2632 1333 2691 quia
1355 2631 1444 2690 ipse
1467 2642 1530 2674 est
1562 2647 1729 2674 summa
1748 2631 1933 2687 justitia,
1959 2642 2002 2674 et
2022 2631 2210 2674 bonitas.
2234 2630 2390 2672 Omni-

239 2705 393 2754 potens
414 2709 517 2736 vero
541 2705 628 2749 est,
659 2711 749 2737 non
777 2695 897 2755 quod
918 2697 1052 2756 possit
1080 2698 1227 2739 omnia
1254 2697 1395 2740 facere
1410 2729 1421 2751 ,
1446 2696 1522 2739 sed
1545 2698 1644 2756 quia
1671 2707 1814 2756 potest
1838 2696 2005 2740 efficere
2036 2695 2239 2755 quicquid
2262 2696 2353 2738 vult
2380 2711 2390 2738 ε

239 2760 300 2802 ita
330 2769 379 2801 ut
408 2759 516 2801 nihil
544 2759 684 2803 valeat
713 2761 908 2804 resistere
939 2763 1028 2818 ejus
1055 2762 1262 2805 voluntati
1295 2763 1398 2821 quin
1431 2762 1713 2822 compleatur,
1750 2767 1823 2804 aut
1852 2762 1995 2821 aliquo
2018 2761 2152 2805 modo
2185 2761 2393 2821 impedire

241 2840 354 2868 eam.
377 2845 394 2861 »
421 2824 442 2866 J
446 2825 637 2867 ohannes
659 2825 986 2885 Chrysostomus
1015 2827 1213 2870 Homilz‘a
1232 2843 1379 2882 xxvm,
1406 2826 1460 2870 de
1491 2827 1759 2886 expositione
1783 2827 1981 2886 symboli,
2004 2844 2099 2887 quae
2120 2828 2179 2870 sic
2209 2827 2359 2888 incipit
2380 2842 2390 2869 ε

241 2890 376 2951 Super
392 2888 600 2932 fabricam
626 2890 753 2932 totius
778 2891 978 2934 Ecclesiae
1000 2907 1010 2935 ε
1049 2913 1064 2930 «
1093 2893 1377 2952 Omnipotens
1399 2892 1570 2944 dicitur,
1597 2893 1695 2951 quia
1719 2908 1843 2952 posse
1863 2892 1974 2936 illius
2000 2909 2089 2936 non
2114 2904 2257 2953 potest
2277 2893 2396 2935 inve-

241 2956 324 2998 niri
336 2970 426 2998 non
442 2970 581 3015 posse,
607 2954 776 2999 dicente
797 2958 1025 3017 propheta,
1061 2979 1077 2995 «
1095 2959 1252 3002 Omnia
1268 2973 1548 3018 quaecumque
1562 2958 1698 3003 voluit
1718 2958 1862 3003 fenita
1875 2958 1971 3019 Ipse
1992 2970 2055 3003 est
2076 2975 2179 3020 ergo
2197 2958 2396 3019 omnipo-

243 3021 376 3065 tentia
388 3054 400 3076 ,
418 3032 467 3064 ut
486 3032 628 3064 totum
650 3022 768 3081 quod
787 3022 877 3066 vult
893 3023 1042 3083 possit.

283 3237 292 3255 ¹
318 3236 435 3276 Rom.‚
466 3244 539 3277 cap.
559 3245 591 3269 ix
609 3261 617 3276 ,
647 3245 678 3269 v.
706 3237 757 3269 19.
777 3252 819 3259 —
834 3237 846 3255 ²
860 3234 990 3267 Psalm.
1017 3243 1086 3275 ctu,
1108 3244 1140 3267 v.
1170 3236 1220 3269 15.
1242 3252 1284 3259 —
1355 3237 1367 3255 '
1382 3235 1594 3277 Matth.,cap.
1608 3244 1687 3276 xxv,
1701 3245 1731 3268 c.
1749 3236 1871 3269 41.—³
1887 3234 1965 3276 Cap.
1982 3244 2072 3275 cxiv,
2092 3236 2175 3279 Opp.
2188 3241 2212 3269 t.
2226 3235 2392 3268 VLLocus

240 3299 253 3318 ε
271 3287 355 3319 Tim.
373 3287 399 3329 1,
416 3298 489 3330 cap,
507 3298 543 3330 11,
563 3300 595 3322 v.
613 3292 645 3324 4.
665 3308 703 3314 -
719 3291 730 3309 ⁴
746 3289 864 3322 Ezech.
878 3313 887 3330 ‚
904 3298 975 3330 cap.
993 3298 1118 3331 xxxin,
1137 3297 1167 3321 v.
1187 3290 1284 3322 11.-
1356 3289 1417 3321 iste
1430 3289 1463 3320 ln
1473 3289 1727 3323 Introductione
1742 3290 1789 3322 ad
1808 3287 2024 3330 Theoloyiam
2034 3291 2131 3322 etiam
2149 3290 2278 3329 legitur,
2288 3290 2390 3320 textui

242 3341 253 3359 ⁵
274 3339 487 3384 Matth.,cap.
507 3352 599 3384 xxiii,
619 3353 652 3377 v.
669 3346 721 3378 37.
732 3361 770 3368 -
781 3345 792 3364 ⁶
805 3343 934 3384 Matth.‚
950 3352 1022 3385 cap.
1036 3352 1113 3385 xxv,
1128 3351 1158 3376 v.
1178 3344 1230 3376 46.
1241 3360 1279 3367 —
1354 3343 1457 3383 ipsius
1467 3344 1735 3383 operisinsertus.
1748 3342 1831 3376 Vide
1841 3352 1940 3383 supra
1947 3351 2021 3383 pag.
2035 3345 2093 3378 122
2101 3345 2198 3385 hujus
2206 3342 2388 3376 volumints.
