2638 3866
872 218 947 264 ΤΗ
955 219 1214 268 EOLOGl'A
1249 217 1595 267 CHRISTIANA
1605 253 1615 263 .
2220 220 2314 265 525

171 327 331 365 tamen
372 326 483 364 sunt
517 316 906 382 proprietateab
943 318 1149 367 invicem
1187 320 1386 368 materia
1419 319 1519 384 ipsa
1555 327 1601 366 et
1636 318 1964 379 materiatum,
2003 327 2170 384 utpote
2207 336 2317 368 cera

170 401 299 465 ipsa,
348 409 396 447 et
418 415 537 464 quae
570 416 626 447 ex
664 401 769 465 ipsa
805 409 877 447 est
924 400 1083 466 imago
1124 419 1279 451 cerea.
1312 406 1379 449 Ac
1415 402 1626 467 primum
1673 399 1734 448 de
1779 401 2088 466 generatione
2116 418 2316 468 prose-

172 497 398 545 quamur.
1294 539 1296 541 Ι

241 564 483 609 Ponamus
510 578 625 625 ergo
655 570 765 609 ante
797 561 965 609 oculos
1001 579 1188 611 ceream
1214 565 1494 631 imaginem,
1521 577 1569 615 et
1605 565 1963 613 consideremus
1997 565 2045 611 in
2083 580 2140 612 ea
2162 564 2313 630 ipsam

173 651 394 689 naturam
416 658 553 702 cerae,
580 641 676 689 hoc
697 651 767 689 est
789 642 941 707 ipsam
962 659 1148 691 ceream
1174 644 1505 706 substantiam,
1530 663 1588 694 ex
1607 662 1703 711 qua
1727 655 1797 692 est
1820 646 1978 708 imago
2005 661 2159 704 cerea,
2182 644 2315 709 juxta

173 722 507 787 philosophos,
545 731 790 786 tamquam
819 723 1122 771 materiatum
1146 742 1203 772 ex
1228 728 1452 786 materia,
1487 744 1598 774 cum
1637 738 1794 773 tamen
1831 724 1998 772 eadem
2032 725 2234 772 essentia
2258 725 2314 771 sit

173 819 280 850 cera
310 803 415 868 ipsa
447 812 495 850 et
519 803 678 867 imago
708 819 862 862 cerea,
892 813 942 850 ut
972 802 1115 851 etiam
1149 822 1236 870 per
1266 807 1655 871 praedicationem
1685 805 1775 853 sibi
1808 805 1979 852 sociari
2001 814 2181 869 queant
2208 822 2316 852 cera

174 884 354 948 ipsasset
384 883 543 946 imago
574 883 701 947 ipsa,
737 893 783 930 et
811 883 904 930 dici
930 885 1083 948 possit
1118 886 1250 949 quod
1284 887 1442 950 imago
1474 904 1610 935 cerea
1638 887 1698 933 sit
1731 886 1852 950 ipsa.
1886 887 1984 932 Nec
2013 895 2173 932 tamen
2206 884 2315 931 ideo

173 964 333 1011 minus
359 963 563 1011 dicimus
591 981 780 1012 ceream
807 965 1067 1029 imaginem
1089 982 1191 1013 esse
1216 983 1272 1014 ex
1297 984 1432 1028 cera,
1460 985 1559 1015 non
1590 983 1750 1014 ceram
1778 983 1832 1013 ex
1863 982 1999 1013 cerea
2022 966 2245 1029 imagine,
2272 976 2315 1011 et

172 1061 332 1092 ceram
368 1045 521 1109 ipsam
544 1061 646 1092 esse
668 1045 918 1092 materiam
947 1062 1095 1093 cereae
1129 1047 1365 1111 imaginis,
1401 1065 1499 1095 non
1534 1063 1722 1095 ceream
1753 1046 2008 1109 imaginem
2044 1061 2146 1092 esse
2168 1055 2315 1092 mate-

172 1126 292 1174 riam
323 1126 472 1191 ipsius
501 1136 732 1174 ceraeaut
762 1143 909 1174 cereae
941 1127 1177 1192 imaginis.
1207 1131 1265 1176 Et
1291 1146 1454 1177 rursus
1481 1130 1739 1192 imaginem
1774 1144 1961 1175 ceream
1989 1126 2194 1174 dicimus
2218 1143 2318 1174 esse

174 1206 471 1254 materiatam
504 1223 562 1254 ex
590 1207 694 1272 ipsa
724 1223 858 1266 cera,
889 1225 1055 1273 neque
1086 1209 1239 1274 ipsam
1269 1226 1428 1257 ceram
1460 1219 1540 1258 ant
1571 1211 1727 1275 ipsam
1760 1209 2016 1271 imaginem
2047 1224 2149 1255 esse
2173 1218 2319 1254 mate·

171 1288 341 1334 riatam
376 1304 435 1334 ex
472 1304 611 1335 cerea
641 1288 864 1352 imagine.
906 1292 959 1335 ln
991 1305 1087 1354 qua
1121 1289 1318 1354 quidem
1353 1307 1403 1337 re
1437 1289 1846 1338 considerandum
1880 1298 1977 1348 est,
2018 1288 2151 1352 quod
2186 1288 2223 1334 si
2263 1305 2316 1335 ea

172 1368 373 1414 nomina
407 1369 555 1432 ipsius
587 1385 707 1415 cerae
741 1379 789 1416 et
827 1385 976 1416 cereae
1007 1370 1227 1433 imaginis
1261 1371 1570 1436 accipiamus,
1609 1387 1713 1435 quae
1737 1369 1953 1416 absolute
1976 1385 2086 1416 non
2125 1368 2319 1415 relative

172 1447 416 1509 dicuntur,
445 1449 555 1496 licet
578 1465 636 1496 ea
657 1466 745 1514 per
771 1450 1163 1515 praedicationem
1184 1450 1274 1497 sibi
1292 1451 1527 1498 veraciter
1550 1450 1779 1514 conjungi
1801 1459 2000 1515 propter
2022 1449 2318 1496 identitatem

170 1527 445 1576 substantiae
480 1529 629 1594 ipsius
664 1547 783 1577 cerae
816 1540 1046 1578 etcereae
1078 1531 1316 1595 imaginis,
1355 1531 1498 1579 veluti
1535 1547 1788 1578 cumcera
1817 1531 1922 1596 ipsa
1956 1530 2017 1576 sit
2050 1545 2239 1590 crocea,
2273 1540 2320 1576 et

171 1609 331 1672 imago
361 1610 419 1656 sit
444 1619 590 1671 recta,
622 1627 775 1658 unum
798 1620 869 1658 est
890 1611 1049 1676 ipsum
1073 1628 1299 1659 croceum
1322 1622 1371 1659 et
1398 1621 1600 1670 rectum,
1628 1611 1703 1658 vel
1729 1628 1755 1658 e
1777 1626 2029 1658 converso.
2056 1610 2105 1656 Si
2125 1625 2242 1656 vero
2265 1625 2320 1656 ea

172 1705 421 1737 sumamus
470 1691 699 1751 nomina,
745 1708 852 1756 quae
892 1692 1158 1739 secundum
1198 1693 1353 1757 ipsam
1396 1693 1758 1755 generationem
1801 1700 1885 1738 aut
1926 1690 2320 1738 constitutionem

172 1787 319 1817 cereae
350 1771 571 1834 imaginis
603 1787 659 1818 ex
690 1787 800 1818 cera
832 1771 1027 1820 relative
1051 1772 1113 1820 ad
1145 1773 1350 1820 invicem
1380 1772 1624 1833 dicuntur,
1650 1780 1821 1836 utpote
1846 1769 2148 1818 materiavel
2171 1779 2322 1817 mate-

171 1851 503 1901 riatumrsive
532 1851 830 1899 constituens
858 1862 907 1899 et
937 1852 1271 1912 constitutum,
1306 1855 1404 1900 sive
1440 1869 1587 1900 causa
1621 1862 1669 1900 et
1700 1851 1920 1911 essectus,
1960 1852 2057 1898 sive
2092 1867 2322 1914 generans

171 1940 219 1977 et
254 1932 494 1994 genitum;
524 1949 625 1980 non
659 1933 771 1980 licet
794 1949 851 1980 ea
886 1933 1155 1980 secundum
1189 1951 1299 1981 suas
1332 1934 1649 1999 proprietates
1686 1932 1777 1980 sibi
1812 1949 1900 1998 per
1933 1931 2321 1997 praedicationem

171 2012 368 2072 sociari,
407 2012 962 2061 utvidelicetdicamus
991 2014 1058 2061 ibi
1089 2015 1242 2079 ipsam
1281 2015 1659 2062 materiamesse
1696 2013 2023 2073 materiatum,
2054 2013 2128 2059 vel
2164 2013 2320 2078 ipsum

174 2093 473 2140 materiatum
505 2111 608 2141 esse
637 2095 911 2156 materiam,
938 2105 1030 2142 etc.
1063 2095 1209 2152 Quod
1240 2096 1278 2142 si
1308 2095 1452 2158 hujus
1482 2094 1805 2141 similitudinis
1837 2094 2073 2140 rationem
2103 2092 2166 2139 ad
2197 2092 2323 2139 divi-

174 2188 288 2219 nam
316 2175 678 2236 generationem
703 2175 1016 2234 reducamus;
1043 2175 1179 2222 facile
1203 2185 1272 2222 est
1295 2174 1361 2221 ibi
1388 2184 1560 2222 cuncta
1590 2174 1827 2238 assignare
1853 2189 1907 2219 ac
1934 2171 2192 2220 defendere
2216 2190 2320 2236 qua·

173 2254 413 2302 audimus.
454 2259 693 2302 Ponamus
723 2257 886 2320 itaque
915 2259 1073 2303 Deum
1108 2258 1315 2314 Patrem,
1356 2265 1409 2303 ut
1444 2272 1590 2320 supra
1620 2254 1947 2312 meminimus,
1987 2252 2199 2300 divinam
2233 2271 2321 2318 po-

173 2335 402 2395 tentiam,
445 2351 500 2382 ac
535 2339 692 2383 Deum
729 2335 899 2382 Filium
938 2336 1153 2383 divinam
1188 2336 1524 2401 Sapientiam:
1565 2345 1612 2382 et
1648 2331 2009 2382 consideremus
2049 2333 2183 2396 quod
2219 2334 2321 2398 ipsa

173 2416 415 2481 Sapientia
440 2415 662 2480 quaedam
697 2417 758 2464 sit
787 2417 1031 2482 potentia3
1067 2433 1181 2463 cum
1213 2417 1274 2462 sit
1304 2417 1405 2481 ipsa
1436 2415 1659 2463 videlicet
1689 2414 1906 2480 potentia
1937 2413 2242 2461 discernendi
2266 2431 2321 2460 ac

176 2496 466 2559 providendi
489 2514 572 2543 seu
604 2496 906 2544 deliberandi
928 2496 1164 2544 veraciter
1200 2496 1383 2557 omnia,
1410 2513 1472 2544 ne
1495 2495 1614 2560 quid
1636 2498 1794 2543 Deum
1818 2494 2041 2560 decipere
2068 2494 2218 2559 possit
2241 2504 2321 2539 aut

175 2575 337 2624 latere.
377 2580 459 2624 Est
485 2577 628 2640 igitur
662 2577 825 2624 divina
859 2577 1103 2642 Sapientia
1138 2593 1194 2623 ex
1231 2576 1393 2624 divina
1423 2577 1669 2635 Potentia;
1709 2575 1961 2640 quomodo
1993 2590 2130 2621 cerea
2162 2574 2319 2636 imago

174 2666 244 2702 est
262 2674 316 2703 ex
332 2660 477 2718 cera¹,
500 2667 583 2704 aut
599 2657 871 2721 quomodo,
884 2657 1019 2720 juxta
1043 2656 1380 2722 philosophos,
1397 2657 1578 2721 species
1601 2657 1703 2722 ipsa
1725 2672 1782 2702 ex
1806 2671 1979 2718 genere
2002 2670 2102 2700 esse
2126 2652 2315 2711 dicitur,

174 2753 285 2783 cum
310 2737 624 2784 tamentidem
650 2739 710 2784 sit
734 2738 916 2802 species
945 2737 1080 2801 quod
1106 2753 1274 2799 genus,
1302 2746 1353 2783 ut
1374 2736 1526 2782 homo
1559 2735 1688 2783 idem
1712 2734 1845 2799 quod
1869 2733 2064 2794 animal,
2092 2742 2139 2780 et
2162 2733 2319 2796 imago

174 2833 311 2864 cerea
335 2817 466 2864 idem
488 2817 623 2881 quod
648 2834 773 2864 cera.
807 2820 911 2881 lpsa
935 2818 1116 2881 quippe
1141 2817 1300 2880 imago
1325 2832 1464 2863 cerea
1485 2816 1550 2862 ita
1568 2825 1646 2876 est
1665 2831 1723 2862 ex
1745 2829 1871 2873 cera,
1898 2823 1944 2860 et
1965 2813 2115 2860 homo
2139 2830 2195 2860 ex
2219 2815 2319 2860 ani-

176 2897 306 2956 mali,
334 2897 466 2961 quod
490 2914 544 2944 ex
573 2913 632 2944 eo
656 2897 790 2960 quod
812 2913 950 2943 cerea
980 2897 1140 2954 imago
1164 2907 1258 2954 est,
1287 2897 1431 2958 exigit
1454 2905 1506 2942 ut
1528 2911 1638 2942 cera
1661 2895 1749 2953 sit3
1784 2903 1831 2941 et
1853 2910 1907 2940 ex
1930 2909 1989 2940 eo
2013 2893 2146 2958 quod
2171 2893 2319 2940 homo

177 2987 264 3037 est,
299 2987 351 3024 ut
372 2978 432 3024 sit
454 2977 660 3036 anima13
693 2977 779 3024 sed
807 2993 906 3024 non
937 2993 964 3023 e
987 2993 1239 3024 converso.
1274 2976 1486 3023 Potentia
1514 2977 1695 3040 quippe
1718 2984 1815 3022 tam
1839 2974 1900 3021 ad
1925 2973 2315 3027 discernendum,

173 3075 323 3122 quam
353 3059 415 3106 ad
445 3059 535 3106 alia
565 3057 751 3121 agenda
782 3056 1019 3118 sehabet,
1051 3057 1172 3105 sicut
1196 3073 1305 3104 cera
1338 3067 1434 3104 tam
1468 3056 1531 3104 ad
1563 3072 1751 3104 ceream
1787 3056 2063 3120 imaginem,
2087 3071 2234 3119 quam
2260 3055 2317 3101 ad

218 3218 224 3234 ¹
245 3215 302 3247 llic
318 3216 545 3248 animadvertit
567 3215 661 3248 Edm.
679 3213 823 3247 ,ilas-mne
840 3214 971 3248 Petrum
992 3214 1213 3251 abaelardum,
1279 3218 1355 3246 sunt
1381 3216 1451 3254 ejus
1484 3213 1658 3245 adversarii
1686 3211 1724 3245 S.
1754 3212 1958 3252 amardus,
1998 3211 2190 3244 Guillelmus
2220 3213 2319 3243 abhas

176 3270 209 3300 in
227 3267 469 3302 introductione
495 3271 536 3302 ad
558 3269 782 3308 Theologiam,
803 3269 865 3301 alia
884 3269 1095 3301 similitudine
1118 3277 1211 3299 usum
1278 3267 1312 3299 S.
1332 3268 1545 3307 Theudorici,
1563 3274 1596 3299 et
1612 3268 1714 3299 abbas
1729 3268 1918 3307 Anonymus
1940 3268 1996 3307 qui
2014 3267 2117 3298 suerat
2133 3268 2203 3306 ejus
2220 3267 2297 3297 disci

176 3323 296 3361 ruisse,
322 3325 444 3355 scilicet
472 3325 544 3356 aeris
561 3329 594 3356 et
612 3324 705 3363 sigilli
726 3325 817 3364 aerei,
836 3328 949 3356 contra
974 3331 1071 3363 quam
1094 3323 1210 3355 invecti
1279 3322 1386 3362 pulos.
1404 3321 1477 3354 Vid.
1496 3320 1587 3354 Bibl.
1600 3322 1748 3355 Patrum
1765 3321 1873 3355 Gister
1896 3321 2064 3360 censium,
2086 3325 2109 3352 t.
2128 3318 2181 3351 lV.
