2638 3866
1107 189 1418 239 DlALOGUS.
2246 191 2330 237 701

194 287 371 337 scilicet
403 287 640 335 Dominus
669 288 1007 355 conspiciatur,
1044 306 1153 337 cum
1183 290 1284 356 ipse
1316 307 1342 338 a
1366 290 1578 338 Domino
1611 290 1923 356 conspicitur,
1957 290 2091 354 quasi
2115 306 2268 338 caecus
2291 293 2338 338 in

194 368 294 416 sole
322 369 445 416 inter
467 366 683 415 videntes
708 369 951 429 assistens,
980 386 1079 417 non
1113 369 1174 418 ab
1198 371 1266 418 eis
1298 370 1535 436 positione
1558 370 1677 431 loci,
1705 370 1787 418 sed
1810 368 2047 418 beneficio
2071 369 2188 418 lucis
2213 372 2343 418 dissi-

194 447 331 495 dens.
367 447 511 506 Quod
552 448 694 495 enim
718 449 815 513 agit
851 448 898 495 in
937 450 1120 497 visione
1157 450 1422 517 corporalis
1455 451 1568 499 solis
1602 451 1805 516 qualitas
1837 467 2124 516 corporum,
2164 450 2258 498 hoc
2292 453 2339 499 in

194 527 377 575 visione
414 527 637 594 spiritalis
676 528 788 576 solis
824 529 1025 593 qualitas
1056 530 1363 591 meritorum,
1403 541 1448 579 et
1478 530 1894 596 quemadmodum
1931 530 2007 577 hic
2043 531 2172 579 nulla
2208 531 2342 581 disfe-

194 608 347 656 rentia
376 599 852 659 consistit'virtutum
887 608 935 655 in
969 609 1195 674 qualitate
1227 627 1488 676 corporum
1517 621 1599 659 aut
1631 612 1872 672 locorum,
1908 611 1973 658 sic
1999 628 2087 658 nec
2117 611 2183 659 ibi
2211 613 2342 660 retri-

197 688 476 749 butionum3
505 697 550 737 et
575 697 710 736 tanto
737 686 1001 738 mirabilior
1029 689 1109 737 illa
1144 690 1316 738 divinae
1340 690 1499 755 gloriae
1523 691 1640 740 visio
1665 708 1760 756 qua
1784 691 1909 738 beati
1942 691 2086 751 fiunt,
2115 703 2338 757 apparet,

196 778 379 833 quanto
411 764 618 835 amplius
658 768 790 817 nulla
824 769 918 817 loci
952 769 1180 836 qualitate
1209 771 1283 818 vel
1313 770 1583 820 diversitate
1614 771 1675 819 ad
1704 771 1798 819 hoc
1832 771 2054 836 impediri
2086 772 2159 819 vel
2185 773 2338 836 juvari

197 857 513 913 potest,‘cum
547 849 596 896 i'n
630 848 706 898 his
732 850 875 898 etiam
904 851 985 915 qui
1017 851 1160 898 etiam
1191 850 1298 898 loco
1331 850 1555 915 disjuncti
1590 868 1690 898 non
1725 861 1856 910 sunt,
1891 852 1957 898 sic
1984 862 2108 915 agat,
2145 863 2197 899 ut
2226 852 2343 900 alios

196 921 525 978 illuminando¹
548 929 811 988 beatificet,
847 930 966 978 alios
1001 931 1049 977 in
1090 947 1175 978 sua
1215 931 1424 979 caecitate
1463 932 1662 980 miseros
1694 932 2011 996 derelinquat,
2057 932 2178 979 sicut
2213 942 2259 979 et
2293 935 2340 979 in

195 1008 287 1057 hac
312 1010 408 1059 vita
431 1027 519 1076 per
542 1011 881 1076 impertionem
904 1012 1062 1075 gratiae
1086 1028 1180 1059 suae
1201 1029 1300 1060 non
1323 1012 1505 1060 desistit
1524 1029 1682 1076 agere.
1710 1012 1788 1059 Sic
1813 1014 1993 1078 quippe
2013 1014 2142 1060 Deus
2165 1012 2343 1078 ubique

168 1116 171 1121 ¹
196 1108 283 1157 per
311 1093 578 1157 potentiam
608 1109 709 1140 esse
739 1092 934 1152 dicitur,
969 1104 1017 1140 ut
1046 1093 1363 1141 nihilominus
1392 1093 1563 1141 alicubi
1597 1110 1684 1159 per
1712 1094 1910 1158 gratiam
1942 1092 2136 1155 adesse,
2169 1095 2342 1142 alicubi

195 1171 383 1220 dicatur
406 1172 588 1221 deesse.
620 1176 925 1238 Quocunq'ue
949 1174 1093 1237 igitur
1120 1173 1272 1221 modo
1294 1173 1370 1221 vel
1396 1174 1563 1222 adesse
1588 1174 1660 1221 vel
1687 1173 1877 1230 abesse,
1913 1190 1995 1220 seu
2021 1173 2251 1222 advenire
2270 1176 2341 1222 vel

195 1252 437 1315 recedere,
467 1253 727 1301 divinitatis
750 1255 899 1318 gratia
925 1254 1130 1315 dicatur,
1157 1271 1257 1302 non
1273 1254 1322 1302 id
1341 1254 1556 1302 localiter
1580 1253 1652 1302 vel
1668 1253 1983 1319 corporaliter
1996 1253 2068 1315 fit,
2091 1254 2175 1302 sed
2195 1257 2343 1319 magis

195 1333 471 1400 spiritaliter
500 1334 695 1401 vel'per
727 1336 938 1400 aliquam
969 1351 1063 1382 suae
1099 1336 1393 1401 operationis
1423 1335 1683 1383 efficaciam
1718 1335 1968 1399 contingit.
1997 1336 2043 1382 Si
2074 1336 2200 1384 enim
2235 1335 2346 1382 ubi-

195 1431 289 1479 que
318 1414 534 1463 localiter
563 1426 712 1476 esset,
746 1432 844 1480 quo
874 1415 1103 1463 advenire
1127 1415 1342 1464 localiter
1366 1416 1439 1464 vel
1476 1416 1606 1463 unde
1640 1415 1862 1463 recedere
1886 1416 2078 1481 posset?
2106 1420 2345 1464 Nonnun—

195 1512 340 1560 quam
379 1496 437 1543 ad
476 1513 566 1544 nos
597 1496 893 1544 descendere
922 1496 1116 1559 dicitur,
1141 1497 1219 1544 vel
1244 1514 1330 1562 per
1354 1496 1550 1561 aliquod
1576 1497 1733 1560 gratiae
1763 1513 1857 1543 suae
1878 1496 2170 1544 beneficium
2201 1498 2343 1545 nobis

194 1575 443 1638 collatum,
473 1577 550 1623 vel
580 1592 667 1642 per
698 1576 908 1641 aliquam
941 1594 995 1624 ex
1029 1578 1166 1642 signo
1198 1577 1370 1625 visibili
1396 1577 1853 1637 manifestationem,
1886 1577 1984 1624 sive
2020 1594 2131 1633 cum
2163 1578 2342 1643 aliquid

195 1656 441 1704 insolitum
474 1658 594 1722 gerit
628 1659 676 1704 in
715 1667 855 1705 terra.
897 1659 975 1706 Sic
1006 1658 1078 1706 sol
1115 1659 1203 1706 iste
1238 1657 1532 1706 descendere
1568 1656 1628 1705 ad
1667 1674 1757 1704 nos
1792 1657 1967 1705 dicitur
1998 1658 2071 1705 vel
2108 1658 2342 1706 mundum

193 1738 354 1802 ipsum
390 1738 590 1804 implere
614 1755 713 1785 non
749 1738 966 1786 localiter
995 1738 1078 1786 sed
1104 1737 1379 1799 efficaciter,
1414 1737 1463 1785 id
1491 1747 1558 1784 est
1590 1753 1688 1784 non
1720 1737 1858 1784 locali
1890 1738 1961 1784 sui
1992 1739 2230 1803 positione
2260 1741 2343 1787 sed

194 1817 560 1866 illuminationis
585 1819 883 1885 operatione.

266 1901 451 1946 Pinnos.
500 1900 649 1947 Miror
683 1909 728 1948 te
762 1899 1030 1947 rationibus
1076 1899 1197 1960 tuis,
1236 1898 1413 1965 quibus
1450 1916 1526 1946 me
1561 1915 1759 1963 arguere
1808 1898 1998 1958 niteris,
2037 1916 2116 1948 eas
2149 1917 2343 1966 quoque

196 1981 502 2028 auctoritates
535 1998 592 2029 ex
628 1982 877 2047 scripturis
905 1982 1074 2029 vestris
1107 1981 1340 2047 proferre,
1375 1981 1551 2046 quibus
1582 1998 1680 2028 non
1714 1979 1905 2027 dubitas
1939 1981 2138 2028 minime
2168 1999 2343 2045 cogen-

195 2060 314 2108 dum
339 2078 458 2109 esse.

262 2145 534 2190 Cnmsmw.
563 2144 869 2208 Propositum
895 2154 991 2204 est,
1025 2142 1146 2189 sicut
1181 2143 1323 2204 nosti,
1358 2159 1456 2190 non
1487 2160 1563 2190 me
1589 2141 1673 2189 tibi
1703 2143 1923 2207 proprias
1954 2142 2127 2190 inferre
2152 2153 2342 2191 senteu-

180 2223 307 2283 .tias,
343 2223 426 2270 sed
454 2240 767 2270 communem
800 2224 1039 2287 majorum
1073 2231 1352 2269 nostrorum
1388 2222 1473 2269 tibi
1508 2222 1681 2283 fidem,
1711 2239 1792 2269 seu
1829 2222 2097 2269 doctrinam
2137 2224 2339 2288 aperire.

197 2305 315 2361 Quae
339 2303 481 2367 igitur
508 2305 781 2352 testimonia
812 2305 873 2351 de
901 2304 1076 2350 nostris
1105 2302 1273 2359 affero,
1307 2319 1425 2364 non,
1463 2313 1513 2350 ut
1542 2320 1627 2369 per
1659 2303 1754 2350 hoc
1783 2303 1982 2366 cogari5‚
2015 2303 2233 2364 intendo,
2261 2305 2342 2352 sed

200 2393 250 2430 ut
269 2384 474 2432 aliorum
502 2386 651 2448 magis
674 2386 760 2432 ista
785 2384 1019 2448 intelligas
1041 2400 1160 2443 esse,
1187 2400 1332 2448 quam
1358 2400 1436 2431 me
1459 2384 1616 2448 ipsum
1642 2382 1848 2430 finxisse.

265 2466 453 2512 PfflLos.
493 2467 631 2512 Certe
667 2481 755 2512 nec
779 2464 905 2512 istud
935 2463 1180 2529 improbO,
1222 2464 1261 2510 si
1297 2462 1402 2510 talis
1436 2464 1720 2527 processerit
1748 2464 1968 2510 intentio.
2007 2462 2099 2510 Sed
2128 2480 2259 2510 nunc
2283 2464 2340 2509 ad

198 2543 383 2609 reliqua
406 2545 701 2593 festinemus.
724 2545 772 2591 Si
788 2562 920 2609 ergo,
947 2555 999 2591 ut
1025 2544 1212 2602 asseris,
1238 2552 1367 2591 tanta
1382 2544 1530 2590 virtus
1547 2553 1617 2590 est
1639 2542 1815 2591 divinae
1831 2543 2043 2602 visionis,
2067 2552 2119 2589 ut
2141 2542 2341 2590 ubicun-

197 2641 292 2688 que
316 2625 410 2671 sint
433 2625 605 2672 animae
629 2626 994 2691 participatione
1024 2625 1096 2671 sui
1119 2640 1252 2688 aeque
1275 2622 1378 2670 illas
1400 2621 1564 2670 beatas
1588 2622 1775 2670 efficere
1798 2632 1959 2686 queat,
1987 2639 2091 2683 cur,
2119 2622 2337 2677 obsecro,

199 2721 401 2769 regnum
433 2706 667 2753 coelorum
700 2708 804 2752 Deo
835 2715 880 2752 et
911 2705 1086 2753 sanctis
1108 2702 1361 2751 animabus
1392 2703 1664 2768 spiritaliter
1696 2703 2011 2764 assignantur,
2051 2713 2100 2750 ut
2136 2704 2183 2749 in
2221 2704 2342 2750 coelo

199 2786 378 2832 scilicet
405 2786 644 2850 praecipue
673 2785 897 2832 dicantur
919 2791 1037 2846 esse,
1074 2784 1209 2849 quasi
1242 2783 1427 2831 beatius
1451 2782 1545 2829 illic
1568 2782 1839 2830 habeantur
1863 2782 2000 2830 esse?
2028 2783 2172 2840 Quod
2197 2784 2341 2831 etiam

200 2867 439 2913 intantum
474 2865 691 2913 Christus
725 2875 879 2914 vester
918 2866 1118 2931 proprio
1153 2862 1369 2910 exhibuit
1404 2862 1643 2928 exemp10,
1680 2873 1732 2909 ut
1763 2863 1811 2910 in
1847 2873 2110 2929 conspectu
2142 2880 2342 2911 suorum

201 2946 518 3011 corporaliter
541 2945 715 2993 coelum
737 2945 1023 3005 ascenderit,
1051 2954 1097 2992 et
1121 2944 1232 3003 illic,
1260 2953 1313 2990 ut
1336 2943 1566 3008 scriptum
1591 2952 1678 3001 est,
1705 2942 1766 2990 ad
1792 2943 2034 2990 dexteram
2059 2944 2205 3009 patris
2228 2944 2343 2991 resi-

199 3027 319 3073 dens
358 3026 471 3073 inde
507 3025 565 3073 ad
601 3025 837 3090 judicium
874 3035 1103 3072 venturus
1137 3024 1446 3089 promittatur
1470 3024 1517 3070 in
1557 3039 1665 3071 aera
1703 3022 1898 3071 obviam
1935 3023 2337 3071 occurrentibus¹.

199 3110 323 3154 Cum
355 3107 498 3171 igitur
530 3106 700 3154 divinae
733 3105 1019 3153 habitationi
1051 3104 1182 3152 nulla
1220 3104 1391 3151 mundi
1428 3105 1583 3168 regio,
1624 3105 1713 3151 nisi
1753 3104 1953 3166 coelum,
1992 3105 2265 3170 deputetur,
2304 3107 2339 3151 si

246 3295 252 3312 ¹
271 3291 416 3334 Coloss.‚
439 3302 512 3334 cap.
530 3300 583 3334 tn,
603 3301 634 3325 v.
655 3294 690 3331 ¹3
710 3292 835 3333 Thess„
854 3300 912 3333 cap
944 3300 992 3326 iv.
1014 3299 1045 3325 v.
1067 3293 1117 3324 17.
