2638 3866
238 244 333 292 436
1048 248 1217 296 PETRI
1253 248 1559 296 ABAELARDI
1590 269 1592 272 ’

240 344 333 391 Sed
369 362 457 392 nec
485 347 571 393 ista
605 347 908 395 continentiae
938 349 1107 411 virtus,
1137 360 1219 397 aut
1246 350 1488 416 pudicitiae
1519 367 1672 409 amor,
1709 349 1897 398 feminis
1921 351 2035 418 ipsis
2058 352 2376 419 philosophiae

240 435 286 471 et
308 426 572 474 litterarum
596 428 891 477 abundantia
914 431 1146 494 insignitis
1171 431 1375 479 defuisse
1400 432 1721 496 cognoscitur,
1748 442 1801 480 ut
1817 433 1912 480 hoc
1936 434 2122 498 insigne
2142 436 2375 483 virtutum

238 507 442 554 maxime
487 525 750 572 congruere
791 510 1136 576 philosophicae
1183 529 1242 559 eo
1289 529 1638 576 cognoscamus
1685 513 1972 561 excellentiae
1990 550 2003 574 ,
2045 525 2093 562 et
2139 525 2374 578 quantum

239 602 427 651 semper
456 588 517 635 ab
550 588 769 638 obscenis
801 592 1126 658 voluptatibus
1160 594 1563 658 concupiscentiae
1593 593 1742 641 decor
1770 611 1819 642 se
1847 594 2133 643 subtraxerit
2161 595 2368 660 philoso-

237 666 376 729 phiae.
406 668 540 717 Unde
570 671 890 736 Hieronymus
921 673 970 719 in
1003 673 1175 720 eodem
1209 676 1388 721 Contra
1414 676 1717 722 Jovinianam
1751 675 1907 723 libro:
1941 695 1962 720 α
1988 675 2115 734 Quid
2148 676 2350 723 referam

237 747 410 811 inquit,
427 749 654 814 Sybillam
676 752 944 801 Erithream
968 763 1110 818 atque
1131 757 1398 802 Cumanam
1424 765 1471 802 et
1496 765 1605 802 octo
1629 755 1866 819 reliquas?
1884 759 2006 803 Nam
2028 759 2181 803 Varro
2202 755 2372 803 decem

236 827 378 877 fuisse
416 840 660 889 autumat,
696 850 901 898 quarum
935 835 1119 898 insigne
1145 835 1390 898 virginitas
1422 845 1518 896 est,
1557 845 1602 882 et
1636 836 1915 900 virginitatis
1943 836 2155 902 pretium
2194 835 2374 883 divina·

238 910 319 957 tio.
345 930 368 955 »
404 915 522 960 ltem
548 913 597 960 in
632 914 804 961 eodem
835 933 845 961 ε
871 935 894 958 «
915 914 1158 962 Diodorus
1189 916 1458 964 Socraticus
1489 916 1702 980 quinque
1736 915 1854 963 filias
1881 916 2153 964 dialecticas
2176 916 2374 979 insignis

234 991 474 1054 pudicitiae
508 994 733 1042 habuisse
768 1006 1004 1057 narratur,
1041 996 1102 1043 de
1129 996 1304 1061 quibus
1336 996 1471 1043 Philo
1506 995 1766 1043 Carneadis>
1794 996 2016 1060 magister
2044 996 2372 1061 plenissimam

235 1072 398 1121 scribit
429 1074 696 1123 historiam.
727 1095 749 1120 »
777 1076 922 1134 Quod
947 1077 982 1123 si
1009 1077 1154 1124 etiam
1176 1088 1285 1143 post
1315 1076 1634 1142 philosophos
1671 1086 1754 1124 aut
1789 1076 2014 1124 litteratas
2051 1077 2276 1135 feminas,
2311 1075 2373 1122 ad

233 1154 479 1202 saeculares
512 1156 585 1202 vel
620 1156 766 1204 laicos
803 1158 964 1204 venire
997 1157 1218 1218 delectat,
1250 1175 1339 1205 nec
1370 1158 1431 1205 de
1460 1157 1632 1205 talibus
1659 1158 1876 1223 exempla
1908 1157 2129 1218 deerunt,
2155 1174 2261 1222 quae
2283 1173 2372 1203 nos

231 1234 293 1281 ad
321 1236 602 1300 pudicitiam
631 1238 858 1300 invitent,
890 1248 988 1286 tam
1013 1238 1074 1286 de
1099 1239 1314 1304 innuptis
1336 1255 1482 1303 quam
1505 1239 1565 1286 de
1587 1239 1765 1304 nuptis.
1803 1238 1942 1286 Unde
1971 1239 2293 1302 Hieronymus
2316 1238 2366 1284 in

230 1316 389 1379 primo
413 1334 609 1382 quoque
636 1320 815 1366 Contra
838 1321 1142 1366 Jovinmnum
1165 1319 1308 1380 libro,
1337 1319 1502 1365 talium
1526 1335 1720 1384 quoque
1743 1318 1938 1367 laudem
1960 1328 2244 1385 prosecutus
2266 1319 2332 1365 ait
2357 1336 2367 1364 :

233 1415 253 1438 «
272 1399 574 1445 Demotionis
599 1400 987 1464 Areopagitarum
1022 1400 1252 1466 principis
1275 1400 1410 1463 virgo
1439 1399 1560 1460 filia,
1594 1399 1759 1446 audito
1789 1400 1954 1464 sponsi
1988 1399 2266 1446 Leosthenis
2297 1399 2370 1444 in-

230 1477 387 1539 teritu,
408 1495 458 1526 se
480 1479 735 1538 interfecit,
767 1497 999 1542 asserens,
1026 1497 1321 1545 quamquam
1343 1481 1522 1527 intacta
1543 1490 1662 1527 esset
1680 1488 1901 1545 corpore,
1925 1489 2087 1527 tamen
2110 1480 2151 1527 si
2168 1479 2369 1527 alterum

229 1559 444 1623 accipere
482 1561 758 1623 cogeretur,
787 1562 922 1626 quasi
946 1561 1213 1609 secundum
1249 1562 1508 1627 acciperet,
1538 1577 1649 1607 cum
1687 1561 1837 1625 priori
1872 1570 2033 1608 mente
2068 1560 2319 1625 nupsisset.
2348 1578 2369 1603 ι»

229 1641 345 1685 Item
367 1660 377 1686 ε
407 1642 562 1698 «Quis
581 1642 752 1703 valeat,
774 1643 948 1706 inquit,
974 1642 1164 1689 silentio
1184 1642 1423 1706 praeterire
1444 1657 1512 1688 vn
1530 1640 1733 1689 Milesias
1749 1641 1976 1705 virginee,
1995 1656 2100 1705 quae
2121 1641 2368 1688 Gallorum

230 1720 415 1784 impetu
450 1732 624 1769 cuncta
654 1733 886 1784 vastante,
927 1740 988 1770 ne
1020 1723 1137 1786 quid
1168 1722 1446 1769 indecenter
1481 1723 1786 1782 sustinerent,
1823 1732 2028 1769 mortem
2061 1731 2380 1780 sumserunt,

228 1802 501 1867 exemplum
534 1804 607 1850 sui
634 1804 816 1855 cunctis
843 1803 1109 1867 virginibus
1138 1803 1479 1867 relinquentes,
1517 1803 1731 1850 honestis
1767 1802 2010 1850 mentibus
2042 1802 2198 1865 majus
2229 1802 2372 1867 pudi-

226 1884 387 1931 citiam
413 1900 514 1931 esse
542 1900 688 1948 quam
711 1885 857 1932 vitam
875 1888 904 1931 ¹.
934 1883 1181 1932 Nichanor
1202 1884 1336 1930 victis
1358 1882 1533 1929 Thebis
1556 1893 1699 1946 atque
1721 1882 1984 1942 subversis,
2010 1883 2154 1928 unius
2176 1883 2371 1946 captivae

226 1966 420 2030 virginis
445 1982 608 2013 amore
639 1977 888 2032 superatus
924 1976 1020 2028 est,
1058 1966 1193 2030 cujus
1224 1965 1501 2030 conjugium
1535 1974 1788 2030 expetenS,
1819 1963 1953 2028 quod
1985 1963 2173 2028 captiva
2205 1974 2384 2028 optare'

226 2047 488 2108 debuerat,
516 2048 657 2094 sentit
697 2047 883 2113 pudicis
922 2047 1165 2094 mentibus
1200 2048 1307 2111 plus
1347 2047 1667 2109 virginitatem
1706 2061 1807 2092 esse
1849 2060 1996 2108 quam
2030 2060 2248 2107 regnum.
2288 2047 2372 2090 In·-

225 2128 470 2175 terfectam
494 2128 689 2193 propria
711 2144 860 2175 manu
883 2129 1003 2175 flens
1028 2144 1083 2174 ac
1106 2127 1273 2190 lugens
1303 2138 1489 2174 amator
1514 2127 1685 2174 tenuit.
1715 2129 1918 2173 Narrant
1941 2125 2196 2190 scriptores
2223 2125 2373 2171 Graeci

223 2218 269 2255 et
299 2208 442 2256 aliam
467 2208 745 2256 Thebana-m
766 2210 1018 2273 virginem,
1045 2225 1190 2272 quam
1211 2207 1362 2254 hostis
1379 2207 1577 2254 Macedo
1598 2215 1896 2271 corruperat,
1914 2204 2238 2252 dissimulasse
2257 2221 2373 2269 pau-

221 2289 365 2354 lisper
407 2289 654 2348 dolorem,
701 2300 748 2336 et
781 2289 1066 2336 violatorem
1099 2289 1380 2352 virginitatis
1414 2305 1508 2335 suae
1534 2287 1774 2351 jugulasse
1815 2295 1984 2352 postea
2016 2285 2383 2346 dormient-em,¹

226 2386 371 2434 seque
401 2371 688 2418 interfecisse
713 2387 824 2417 cum
844 2370 1039 2434 gaudio,
1077 2380 1129 2416 ut
1155 2387 1244 2417 nec
1272 2370 1433 2416 vivere
1459 2368 1664 2415 voluerit
1687 2377 1797 2432 post
1815 2367 2052 2432 perditam
2086 2367 2368 2425 castitatem,

226 2467 315 2497 nec
349 2461 459 2498 ante
492 2451 634 2509 mori,
671 2467 816 2515 quam
840 2451 912 2497 sui
938 2450 1075 2497 ultrix
1103 2451 1336 2497 existeret.
1359 2469 1382 2493 υ
1410 2451 1657 2506 Quantum
1692 2457 1852 2495 autem
1878 2447 2102 2493 virtutem
2132 2446 2372 2510 pudicitiae

226 2534 355 2578 Deus
377 2531 615 2597 approbet
630 2566 643 2588 ‚
669 2530 928 2578 manifestis
953 2530 1212 2585 miraculis,
1239 2530 1287 2576 in
1313 2527 1489 2576 talibus
1513 2545 1708 2592 quoque
1734 2526 1996 2591 virginibus
2013 2525 2254 2572 declarare
2270 2542 2370 2572 non

225 2622 293 2658 est
318 2611 620 2675 dedignatus.
651 2611 789 2659 Unde
817 2612 941 2658 inter
968 2620 1124 2658 cetera
1145 2610 1275 2657 idem
1303 2609 1584 2673 Hieronymi
1607 2607 1727 2655 liber
1757 2608 1821 2653 ita
1847 2606 2063 2653 continet
2091 2623 2100 2651 z
2133 2605 2372 2652 «Claudia

227 2693 359 2755 virgo
383 2692 583 2741 Vestalis
606 2710 716 2740 cum
743 2694 792 2739 in
822 2692 1144 2756 suspicionem
1166 2691 1368 2738 venisset
1395 2690 1565 2755 stupri,
1598 2689 1746 2735 fertur
1771 2687 1963 2750 cingulo
1987 2686 2175 2733 duxisse
2200 2695 2368 2745 ratem,

229 2788 373 2834 quam
398 2773 653 2835 hominum
685 2773 832 2820 millia
860 2772 1050 2820 trahere
1085 2773 1417 2835 nequiverant.
1451 2790 1473 2813 ³)
1507 2770 1575 2817 Ad
1606 2769 1703 2816 hoc
1731 2779 1777 2815 et
1805 2767 1922 2815 illud
1951 2766 2136 2814 Sidonii
2169 2767 2373 2832 pertinet

233 2852 279 2897 in
304 2855 618 2917 Propenticon
642 2854 704 2902 ad
725 2854 942 2902 libellum
967 2869 1108 2900 suum
1133 2853 1197 2899 ita
1214 2852 1456 2916 loquentis
1480 2869 1489 2897 :

704 2971 850 3026 Qualis
873 2987 952 3014 nec
973 2969 1183 3028 Tanaquil
1207 2969 1302 3023 fuit,
1330 2985 1408 3012 nec
1431 2968 1503 3011 illa

703 3038 845 3090 Quam
866 3048 914 3078 tu
935 3036 1184 3095 Tricipitine
1204 3037 1458 3094 procreasti,

704 3102 849 3154 Qualis
872 3118 951 3144 nec
970 3102 1165 3160 Phrygiae
1189 3101 1326 3143 dicata
1350 3101 1507 3153 Vestae,

708 3167 815 3219 Quae
838 3178 987 3209 contra
1010 3168 1109 3209 satis
1131 3166 1335 3208 Albulam
1357 3176 1597 3208 tumentem

708 3231 839 3272 Duxit
860 3233 1051 3291 virgineo
1075 3243 1211 3275 ratem
1231 3231 1402 3290 capillo.

276 3382 282 3399 ¹
314 3380 375 3421 Ap.
395 3380 547 3423 Hieron,
567 3381 678 3422 maqis
692 3382 902 3423 pudicitiam
920 3391 1006 3414 curae
1024 3391 1089 3414 esse
1106 3392 1209 3423 quam
1225 3383 1344 3415 vitam.
