2638 3866
1131 270 1661 364 EPISTOLA

817 477 916 536 AD
967 473 1394 535 EPISCOPUM
1440 469 1966 530 PARISIENSEM.

351 688 364 702 ·
389 681 440 721 In
455 677 644 736 Epistola
658 678 851 735 sequenti
865 675 1116 719 Abaelardus
1131 673 1407 716 Roscelinum
1425 673 1576 731 carpit,
1597 672 1856 732 apertissime
1874 672 2143 726 denotatum,
2162 670 2267 712 dum
2286 669 2466 712 invidio-

331 745 413 786 sius
442 743 603 785 mentio
631 742 815 799 injicitur
838 741 891 784 de
915 741 1133 783 dialectica
1154 738 1264 780 illius
1287 738 1500 791 doctrina,
1529 736 1583 780 de
1606 738 1820 780 erroribus
1842 737 2031 794 ejusdem
2054 736 2318 796 theologicis,
2345 746 2388 778 et
2411 735 2465 778 de

331 808 605 851 damnatione
627 807 673 849 in
694 807 873 850 concilio
897 804 1200 848 Suessionensi.
1222 803 1365 858 Quum
1383 817 1485 845 vero
1507 813 1549 846 et
1570 803 1750 862 scriptor
1768 803 1906 863 operis
1922 813 1964 846 et
1980 802 2226 845 Parisiensis
2246 801 2467 860 episcopus

332 874 384 915 ad
410 888 538 932 quem
557 873 714 915 directa
736 870 798 915 est
819 871 1022 930 Epistola,
1047 880 1214 912 tantum
1235 868 1384 912 litteris
1415 868 1450 910 P
1474 879 1517 911 et
1541 870 1574 911 C
1601 869 1647 911 in
1666 869 1860 928 pluribus
1880 868 2100 912 codicibus
2122 867 2328 927 designati
2357 867 2464 919 sint,

333 939 519 981 dubitari
537 949 676 996 potest
698 954 750 980 an
768 936 960 980 Andreas
978 935 1270 989 Quercetanus
1291 935 1443 978 merito
1459 935 1578 977 illam
1597 934 1827 978 Abaelardo
1844 935 2054 978 tribuerit.
2070 934 2241 977 Etenim
2256 948 2346 975 non
2369 944 2468 976 ante

333 1019 494 1046 annum
513 1004 677 1046 circiter
705 1008 816 1046 1120
840 1002 952 1045 edita
970 1011 1033 1043 est
1051 1000 1318 1043 Introductio
1341 1001 1605 1060 Theologiae,
1630 1016 1725 1060 quae
1746 1001 1846 1045 huic
1868 1000 2186 1060 disceptationi,
2210 999 2245 1042 si
2266 1014 2350 1058 qua
2371 998 2466 1052 fuit,

333 1068 511 1126 praebuit
534 1069 826 1120 occasionem;
850 1065 1098 1109 Roscelinus
1116 1081 1218 1109 vero
1232 1098 1243 1119 ,
1267 1078 1316 1109 ut
1336 1066 1549 1126 plerisque
1569 1067 1732 1126 placet,
1758 1083 1847 1110 non
1877 1067 1988 1109 ultra
2018 1081 2179 1108 annum
2206 1069 2317 1108 1108
2345 1065 2466 1108 vixit.

333 1134 408 1175 His
431 1133 604 1192 quidem
626 1133 786 1175 inducti
808 1142 905 1174 sunt
927 1132 1185 1191 argumentis
1206 1131 1392 1187 Bulaeus,
1412 1132 1645 1187 Mabillon,
1665 1133 1792 1193 Pagi,
1809 1132 1973 1176 Dubois
1994 1132 2207 1189 etiamque
2229 1131 2283 1173 D.
2302 1129 2467 1184 Rivet¹,

334 1210 380 1240 ut
403 1200 513 1240 hanc
533 1198 775 1256 epistolam,
799 1197 1001 1255 anonymi
1023 1196 1244 1253 cujusdam
1269 1197 1461 1258 theologi
1482 1213 1609 1258 opuS‚
1635 1200 1894 1256 conjicerent
1915 1198 2113 1257 scriptam
2135 1197 2283 1250 fuisse,
2307 1196 2472 1239 circiter

335 1278 494 1305 annum
519 1268 647 1317 1097,
674 1262 729 1305 ad
751 1262 1031 1306 Wilhelmum
1053 1263 1126 1321 qui
1146 1273 1250 1306 tunc
1269 1263 1527 1307 Parisiacam
1552 1263 1699 1307 sedem
1722 1265 1944 1324 episcopus
1972 1262 2212 1306 obtinebat.
2244 1262 2470 1316 Attamen,

334 1328 522 1386 quamvis
544 1343 698 1387 magna
730 1329 782 1371 sit
802 1329 847 1370 in
870 1327 1025 1370 talibus
1045 1328 1144 1371 viris
1174 1330 1417 1383 auctoritas,
1443 1329 1628 1373 Andreae
1651 1329 1909 1384 Quercetani
1940 1329 2149 1372 sententia
2177 1329 2302 1371 nobis
2331 1328 2474 1387 potior

333 1393 514 1435 videtur.
548 1394 820 1436 Roscelinum
850 1394 963 1436 enim
995 1404 1093 1436 ante
1121 1410 1283 1437 annum
1306 1400 1418 1438 1108
1449 1395 1603 1439 obiisse
1633 1411 1724 1438 non
1755 1405 1948 1448 constat3
1976 1405 2115 1454 potest
2146 1405 2288 1445 autem
2317 1393 2474 1437 diutius

333 1458 481 1501 vixisse
504 1474 633 1516 quam
655 1459 935 1514 arbitrantur,
961 1470 1002 1502 et
1032 1469 1154 1502 aetate
1179 1461 1270 1517 jam
1291 1472 1516 1521 vergente,
1540 1477 1593 1505 ex
1616 1477 1668 1505 eo
1692 1477 1821 1521 quem
1847 1461 1928 1504 sibi
1953 1459 2145 1520 elegisset
2166 1475 2360 1515 recessu,
2384 1460 2474 1519 pri-

334 1538 426 1565 mus
449 1522 716 1567 denuntiasse
745 1524 1002 1584 periculosas
1023 1525 1242 1568 Abaelardi
1263 1527 1498 1581 novitates3
1523 1527 1642 1570 illum
1663 1542 1766 1570 vero
1788 1526 1988 1586 suspicari
2018 1526 2117 1568 licet
2145 1524 2374 1586 improvisa
2396 1525 2473 1568 ista

336 1585 600 1648 aggressione
625 1600 928 1648 provocatum,
952 1590 1205 1645 Roscellini,
1240 1591 1296 1634 ad
1327 1592 1506 1635 meliora
1534 1593 1703 1637 reducis
1717 1625 1728 1647 ,
1761 1593 1923 1652 priscos
1955 1607 2118 1635 errores
2148 1592 2193 1633 in
2220 1590 2475 1634 memoriam

334 1655 557 1696 hominum
575 1670 792 1698 revocasse
808 1672 821 1710 ;
840 1672 978 1715 neque
1005 1657 1059 1699 ab
1081 1655 1155 1700 illa
1175 1658 1342 1701 ratione
1361 1659 1554 1717 proprias
1576 1659 1802 1718 opiniones
1821 1657 1971 1701 tuendi
1994 1656 2286 1718 oppugnando
2319 1657 2476 1700 alienas

336 1720 537 1762 abhorret
569 1720 839 1774 Abaelardus,
877 1723 942 1764 vir
977 1738 1066 1765 non
1105 1722 1164 1765 ita
1204 1734 1467 1769 mansuetus.
1502 1724 1714 1767 Praeterea
1727 1756 1738 1778 ,
1777 1723 1895 1782 quod
1932 1723 2267 1766 controversiam
2302 1737 2476 1766 omnem

337 1784 519 1839 dirimit,
543 1786 731 1845 Epistola
764 1787 819 1830 ad
853 1788 1111 1848 Episcopum
1138 1787 1193 1831 G.
1224 1803 1385 1831 nomen
1417 1788 1550 1832 habet
1580 1787 1799 1832 Abaelardi
1825 1789 1870 1831 in
1898 1787 2058 1832 Codice
2084 1788 2310 1831 Parisiensi
2331 1791 2446 1831 2923
2462 1822 2472 1842 ,

336 1849 380 1890 in
409 1866 493 1908 quo
524 1851 581 1893 sic
605 1852 851 1912 inscriptum
878 1864 940 1896 est
972 1869 982 1897 z
1019 1874 1035 1891 «
1064 1854 1186 1896 Petri
1213 1853 1439 1896 Abaelardz
1467 1855 1687 1913 Epistola.
1720 1853 1775 1897 G.
1806 1854 1890 1896 Dei
1916 1860 2068 1913 gratia
2098 1854 2337 1896 Parisiacae
2361 1854 2477 1896 sedis

336 1921 530 1974 episcopo
570 1933 734 1976 unaque
767 1919 1002 1961 venerando
1035 1921 1126 1978 ejus
1157 1918 1365 1961 Eeclesiae
1403 1919 1519 1962 clero
1562 1921 1612 1963 P.
1646 1919 1795 1963 debicae
1831 1925 2074 1964 reverentiae
2108 1919 2422 1978 subjectionem.
2454 1940 2470 1957 υ

336 1980 506 2024 Nomen
531 1992 672 2026 autem
693 1984 907 2043 scriptoris
926 1983 1004 2026 ubi
1025 1985 1245 2044 cognitum
1267 1995 1351 2039 est,
1375 1985 1564 2028 necdum
1586 1986 1746 2046 ambigi
1772 1996 1912 2046 potest
1934 1985 1989 2028 de
2012 1986 2187 2028 nomine
2210 1985 2399 2044 episcopi
2421 1984 2478 2027 ad

337 2061 463 2103 quem
484 2058 644 2106 spectat
667 2049 864 2108 epistola,
889 2050 1070 2093 Gilberti
1093 2050 1248 2093 scilicet
1273 2052 1347 2110 qui
1375 2051 1485 2094 sedis
1506 2051 1728 2095 Parisiacae
1756 2051 1979 2111 episcopus
2002 2061 2113 2106 erat,
2138 2066 2268 2110 quum
2291 2050 2475 2110 primum

337 2110 552 2156 Abaelardi
574 2129 680 2173 opus
701 2115 991 2176 theologicum
1012 2117 1057 2159 in
1078 2117 1219 2160 lucem
1242 2116 1406 2160 editum
1428 2127 1506 2160 est.

1189 2363 1618 2432 EPISTOLA

886 2511 998 2542 PETRI
1026 2512 1227 2543 ABAELARDI
1255 2513 1307 2543 AD
1334 2514 1373 2543 G.
1406 2512 1661 2544 PARISOENSEM
1689 2512 1923 2544 EPlscol’um.

396 2611 440 2645 G.
466 2612 538 2646 Dei
563 2616 689 2660 gratia
710 2615 916 2651 ParisIacae
949 2616 1049 2651 sedis
1073 2618 1261 2665 episcopo,
1287 2629 1435 2665 unaque
1467 2615 1672 2653 venerabili
1699 2617 1865 2664 ejusdem
1889 2614 2076 2653 Ecclesiae'
2093 2617 2197 2653 Claro
2219 2617 2268 2653 P.
2296 2614 2428 2653 debitat

1007 2678 1220 2711 reverentiae
1238 2674 1501 2723 subjectionem
1524 2680 1803 2726 sempiternam.

412 2815 623 2863 Relatum
660 2829 730 2866 est
765 2820 905 2869 nobis
935 2838 962 2869 a
997 2822 1288 2887 quibusdam
1319 2824 1666 2892 discipulorum
1701 2837 1977 2875 nostrorum
2007 2825 2476 2893 supervenientibus,

346 2893 479 2956 quod
504 2894 672 2943 elatus²
695 2899 772 2946 ille
790 2908 835 2946 et
857 2917 1045 2967 semper
1067 2903 1259 2952 inflatus
1283 2905 1540 2954 Catholicae
1566 2906 1678 2955 fidei
1701 2906 1852 2955 hostis
1875 2908 2116 2972 antiquus,
2136 2907 2271 2971 cujus
2292 2906 2480 2954 haeresis

347 2972 636 3022 detestabilis
660 2987 755 3024 tres
779 2981 907 3027 Deos
921 2982 1157 3043 confiteri,
1181 2984 1280 3032 imo
1297 2995 1342 3033 et
1358 2987 1616 3051 praedicare
1635 2988 1967 3036 Suessionensi
1985 2986 2200 3035 Concilio
2217 3003 2245 3033 a
2263 2985 2479 3034 Patribus

391 3143 396 3159 ¹
420 3140 564 3172 Histoire
593 3141 754 3176 litto-aire
779 3146 817 3177 de
844 3147 877 3179 la
904 3148 1046 3188 Franco,
1077 3156 1099 3183 t.
1126 3151 1207 3191 vul,
1236 3163 1267 3193 p.
1290 3155 1366 3192 464,
1387 3160 1418 3186 et
1435 3160 1457 3186 t.
1477 3154 1552 3194 xil,
1571 3165 1592 3195 p
1628 3158 1696 3189 ili.
1715 3157 1778 3179 -—²
1795 3155 1859 3188 Sic.
1894 3155 1972 3188 Cod.
1999 3154 2203 3195 parisiensis,
2228 3157 2319 3188 2928.
2350 3154 2484 3187 Elecstu'

350 3194 458 3230 Amb„
478 3196 532 3234 qui
550 3197 604 3227 dat
623 3197 655 3226 in
676 3199 817 3237 margine
838 3201 983 3234 Erectus.
