2638 3866
874 217 934 265 lN
968 215 1295 264 EPISTOLAM
1328 219 1409 266 AD
1443 218 1743 267 ROMANOS.
2281 221 2376 269 349

246 323 341 372 lam
361 320 498 385 cujus
515 320 587 368 vir
608 316 778 384 Aquila
794 314 1074 364 vocabatur.
1097 333 1119 359 υ
1144 314 1277 364 Idem
1300 317 1349 365 in
1376 318 1586 385 Epistola
1607 318 1675 366 ad
1695 318 2034 367 Timocheam'z
2055 339 2080 365 «
2096 319 2380 369 Adolescen-

247 402 392 451 tiores
422 409 580 450 autem
606 397 777 446 viduas
809 395 966 444 devita
992 394 1041 442 in
1077 396 1341 445 ministerio
1373 398 1654 447 diaconatus
1681 415 1977 465 praeponere.
2003 419 2026 446 υ
2045 403 2249 449 Sanctus
2272 403 2381 467 Epi-

245 481 453 547 phanius
470 479 646 528 Joanni
672 475 1050 527 Ierosolimitano
1074 493 1086 522 :
1115 496 1138 520 «
1161 479 1416 542 Nunquam
1441 495 1530 543 ego
1556 478 1776 526 ordinavi
1800 480 2099 529 Diaconissas
2117 490 2166 529 et
2189 481 2251 530 ad
2267 482 2381 529 alias

247 561 354 610 misi
387 560 677 628 provincias,
720 573 878 621 neque
914 555 1002 604 feci
1041 555 1325 621 quidquam,
1364 568 1416 606 ut
1444 559 1703 607 Ecclesiam
1741 559 2024 608 scinderem.
2057 564 2189 620 Quas
2221 563 2380 628 itaque

247 642 509 708 antiquitus
522 638 842 699 Diaconissas,
863 635 912 684 id
925 644 996 684 est
1012 636 1273 698 ministras,
1288 654 1418 685 nunc
1438 638 1724 699 Abbatissas‚
1747 638 1798 686 id
1811 650 1882 687 est
1900 651 2074 689 matres
2086 658 2331 690 vocamus.
2354 662 2376 686 »

247 721 561 770 Cassiodorus
582 735 727 786 super
748 717 882 765 hunc
903 715 1127 764 eumdem
1147 715 1312 765 locum
1339 736 1350 765 ε
1372 742 1394 763 ει
1416 718 1609 767 Pheben
1630 718 1865 784 significat
1888 721 2214 771 Diaconissam
2241 722 2380 771 fuisse

249 802 412 850 matris
432 800 667 860 Ecclesiae,
690 798 824 864 quod
847 798 895 844 in
911 794 1127 863 partibus
1143 798 1421 846 Graecorum
1439 798 1588 847 hodie
1609 800 1746 864 quasi
1764 799 1940 848 militiae
1958 817 2101 850 causa
2119 803 2374 867 peragitur,

247 884 424 951 quibus
451 894 500 933 et
520 881 798 950 baptizandi
828 897 940 928 usus
969 880 1018 927 in
1045 878 1244 929 ecclesia
1267 898 1364 929 non
1397 893 1615 948 negatur.
1640 902 1664 928 >2
1692 882 1921 931 Claudius
1943 901 2139 950 quoque
2162 886 2211 932 in
2235 903 2380 952 expo-

247 966 420 1014 sitione
438 964 582 1030 hujus
603 962 826 1030 Epistolae
851 980 862 1008 ε
884 961 1009 1008 «Hic
1042 959 1177 1008 locus
1207 960 1352 1009 docet
1385 963 1530 1010 etiam
1561 963 1764 1012 feminas
1793 964 1842 1011 in
1876 965 2140 1013 ministerio
2169 966 2386 1016 Ecclesiae

247 1046 490 1108 constitui,
529 1045 579 1093 in
611 1061 710 1109 quo
742 1042 905 1091 officio
939 1040 1145 1107 positam
1169 1041 1363 1090 Pheben
1398 1043 1531 1109 apud
1562 1043 1840 1104 Ecclesiam,
1881 1061 1987 1110 quae
2021 1055 2091 1093 est
2125 1046 2378 1110 Cenchris‚

248 1126 506 1193 Apostolus
526 1142 638 1173 cum
661 1140 835 1189 magna
856 1121 997 1170 laude
1020 1131 1066 1168 et
1089 1122 1513 1171 commendatione
1537 1124 1862 1189 prosequitur.
1889 1143 1913 1169 »

316 1227 340 1251 <c
370 1207 580 1255 Salutate
622 1206 830 1254 Priscam
865 1212 911 1250 et
941 1202 1161 1267 Aquilam
1193 1202 1437 1267 adjutores
1463 1220 1616 1252 meos.
1638 1223 1663 1249 >1
1691 1207 1744 1251 In
1781 1203 1877 1253 fine
1906 1204 2116 1271 epistolae
2145 1208 2381 1272 quosdam

249 1287 536 1335 nominatim
564 1285 819 1334 salutando
856 1283 1118 1350 plurimum
1155 1284 1487 1346 commendat,
1531 1294 1585 1332 ut
1620 1301 1790 1333 eorum
1827 1286 2067 1352 praecipue
2102 1288 2302 1335 consilio
2337 1304 2384 1336 et

247 1366 519 1414 auctoritati
565 1365 650 1432 qui
692 1364 997 1432 perfectiores
1048 1373 1184 1411 erant
1235 1365 1389 1412 caeteri
1430 1365 1753 1430 acquiescant.
1804 1366 2010 1413 Priscam
2056 1365 2136 1414 hic
2179 1368 2384 1432 appellat

249 1447 522 1512 Apostolus,
563 1463 669 1512 quae
701 1446 750 1494 in
782 1443 978 1493 Actibus
1013 1444 1350 1509 Apostolorum
1381 1444 1591 1492 Priscilla
1620 1445 1915 1507 nominatur,
1941 1445 2143 1511 pulchra
2175 1448 2381 1512 quadam

249 1526 459 1575 fortassis
495 1527 706 1575 nominis
741 1525 999 1585 allusione,
1047 1533 1100 1571 ut
1133 1540 1241 1572 eam
1275 1523 1452 1572 scilicet
1503 1541 1644 1573 sensu
1683 1535 1732 1573 et
1772 1525 1986 1573 moribus
2022 1537 2226 1575 matrem
2269 1528 2383 1575 insi-

248 1617 383 1655 nuet.
422 1610 536 1655 Erat
576 1616 739 1654 autem
781 1604 990 1653 Priscilla
1029 1621 1152 1651 uxor
1186 1604 1389 1669 Aquilae,
1420 1614 1468 1654 et
1505 1603 1650 1652 ambo
1692 1604 1754 1653 de
1780 1605 2027 1654 Judaismo
2069 1608 2289 1654 conversi
2324 1609 2385 1655 ad

248 1686 511 1735 Christum.
539 1705 564 1731 «
583 1689 637 1734 In
662 1686 852 1734 Christo
868 1687 977 1733 Jesu
999 1685 1098 1750 qui,
1123 1705 1145 1728 n
1171 1684 1221 1732 id
1241 1695 1309 1732 est
1328 1701 1417 1750 pro
1437 1685 1628 1732 Christo
1651 1684 1894 1749 adjutores
1916 1686 1965 1733 in
1989 1686 2150 1733 multis
2171 1686 2382 1747 fuerunt,

248 1784 368 1833 quas
404 1767 522 1815 olim
557 1783 671 1815 cum
708 1766 887 1813 caeteris
920 1765 1092 1812 Judaeis
1119 1782 1206 1831 per
1226 1765 1481 1813 Claudium
1519 1767 1671 1812 Roma
1700 1766 1919 1831 expulsas
1946 1766 2200 1832 Apostolus
2220 1768 2387 1816 Corin·

248 1847 388 1895 thum
415 1849 613 1896 veniens
631 1846 697 1894 ibi
717 1846 919 1906 invenit,
945 1855 993 1894 et
1011 1846 1123 1911 quia
1140 1845 1356 1910 ejusdem
1378 1846 1491 1893 artis
1513 1855 1615 1893 erat
1632 1846 1830 1911 peritus,
1855 1845 1905 1893 id
1926 1855 1996 1894 est
2018 1847 2383 1911 scenefactoriae,

164 1940 167 1945 '
243 1928 401 1993 junxit
433 1944 482 1976 se
510 1927 620 1989 illis,
648 1937 702 1974 ut
719 1926 861 1974 simul
890 1936 1219 1992 operarentur.
1250 1925 1390 1974 Unde
1419 1926 1544 1974 Beda
1570 1928 1620 1973 in
1640 1929 1788 1974 Actus
1806 1927 2145 1991 Apostolorum
2161 1946 2175 1975 .·
2195 1949 2218 1972 «
2243 1932 2390 1977 Erant

248 2010 380 2057 enim
414 2005 766 2057 scenefactoriae
800 2007 930 2068 artis,
971 2007 1106 2073 quasi
1141 2006 1304 2055 exules
1336 2016 1384 2054 et
1411 2007 1652 2073 peregrini
1685 2008 1894 2056 tentoria
1921 2007 2010 2055 sibi
2035 2009 2212 2074 quibus
2241 2010 2289 2057 in
2314 2011 2390 2059 via

249 2099 444 2139 utantur
478 2088 734 2139 aedificant.
771 2090 935 2136 Scenae
970 2088 1098 2137 enim
1135 2089 1298 2135 Graece
1332 2086 1642 2136 tabernacula
1670 2087 1914 2151 dicuntur,
1955 2090 2294 2154 etymologiam
2328 2090 2389 2139 ab

249 2168 589 2217 obumbrando
610 2169 854 2229 ducentia,
881 2167 1011 2234 apud
1033 2184 1156 2233 quos
1183 2166 1357 2215 umbra
1381 2184 1526 2214 scena
1555 2167 1747 2215 dicitur.
1776 2170 1938 2215 Scenae
1958 2169 2088 2216 enim
2120 2169 2195 2216 vel
2220 2186 2389 2217 sceno-

250 2259 378 2298 mata
395 2250 530 2315 quasi
551 2249 831 2297 umbracula
854 2258 1047 2310 sonant,
1072 2264 1177 2313 quae
1196 2264 1254 2295 ex
1272 2247 1409 2295 lineis
1428 2257 1510 2296 aut
1535 2247 1683 2296 laneis
1699 2258 1781 2296 aut
1799 2249 2015 2310 cilicinis,
2040 2249 2138 2296 sive
2162 2266 2220 2297 ex
2241 2249 2389 2298 arbo-

251 2347 359 2377 rum
382 2330 652 2393 srondibus,
690 2339 772 2378 aut
804 2328 1018 2394 virgultis
1051 2337 1236 2376 veteres
1259 2344 1361 2376 esse
1397 2327 1661 2394 ponebant.
1685 2329 1880 2394 Mystice
1902 2339 2064 2377 autem
2086 2330 2206 2378 sicut
2225 2333 2391 2378 Petrus

250 2410 482 2476 piscando
513 2428 604 2460 nos
634 2426 663 2459 a
696 2409 921 2458 fluctibus
942 2409 1091 2458 seculi
1124 2409 1345 2469 extraxit,
1372 2409 1437 2456 ita
1465 2408 1640 2456 Paulus
1663 2409 1944 2458 umbracula
1962 2411 2276 2475 protectionis
2305 2412 2393 2458 eri-

250 2491 410 2556 gendo
442 2490 504 2540 ab
536 2491 688 2540 imbre
711 2508 801 2539 nos
829 2491 1105 2552 crimmum,
1140 2488 1202 2537 ab
1228 2488 1402 2537 arbore
1432 2490 1780 2542 tentationum.
1813 2498 1861 2537 et
1885 2506 1911 2536 a
1930 2490 2085 2538 ventis
2111 2490 2391 2538 insidiarum

250 2572 399 2619 verbo
424 2571 654 2636 factisque
677 2571 908 2620 defendit.
930 2591 953 2616 »
976 2570 1347 2636 Chrysostomus
1371 2570 1422 2617 in
1445 2570 1647 2636 epistola
1672 2569 1740 2616 ad
1753 2569 1992 2632 Hebraeos,
2015 2587 2156 2618 serm.
2183 2574 2200 2617 1
2223 2589 2234 2618 ε
2262 2591 2285 2615 «
2299 2572 2393 2629 Qui

250 2661 322 2699 est
334 2652 564 2717 splendor
579 2652 741 2717 gloriae
758 2662 806 2700 et
818 2652 1065 2700 character
1078 2650 1353 2698 substantiae
1369 2650 1490 2715 ejus,
1511 2649 1774 2716 apostolica
1792 2652 2045 2708 sententia,
2064 2651 2212 2715 magis
2233 2660 2392 2698 autem

250 2732 453 2797 Spiritus
488 2734 640 2781 sancti
674 2733 894 2781 miranda
935 2733 1100 2798 gratia.
1146 2734 1252 2778 Non
1289 2731 1419 2778 enirn
1454 2748 1513 2778 ex
1556 2730 1800 2779 intellectu
1838 2732 2037 2796 proprio
2076 2731 2178 2778 haec
2217 2731 2394 2796 loque-—

251 2812 446 2861 bantur.
485 2813 626 2860 Unde
653 2813 783 2861 enim
806 2813 885 2860 ille
912 2813 1042 2860 hoc?
1066 2815 1192 2859 Num
1220 2820 1268 2858 et
1299 2827 1357 2858 ex
1385 2810 1646 2876 scalpellis,
1671 2820 1755 2859 aut
1778 2810 2003 2877 pellibus,
2041 2811 2142 2858 haec
2177 2811 2394 2878 operatio

252 2893 542 2958 majestatis?
594 2895 701 2940 Non
745 2893 876 2940 enim
907 2892 995 2940 has
1034 2890 1371 2954 intelligentias
1410 2907 1495 2938 sua
1534 2900 1696 2938 mente
1736 2890 2092 2956 procurabant,
2139 2908 2246 2957 quae
2279 2901 2395 2939 tunc

252 2983 355 3021 erat
388 2982 487 3021 tam
537 2972 710 3020 debilis
747 2982 794 3020 et
826 2982 1063 3030 extrema,
1110 2981 1164 3019 ut
1199 2971 1267 3019 nil
1312 2970 1519 3037 amplius
1567 2970 1768 3020 haberet
1811 2987 1838 3019 a
1878 2971 2059 3037 plebeis
2102 2982 2148 3020 et
2182 2971 2392 3038 populls.

252 3053 517 3113 Quomodo
551 3053 682 3101 enim
716 3047 899 3118 aliquid
932 3052 1157 3100 divinum
1192 3061 1355 3117 posset
1379 3051 1458 3099 ille
1482 3051 1676 3111 sentire,
1711 3051 1795 3116 qui
1819 3051 1943 3099 circa
1978 3053 2129 3118 pretia
2154 3051 2395 3100 vendendi

254 3144 300 3181 et
342 3135 468 3182 circa
506 3132 862 3182 conlectionem
903 3132 1104 3198 pellium
1136 3141 1288 3179 totam
1325 3148 1461 3180 suam
1499 3132 1674 3194 vitam,
1714 3141 1970 3197 totumque
2002 3150 2145 3181 suum
2183 3131 2396 3180 studium

299 3320 304 3338 ¹
323 3318 428 3362 Tim.,
450 3328 523 3362 cap.
541 3329 578 3362 v,
596 3328 626 3353 v.
648 3320 697 3356 11.
