2638 3866
246 198 342 243 342
1050 192 1220 239 PETRI
1255 192 1570 240 ABAELARDI

247 294 493 359 multiplici
515 293 586 339 sui
610 292 783 338 erroris
812 291 951 355 culpa
981 291 1139 338 minus
1168 290 1447 340 debebatur.
1474 312 1497 336 «
1513 293 1643 339 Sicut
1656 292 1887 357 scriptum
1909 303 1996 354 est,
2013 311 2037 337 »
2054 293 2102 339 in
2121 292 2365 342 Psalmista

245 376 471 439 loquente
501 372 674 418 scilicet
707 370 768 417 ad
803 373 985 418 Patrem
1015 372 1064 417 in
1090 387 1297 435 persona
1324 371 1496 419 Christi
1525 370 1725 418 dicentis
1757 371 1924 432 Patri¹,
1946 371 2258 420 «Confitebor
2281 371 2366 418 tibi

245 456 291 499 in
316 452 563 509 Gentibus,
590 470 612 495 υ
640 450 690 496 id
713 459 781 496 est
804 449 983 497 laudari
1011 461 1055 497 te
1072 450 1244 498 faciam
1265 451 1405 498 etiam
1427 468 1456 498 a
1472 451 1706 498 Gentibus
1728 451 2047 504 conversis‚et
2072 451 2156 499 tibi
2177 468 2265 516 per
2290 468 2366 498 me

245 532 499 596 acquisitiS.
534 533 749 587 Quarum
786 530 981 594 quidem
1013 530 1231 594 primitiae
1264 531 1386 593 Magi
1422 531 1630 592 fuerunt,
1669 531 1766 578 sive
1798 531 2247 579 Samaritani‘etiam
2274 530 2365 591 illi,

246 611 419 676 quibus
444 627 529 674 per
559 610 902 672 §amai-italiam
926 610 1052 656 illam
1077 609 1304 668 innotuit,
1333 619 1380 657 et
1405 610 1602 658 sortasse
1629 611 1773 658 etiam
1795 611 2004 658 Gentiles
2027 609 2112 671 illi,
2138 611 2222 674 qui
2244 610 2371 658 circa

248 691 518 755 passionem
553 705 640 753 per
670 689 942 753 Philippum
971 699 1018 735 et
1046 688 1308 751 Andream,
1344 689 1406 737 ad
1440 707 1551 738 eum
1585 701 1909 750 accesserunt,
1943 707 2054 737 eum
2091 689 2250 737 videre
2280 707 2370 737 cu·-

247 771 458 834 pientes:
486 769 546 816 de
569 767 741 832 quibus
765 770 873 815 ait²z
899 789 920 812 «
934 772 1070 815 Nunc
1093 768 1374 816 clarificatus
1389 778 1458 816 est
1479 769 1622 817 Filius
1637 769 1862 817 hominis.
1883 790 1904 812 υ
1930 789 1952 814 «
1973 772 2028 816 Et
2044 769 2232 816 nomini
2247 779 2332 816 tuo
2347 788 2367 813 υ

247 850 308 897 ad
346 849 584 897 bonorem
607 858 741 895 tuum
767 848 985 895 videlicet
1011 858 1058 895 et
1092 858 1225 895 tuam
1248 849 1542 897 dilatandam
1582 850 1801 897 notitiam
1850 849 2138 914 spiritalibus
2177 850 2371 896 canticis

247 945 329 976 eos
351 946 521 976 vacare
544 929 729 975 faciam.
755 928 899 986 Quod
919 945 1034 975 vero
1057 929 1120 975 ait
1142 939 1398 995 propterea
1421 931 1657 995 superius,
1682 929 1991 977 continuatur
2012 929 2061 975 in
2083 928 2269 976 Psalmo
2291 929 2371 976 ubi

247 1011 543 1074 praemissum
573 1010 678 1066 est⁸‚
707 1011 794 1054 «Et
824 1008 884 1055 ab
913 1009 1267 1072 insurgentibus
1298 1010 1346 1057 in
1378 1027 1455 1058 me
1486 1027 1600 1057 erue
1623 1027 1719 1070 me,
1758 1019 1848 1057 etc.
1875 1030 1896 1053 »
1928 1008 2165 1056 Exaltatus
2195 1009 2372 1074 quippe

248 1099 315 1136 est
350 1107 436 1155 per
470 1090 598 1154 ipsos
637 1089 719 1152 qui
754 1105 859 1135 eum
897 1088 1225 1152 crucifigentes
1260 1106 1439 1137 nomen
1476 1091 1578 1154 ejus
1615 1089 1774 1137 delere
1810 1088 2145 1149 crediderunt,
2183 1088 2244 1135 de
2278 1105 2374 1153 qua

247 1169 439 1232 quidem
475 1168 758 1216 exaltatione
787 1168 887 1232 ipse
909 1185 1102 1232 quoque
1121 1169 1437 1233 praedixerat⁴,
1458 1173 1552 1216 «Et
1580 1186 1669 1234 ego
1695 1170 1733 1216 si
1754 1168 1984 1216 exaltatus
2013 1167 2146 1215 fuero
2175 1185 2204 1215 a
2229 1178 2370 1229 terra,

247 1249 408 1296 omnia
438 1247 624 1295 traham
660 1246 722 1294 ad
750 1247 1003 1312 meipsum,
1028 1267 1049 1292 n
1076 1265 1176 1295 non
1211 1249 1369 1296 solum
1398 1249 1620 1297 videlicet
1642 1249 1847 1310 Judaeos,
1874 1249 1959 1296 sed
1980 1258 2027 1296 et
2049 1250 2224 1295 Gentes
2255 1264 2374 1296 con-

245 1328 493 1375 vertendo.
528 1348 550 1371 ι(
579 1331 635 1373 Et
653 1328 828 1374 iterum
847 1346 870 1370 »
901 1328 1185 1392 perlsaiam⁵
1207 1328 1403 1389 scilicet,
1435 1329 1701 1394 praevidens
1726 1329 1983 1376 Ecclesiam
2006 1338 2103 1376 tam
2128 1345 2185 1375 ex
2206 1327 2376 1376 Judaeis

247 1424 391 1470 quam
413 1425 467 1455 ex
489 1406 723 1454 Gentibus
737 1407 1139 1470 congregandam,
1162 1407 1382 1456 hortatur
1399 1411 1721 1461 communiter
1739 1419 1966 1473 utrosque
1985 1407 2047 1456 ad
2068 1407 2377 1455 exultandum

246 1497 291 1533 et
323 1488 620 1535 laudandum
642 1490 798 1534 Deum
829 1487 888 1534 de
909 1503 994 1534 sua
1023 1488 1358 1544 conversione.
1393 1488 1592 1537 Plebem
1621 1490 1710 1536 Dei
1733 1499 1779 1536 et
1802 1488 2053 1553 quondam
2087 1487 2376 1552 peculiarem
2428 1477 2435 1480 .

248 1568 482 1632 populum
504 1568 613 1631 ‘ejus
637 1566 823 1614 Judaeos
845 1566 979 1614 dicit.
1011 1586 1035 1612 «
1050 1570 1106 1613 Et
1126 1561 1334 1615 iterum»
1362 1585 1447 1634 per
1470 1569 1631 1634 ipsum
1654 1568 1809 1616 David
1837 1588 1860 1612 «
1878 1566 2181 1632 magnificate
2195 1587 2217 1610 ι)
2243 1566 2293 1613 id
2309 1577 2380 1614 est

246 1646 387 1693 bonis
412 1647 635 1712 operibus
660 1645 935 1710 glorificate,
969 1663 1171 1695 «omnes
1191 1649 1421 1712 populi‚,»
1448 1648 1498 1695 id
1524 1659 1596 1696 est
1619 1647 1841 1712 quaelibet
1863 1646 2077 1694 fidelium
2098 1646 2375 1705 multitudo,

247 1743 347 1773 non
362 1726 516 1773 solum
541 1744 594 1774 ex
621 1726 853 1773 Gentibus
875 1737 1176 1790 congregata.
1210 1728 1344 1774 «Erit
1367 1727 1520 1775 radix.
1535 1747 1559 1772 »
1584 1728 1719 1775 Aliud
1742 1727 2070 1774 testimonium
2093 1725 2153 1773 de
2179 1742 2380 1774 conver-

244 1810 382 1858 sione
404 1810 629 1856 Gentium
651 1818 761 1874 post
785 1810 1164 1857 incarnationem
1194 1810 1369 1857 scilicet
1392 1811 1587 1858 Domini
1621 1810 1681 1858 ab
1708 1826 1766 1857 eo
1798 1809 2132 1873 regendarum,
2163 1819 2209 1855 et
2240 1809 2295 1854 in'
2321 1825 2379 1855 eo

250 1890 610 1952 sperandarum,
636 1890 758 1936 sicut
779 1889 913 1936 radix
935 1889 1179 1936 residuum
1201 1899 1271 1936 est
1291 1890 1476 1938 arboris
1498 1891 1673 1947 incisae,
1700 1899 1746 1937 et
1763 1890 1801 1936 si
1823 1890 1872 1935 in
1890 1898 2014 1936 terra
2034 1889 2093 1934 sit
2112 1887 2376 1947 recondita,

251 1968 421 2016 multas
448 1970 832 2017 >ramusculorum
861 1969 1033 2015 emittit
1053 1970 1354 2035 propagines.
1390 1973 1459 2018 Ita
1481 1973 1607 2018 Jesse
1635 1979 1771 2035 patre
1803 1967 1959 2016 David
1989 1968 2108 2015 olim
2132 1967 2377 2024 defuncto,

250 2058 297 2094 et
324 2057 552 2113 tanquam
581 2049 753 2096 arbore
790 2048 851 2095 de
873 2049 969 2096 vita
1004 2051 1223 2114 praesenti
1260 2050 1489 2111 abscisso,
1529 2050 1664 2115 quasi
1700 2048 1913 2096 radicem
1951 2057 2000 2095 et
2029 2047 2276 2095 residuum
2311 2047 2381 2094 sui

251 2127 490 2175 Christum
518 2128 690 2176 habuit
723 2129 865 2191 longe
898 2139 1065 2194 postea
1096 2129 1158 2177 de
1186 2133 1366 2177 semine
1401 2147 1489 2178 suo
1518 2130 1830 2178 nasciturum.
1865 2127 2012 2175 Radix
2042 2127 2144 2174 baec
2171 2128 2220 2174 in
2260 2137 2384 2174 terra

246 2209 495 2258 ,recondita
520 2219 606 2263 est,
637 2209 754 2256 dum
775 2210 823 2255 in
849 2211 950 2275 ipsa
975 2227 1117 2258 carne
1139 2227 1242 2271 sua,
1271 2228 1376 2276 quae
1403 2221 1600 2260 terrenae
1618 2209 1900 2260 ‚substantiae
1913 2218 2001 2268 est,
2022 2207 2234 2273 sepultus
2252 2208 2384 2271 juxta

249 2288 381 2350 quod
399 2288 459 2335 de
486 2290 740 2353 semetipso
765 2290 840 2336 ait⁶
866 2326 877 2346 ‚
905 2309 927 2334 «
939 2291 1061 2338 sicut
1094 2291 1180 2338 fuit
1213 2293 1357 2338 Jonas
1393 2292 1443 2338 in
1468 2301 1633 2339 ventre
1659 2291 1767 2351 ceti,
1795 2299 1885 2337 etc.
1904 2309 1926 2333 »
1959 2290 2008 2336 in
2041 2288 2238 2336 multam
2274 2304 2386 2353 pro-

251 2367 473 2430 paginem
516 2366 728 2414 fidelium
767 2369 1060 2432 resurgendo
1089 2369 1356 2434 pullulavit,
1389 2370 1656 2418 secundum
1693 2369 1826 2416 illam
1865 2369 2014 2434 ipsius
2052 2367 2381 2433 parabolam',

256 2466 278 2487 «
302 2447 397 2493 Nisi
430 2464 630 2511 granum
662 2447 906 2507 frumenti,
940 2458 1069 2495 etc.»
1098 2450 1284 2496 Scimus
1308 2459 1468 2497 autem
1503 2459 1550 2496 et
1583 2459 1699 2496 tunc
1731 2449 1938 2495 maxime
1973 2448 2183 2496 radicem
2217 2463 2386 2511 quarn-

252 2525 367 2572 libet
396 2527 626 2589 generari,
658 2536 704 2572 et
727 2527 861 2590 quasi
883 2528 1189 2592 impinguari,
1217 2538 1270 2575 ut
1295 2528 1652 2594 multiplicetur,
1683 2529 1722 2575 si
1749 2528 1793 2574 ei
1821 2527 1983 2574 fumus
2006 2526 2313 2584 adhibeatur,
2340 2535 2387 2572 et

253 2615 478 2665 stercora,
488 2607 621 2670 juxta
634 2606 752 2653 illud
773 2608 1036 2655 Dominicae
1059 2607 1341 2673 parabolae⁸,
1372 2628 1397 2653 «
1416 2609 1609 2656 Dimitte
1632 2617 1679 2656 et
1699 2608 1794 2655 hoc
1817 2623 1965 2666 anno,
1994 2616 2047 2654 ut
2070 2607 2255 2670 mittam
2267 2617 2385 2653 ster-

254 2702 428 2733 cora.»
469 2685 597 2744 Quid
620 2697 780 2734 autem
813 2687 970 2734 fumus
1006 2688 1082 2735 vel
1115 2697 1324 2735 stercora
1359 2698 1470 2735 sunt
1501 2688 1616 2736 huic
1654 2687 1804 2736 radici
1841 2686 2062 2746 admota,
2101 2686 2191 2734 nisi
2225 2684 2388 2733 sordes

258 2775 562 2827 peccatorum
606 2776 885 2814 nostrorum
926 2784 1030 2832 quae
1075 2768 1280 2832 suscepit
1315 2778 1363 2815 et
1391 2767 1600 2833 portavit
1640 2768 1691 2815 in
1728 2783 1932 2832 corpore
1963 2783 2078 2827 suo,
2115 2775 2168 2813 ut
2194 2765 2255 2813 de
2283 2766 2388 2830 ipso

258 2853 484 2907 tanquam
523 2845 683 2892 radice
719 2856 766 2893 et
801 2847 1020 2893 omnium
1057 2847 1240 2910 origine
1274 2848 1517 2895 innumeri
1556 2847 1834 2912 propaginis
1874 2848 2055 2893 fructus
2090 2846 2139 2892 in
2183 2844 2390 2892 Ecclesia

262 2926 596 2970 nascerentur?
618 2925 693 2971 Nil
714 2926 892 2990 quippe
912 2927 1045 2973 nasci
1060 2926 1257 2991 profuit,
1279 2927 1371 2974 nisi
1393 2927 1565 2974 redimi
1587 2927 1859 2992 profuisset.
1882 2929 1985 2972 Hoc
2007 2926 2167 2989 itaque
2189 2924 2389 2989 Spiritus

257 3017 344 3063 per
375 3003 544 3048 Isaiam
574 3007 882 3067 promittens,
910 3007 998 3053 ait⁹
1024 3027 1035 3052 ε
1067 3027 1090 3049 κ
1111 3007 1212 3052 Erit
1233 3006 1367 3053 radix
1399 3009 1543 3065 Jesse,
1568 3027 1590 3050 »
1616 3005 1768 3054 idest
1798 3022 1857 3053 eo
1882 3004 2127 3063 defuncto,
2159 3002 2390 3068 supererit

306 3204 450 3237 ¹Psalm.
466 3214 547 3244 xvn,
560 3217 590 3239 v.
603 3208 717 3240 50.-2
731 3207 823 3240 Joan.
837 3231 844 3247 ,
859 3216 931 3247 cap.
952 3203 1020 3245 xiii.
1035 3216 1068 3241 v.
1089 3209 1141 3241 31.
1157 3224 1196 3231 —
1208 3208 1287 3241 ³Ps.
1364 3209 1413 3242 10.
1427 3210 1484 3234 ---ε
1498 3208 1627 3248 Matth„
1642 3218 1714 3251 rap.
1732 3219 1799 3251 xu,
1818 3220 1846 3243 v.
1867 3210 1918 3243 40.
1941 3224 1979 3230 —
1992 3208 2002 3227 ⁷
2018 3205 2205 3246 Joau.‚cap.
2219 3212 2263 3237 ¹¹¹
2274 3227 2282 3244 ν
2294 3203 2386 3236 ἪἏ·

263 3265 345 3294 xvu,
357 3267 387 3290 v.
402 3260 454 3292 49.
466 3275 506 3283 -
518 3258 643 3298 ⁴Joan.,
656 3269 726 3299 cap.
739 3269 802 3297 xu,
821 3270 849 3291 v.
868 3263 919 3294 32.
931 3262 989 3285 —5
999 3259 1088 3299 lsai„
1100 3269 1169 3301 cap.
1185 3269 1236 3302 xi,
1256 3270 1286 3292 v.
1363 3279 1399 3285 —-
1416 3264 1428 3282 ⁸
1447 3262 1543 3304 Luc.,
1560 3271 1633 3303 cap.
1650 3271 1723 3303 xm,
1738 3271 1768 3296 v.
1786 3264 1821 3296 8.
1836 3279 1874 3287 -
1894 3264 1907 3283 ⁹
1922 3260 2010 3301 lsai„
2025 3267 2215 3301 cap.1X1‚v·
2233 3257 2282 3290 10·
