2638 3866
221 261 274 308 64
287 260 315 307 8
1029 262 1200 308 PETRI
1236 262 1444 310 ABAELA
1451 263 1550 310 RD}

218 363 340 409 mitti
375 360 638 418 asserebat,
676 370 729 406 ut
767 360 867 423 ejus
901 360 1232 408 lassitudinem
1266 361 1483 410 reficeret
1515 362 1642 410 cibo.
1682 362 1871 428 Absque
1905 364 2047 430 culpa
2085 365 2227 428 igitur
2263 365 2356 412 hoc

218 443 349 502 fecit,
382 442 431 488 in
463 457 561 504 quo
592 439 784 504 culpam
811 441 962 488 vitare
996 441 1224 499 decrevit,
1260 459 1348 489 nec
1378 443 1424 490 ei
1458 459 1589 490 mors
1613 446 1862 509 repentina
1896 445 2085 505 nocuit,
2117 461 2263 508 quem
2291 444 2354 492 ab

215 522 437 571 aerumnis
458 521 563 567 vitae
583 521 824 585 praesentis
844 521 1080 582 liberavit,
1112 532 1158 570 et
1182 522 1342 570 multis
1362 522 1423 570 ad
1449 523 1799 588 providentiam
1820 525 2019 590 profuit,
2046 542 2158 573 cum
2173 525 2353 588 justum

213 603 280 650 sic
300 601 496 648 videant
518 601 621 647 sine
652 600 795 666 culpa
820 602 1001 666 puniri,
1028 612 1074 649 et
1097 602 1218 649 illud
1244 603 1296 650 in
1319 619 1378 651 eo
1406 603 1593 669 impleri
1620 605 1754 668 quod
1776 604 1890 652 alibi
1918 605 2119 652 domino
2151 604 2350 652 dicitur:

218 708 239 726 u
260 686 329 729 Tu
345 685 491 745 Deus,
513 698 624 728 cum
639 681 795 745 justus
814 683 894 744 sis,
917 683 1042 746 juste
1057 683 1221 731 omnia
1233 683 1466 749 disponis,
1483 701 1595 732 cum
1614 702 1726 732 eum
1750 702 1962 749 quoque,
1991 685 2071 749 qui
2094 702 2194 732 non
2213 684 2356 733 debet

214 763 393 828 puniri,
416 761 756 810 condemnes¹.
791 784 813 807 »
841 763 1164 823 Condemnas,
1194 764 1371 827 inquit,
1398 765 1460 813 ad
1482 775 1688 813 mortem
1704 782 1804 812 non
1828 765 2168 827 aeternam,sed
2181 782 2354 830 corpo-

212 843 378 890 ralem.
421 843 552 890 Sicut
584 843 715 890 enim
747 843 850 891 sine
885 844 1064 890 meritis
1096 844 1318 891 nonnulli
1351 845 1613 904 salvantur,
1654 854 1705 892 ut
1741 844 1951 910 parvuli,
1988 854 2035 892 et
2069 845 2170 894 sola
2207 845 2357 909 gratia

214 924 359 970 vitam
380 933 699 987 assequuntur
719 934 967 983 aeternam3
998 924 1065 971 ita
1091 941 1191 970 non
1215 923 1479 972 absurdum
1509 934 1579 972 est
1606 924 1868 972 nonnullos
1890 941 2056 989 poenas
2080 924 2356 990 corporales

211 1004 462 1061 sustinere,
489 1020 609 1068 quas
630 1021 730 1051 non
762 1014 1058 1065 meruerunt,
1087 1006 1210 1052 sicut
1235 1014 1282 1051 et
1305 1005 1366 1052 de
1391 1005 1602 1070 parvulis
1625 1015 1815 1053 constat
1834 1005 1939 1053 sine
1960 1005 2186 1070 baptismi
2210 1007 2357 1068 gratia

211 1083 476 1143 defunctis,
511 1085 594 1148 qui
630 1094 729 1132 tarn
760 1086 1001 1150 corporali
1033 1101 1177 1149 quam
1212 1095 1387 1132 aeterna
1424 1095 1580 1132 morte
1608 1084 1919 1146 damnantur,
1956 1095 2003 1132 et
2044 1086 2182 1132 multi
2212 1086 2353 1132 etiam

209 1164 492 1212 innocentes
529 1164 821 1228 affliguntur.
862 1165 991 1223 Quid
1029 1166 1190 1230 itaque
1225 1165 1401 1212 mirum
1439 1165 1480 1212 si
1512 1165 1844 1228 crucifigentes
1878 1165 2144 1212 Dominum
2178 1182 2236 1212 ex
2275 1165 2355 1213 illa

208 1244 381 1308 injusta
410 1246 628 1303 actione,
661 1248 880 1309 quamvis
913 1263 995 1294 eos
1027 1247 1296 1311 ignorantia
1317 1255 1509 1293 excusat
1538 1262 1567 1293 a
1595 1247 1754 1310 culpa,
1785 1262 2000 1311 poenam,
2036 1256 2090 1293 ut
2117 1246 2348 1305 diximus,
2378 1296 2393 1305 ‚-

208 1325 518 1390 temporalem
541 1342 641 1372 non
664 1326 1086 1374 irrationabiliter
1074 1343 1318 1375 incurrere
1338 1336 1549 1392 possent,
1576 1337 1718 1398 atque
1744 1326 1855 1374 ideo
1878 1326 2062 1374 dictum
2085 1337 2194 1374 est.
2227 1346 2251 1370 α
2281 1326 2354 1373 di-

209 1407 342 1453 mitte
364 1406 473 1467 illis,
502 1428 522 1448 »
548 1406 643 1453 hoc
663 1417 732 1453 est
749 1423 963 1471 poenam,
1007 1424 1154 1472 quam
1172 1407 1306 1467 hinc,
1332 1417 1385 1454 ut
1402 1406 1626 1503 diximus,
1654 1423 1754 1454 non
1780 1407 2206 1455 irrationabiliter
2195 1411 2353 1454 incur-

207 1502 311 1534 rere
342 1496 554 1552 possent,
582 1503 642 1533 ne
666 1487 869 1535 inseras.
859 1488 878 1523 'r‘

272 1568 403 1614 Sicut
440 1576 616 1624 autem,
653 1568 786 1631 quod
826 1569 902 1616 isti
938 1585 1023 1634 per
1058 1568 1377 1633 ignorantiam
1402 1578 1627 1632 egerunt,
1661 1569 1779 1616 vel'
1768 1585 1874 1634 lpsa
1910 1569 2055 1616 etiam
2080 1567 2351 1631 ignorantia

206 1657 458 1713 peccatum
488 1649 700 1713 proprie,
738 1648 834 1696 hoc
868 1659 962 1706 est,
1001 1659 1308 1714 contemptus
1331 1650 1447 1709 Dei,
1485 1666 1585 1696 non
1625 1649 1831 1697 dicitur:
1866 1651 1932 1696 ita
1954 1665 2045 1697 nec
2075 1647 2349 1705 infidelitas,

208 1729 427 1792 quamvis
450 1728 551 1793 ipsa
574 1730 844 1776 necessario
863 1740 1050 1777 aeternae
1067 1731 1175 1776 vitae
1200 1729 1382 1777 aditum
1414 1729 1589 1776 adultis
1613 1731 1800 1777 ratione
1817 1730 1918 1793 jam
1938 1727 2185 1776 utentibus
2208 1728 2353 1775 inter-

208 1809 386 1856 cludat.
428 1809 500 1856 Ad
551 1809 914 1857 damnationem
951 1811 1131 1875 quippe
1178 1809 1352 1856 sufficit
1396 1810 1655 1873 Evangelio
1696 1826 1798 1856 non
1839 1809 2035 1858 credere
2055 1845 2068 1868 ,
2109 1809 2352 1856 Christum

207 1890 446 1953 ignorare,
489 1899 787 1937 sacramenta
812 1890 1028 1938 Ecclesiae
1053 1906 1154 1937 non
1192 1890 1455 1954 suscipere,
1494 1890 1713 1954 quamvis
1735 1890 1829 1936 hoc
1854 1906 1955 1936 non
1977 1898 2076 1936 tam
2099 1905 2186 1953 per
2209 1889 2353 1935 mali-

206 1971 321 2017 tiam
337 1987 484 2034 quam
506 1987 590 2035 per
603 1971 922 2034 ignorantiam
935 1970 1033 2018 fiat.
1051 1973 1123 2017 De
1137 1970 1361 2034 qualibus
1378 1981 1423 2018 et
1444 1971 1627 2018 Veritas
1642 1971 1758 2017 ait²:
1779 1989 1803 2015 «
1822 1969 1915 2027 Qui
1939 1985 2040 2015 non
2065 1968 2232 2027 credit,
2251 1968 2349 2031 jam

202 2051 438 2115 judicatus
449 2061 536 2098 est.
561 2070 584 2095 »
607 2054 664 2098 Et
681 2052 939 2116 Apostolus
962 2070 973 2098 ε
998 2073 1020 2096 ει
1043 2053 1100 2097 Et
1114 2052 1195 2115 qui
1214 2052 1420 2115 ignorat,
1447 2072 1468 2095 »
1490 2051 1682 2114 inquiff,
1710 2049 2064 2113 «ignorabitur.
2085 2067 2108 2093 υ
2130 2051 2253 2095 Cum
2271 2064 2353 2096 au-

209 2142 302 2179 tem
321 2131 527 2179 dicimus
547 2132 824 2195 ignoranter
844 2149 934 2178 nos
947 2147 1164 2197 peccare,
1183 2130 1281 2178 hoc
1293 2125 1380 2191 est,
1401 2132 1494 2181 tale
1505 2130 1640 2196 quid,
1656 2130 1791 2194 quod
1813 2146 1914 2177 non
1929 2129 2157 2177 convenit
2172 2128 2347 2188 facere,

199 2229 402 2276 peccare
429 2228 530 2259 non
554 2212 603 2259 in
628 2222 928 2277 contemptu,
956 2211 1045 2266 sed·
1061 2212 1111 2258 in
1136 2212 1417 2276 operatione
1436 2211 1686 2258 sumimus.
1722 2214 1843 2257 Nam
1865 2220 1911 2258 et
1932 2208 2216 2273 Philosophi
2238 2224 2351 2273 pec-

206 2309 314 2339 care
329 2292 499 2340 dicunt
514 2293 908 2340 inconvenienter
919 2292 1098 2356 aliquid
1122 2292 1277 2340 facere
1301 2308 1386 2339 seu
1405 2291 1581 2348 dicere,
1600 2290 1820 2354 quamvis
1838 2289 1957 2337 illud
1974 2288 2093 2336 nihil
2116 2288 2178 2335 ad
2200 2287 2351 2336 offen-

206 2389 307 2419 sam
326 2373 414 2419 Dei
430 2371 647 2420 videatur
668 2373 923 2437 pertinere.
947 2372 1084 2420 Unde
1104 2382 1151 2420 et
1171 2371 1440 2419 Aristoteles
1453 2372 1502 2418 in
1518 2370 1600 2418 Ad
1608 2369 1795 2436 aliquid
1803 2373 1833 2428 ⁴,
1849 2387 1962 2417 cum
1975 2369 2036 2417 de
2049 2369 2220 2416 vitiosa
2236 2369 2352 2416 rela-

208 2454 417 2500 tivorum
435 2453 757 2517 assignatione
773 2454 1074 2517 loqueretur,
1092 2453 1182 2499 ait:
1205 2473 1227 2495 c<
1248 2455 1306 2499 At
1319 2468 1434 2499 vero
1449 2451 1735 2516 aliquotiens
1747 2468 1847 2499 non
1862 2449 2102 2499 videbitur
2113 2450 2347 2508 converti,

208 2534 297 2580 nisi
328 2534 671 2580 convenienter
693 2533 754 2581 ad
783 2533 917 2598 quod
942 2533 1117 2580 dicitur
1150 2534 1433 2596 assignetur.
1457 2531 1507 2579 Si
1535 2532 1666 2579 enim
1689 2540 1854 2596 peccet
1875 2532 1913 2578 is
1944 2530 2028 2594 qui
2046 2527 2274 2593 assignat,
2298 2537 2351 2575 ut

209 2613 283 2661 ala
303 2615 341 2661 si
361 2614 642 2678 assignetur,
666 2613 766 2662 avis
793 2630 893 2661 non
917 2613 1229 2674 convertitur,
1257 2621 1310 2659 ut
1337 2615 1396 2659 sit
1419 2612 1519 2659 avis
1546 2611 1668 2659 alae⁵.
1690 2631 1713 2657 ›>
1739 2611 1789 2658 Si
1809 2627 1922 2674 ergo
1943 2610 2037 2657 isto
2062 2608 2212 2656 modo
2237 2625 2350 2674 pec·

211 2704 368 2740 catum
386 2693 602 2742 dicamus
618 2711 764 2741 omne
779 2693 917 2759 quod
931 2694 1100 2741 vitiose
1123 2693 1324 2758 agimus,
1348 2693 1424 2740 vel
1441 2702 1612 2739 contra
1637 2692 1840 2740 salutem
1857 2701 2074 2739 nostram
2091 2689 2345 2749 habemus,

209 2775 371 2837 utique
410 2784 455 2821 et
489 2774 745 2822 infidelitas
791 2785 837 2822 et
871 2774 1348 2839 ignorantia‘eorum
1377 2789 1483 2838 quae
1516 2772 1577 2820 ad
1609 2772 1810 2820 salutem
1842 2771 1975 2819 credi
2017 2786 2208 2818 necesse
2242 2778 2343 2826 est,

208 2864 399 2917 peccata
428 2855 660 2914 dicemus,
694 2856 911 2919 quamvis
939 2854 1007 2902 ibi
1030 2854 1192 2901 nullus
1218 2854 1307 2900 Dei
1333 2862 1642 2918 contemptus
1677 2851 1911 2901 videatur.
1957 2851 2155 2915 Proprie
2183 2859 2344 2897 tamen

209 2944 457 2997 peccatum
479 2934 600 2982 illud
624 2935 719 2982 dici
741 2934 969 2995 arbitror,
995 2934 1129 2999 quod
1155 2950 1394 2998 nusquam
1415 2934 1519 2980 sine
1542 2933 1684 2997 culpa
1701 2927 1980 2997 contingere
2002 2939 2177 2996 potest.
2204 2932 2347 2993 Igno-

210 3029 312 3060 rare
334 3031 448 3061 vero
474 3018 647 3075 Deum,
676 3015 753 3063 vel
775 3032 878 3063 non
901 3016 945 3062 ei
965 3015 1180 3074 credere,
1205 3016 1279 3062 vel
1305 3031 1451 3080 opera
1475 3014 1576 3078 ipsa
1601 3029 1708 3076 quae
1737 3028 1836 3059 non
1862 3021 1989 3059 recte
2013 3010 2151 3068 fiunt,
2187 3007 2346 3056 multis

1222 3118 1244 3131 Χ

251 3187 256 3203 ¹
271 3183 393 3215 Textus
405 3185 489 3215 male
506 3186 623 3216 citatus
643 3185 683 3216 ab
702 3185 871 3217 Abaelardo
882 3209 890 3224 ,
902 3185 1059 3226 Sapient.
1069 3210 1077 3223 ‚
1091 3194 1163 3225 cap.
1173 3194 1218 3217 xn
1230 3209 1238 3224 ,
1315 3194 1344 3216 v.
1361 3186 1411 3219 18.
1429 3202 1470 3208 —
1485 3186 1496 3206 ³
1515 3184 1665 3217 Corinth.
1683 3183 1710 3224 l,
1724 3192 1796 3224 cap.
1809 3191 1879 3222 xiv,
1892 3191 1923 3215 ν.
1939 3182 1991 3215 38.
2001 3198 2039 3204 -
2052 3180 2062 3199 ⁴
2077 3179 2151 3212 Haec
2166 3178 2262 3210 verba
2275 3186 2347 3217 ‹1¹¹ae

207 3247 235 3268 v.
256 3240 314 3278 15,
334 3238 381 3269 sic
405 3238 528 3269 habet:
552 3250 570 3265 «
587 3238 667 3269 Cum
693 3247 770 3277 ergo
798 3239 841 3269 sis
862 3240 985 3279 justus,
1013 3239 1102 3278 Juste
1133 3239 1242 3269 omnia
1315 3240 1361 3271 sic
1377 3241 1614 3271 interseruntur
1640 3239 1672 3269 in
1697 3239 1856 3277 impresso
1879 3240 1954 3276 post
1979 3232 2192 3272 Aristoteles,
2217 3231 2343 3272 capitu-

208 3292 366 3332 disponis‚
399 3293 505 3331 ipsum
522 3301 653 3332 quoque
670 3293 726 3332 qui
748 3301 813 3323 non
830 3293 928 3324 debet
947 3293 1067 3333 puniri,
1091 3294 1245 3325 condem·
1317 3293 1382 3325 lum
1400 3293 1472 3325 libri
1488 3292 1630 3324 indicare
1646 3291 1808 3322 videntur.
1825 3306 1864 3313 —
1882 3290 1894 3309 ⁶
1911 3287 2022 3329 cateq.
2036 3310 2045 3328 ,
2059 3295 2129 3327 cap.
2151 3294 2207 3318 vn.

208 3355 297 3382 nare,
317 3350 464 3377 exterum
480 3346 617 3377 aestimas
634 3355 651 3377 a
667 3350 722 3376 tua
738 3346 866 3378 virtute.
881 3359 898 3374 υ
911 3364 950 3370 —-
965 3347 976 3365 ²
990 3346 1096 3386 Joan.‚
1112 3356 1183 3387 cap.
1196 3356 1242 3385 ηις
