2638 3866
255 218 353 267 790
1178 218 1489 268 APPENDIX.

217 373 221 377 ἱ
255 318 488 380 gnoscami'
511 319 596 363 Sed
617 320 822 363 virtutem
849 320 985 364 crucis
1015 321 1160 364 statim
1186 322 1370 366 sentiam
1398 323 1710 383 experimento.
1737 323 1854 380 Quid
1875 325 2005 385 igitur
2026 324 2210 370 faciam?
2229 326 2416 371 Veniam

254 415 364 460 rogo
387 400 595 442 innocens
614 415 626 443 t
650 411 693 443 et
712 400 748 443 si
771 401 908 461 magis
921 401 1079 461 placet,
1103 403 1275 445 veniam
1295 403 1467 463 postulo
1488 420 1602 448 reus.
1623 405 1694 448 Ad
1718 406 1937 449 cumulum
1956 417 2100 450 autem
2118 407 2417 452 satisfactionis

256 480 488 523 sextarium
518 480 606 523 mei
635 481 853 541 sanguinis
885 482 1024 525 offero
1055 482 1195 526 vobis.
1230 483 1399 527 Parcite
1428 485 1579 545 igitur,
1613 485 1780 541 fratres,
1813 488 1975 547 parcite
2001 502 2012 530 τ
2043 497 2086 530 et
2116 488 2418 533 criminatione

255 570 413 603 nostrae
445 559 688 619 personulae
721 576 799 603 ora
830 572 972 605 vestra
1002 562 1139 606 nolite
1172 562 1348 607 foedare.
1384 565 1550 625 Lingua
1587 565 1704 609 enim
1736 567 1885 609 vestris
1918 565 2120 610 laudibus
2152 567 2329 622 militat,
2372 578 2419 612 et

257 642 445 686 ecclesiae
475 653 627 687 vestrae
652 645 749 704 pius
779 660 875 688 sum
905 645 1168 705 praedicator
1197 647 1375 706 ubique.
1410 648 1536 692 Hane
1567 649 1855 692 humilitatem
1887 650 2040 693 absens
2065 649 2190 694 vobis
2215 650 2419 711 praesenti

255 723 414 783 pagina
436 723 578 773 mitto,
604 740 735 784 quam
755 741 942 785 praesens
963 742 1051 769 una
1081 742 1204 782 voce,
1230 737 1274 770 et
1295 728 1330 770 si
1350 729 1438 771 vita
1461 744 1606 772 comes
1628 729 1774 784 fuerit,
1797 745 1985 790 praesens
2007 731 2241 775 exhibebo.

1309 1189 1377 1239 IV

720 1403 1078 1463 EPISTOLA
1123 1403 1457 1463 EJUSDEM
1504 1405 1958 1465 BERENGARII

1117 1617 1254 1654 Contra
1278 1618 1561 1656 carthusienses.

262 1807 461 1849 Fratribus
473 1808 686 1848 Carthusiae
699 1808 981 1862 professionem
991 1810 1131 1859 juratis
1144 1813 1189 1851 B.
1206 1823 1295 1849 cum
1310 1814 1458 1849 Lazaro
1474 1811 1672 1863 quondam
1686 1824 1860 1865 paupere
1872 1821 2057 1853 aeternam
2068 1813 2216 1854 habere
2227 1814 2420 1867 requiem.

322 2011 494 2068 Loquar
514 2008 571 2052 ad
591 2009 802 2052 Dominos
823 2024 944 2053 meos
957 2041 969 2064 ,
994 2024 1094 2052 cum
1115 2010 1196 2052 sim
1215 2009 1356 2069 pulvis
1379 2021 1424 2053 et
1445 2011 1566 2054 cinis.
1593 2010 1680 2054 Sed
1698 2022 1749 2054 ut
1765 2012 2012 2070 jumentum
2033 2011 2168 2055 factus
2190 2027 2285 2055 sum
2307 2012 2424 2073 apud

261 2105 362 2145 vos3
404 2100 448 2132 et
473 2100 620 2132 tamen
647 2090 847 2132 homines
868 2100 912 2132 et
929 2090 1125 2147 jumenta
1147 2089 1346 2146 salvabis,
1378 2091 1581 2134 Domine.
1612 2091 1915 2151 Multiplicavit
1942 2091 2059 2135 Deus
2086 2091 2426 2136 misericordiam

262 2186 407 2224 suam,
430 2170 505 2229 qui
526 2170 804 2231 congregavit
824 2186 901 2213 vos
931 2186 956 2212 a
978 2180 1165 2229 quatuor
1186 2172 1323 2214 ventis
1345 2170 1463 2226 coeli,
1490 2182 1539 2213 ut
1559 2171 1820 2214 recumbatis
1847 2186 1946 2215 cum
1978 2171 2200 2215 Abraham
2221 2173 2267 2215 in
2288 2187 2424 2233 regno

262 2251 401 2295 Patris
428 2251 508 2294 sui.
534 2244 692 2295 Fidelis
712 2251 784 2294 ille
806 2251 853 2293 iu
874 2262 966 2294 tota
989 2250 1123 2294 domo
1147 2250 1326 2312 AEgypti
1356 2251 1410 2295 de
1431 2262 1572 2295 vestra
1593 2268 1670 2296 vos
1694 2253 1877 2296 extraxit
1898 2252 2088 2314 AEgypto
2111 2253 2155 2295 in
2183 2268 2317 2296 manu
2337 2269 2427 2314 po-

262 2332 373 2375 tenti
411 2343 456 2376 et
492 2332 671 2375 brachio
711 2332 881 2375 excelso
895 2365 906 2387 ‚
945 2343 995 2375 ut
1032 2343 1284 2376 evomentes
1323 2332 1429 2375 ollas
1479 2334 1677 2377 carnium
1713 2333 1902 2377 clamare·
1934 2334 2103 2394 possitis
2141 2334 2188 2376 in
2224 2333 2424 2378 deserto:

268 2411 494 2455 «ManhuP
515 2433 534 2451 »
562 2412 680 2467 Quid
700 2423 765 2456 est
786 2412 898 2455 hoc?
916 2413 1016 2455 Vox
1046 2413 1157 2467 haec,
1189 2428 1277 2455 vox
1309 2411 1482 2455 deserti.
1516 2414 1621 2456 Haec
1648 2429 1736 2456 vox
1765 2414 1957 2473 pluviam
1985 2413 2222 2457 admiratur
2247 2414 2428 2458 coelestis

264 2492 419 2548 edulii,
445 2508 576 2552 quam
596 2492 790 2552 proferre
810 2508 900 2535 non
922 2493 1102 2536 sustinet
1124 2503 1270 2553 guttur
1290 2492 1484 2553 AEgypti.
1512 2493 1648 2553 Igitur
1672 2509 1728 2536 ne
1756 2493 2008 2537 redoleretis
2039 2493 2136 2536 allia
2162 2494 2422 2549 Pharaonis,

266 2574 495 2617 accessistis
511 2572 567 2616 ad
579 2573 815 2632 hyssopum
833 2573 990 2627 crucis,
1004 2584 1046 2616 et
1066 2589 1146 2633 pro
1160 2572 1367 2632 AEgyptio
1383 2573 1561 2632 gemitu,
1578 2573 1758 2616 coelestis
1773 2573 1964 2616 alimenti
1988 2573 2202 2617 desiderio
2217 2573 2424 2629 clamatis,

266 2654 384 2709 Quid
414 2665 477 2697 est
502 2652 616 2696 hoc}>
638 2654 676 2695 A
700 2654 877 2713 regione
908 2653 1065 2697 deserti
1085 2654 1206 2697 venit
1235 2669 1396 2696 manna
1425 2653 1484 2697 ad
1505 2654 1692 2697 viatores
1727 2653 1910 2709 deserti,
1936 2652 1981 2697 ὀὶ
2006 2655 2102 2712 jure
2127 2653 2287 2710 dicitis,
2310 2654 2428 2709 Quid

268 2746 332 2778 est
363 2733 475 2777 hoc?
503 2733 624 2792 quid,
648 2733 841 2792 inquam,
876 2744 940 2776 est
967 2732 1086 2793 quod
1121 2733 1281 2777 famem
1313 2733 1497 2793 repellit,
1536 2733 1656 2793 quod
1686 2732 1948 2777 desiderium
1981 2734 2130 2789 satiat,
2164 2745 2208 2777 et
2229 2734 2426 2778 satiando

269 2813 497 2858 accendit?
515 2814 674 2873 Rapuit
692 2829 846 2856 manus
868 2813 942 2856 illa
964 2814 1230 2857 inexhaustae
1258 2813 1497 2857 clementiae
1522 2813 1661 2857 lutum
1687 2813 1742 2857 de
1765 2814 1874 2868 luto,
1904 2825 1949 2857 et
1967 2815 2014 2857 in
2037 2813 2282 2858 diademate
2303 2814 2428 2858 Salo-

269 2895 410 2937 monis
442 2910 528 2953 quo
558 2894 781 2937 coronavit
810 2909 909 2936 eum
929 2904 1083 2948 mater,
1116 2894 1217 2937 fecit
1244 2908 1322 2937 vos
1351 2909 1502 2937 aureos
1529 2892 1584 2936 de
1606 2893 1717 2937 luto.
1742 2893 1829 2937 Sed
1856 2895 2000 2937 nescio
2030 2910 2117 2954 quo
2161 2904 2287 2954 pacto
2310 2909 2428 2937 nune

271 2990 423 3018 aurum
439 2972 567 3017 rediit
583 2973 629 3015 in
650 2973 806 3028 lutum,
820 2984 864 3016 et
885 2975 930 3016 in
948 2973 1050 3017 ferri
1071 2973 1279 3017 vilitatem
1289 2975 1407 3017 aurei
1431 2974 1562 3018 seculi
1582 2985 1759 3017 moneta
1772 2974 2019 3035 degenerat.
2041 2975 2228 3018 Levastis
2246 2989 2429 3034 corpora

270 3064 411 3098 vestra
430 3053 476 3094 in
496 3064 682 3107 montes,
707 3052 783 3096 sed
801 3064 967 3096 mentes
988 3054 1034 3095 in
1054 3053 1236 3096 vallibus
1263 3066 1578 3098 remanserunt.
1597 3054 1728 3099 Unde
1757 3070 1860 3115 ergo
1883 3055 2026 3098 veniet
2050 3053 2257 3097 auxilium
2277 3051 2427 3096 vobis?

272 3133 558 3194 Sperabamus
581 3132 701 3191 quod
721 3133 766 3174 in
795 3132 1088 3176 cacuminibus
1110 3133 1324 3176 montium
1345 3149 1509 3194 pennas
1536 3134 1764 3187 cuderetis,
1794 3151 1890 3194 quae
1911 3150 1988 3177 vos
2008 3135 2216 3178 veherent
2245 3132 2300 3175 ad
2323 3131 2429 3175 dex—

273 3225 411 3257 teram
428 3212 581 3256 Patris.
607 3211 786 3255 seduxit
806 3227 887 3255 nos
909 3212 1058 3272 opinio
1080 3212 1263 3268 lubrica,
1288 3223 1332 3256 et
1355 3214 1474 3273 quod
1492 3214 1617 3258 valde
1637 3215 1863 3275 gemimus,
1886 3214 2050 3258 alarum
2067 3213 2231 3257 nudato
2246 3212 2428 3272 remigio

275 3295 321 3338 in
340 3293 497 3353 plumis
522 3291 714 3351 corporis
739 3291 922 3351 gravitas
936 3307 1013 3335 vos
1033 3292 1298 3351 pessumdat.
1325 3293 1588 3337 Putabamus
1610 3294 1730 3354 quod
1753 3295 1867 3338 Deus
1890 3304 1999 3338 esset
2023 3293 2238 3336 montium
2258 3303 2426 3335 tantum
