2638 3866
268 166 328 214 14
1063 158 1231 207 PETRI
1265 156 1584 207 ABAELARDI

259 263 456 312 Genesis
474 260 697 320 exordio,
723 263 879 307 Deum
903 262 1094 308 Patrem
1112 269 1159 307 et
1182 258 1355 306 Filium
1377 267 1425 306 et
1447 258 1676 324 Spiritum
1697 267 1918 304 sanctum
1938 267 2314 320 commemorat,
2337 266 2390 305 ut

260 359 555 409 quaecunque
591 358 620 388 a
651 344 754 388 Deo
781 339 883 387 fieri
920 348 1107 400 narrat,
1143 339 1329 404 egregie
1367 339 1491 387 facta
1528 338 1804 386 credantur.
1830 340 1951 386 Cum
1980 338 2110 386 enim
2138 339 2257 385 ait¹:
2288 355 2312 383 «
2335 340 2387 384 In

257 424 493 490 principio
526 422 700 469 creavit
728 424 856 468 Deus
890 420 1065 468 coelum
1096 430 1143 468 et
1182 430 1384 482 terram,
1418 440 1441 464 »
1475 429 1521 467 et
1543 418 1856 485 postmodum
1884 418 2109 483 adjecit²z
2137 439 2159 462 «
2188 418 2390 484 Spiritus

257 503 451 551 Domini
472 501 711 549 ferebatur
733 517 876 566 super
893 517 1062 564 aquas,
1092 519 1116 545 »
1140 499 1356 548 divinam
1375 500 1653 548 Trinitatem
1676 499 1927 564 diligenter
1946 499 2190 565 expressit,
2212 499 2263 545 in
2285 500 2388 546 Deo

256 584 450 648 quidem
471 592 683 630 creatore
705 586 892 628 Patrem
915 581 1160 628 insinuans
1177 616 1190 641 ,
1214 580 1310 628 hoc
1339 590 1412 628 est
1442 580 1655 629 divinam
1679 596 2065 628 commemorans
2089 579 2356 644 potentiam
2371 616 2384 641 ‚

256 680 342 728 per
364 679 508 727 quam
531 679 692 711 creare
716 662 881 710 omnia
903 661 963 709 de
985 655 1138 709 nihilo
1158 661 1389 726 potuerit3
1410 677 1704 726 quamquam
1724 661 1869 709 etiam
1886 677 1988 708 non
2010 661 2276 723 incongrue
2293 658 2390 707 hoc

252 760 428 791 nomen
453 764 475 787 (ι
493 746 621 791 Deus
636 762 658 788 »
678 743 811 807 juxta
824 742 1070 808 propriam
1086 741 1529 807 interpretationem
1545 742 1718 802 innuit,
1741 741 1875 806 quod
1894 741 1991 788 hoc
2016 740 2236 788 videlicet
2254 741 2390 805 quasi

252 827 372 886 Θεός,
400 824 450 871 id
475 834 546 871 est
573 824 714 870 timor
738 824 1097 888 interpretetur,
1125 839 1237 869 cum
1269 823 1494 888 potestati
1525 823 1790 870 reverentia
1817 821 2002 870 timoris
2026 821 2233 868 maxime
2256 820 2389 868 exhi-

250 903 434 952 beatur.
467 904 668 952 Nomine
706 920 820 950 vero
857 903 1079 968 principii
1108 903 1280 951 Filium
1314 903 1550 968 designat,
1582 902 1634 950 id
1669 912 1740 950 est
1769 902 2264 950 divinam‘rationem
2305 917 2389 949 seu

249 984 530 1049 sapientiam
541 1022 553 1046 ,
570 984 619 1030 in
639 1000 735 1048 qua
745 1000 832 1048 per
847 983 1200 1048 providentiam
1225 994 1397 1031 cuncta
1411 984 1542 1048 prius
1557 983 1817 1031 consistere
1831 981 2196 1047 quodammodo
2210 980 2391 1030 habue-

248 1075 386 1124 runt,
412 1075 555 1129 atque
580 1064 761 1111 ibidem
783 1065 1010 1129 incipere,
1039 1064 1319 1129 priusquam
1341 1065 1390 1112 in
1415 1064 1639 1111 effectum
1663 1063 1822 1129 operis
1842 1062 2150 1110 ducerentur.
2180 1061 2319 1110 Unde
2341 1070 2389 1108 et

248 1145 541 1209 Evangelista
563 1144 623 1192 de
645 1144 804 1192 Verbo
824 1145 973 1192 Patris
989 1144 1272 1193 disserens³:
1293 1166 1315 1190 «
1337 1145 1481 1203 Quod
1507 1145 1686 1192 factum
1709 1154 1796 1204 est,
1814 1162 1838 1188 »
1858 1143 2033 1207 inquit,
2053 1162 2076 1189 κ
2095 1143 2144 1189 in
2163 1143 2270 1207 ipso
2291 1142 2390 1189 vita

246 1234 363 1272 erat.
389 1243 412 1269 n
439 1226 516 1272 Sic
542 1235 589 1272 et
610 1225 879 1274 Macrobius
914 1225 1162 1272 Platonem
1183 1226 1449 1286 insecutus,
1474 1235 1686 1273 mentem
1710 1225 1822 1287 Dei,
1849 1240 1995 1289 quam
2017 1223 2160 1270 Greci
2184 1232 2275 1270 νοῦν
2297 1236 2386 1287 ap-

244 1304 444 1369 pellant,
474 1305 725 1368 originales
755 1321 918 1352 rerum
953 1306 1159 1370 species,
1195 1323 1300 1370 quae
1336 1305 1458 1353 Ideae
1491 1306 1627 1353 dictae
1664 1315 1805 1367 sunt,
1832 1305 2082 1352 continere
2118 1303 2337 1351 meminit
2353 1305 2386 1364 ⁸,

243 1394 501 1449 antequam
534 1386 701 1446 etiam,
741 1385 897 1449 inquit
938 1385 1229 1444 Priscianus,
1272 1386 1322 1432 in
1350 1401 1556 1450 corpora
1584 1385 1867 1451 prodirent,
1902 1385 1998 1432 hoc
2038 1395 2107 1431 est
2136 1385 2184 1431 in
2221 1383 2389 1431 effecta

241 1481 443 1529 operum
461 1466 786 1529 provenirent.
810 1465 1012 1530 Spiritus
1030 1481 1145 1512 vero
1170 1465 1365 1512 Domini
1394 1474 1557 1530 aperte
1584 1464 1814 1529 Spiritum
1833 1475 2055 1512 sanctum
2077 1465 2309 1525 insinuat,
2334 1462 2386 1511 id

238 1554 310 1591 est
328 1544 497 1592 divinae
518 1546 675 1609 gratiae
696 1545 962 1593 bonitatem
980 1583 991 1607 ,
1016 1547 1148 1609 juxta
1169 1545 1295 1592 hanc
1318 1545 1516 1608 quidem
1535 1544 1813 1610 diligentem
1837 1545 2088 1611 Prophetae
2111 1544 2389 1594 considera-

239 1625 437 1685 tionem,
465 1626 568 1689 qui,
597 1642 705 1672 cum
724 1625 786 1672 ad
809 1625 1119 1673 excellentem
1139 1625 1351 1672 hominis
1368 1626 1663 1672 creationem
1685 1635 1886 1672 ventum
1909 1636 2050 1687 esset,
2073 1625 2277 1691 provide
2297 1625 2391 1673 hoc

240 1721 362 1770 opus
408 1705 577 1751 ceteris
621 1708 969 1770 anteponens⁵‚
1007 1714 1057 1752 et
1091 1705 1228 1768 quasi
1263 1706 1388 1770 prae⁶
1409 1705 1578 1752 ceteris
1618 1704 1997 1764 commendans,
2029 1705 2390 1752 distinctionem

238 1787 482 1849 patenter⁷
502 1785 739 1832 Trinitatis
761 1785 949 1845 fecerit,
973 1785 1058 1832 ubi
1077 1784 1299 1832 videlicet
1321 1801 1348 1831 a
1369 1784 1573 1831 domino
1596 1785 1758 1850 potius
1779 1784 1963 1832 dictum
1990 1789 2082 1832 est⁸
2099 1804 2122 1829 ι(
2145 1786 2390 1832 Faciamus

236 1864 510 1926 hominem,
541 1884 564 1908 »
604 1881 751 1929 quam
788 1865 987 1913 faciam:
1021 1884 1043 1910 «
1071 1865 1133 1913 ad
1169 1865 1457 1929 imaginem,
1490 1883 1512 1910 η
1547 1865 1727 1929 inquit,
1762 1884 1784 1910 «
1814 1875 1861 1913 et
1895 1864 2261 1913 similitudinem
2299 1881 2389 1912 no-

238 1953 409 2005 stram3
441 1965 464 1988 ³>
501 1944 658 1991 virum
696 1944 893 2010 quidem
929 1945 991 1993 ad
1029 1945 1314 2010 imaginem,
1360 1944 1613 1992 mulierem
1642 1961 1758 1992 vero
1794 1945 1857 1993 ad
1892 1945 2275 1993 similitudinem.
2307 1946 2388 1992 Vir

239 2025 418 2090 quippe
436 2025 571 2089 juxta
604 2026 946 2090 Apostolum⁹,
981 2025 1142 2089 imago
1166 2026 1256 2073 Dei
1287 2035 1382 2084 est,
1416 2042 1519 2072 non
1553 2025 1743 2073 mulier.
1771 2025 1866 2073 Sed
1891 2026 2014 2073 sicut
2042 2025 2115 2072 vir
2140 2026 2298 2090 imago
2317 2035 2388 2072 est

240 2104 358 2165 Dei,
388 2105 454 2152 ita
478 2114 526 2152 et
553 2105 724 2153 mulier
756 2106 912 2170 imago
934 2106 1109 2153 dicitur
1132 2106 1240 2154 viri.
1267 2109 1431 2169 lmago
1455 2106 1634 2171 quippe
1659 2122 1881 2171 expressa
1905 2106 2105 2170 alicujus
2122 2106 2384 2154 similitudo

238 2194 464 2247 vocatur,
489 2186 749 2234 similitudo
773 2197 935 2234 autem
968 2187 1062 2234 dici
1091 2195 1249 2252 potest
1265 2224 1277 2248 ,
1301 2187 1388 2234 etsi
1418 2203 1517 2233 non
1544 2187 1752 2234 multum
1774 2187 1825 2235 id
1848 2188 1986 2252 cujus
2018 2196 2088 2234 est
2121 2186 2383 2235 similitudo

241 2265 488 2329 exprimat.
525 2267 610 2313 Vir
649 2267 809 2331 itaque
845 2267 906 2314 ad
945 2266 1203 2330 imaginem
1242 2267 1482 2314 Trinitatis
1516 2276 1587 2314 est
1624 2267 1801 2328 factus,
1841 2268 1955 2332 quia
1988 2283 2088 2332 quo
2127 2266 2386 2332 perfectior

242 2343 462 2391 conditus
500 2355 571 2392 est
598 2363 744 2409 quam
772 2346 967 2405 mulier,
995 2346 1244 2412 descriptae
1281 2347 1459 2394 summi
1492 2346 1612 2394 boni
1646 2347 1932 2412 perfectioni
1965 2346 2168 2394 similior
2197 2348 2380 2408 existit3

244 2423 326 2486 qui
346 2433 392 2471 et
408 2441 500 2493 >per
519 2434 805 2490 potestatem
827 2435 927 2473 tam
947 2426 1137 2473 mulieri
1152 2442 1300 2491 quam
1322 2427 1500 2474 caeteris
1517 2426 1776 2474 mundanis
1799 2427 2019 2493 praelatus
2041 2437 2112 2474 est
2134 2427 2380 2487 creaturis,

244 2511 290 2549 et
320 2520 405 2567 per
440 2505 721 2568 sapientiam
752 2506 971 2570 dignior,
998 2515 1044 2553 et
1076 2523 1162 2572 per
1200 2523 1417 2554 amorem
1447 2506 1510 2554 ad
1546 2523 1603 2554 ea
1631 2507 1806 2571 quibus
1835 2507 2068 2572 perfectio
2091 2516 2162 2553 est
2183 2507 2385 2572 pronior

245 2583 432 2629 exstitit.
466 2587 592 2631 Bene
616 2594 663 2632 et
685 2602 796 2633 eum
819 2602 848 2633 a
871 2596 1094 2651 serpente
1118 2603 1220 2634 non
1251 2603 1354 2635 esse
1389 2586 1667 2647 seductum,
1696 2604 1808 2635 cum
1841 2587 2151 2635 seduceretur
2182 2587 2380 2646 mulier,

245 2669 438 2707 testatur
456 2664 710 2727 Apostolus
723 2667 774 2725 ¹⁰3
802 2666 886 2730 qui
907 2676 1068 2714 tamen
1089 2683 1255 2714 amore
1278 2666 1488 2714 mulieris
1513 2676 1755 2731 gustatum
1777 2668 1823 2715 ei
1845 2667 2055 2715 fructum
2078 2667 2380 2732 porrigentis,

246 2756 356 2787 cum
391 2756 496 2787 eam
525 2745 807 2792 contristare
833 2745 1018 2807 nollet,
1047 2746 1098 2794 in
1129 2746 1555 2811 transgressionem
1589 2749 1887 2814 prorumpit,
1920 2747 2125 2813 amplius
2154 2747 2215 2795 de
2242 2747 2384 2795 mise-

245 2818 450 2867 ricordia
470 2821 558 2867 Dei
581 2839 725 2886 quam
750 2835 994 2890 oporteret
1015 2842 1308 2892 praesumens
1325 2864 1338 2888 ,
1364 2843 1511 2891 quem
1542 2827 1605 2874 ad
1637 2828 1986 2891 ignoscendum
2015 2828 2200 2876 facilem
2225 2829 2383 2875 existi-

248 2898 429 2959 mabat,
454 2915 543 2963 pro
567 2911 666 2949 tam
696 2904 788 2950 levi
811 2921 915 2968 quae
937 2907 981 2954 ei
1004 2906 1255 2954 videbatur
1286 2907 1490 2966 offensa,
1521 2907 1560 2954 si
1579 2909 1935 2973 quoquomodo
1963 2908 2267 2956 commissam
2291 2907 2380 2954 sibi

247 2998 274 3029 a
297 2977 505 3027 Domino
543 2998 644 3029 non
677 2983 1014 3032 scandalizaret
1049 2985 1322 3048 mulierem,
1350 2988 1610 3052 praesertim
1645 3006 1757 3037 cum
1795 2989 1896 3037 haec
1932 2989 2009 3054 pie
2042 2988 2214 3051 magis,
2237 3003 2381 3053 quam

289 3135 295 3152 ¹
316 3132 445 3173 Genea,
459 3142 530 3173 cap.
547 3142 572 3173 1,
588 3142 619 3166 v.
638 3134 666 3166 1.
681 3150 723 3159 —-
737 3135 748 3154 ²
763 3134 867 3174 Ibid„
883 3144 913 3167 v.
933 3134 1031 3167 2.-³
1047 3133 1237 3175 Joan.,cap.
1251 3143 1275 3174 1,
1347 3150 1389 3158 —
1405 3137 1415 3156 ⁷
1429 3134 1483 3168 Sic
1507 3135 1588 3169 Cod.
1608 3135 1687 3169 Vict-
1718 3137 1884 3170 Potenter
1909 3137 2007 3171 Amb.
2031 3154 2075 3162 —
2089 3139 2101 3159 ⁸
2121 3137 2249 3176 cenes„
2269 3144 2339 3176 cap.
2359 3144 2383 3175 1,

247 3194 278 3220 v.
305 3188 342 3224 3,
360 3187 392 3220 4.
416 3203 454 3209 —
471 3187 480 3205 ⁴
498 3186 534 3218 ln
559 3186 672 3219 Somn.
705 3186 809 3228 δαίμ,
834 3188 891 3220 lib.
919 3187 953 3226 1,
977 3195 1048 3227 cap.
1080 3195 1127 3219 ix.
1140 3204 1182 3211 -
1195 3188 1206 3206 ⁵
1222 3186 1275 3219 Sic
1348 3198 1376 3221 v,
1393 3191 1446 3224 26.
1461 3207 1502 3214 —
1519 3191 1531 3211 ⁹
1547 3191 1573 3231 1,
1591 3190 1843 3232 Corinth.,cap.
1863 3200 1906 3232 11,
1923 3201 1953 3225 V.
1965 3193 2076 3224 7.--¹⁰
2091 3192 2119 3232 1,
2138 3191 2237 3229 Tim„
2255 3199 2325 3230 cap.
2343 3197 2378 3228 n,

250 3238 328 3271 Cod.
342 3238 424 3272 Vict.
446 3239 623 3280 Imponens
636 3239 729 3273 Amb.
745 3259 781 3264 —
798 3241 809 3261 θ
825 3242 876 3273 Sic
895 3240 974 3272 Cod.
990 3239 1073 3272 Vict.
1091 3240 1160 3273 Pro
1179 3240 1275 3274 Amb.
1349 3249 1377 3273 v.
1398 3242 1446 3274 14.
