2638 3866
340 198 402 245 66
1044 175 1046 177 “
1145 196 1310 244 ΡΕΤΒΙ
1346 194 1652 244 ABAELARm

338 298 624 363 quibusdam
652 296 949 362 philosophis
968 296 1187 360 ignoret?
1228 299 1365 342 Juxta
1390 310 1597 358 namque
1622 293 1746 340 Petri
1769 292 1982 357 Apostoli
2001 294 2330 359 assertionem,
2362 309 2463 340 me-

338 378 427 426 lius
456 388 577 425 esset
605 378 679 424 his
708 394 808 423 non
839 393 981 423 nosse
1012 376 1221 423 veritatis
1250 375 1402 435 viam,
1444 390 1592 438 quam
1617 382 1728 438 post
1753 373 1964 437 agnitam
1986 381 2113 420 retro
2137 372 2246 420 ire¹.
2283 373 2331 419 Si
2351 389 2465 437 ergo

338 468 533 523 propter
560 456 888 504 infidelitatem
921 456 1193 521 gentilium,
1231 455 1282 501 hi
1315 454 1397 518 qui
1431 453 1672 519 aliquibus
1702 469 1872 501 eorum
1902 452 2187 500 testimoniis
2222 451 2295 499 vel
2329 452 2466 500 dictis

337 547 550 598 utuntur,
581 536 812 600 arguendi
841 546 950 583 sunt
982 555 991 582 :
1024 536 1176 582 multo
1204 534 1407 599 amplius
1430 534 1497 581 illi
1528 535 1612 598 qui
1636 533 1855 598 Origenis
1874 543 1949 581 tot*
1971 543 2018 580 et
2041 531 2464 585 tantishaeresibus

335 617 499 664 irretiti
522 617 839 680 expositiones
856 626 996 680 atque
1015 615 1270 663 sententias
1296 623 1392 660 tam
1411 613 1625 661 studiose
1643 613 1707 660 ad
1722 623 1937 661 nostram
1961 611 2306 660 transtulerunt
2322 621 2464 676 atque

332 695 622 743 induxerunt
636 696 1017 754 aedificationem,
1039 711 1149 741 cum
1169 710 1224 740 ex
1244 691 1522 740 infidelitate
1546 692 1916 741 damnabiliores
1938 691 2184 751 omnibus,
2209 701 2260 739 ut
2281 691 2463 738 dictum

332 784 416 834 est,
449 787 635 824 constet
662 794 762 824 esse
789 777 1046 823 haereticos.
1086 774 1229 837 Cujus
1263 772 1460 838 quidem
1483 774 1761 821 innumeras
1799 789 1855 821 ac
1887 772 2235 839 supramodum
2275 771 2464 819 abomi-

330 855 511 903 nandas
547 856 744 904 haereses
777 856 963 903 silentio
992 854 1205 919 deperire
1241 870 1340 900 non
1375 854 1725 912 sustinuerunt,
1756 854 1894 919 quasi
1917 863 1964 901 et
1985 854 2036 900 in
2054 852 2130 900 his
2155 852 2464 900 retractandis

329 933 537 999 aliquam
569 936 878 1001 praeviderent
910 936 1185 993 utilitatem,
1224 949 1280 980 ac
1311 934 1347 980 si
1385 933 1446 981 ab
1478 935 1544 981 eis
1567 934 1824 999 designatis
1854 944 1999 998 atque
2031 933 2270 981 damnatis
2306 933 2491 980 caeteri·

329 1014 418 1061 sibi
434 1015 612 1063 facilius
627 1016 949 1080 providerent,
968 1025 1049 1062 aut
1071 1013 1247 1078 quibus
1263 1030 1342 1061 eas
1366 1014 1636 1062 rationibus
1655 1014 1989 1073 dissolverent,
2009 1014 2049 1061 si
2071 1013 2178 1078 quis
2194 1012 2245 1059 in
2265 1012 2332 1059 eis
2354 1011 2461 1059 illos

326 1092 617 1157 illaquearet,
649 1095 962 1142 addiscerent.
1000 1093 1138 1140 Unde
1171 1103 1217 1141 et
1256 1097 1306 1141 B.
1351 1095 1675 1161 Hieronymus
1707 1094 1961 1162 epistolam
1990 1093 2052 1142 ad
2083 1092 2297 1141 Avitum’
2325 1095 2461 1140 Pres-

324 1172 544 1237 byterum
576 1174 759 1232 direxit,
795 1185 846 1222 ut
875 1175 1093 1221 haeretica
1123 1174 1202 1222 illa
1237 1192 1344 1239 quae
1375 1176 1425 1222 in
1448 1175 1581 1223 libris
1603 1175 1895 1223 Periarchon
1923 1175 2154 1239 Origenes
2177 1174 2430 1220 innumera
2449 1175 2463 1198 ⁸

322 1263 573 1316 posuerat,
608 1271 662 1301 ex
692 1265 824 1319 parte
854 1254 1190 1302 manifestaret.
1232 1255 1351 1313 Quis
1378 1256 1523 1304 etiam
1546 1272 1623 1304 me
1650 1257 1932 1303 testimoniis
1958 1252 2363 1320 philosophorum
2386 1253 2459 1300 in-

321 1331 474 1380 ductis
507 1334 688 1381 ratione
718 1345 904 1398 arguat,
944 1335 1035 1382 nisi
1073 1344 1120 1382 et
1150 1336 1199 1382 in
1235 1335 1428 1401 culpam
1466 1353 1657 1384 meeum
1684 1346 1874 1385 sanctos
1910 1335 2137 1382 doctores
2161 1334 2209 1380 in
2234 1333 2332 1380 hoc
2352 1333 2458 1398 ipso

320 1411 511 1458 trahat?-
545 1415 669 1470 Quae·
688 1415 816 1461 enim
844 1415 1060 1479 superius
1096 1432 1153 1462 ex
1189 1414 1491 1481 philosophis
1520 1415 1691 1480 collegi
1728 1416 2020 1473 testimonia,
2056 1431 2156 1462 non
2192 1430 2250 1461 ex
2287 1429 2458 1461 eorum

319 1493 503 1556 scriptis
519 1510 727 1557 quorum
750 1511 901 1559 pauca
921 1496 1052 1554 novi,
1074 1496 1174 1542 imo
1197 1511 1255 1543 ex
1277 1495 1411 1543 libris
1433 1481 1710 1544 sanctorum
1734 1506 1929 1562 patrum
1946 1490 2132 1559 collegi.
2151 1493 2398 1558 Numquid
2410 1503 2458 1540 et

318 1573 598 1636 Apostolum
620 1591 816 1637 arguere
837 1585 1159 1640 praesumeret,
1180 1576 1284 1640 qui,
1310 1586 1363 1624 ut
1381 1578 1447 1624 ait
1467 1581 1519 1625 B.
1539 1577 1828 1642 Augustinus
1846 1577 1896 1623 in
1911 1592 1998 1624 vm
2013 1574 2071 1621 cle
2097 1576 2296 1622 Ciuitate
2319 1574 2455 1634 Dei‘,

318 1651 688 1701 Atheniensibus
699 1654 918 1718 loquenS,
937 1672 1047 1703 cum
1071 1673 1174 1704 rem
1194 1673 1416 1722 magnam
1439 1657 1500 1705 de
1514 1660 1618 1705 Deo
1641 1657 1850 1716 dixisset,
1869 1665 1917 1703 et
1938 1672 2043 1720 quae
2067 1671 2095 1702 a
2114 1653 2279 1720 paucis
2295 1649 2457 1719 posset

317 1731 534 1795 intelligi,
553 1734 685 1798 quod
711 1735 799 1782 «in
821 1736 902 1783 illo
922 1756 943 1781 »
967 1737 1145 1785 scilicet
1167 1758 1187 1782 u
1208 1738 1431 1799 vivimuS,
1459 1755 1731 1797 movemur,
1747 1747 1795 1784 et
1818 1753 2001 1796 sumus,
2022 1754 2046 1779 »
2072 1735 2263 1798 adjecit,
2294 1754 2315 1776 α
2335 1735 2456 1780 sicut

318 1821 362 1858 et
377 1811 498 1860 bene
507 1813 960 1879 quidampoetarum
977 1827 1243 1865 vestrorum
1256 1817 1515 1880 dixerunt⁵‚
1533 1838 1556 1864 »
1572 1817 1978 1884 philosophorum
1985 1814 2207 1862 videlicet
2217 1814 2452 1879 ipsorum,

317 1908 523 1955 quorum
542 1895 711 1943 studiis
733 1896 935 1960 gloriosa
958 1898 1037 1946 illa
1055 1899 1220 1946 civitas
1239 1901 1497 1955 exstiterat,
1513 1898 1842 1947 testimonium
1863 1897 1925 1944 ad
1944 1895 2302 1962 persuasionem
2316 1893 2455 1940 indu·

316 1987 427 2019 cens
445 2010 457 2034 ‚
491 1974 550 2021 de
573 1975 771 2038 quibus,
810 1988 860 2023 ut
892 1978 939 2024 in
974 1979 1147 2026 eodem
1168 1980 1270 2045 ipse
1293 1980 1582 2044 Augustinus
1607 1978 1856 2045 praemisit,
1889 1976 1951 2024 ad
1974 1978 2216 2023 Romanos
2242 1973 2455 2021 scribens

314 2052 378 2099 ait
397 2090 409 2112 ,
446 2054 560 2117 quia
588 2073 608 2099 α
641 2055 772 2119 quod
795 2066 965 2104 notum
989 2069 1060 2106 est
1083 2060 1172 2107 Dei
1193 2060 1501 2108 manifestum
1532 2069 1603 2107 est
1627 2061 1675 2106 in
1702 2059 1812 2106 illis.
1839 2059 1968 2104 Deus
1991 2057 2122 2104 enim
2153 2053 2243 2102 illis
2276 2054 2453 2100 revela·

314 2133 402 2193 vit,
431 2137 587 2180 etc.⁶»
616 2138 684 2182 Ex
713 2137 887 2200 quibus
921 2149 1085 2203 aperte
1112 2141 1367 2205 Apostolus
1400 2141 1544 2189 docet
1580 2141 1648 2188 eis
1683 2155 1878 2204 quoque
1911 2137 2190 2202 mysterium
2215 2134 2454 2181 Trinitatis

316 2212 455 2260 fuisse
488 2215 763 2264 revelatum.
805 2218 896 2264 Sed
931 2219 1030 2266 haec
1062 2221 1287 2284 quidem⁷
1317 2221 1466 2269 verba
1488 2221 1707 2286 Apostoli
1731 2218 1872 2266 nobis
1896 2219 1943 2264 in
1968 2215 2282 2282 sequentibus
2304 2231 2452 2279 expo·

315 2293 473 2340 nenda
497 2306 769 2342 occurrunt.
809 2300 944 2346 Nunc
968 2309 1127 2348 autem
1151 2301 1379 2349 adversus
1400 2312 1499 2350 tam
1521 2301 1856 2348 haereticorum
1880 2314 2026 2361 quam
2049 2295 2452 2361 philosophorum

314 2371 630 2434 objectiones,
669 2376 884 2440 pluribus
915 2379 975 2425 de
999 2380 1094 2428 fide
1122 2391 1296 2428 sanctae
1316 2382 1555 2429 Trinitatis
1585 2380 1798 2428 collectis
1821 2389 1966 2442 atque
1989 2377 2214 2442 expositis
2239 2375 2452 2421 testimo·

312 2451 424 2512 niis,
457 2465 669 2518 superest
693 2457 894 2520 aperire,
923 2459 1095 2522 quibus
1116 2461 1386 2508 rationibus
1408 2460 1604 2509 defendi
1630 2460 1781 2525 possit
1802 2457 1935 2523 quod
1961 2454 2241 2504 testimoniis
2268 2452 2451 2499 confir-

312 2541 491 2579 matum
522 2545 608 2581 est.
642 2537 811 2583 Omnis
841 2540 1391 2603 quippe'controversia,
1435 2551 1490 2588 ut
1514 2542 1562 2588 in
1589 2540 1850 2587 Rhetoricis
1879 2538 1976 2584 suis
2002 2535 2180 2583 Tullius
2211 2534 2446 2593 meminit,

314 2620 391 2657 aut
414 2612 458 2657 in
490 2614 689 2678 scripto,
725 2626 807 2662 aut
831 2620 1013 2680 ratione
1040 2633 1276 2681 versatur,
1307 2632 1355 2669 et
1383 2622 1526 2670 beato
1550 2629 1804 2668 attestante
1829 2618 2116 2681 Augustino,
2149 2616 2199 2661 in
2223 2612 2451 2661 omnibus

312 2694 636 2741 auctoritatem
658 2695 877 2744 humanae
908 2702 1137 2764 anteponi
1170 2703 1344 2750 rationi
1373 2702 1629 2762 convenit;
1664 2700 1870 2747 maxime
1892 2707 2052 2745 autem
2078 2697 2126 2742 in
2149 2695 2225 2760 his
2249 2710 2356 2758 quae
2387 2693 2450 2740 ad

313 2770 465 2816 Deum
490 2775 741 2835 pertinent,
769 2778 911 2824 tutius
933 2782 1212 2830 auctoritate
1235 2798 1384 2846 quam
1404 2782 1623 2829 humano
1641 2780 1841 2828 nitimur
1858 2777 2060 2842 judicio.
2097 2775 2218 2821 Hinc
2241 2782 2311 2820 est
2329 2771 2450 2819 illud

313 2849 445 2911 quod
475 2852 554 2911 ait,
579 2869 682 2917 cap.
709 2872 739 2900 1.
766 2856 847 2903 lib.
875 2859 932 2904 <le
955 2860 1168 2907 Moribus
1190 2862 1417 2910 Ecclesiae
1437 2874 1604 2910 contra
1629 2859 1936 2907 Μαηίο-Ιικοὸ8
1956 2876 1968 2902 .·
1995 2877 2017 2899 t<
2041 2858 2227 2902 Naturae
2250 2852 2447 2916 quidem

314 2927 433 2973 ordo
458 2930 521 2975 ita
546 2947 594 2977 se
617 2932 775 2989 habet,
796 2946 863 2996 ut,
890 2955 999 2984 eum
1025 2939 1153 2986 aliud
1170 2941 1390 2999 dicimus,
1414 2944 1651 2989 rationem
1673 2938 1908 3006 praecedat
1932 2935 2215 2992 auctoritas,
2238 2948 2351 2980 nain
2372 2932 2447 2977 in-

312 3005 448 3054 firma
470 3010 586 3056 ratio
609 3011 756 3058 videri
776 3025 947 3077 potest,
979 3034 1082 3079 quae
1107 3036 1217 3065 cum
1242 3020 1428 3068 reddita
1451 3022 1607 3080 fuerit,
1634 3020 1967 3068 auctoritatem
1989 3025 2171 3081 postea,
2200 3029 2284 3077 per
2300 3027 2444 3075 quam

353 3160 359 3176 ¹
379 3157 405 3189 ll
424 3158 525 3199 Potin,
543 3169 626 3201 rap.
655 3171 690 3201 11,
708 3173 737 3195 v.
756 3166 807 3195 21.
827 3183 862 3188 ——
880 3167 891 3184 ²
906 3169 958 3199 Sic
981 3168 1060 3200 (jod.
1086 3168 1167 3200 Vict.
1193 3172 1333 3203 Aut-tum
1410 3191 1445 3195 —
1459 3175 1471 3193 ⁶
1487 3174 1596 3213 Rom.,
1626 3182 1696 3213 cap.
1725 3181 1747 3209 Ι,
1775 3179 1803 3202 V·
1839 3172 1888 3203 19·
1905 3188 1941 3192 -
1961 3172 1971 3189 ⁷
1993 3168 2046 3200 Sic
2078 3167 2159 3199 cod·
2183 3163 2265 3195 vict·
2295 3163 2360 3193 sed
2389 3162 2442 3193 'm'

310 3212 402 3243 Ami).
433 3230 468 3235 -—-
486 3214 497 3232 ³
522 3214 572 3244 Sic
604 3214 683 3247 Cod.
716 3216 798 3248 Vict.
829 3218 972 3251 Minima
1006 3221 1098 3252 Amb.
1120 3223 1269 3263 —⁴Cap.
1299 3234 1332 3257 x.
1407 3227 1562 3267 qut-udam
1588 3227 1688 3259 *verba
1711 3224 1805 3256 Amb.
1827 3225 1887 3248 ——-⁸
1907 3223 1976 3255 Lib,
2009 3222 2041 3262 1,
2068 3230 2137 3261 cap·
2165 3229 2187 3258 ¹·
2221 3218 2320 3258 opp*
2345 3221 2366 3246 ι’
2388 3213 2441 3254 ¹1¹⁷
2468 3260 2472 3266 .

311 3265 411 3305 Opp„
427 3270 447 3296 t.
470 3266 527 3298 vil
540 3291 548 3304 ,
566 3269 626 3300 col.
650 3270 718 3301 198.
736 3273 794 3292 ——5
810 3272 879 3303 Act.
901 3274 1027 3313 Apum„
1042 3284 1112 3314 cap.
1131 3285 1194 3307 xvii
1207 3301 1214 3314 ‚
1232 3286 1261 3308 v.
1283 3281 1331 3310 2³8.
1408 3280 1469 3310 col.
1484 3280 1556 3311 688.
