2638 3866
786 261 1050 310 EPlTOME
1078 239 1448 311 'THEOLOGIAE
1482 261 1868 310 CHRISTIANAE.
2310 261 2403 308 575

1066 514 1308 575 CAPUT
1357 517 1595 578 XXVII.

835 665 898 701 An
928 661 1023 701 unio
1047 660 1117 701 illa
1146 661 1187 700 in
1221 670 1346 702 morte
1377 662 1519 702 Christi
1556 662 1675 702 suerit
1709 661 1858 701 divisa?

322 789 386 831 De
412 788 574 831 unione
597 787 672 830 illa
702 786 846 831 adbuc
874 787 1095 846 quaeritur,
1121 802 1175 829 an
1204 787 1250 829 in
1278 796 1418 830 morte
1447 787 1575 830 fuerit
1607 786 1770 830 divisa?
1791 786 1982 842 Quidam
2014 798 2208 830 auctores
2229 787 2407 837 volunt,

261 854 382 914 quod
396 854 591 897 Verbum
604 869 827 913 nunquam
848 852 1034 896 deseruit
1045 853 1287 905 hominem,
1314 863 1358 896 et
1377 868 1529 896 verum
1550 864 1629 906 est,
1645 852 1764 912 quod
1779 868 1869 895 non
1893 852 2161 912 deseru(er)it
2176 854 2412 895 humanam

261 931 477 963 naturam.
510 920 773 980 Augustinus
805 934 979 978 quoque
1015 917 1142 971 dicit,
1173 918 1294 978 quod
1323 934 1413 961 non
1446 920 1577 962 etiam
1607 933 1784 961 carnem
1815 917 2072 971 deseruerit,
2109 934 2161 961 ex
2195 934 2282 976 quo
2317 933 2412 961 eam

262 986 473 1029 assumsit.
502 985 758 1029 Ambrosius
777 1001 881 1028 vero
902 984 1014 1028 velle
1035 985 1223 1040 videtur,
1247 984 1368 1044 quod
1391 984 1590 1028 divinitas
1612 985 1657 1027 in
1679 995 1820 1027 morte
1844 1000 1869 1028 a
1890 999 2019 1028 carne
2042 984 2171 1027 fuerit
2192 995 2410 1043 separata,

261 1052 319 1094 ait
342 1052 459 1095 enim
474 1066 607 1112 super
628 1052 791 1094 Lucam
812 1066 822 1094 ε
849 1050 1016 1094 Clamat
1036 1051 1247 1094 moritura
1270 1051 1540 1111 separatione
1557 1049 1807 1094 divinitatis.
1831 1050 1963 1105 Quod
1986 1050 2163 1109 quidem
2181 1050 2416 1093 rationabi-

257 1117 338 1161 lius
356 1131 446 1161 esse
467 1116 655 1172 videtur,
675 1116 795 1177 quod
812 1133 837 1159 a
859 1133 1041 1178 corpore
1058 1116 1187 1161 fuerit
1204 1127 1415 1177 separata.
1429 1116 1546 1159 Sicut
1561 1116 1678 1159 enim
1694 1132 1785 1159 non
1797 1117 1939 1176 potuit
1961 1116 2152 1177 adjungi,
2174 1116 2254 1158 nisi
2273 1116 2416 1158 anima

259 1182 496 1239 mediante,
521 1183 636 1226 sicin
648 1199 701 1226 eo
725 1199 815 1227 non
841 1183 992 1227 debuit
1013 1198 1252 1238 remanere,
1279 1183 1423 1226 anima
1446 1193 1657 1243 separata.
1684 1181 1816 1237 Quod
1838 1198 1942 1226 vero
1962 1198 2054 1225 non
2074 1183 2218 1242 potuit
2240 1181 2415 1242 adjungi

259 1250 341 1292 nisi
369 1251 512 1292 anima
543 1249 788 1305 mediante,
813 1250 1078 1311 Augustinus
1108 1249 1227 1293 dicit.
1256 1248 1327 1292 Sic
1349 1250 1480 1310 igitur
1501 1248 1579 1292 etsi
1601 1248 1705 1291 unio
1732 1259 1975 1292 remaneret
2001 1263 2099 1291 cum
2126 1249 2293 1301 anima,
2326 1264 2415 1291 non

259 1327 406 1358 tamen
429 1331 530 1359 cum
554 1316 697 1359 anima
720 1327 764 1359 et
790 1332 989 1376 corpore.
1015 1317 1232 1372 Quaeritur
1254 1316 1386 1359 etiam
1406 1326 1553 1358 utrum
1575 1314 1775 1358 eamdem
1797 1315 2020 1358 scientiam
2047 1314 2248 1358 habuerit
2273 1314 2415 1356 anima

258 1380 349 1435 illa,
371 1397 501 1441 quam
523 1381 721 1425 Verbum
742 1381 950 1425 habebat.
977 1381 1166 1438 Quidam
1190 1381 1355 1437 dicunt,
1380 1380 1499 1441 quod
1521 1380 1722 1424 eamdem
1740 1390 1811 1423 :et
1831 1381 1891 1423 ita
1912 1391 2085 1424 tantum
2106 1381 2269 1424 sciebat
2291 1395 2414 1423 crea-

258 1458 355 1490 tura
371 1447 468 1503 illa,
494 1458 703 1507 quantum
726 1449 919 1492 Creator.
953 1449 1023 1492 Sic
1043 1449 1172 1509 igitur
1195 1448 1385 1508 perfecta
1408 1458 1500 1491 erat
1521 1448 1567 1489 in
1589 1447 1783 1500 scientia,
1808 1447 1916 1490 sicut
1939 1447 2071 1491 Deus.
2097 1446 2291 1506 AEqualis
2314 1462 2415 1506 ergo

259 1524 350 1556 erat
372 1525 568 1557 creatura
582 1513 656 1557 illa
677 1514 723 1559 in
735 1515 820 1558 hoc
840 1515 1034 1558 Creatori
1050 1530 1144 1564 suo,
1169 1513 1289 1574 quod
1306 1513 1602 1557 irrationabile
1617 1528 1706 1556 esse
1722 1512 1909 1557 videtur.
1926 1512 1968 1555 N
1970 1529 2029 1556 on
2049 1514 2193 1572 itaque
2217 1512 2413 1561 dicimus,

259 1579 379 1637 quod
409 1578 609 1622 eamdem
637 1579 841 1623 habuerit
868 1581 1115 1633 scientiam;
1143 1579 1263 1639 quod
1293 1580 1425 1623 etiam
1454 1594 1582 1639 super
1612 1594 1713 1622 eum
1735 1578 1882 1621 locum
1907 1579 2162 1621 Ambrosius
2190 1576 2379 1621 ostendit
2404 1594 2413 1620 ε

258 1644 400 1687 Nemo
429 1645 508 1688 scit
529 1661 580 1689 ea
602 1661 698 1705 quae
729 1657 829 1689 sunt
851 1646 954 1702 Dei,
981 1657 1025 1690 et
1054 1656 1211 1689 caetera
1238 1661 1248 1688 :
1278 1661 1409 1689 nemo
1444 1646 1522 1689 scit
1547 1661 1599 1688 ea
1630 1661 1726 1704 quae
1758 1655 1858 1687 sunt
1886 1644 2102 1698 hominis,
2137 1644 2219 1686 nisi
2249 1643 2418 1702 spiritus

257 1710 462 1754 hominis.
494 1711 599 1766 Hic,
626 1722 674 1754 ut
701 1711 760 1754 ait
779 1711 1035 1756 Ambrosius
1050 1745 1062 1767 ,
1093 1712 1283 1756 ostendit
1313 1710 1548 1771 Apostolus
1578 1720 1728 1754 contra
1755 1710 1980 1753 haereticos
2008 1709 2235 1769 quosdam,
2261 1708 2419 1752 scilicet

260 1791 349 1819 non
372 1792 461 1820 esse
484 1787 743 1821 creaturam.
769 1778 814 1820 Si
836 1794 939 1821 vero
961 1779 1058 1821 haec
1085 1778 1231 1821 anima
1250 1778 1385 1820 habet
1409 1775 1609 1820 eamdem
1631 1776 1856 1819 scientiam
1879 1791 2010 1835 quam
2033 1786 2076 1819 et
2096 1775 2290 1818 Verbum
2307 1776 2415 1828 Dei,

257 1842 328 1884 hic
350 1842 548 1902 Apostoli
569 1858 711 1886 sermo
732 1843 874 1887 nullus
897 1854 976 1895 est,
1002 1859 1103 1886 cum
1123 1844 1218 1887 haec
1234 1843 1380 1886 anima
1401 1853 1544 1886 creata
1569 1840 1636 1885 sit.
1663 1843 1782 1885 Licet
1804 1852 1950 1885 autem
1971 1852 2140 1884 tantum
2161 1857 2252 1884 non
2274 1842 2415 1893 sciret,

258 1907 400 1950 Deum
434 1919 581 1952 tamen
615 1909 924 1969 perfectissime
957 1909 1150 1953 videbat.
1187 1908 1274 1952 Sed
1308 1909 1560 1969 opponitur,
1595 1907 1715 1967 quod
1736 1909 1854 1951 Deus
1882 1908 1943 1950 ait
1975 1906 2031 1950 ad
2061 1906 2244 1967 Moysen
2272 1924 2282 1951 :
2317 1907 2416 1951 Non

257 1972 424 2016 videbit
442 1989 513 2017 me
535 1975 671 2018 homo
694 1986 738 2018 et
763 1976 895 2019 vivet.
930 1975 1015 2018 Sed
1039 1975 1237 2029 dicimus,
1266 1991 1355 2019 esse
1387 1975 1551 2018 dictum
1580 1974 1636 2017 de
1669 1973 1844 2017 animali
1862 1974 1966 2016 vita.
1998 1973 2244 2016 Animalem
2272 1985 2416 2017 autem

254 2039 388 2082 vitam
413 2039 595 2083 dicimus
621 2040 956 2084 vivificationem
987 2052 1031 2085 et
1059 2052 1231 2084 motum
1262 2041 1407 2095 illum,
1441 2056 1572 2099 quem
1601 2039 1792 2098 (vitalem
1821 2039 2026 2098 animam)
2058 2055 2159 2082 caro
2194 2039 2328 2082 habet
2363 2041 2417 2081 ab

258 2105 398 2148 anima
413 2138 424 2160 ,
451 2107 552 2166 quia
586 2105 707 2149 nullo
738 2106 874 2150 modo
904 2124 1058 2167 corpus
1089 2117 1232 2167 potest
1256 2107 1423 2150 moveri
1444 2106 1526 2148 nisi
1547 2121 1626 2165 per
1655 2105 1860 2148 animam.
1886 2105 1986 2148 Vita
2018 2120 2122 2148 vero
2151 2105 2307 2147 Christi
2328 2120 2417 2148 non

258 2170 353 2213 talis
375 2183 491 2227 erat,
516 2172 651 2214 immo
679 2182 728 2214 ut
744 2173 835 2229 jam
861 2172 1069 2228 diximus,
1095 2172 1215 2232 quod
1237 2172 1338 2214 facit
1361 2172 1503 2214 anima
1526 2171 1713 2231 corpori,
1736 2171 1821 2213 hoc
1843 2170 2028 2214 faciebat
2048 2170 2242 2214 Verbum
2266 2171 2419 2213 animm

258 2235 335 2289 illi,
367 2238 468 2296 quia
498 2237 607 2280 nihil
632 2248 777 2280 motus
799 2248 969 2298 poterat
998 2238 1171 2298 corpori
1195 2237 1380 2281 conferri
1409 2237 1490 2279 nisi
1516 2252 1594 2297 per
1614 2235 1824 2279 Verbum.
1859 2237 1924 2280 De
1951 2236 2250 2279 affectionibus
2277 2247 2419 2279 autem

257 2302 544 2357 naturalibus,
569 2303 678 2345 sicut
699 2302 849 2347 dolore
874 2315 918 2348 et
938 2305 1113 2359 ceteris,
1148 2303 1257 2346 nihil
1279 2314 1342 2347 est
1364 2303 1421 2346 ad
1443 2302 1770 2363 opponendum,
1796 2303 1897 2361 quia
1923 2302 2174 2346 naturaliter
2201 2303 2247 2345 in
2276 2303 2418 2345 anima

257 2366 331 2409 illa
361 2379 497 2411 erant.
532 2368 577 2411 Si
606 2369 702 2428 quis
725 2381 869 2414 autem
901 2370 1032 2425 dicat,
1057 2370 1250 2413 similiter
1278 2381 1322 2413 et
1350 2380 1494 2412 motus
1525 2369 1695 2428 corpori
1722 2379 1923 2428 praestare
1957 2368 2019 2412 illi
2048 2369 2203 2410 animae
2223 2368 2418 2411 naturale

259 2444 366 2487 erat,
406 2435 712 2494 acquiescimus
739 2435 934 2495 quidem,
964 2435 1040 2480 sed
1076 2436 1260 2480 alterum
1284 2434 1474 2487 abstulit,
1511 2450 1598 2493 quo
1620 2434 1730 2477 solet
1757 2434 1892 2477 homo
1919 2449 2121 2494 peccare,
2159 2446 2202 2477 et
2239 2434 2418 2478 alterum

260 2497 442 2554 dimisit,
474 2516 561 2559 quo
585 2517 709 2544 verus
738 2502 872 2545 homo
901 2512 1160 2546 remaneret.
1185 2503 1251 2545 De
1271 2501 1356 2544 hoc
1387 2501 1518 2544 etiam
1547 2499 1708 2560 ambigi
1736 2511 1903 2560 potest,
1930 2515 2030 2543 cum
2043 2500 2238 2544 Verbum
2259 2499 2418 2558 ubique

259 2564 311 2605 sit
341 2580 420 2624 per
452 2567 680 2609 essentiam
694 2570 787 2621 ,an
816 2567 951 2611 ullam
980 2567 1272 2611 diversitatem
1297 2565 1460 2610 habeat
1490 2565 1673 2609 essendi.
1712 2565 1781 2610 Sic
1811 2567 1927 2610 enim
1956 2565 2143 2609 videtur.
2178 2565 2292 2608 Nam
2319 2580 2417 2607 cum

258 2629 453 2672 Verbum
475 2631 520 2673 in
542 2632 721 2675 homine
744 2633 820 2676 illo
843 2645 953 2677 esset
973 2649 1054 2694 per
1073 2634 1297 2687 unionem,
1322 2631 1400 2675 ubi
1420 2647 1511 2675 non
1533 2642 1625 2674 erat
1647 2632 1782 2674 homo
1804 2631 1892 2686 ille,
1917 2631 1979 2674 ibi
2000 2647 2090 2674 non
2113 2642 2205 2675 erat
2226 2629 2419 2673 Verbum

258 2694 428 2737 unitum
451 2711 461 2738 ι
481 2696 557 2739 ubi
579 2713 669 2740 non
686 2710 777 2742 erat
798 2700 932 2742 homo
954 2699 1042 2753 ille,
1061 2698 1124 2741 ibi
1145 2715 1235 2742 non
1257 2708 1350 2741 erat
1370 2697 1586 2740 mediator
1606 2697 1688 2740 Dei
1704 2707 1746 2740 et
1760 2697 2002 2751 hominum,
2028 2708 2072 2740 et
2092 2697 2153 2740 ita
2169 2697 2214 2739 in
2235 2696 2421 2739 existen-

258 2759 318 2801 tia
340 2775 415 2802 sua
439 2760 731 2806 diversitatem
756 2764 1007 2824 recipiebat.
1032 2765 1101 2807 Sic
1123 2779 1212 2806 esse
1234 2763 1369 2806 modo
1390 2773 1538 2822 potest
1556 2762 1643 2805 dici
1656 2794 1668 2815 ,
1693 2761 1813 2821 quod
1835 2762 1957 2805 aliter
1977 2763 2075 2817 hic,
2102 2763 2225 2806 aliter
2246 2762 2291 2804 in
2312 2762 2419 2805 coelo

259 2835 337 2867 est.
364 2825 465 2881 Sed,
490 2838 539 2870 ut
561 2843 688 2887 supra
712 2828 914 2882 diximus,
939 2830 998 2872 sic
1019 2840 1083 2872 est
1105 2830 1221 2872 Deus
1242 2829 1421 2888 ubique,
1440 2827 1561 2887 quod
1582 2843 1672 2870 non
1695 2838 1758 2870 est
1777 2827 1959 2883 alicubi3
1985 2828 2106 2887 quod
2126 2827 2253 2887 plane
2275 2828 2419 2871 retulit

258 2890 409 2933 beatus
438 2893 723 2953 Augustinus,
756 2910 855 2937 cum
876 2895 1076 2955 probavit
1101 2895 1242 2954 ipsum
1267 2910 1358 2937 non
1394 2909 1484 2937 esse
1506 2908 1682 2952 corpuS,
1709 2893 1915 2952 quoniam
1943 2893 2102 2938 alicubi
2130 2910 2220 2937 non
2243 2895 2311 2937 sit.
2346 2894 2421 2937 Est

257 2956 386 3015 igitur
407 2958 566 3018 ubique
595 2974 674 3018 per
694 2961 949 3019 potentiam,
976 2961 1050 3019 qui
1076 2959 1237 3019 ubique
1259 2970 1416 3019 potest.
1450 2959 1526 3002 Est
1557 2959 1718 3018 ubique
1746 2974 1824 3019 per
1848 2960 2100 3014 essentiam,
2138 2960 2239 3019 quia
2272 2961 2419 3004 omnia

257 3020 352 3064 loca
374 3038 451 3082 per
480 3024 898 3069 administrationem
919 3026 980 3068 ita
1010 3036 1110 3068 sunt
1139 3026 1179 3068 ei
1199 3025 1444 3086 praesentia,
1470 3023 1590 3084 quod
1619 3023 1739 3068 nullo
1763 3024 1829 3067 sui
1849 3023 1947 3069 loco
1973 3024 2139 3085 indiget
2168 3026 2344 3068 vicario.
2369 3026 2420 3067 In

257 3089 378 3130 omni
399 3089 498 3134 loco
521 3089 641 3149 quod
657 3092 918 3135 conveniens
940 3102 1003 3135 est
1019 3090 1305 3134 administrat.
1331 3090 1400 3134 Sic
1421 3089 1575 3133 beatus
1597 3090 1829 3151 Gregorius
1853 3106 1953 3135 eum
1970 3106 2060 3135 esse
2079 3090 2238 3150 ubique
2260 3090 2419 3134 descri-

256 3153 336 3196 bit.
362 3154 500 3214 Supra
523 3166 603 3210 est,
627 3156 782 3215 inquit,
808 3158 956 3200 omnia
978 3155 1197 3218 regendO,
1222 3156 1335 3199 infra
1357 3156 1506 3199 omnia
1526 3155 1807 3200 sustentando
1830 3168 1874 3200 et
1896 3157 2011 3199 intra
2030 3157 2186 3199 omnia
2207 3156 2415 3216 regendo.

259 3217 326 3260 Sic
349 3220 478 3279 igitur
495 3232 558 3264 est
578 3223 724 3265 unitus
735 3223 922 3278 homini,
942 3222 1062 3282 quod
1081 3239 1171 3266 non
1196 3233 1260 3266 est
1281 3222 1326 3265 in
1344 3221 1488 3281 aliquo
1503 3221 1620 3276 loco,
1641 3222 1748 3265 sicut
1767 3222 1910 3265 anima
1926 3223 1985 3265 sic
2008 3233 2072 3265 est
2088 3223 2209 3265 unita
2231 3222 2416 3280 corpori,

259 3284 377 3340 quod
402 3286 446 3327 in
459 3286 558 3330 loco
583 3303 670 3330 non
686 3288 753 3331 sit.
772 3288 858 3332 Sed
875 3290 984 3332 sicut
1000 3289 1143 3331 anima
1164 3303 1254 3332 esse
1277 3288 1323 3330 in
1339 3303 1520 3347 corpore
1540 3288 1646 3330 nihil
1666 3286 1785 3330 aliud
1806 3299 1883 3341 est,
1909 3303 2039 3346 quam
2061 3303 2235 3330 movere
2251 3300 2419 3344 corpus,

260 3349 317 3390 sic
340 3350 533 3394 Verbum
554 3353 600 3394 in
622 3353 799 3396 homine
830 3354 905 3397 illo
936 3371 1027 3398 non
1055 3365 1146 3398 erat
1169 3353 1311 3405 aliud,
1343 3368 1476 3412 quam
1506 3354 1645 3412 ipsum
1676 3353 1735 3396 sic
1756 3368 1957 3404 movere,
1982 3352 2101 3411 quod
2130 3368 2153 3395 a
2182 3367 2226 3395 se
2250 3350 2414 3393 nullum
