<?xml version="1.0" encoding="UTF-8"?>
<!DOCTYPE html PUBLIC "-//W3C//DTD XHTML 1.0 Transitional//EN"
    "http://www.w3.org/TR/xhtml1/DTD/xhtml1-transitional.dtd">
<html xmlns="http://www.w3.org/1999/xhtml" xml:lang="en" lang="en">
 <head>
  <title>
</title>
<meta http-equiv="Content-Type" content="text/html;charset=utf-8" />
  <meta name='ocr-system' content='tesseract 3.04.00' />
  <meta name='ocr-capabilities' content='ocr_page ocr_carea ocr_par ocr_line ocrx_word'/>
</head>
<body>
  <div class='ocr_page' id='page_1' title='image "./operahactenusseo00abeluoft_0297.png"; bbox 0 0 2638 3866; ppageno 0'>
   <div class='ocr_carea' id='block_1_1' title="bbox 889 155 2395 207">
    <p class='ocr_par' dir='ltr' id='par_1_1' title="bbox 889 155 2395 207">
     <span class='ocr_line' id='line_1_1' title="bbox 889 155 2395 207; baseline 0.003 -5"><span class='ocrx_word' id='word_1_1' title='bbox 889 155 948 203; x_wconf 90' lang='lat' dir='ltr'>IN</span> <span class='ocrx_word' id='word_1_2' title='bbox 981 155 1306 203; x_wconf 86' lang='lat' dir='ltr'>EPISTOLAM</span> <span class='ocrx_word' id='word_1_3' title='bbox 1340 157 1421 205; x_wconf 82' lang='lat' dir='ltr'>AD</span> <span class='ocrx_word' id='word_1_4' title='bbox 1455 155 1752 204; x_wconf 88' lang='lat' dir='ltr'>ROMANOS.</span> <span class='ocrx_word' id='word_1_5' title='bbox 2299 160 2395 207; x_wconf 81' lang='lat'>287</span> 
     </span>
    </p>
   </div>
   <div class='ocr_carea' id='block_1_2' title="bbox 241 255 2398 3131">
    <p class='ocr_par' dir='ltr' id='par_1_2' title="bbox 241 255 2398 3049">
     <span class='ocr_line' id='line_1_2' title="bbox 260 255 2398 325; baseline 0.001 -19"><span class='ocrx_word' id='word_1_6' title='bbox 260 259 370 306; x_wconf 89' lang='lat' dir='ltr'>licet</span> <span class='ocrx_word' id='word_1_7' title='bbox 398 256 638 306; x_wconf 88' lang='lat' dir='ltr'>Abraham</span> <span class='ocrx_word' id='word_1_8' title='bbox 671 273 727 303; x_wconf 89' lang='lat' dir='ltr'>ex</span> <span class='ocrx_word' id='word_1_9' title='bbox 750 255 887 303; x_wconf 88' lang='lat' dir='ltr'>senili</span> <span class='ocrx_word' id='word_1_10' title='bbox 916 264 965 303; x_wconf 90' lang='lat' dir='ltr'>et</span> <span class='ocrx_word' id='word_1_11' title='bbox 985 256 1131 304; x_wconf 80' lang='lat' dir='ltr'>sterili</span> <span class='ocrx_word' id='word_1_12' title='bbox 1167 265 1318 305; x_wconf 88' lang='lat' dir='ltr'>matre</span> <span class='ocrx_word' id='word_1_13' title='bbox 1347 273 1434 322; x_wconf 90' lang='lat' dir='ltr'>per</span> <span class='ocrx_word' id='word_1_14' title='bbox 1466 255 1618 305; x_wconf 86' lang='lat' dir='ltr'>solam</span> <span class='ocrx_word' id='word_1_15' title='bbox 1644 256 2014 321; x_wconf 83' lang='lat' dir='ltr'>promissionem</span> <span class='ocrx_word' id='word_1_16' title='bbox 2043 258 2158 320; x_wconf 88' lang='lat' dir='ltr'>Dei,</span> <span class='ocrx_word' id='word_1_17' title='bbox 2185 274 2285 307; x_wconf 91' lang='lat' dir='ltr'>non</span> <span class='ocrx_word' id='word_1_18' title='bbox 2310 276 2398 325; x_wconf 89' lang='lat' dir='ltr'>per</span> 
     </span>
     <span class='ocr_line' id='line_1_3' title="bbox 260 335 2394 401; baseline 0 -15"><span class='ocrx_word' id='word_1_19' title='bbox 260 347 481 386; x_wconf 86' lang='lat' dir='ltr'>naturam</span> <span class='ocrx_word' id='word_1_20' title='bbox 517 337 677 385; x_wconf 88' lang='lat' dir='ltr'>carnis</span> <span class='ocrx_word' id='word_1_21' title='bbox 705 335 966 400; x_wconf 85' lang='lat' dir='ltr'>generavit.</span> <span class='ocrx_word' id='word_1_22' title='bbox 997 355 1023 382; x_wconf 89' lang='lat'>«</span> <span class='ocrx_word' id='word_1_23' title='bbox 1042 336 1358 384; x_wconf 88' lang='lat' dir='ltr'>AEstimantur</span> <span class='ocrx_word' id='word_1_24' title='bbox 1393 338 1442 384; x_wconf 89' lang='lat' dir='ltr'>in</span> <span class='ocrx_word' id='word_1_25' title='bbox 1478 337 1679 397; x_wconf 86' lang='lat' dir='ltr'>semine,</span> <span class='ocrx_word' id='word_1_26' title='bbox 1699 355 1724 380; x_wconf 88' lang='lat'>»</span> <span class='ocrx_word' id='word_1_27' title='bbox 1757 336 1976 386; x_wconf 90' lang='lat' dir='ltr'>videlicet</span> <span class='ocrx_word' id='word_1_28' title='bbox 1998 337 2215 401; x_wconf 82' lang='lat' dir='ltr'>Abrahae,</span> <span class='ocrx_word' id='word_1_29' title='bbox 2239 338 2289 387; x_wconf 90' lang='lat' dir='ltr'>id</span> <span class='ocrx_word' id='word_1_30' title='bbox 2324 351 2394 388; x_wconf 89' lang='lat' dir='ltr'>est</span> 
     </span>
     <span class='ocr_line' id='line_1_4' title="bbox 259 415 2393 483; baseline 0.001 -19"><span class='ocrx_word' id='word_1_31' title='bbox 259 419 382 466; x_wconf 87' lang='lat' dir='ltr'>inter</span> <span class='ocrx_word' id='word_1_32' title='bbox 415 416 539 471; x_wconf 81' lang='lat' dir='ltr'>filios</span> <span class='ocrx_word' id='word_1_33' title='bbox 569 415 767 465; x_wconf 78' lang='lat' dir='ltr'>Abrahae</span> <span class='ocrx_word' id='word_1_34' title='bbox 800 415 1056 482; x_wconf 87' lang='lat' dir='ltr'>reputandi</span> <span class='ocrx_word' id='word_1_35' title='bbox 1091 426 1221 465; x_wconf 85' lang='lat' dir='ltr'>suut.</span> <span class='ocrx_word' id='word_1_36' title='bbox 1259 416 1447 475; x_wconf 88' lang='lat' dir='ltr'><strong>Quibus</strong></span> <span class='ocrx_word' id='word_1_37' title='bbox 1477 425 1638 465; x_wconf 88' lang='lat' dir='ltr'>autem</span> <span class='ocrx_word' id='word_1_38' title='bbox 1671 415 1830 464; x_wconf 85' lang='lat' dir='ltr'>verbis</span> <span class='ocrx_word' id='word_1_39' title='bbox 1878 418 2133 483; x_wconf 76' lang='lat' dir='ltr'>promissio</span> <span class='ocrx_word' id='word_1_40' title='bbox 2170 418 2289 467; x_wconf 87' lang='lat' dir='ltr'>facta</span> <span class='ocrx_word' id='word_1_41' title='bbox 2335 421 2393 467; x_wconf 90' lang='lat' dir='ltr'>sit</span> 
     </span>
     <span class='ocr_line' id='line_1_5' title="bbox 260 495 2388 561; baseline -0.001 -16"><span class='ocrx_word' id='word_1_42' title='bbox 260 497 458 546; x_wconf 83' lang='lat' dir='ltr'>Abrahae</span> <span class='ocrx_word' id='word_1_43' title='bbox 492 496 553 546; x_wconf 89' lang='lat' dir='ltr'>de</span> <span class='ocrx_word' id='word_1_44' title='bbox 586 497 747 544; x_wconf 83' lang='lat' dir='ltr'>futuro</span> <span class='ocrx_word' id='word_1_45' title='bbox 781 495 881 544; x_wconf 84' lang='lat' dir='ltr'>filio</span> <span class='ocrx_word' id='word_1_46' title='bbox 920 499 1072 558; x_wconf 86' lang='lat' dir='ltr'>Isaac,</span> <span class='ocrx_word' id='word_1_47' title='bbox 1121 497 1353 561; x_wconf 83' lang='lat' dir='ltr'>supponit</span> <span class='ocrx_word' id='word_1_48' title='bbox 1387 496 1552 545; x_wconf 89' lang='lat' dir='ltr'>dicens</span> <span class='ocrx_word' id='word_1_49' title='bbox 1579 514 1589 543; x_wconf 72' lang='grc' dir='ltr'><strong><em>ε</em></strong></span> <span class='ocrx_word' id='word_1_50' title='bbox 1629 515 1653 541; x_wconf 76' lang='lat' dir='ltr'>u</span> <span class='ocrx_word' id='word_1_51' title='bbox 1687 497 2019 547; x_wconf 89' lang='lat' dir='ltr'>Promissionis</span> <span class='ocrx_word' id='word_1_52' title='bbox 2054 499 2204 558; x_wconf 89' lang='lat' dir='ltr'>enim,</span> <span class='ocrx_word' id='word_1_53' title='bbox 2247 509 2339 548; x_wconf 91' lang='lat' dir='ltr'>etc.</span> <span class='ocrx_word' id='word_1_54' title='bbox 2368 521 2388 544; x_wconf 79' lang='lat' dir='ltr'><em>n</em></span> 
     </span>
     <span class='ocr_line' id='line_1_6' title="bbox 257 576 2387 646; baseline -0 -22"><span class='ocrx_word' id='word_1_55' title='bbox 257 580 367 626; x_wconf 86' lang='lat' dir='ltr'>Haec</span> <span class='ocrx_word' id='word_1_56' title='bbox 409 588 520 627; x_wconf 87' lang='lat' dir='ltr'>sunt</span> <span class='ocrx_word' id='word_1_57' title='bbox 560 577 707 627; x_wconf 88' lang='lat' dir='ltr'>verba</span> <span class='ocrx_word' id='word_1_58' title='bbox 742 577 907 641; x_wconf 87' lang='lat' dir='ltr'>Angeli</span> <span class='ocrx_word' id='word_1_59' title='bbox 942 577 1005 626; x_wconf 87' lang='lat' dir='ltr'>ad</span> <span class='ocrx_word' id='word_1_60' title='bbox 1041 576 1283 626; x_wconf 82' lang='lat' dir='ltr'>Abrabam</span> <span class='ocrx_word' id='word_1_61' title='bbox 1320 576 1562 643; x_wconf 87' lang='lat' dir='ltr'>loquentis</span> <span class='ocrx_word' id='word_1_62' title='bbox 1590 595 1600 623; x_wconf 74' lang='grc' dir='ltr'><strong>ε</strong></span> <span class='ocrx_word' id='word_1_63' title='bbox 1643 598 1666 621; x_wconf 77' lang='lat' dir='ltr'>t&lt;</span> <span class='ocrx_word' id='word_1_64' title='bbox 1690 578 1966 625; x_wconf 89' lang='lat' dir='ltr'>Secundum</span> <span class='ocrx_word' id='word_1_65' title='bbox 1995 579 2091 628; x_wconf 90' lang='lat' dir='ltr'>hoc</span> <span class='ocrx_word' id='word_1_66' title='bbox 2122 588 2328 646; x_wconf 86' lang='lat' dir='ltr'>tempus,</span> <span class='ocrx_word' id='word_1_67' title='bbox 2366 602 2387 623; x_wconf 70' lang='lat'>2,</span> 
     </span>
     <span class='ocr_line' id='line_1_7' title="bbox 258 656 2394 723; baseline 0.001 -19"><span class='ocrx_word' id='word_1_68' title='bbox 258 657 307 705; x_wconf 93' lang='lat' dir='ltr'>id</span> <span class='ocrx_word' id='word_1_69' title='bbox 339 668 410 707; x_wconf 88' lang='lat' dir='ltr'>est</span> <span class='ocrx_word' id='word_1_70' title='bbox 443 659 492 706; x_wconf 90' lang='lat' dir='ltr'>in</span> <span class='ocrx_word' id='word_1_71' title='bbox 530 657 612 706; x_wconf 83' lang='lat' dir='ltr'>tali</span> <span class='ocrx_word' id='word_1_72' title='bbox 650 667 866 723; x_wconf 87' lang='lat' dir='ltr'>tempore</span> <span class='ocrx_word' id='word_1_73' title='bbox 898 657 1042 723; x_wconf 88' lang='lat' dir='ltr'>quale</span> <span class='ocrx_word' id='word_1_74' title='bbox 1073 656 1224 706; x_wconf 86' lang='lat' dir='ltr'>modo</span> <span class='ocrx_word' id='word_1_75' title='bbox 1255 667 1345 717; x_wconf 85' lang='lat' dir='ltr'>est,</span> <span class='ocrx_word' id='word_1_76' title='bbox 1380 673 1511 707; x_wconf 88' lang='lat' dir='ltr'>anno</span> <span class='ocrx_word' id='word_1_77' title='bbox 1549 657 1728 706; x_wconf 90' lang='lat' dir='ltr'>scilicet</span> <span class='ocrx_word' id='word_1_78' title='bbox 1765 657 2004 715; x_wconf 86' lang='lat' dir='ltr'>revoluto,</span> <span class='ocrx_word' id='word_1_79' title='bbox 2044 679 2068 703; x_wconf 71' lang='lat' dir='ltr'>«z</span> <span class='ocrx_word' id='word_1_80' title='bbox 2102 661 2309 721; x_wconf 86' lang='lat' dir='ltr'>veniam,</span> <span class='ocrx_word' id='word_1_81' title='bbox 2346 670 2394 708; x_wconf 88' lang='lat' dir='ltr'>et</span> 
     </span>
     <span class='ocr_line' id='line_1_8' title="bbox 259 737 2391 805; baseline 0.001 -20"><span class='ocrx_word' id='word_1_82' title='bbox 259 739 348 785; x_wconf 87' lang='lat' dir='ltr'>erit</span> <span class='ocrx_word' id='word_1_83' title='bbox 380 741 504 786; x_wconf 84' lang='lat' dir='ltr'>Sarae</span> <span class='ocrx_word' id='word_1_84' title='bbox 537 737 688 798; x_wconf 79' lang='lat' dir='ltr'>filius,</span> <span class='ocrx_word' id='word_1_85' title='bbox 722 758 744 782; x_wconf 69' lang='lat' dir='ltr'>n</span> <span class='ocrx_word' id='word_1_86' title='bbox 784 737 834 785; x_wconf 87' lang='lat' dir='ltr'>id</span> <span class='ocrx_word' id='word_1_87' title='bbox 861 747 933 787; x_wconf 85' lang='lat' dir='ltr'>est</span> <span class='ocrx_word' id='word_1_88' title='bbox 963 755 1050 804; x_wconf 87' lang='lat' dir='ltr'>per</span> <span class='ocrx_word' id='word_1_89' title='bbox 1085 737 1375 800; x_wconf 86' lang='lat' dir='ltr'>adventum,</span> <span class='ocrx_word' id='word_1_90' title='bbox 1412 747 1461 785; x_wconf 90' lang='lat' dir='ltr'>et</span> <span class='ocrx_word' id='word_1_91' title='bbox 1492 738 1825 804; x_wconf 84' lang='lat' dir='ltr'>operationem</span> <span class='ocrx_word' id='word_1_92' title='bbox 1863 754 2019 786; x_wconf 90' lang='lat' dir='ltr'>meam</span> <span class='ocrx_word' id='word_1_93' title='bbox 2054 740 2214 804; x_wconf 89' lang='lat' dir='ltr'>potius</span> <span class='ocrx_word' id='word_1_94' title='bbox 2247 757 2391 805; x_wconf 82' lang='lat' dir='ltr'>quarn</span> 
     </span>
     <span class='ocr_line' id='line_1_9' title="bbox 258 817 2395 884; baseline 0 -18"><span class='ocrx_word' id='word_1_95' title='bbox 258 834 342 883; x_wconf 89' lang='lat' dir='ltr'>per</span> <span class='ocrx_word' id='word_1_96' title='bbox 375 827 598 868; x_wconf 88' lang='lat' dir='ltr'>naturam</span> <span class='ocrx_word' id='word_1_97' title='bbox 626 827 743 866; x_wconf 90' lang='lat' dir='ltr'>tunc</span> <span class='ocrx_word' id='word_1_98' title='bbox 778 820 895 868; x_wconf 88' lang='lat' dir='ltr'>Sara</span> <span class='ocrx_word' id='word_1_99' title='bbox 930 818 1187 884; x_wconf 82' lang='lat' dir='ltr'>concipiet.</span> <span class='ocrx_word' id='word_1_100' title='bbox 1228 821 1338 866; x_wconf 88' lang='lat' dir='ltr'>Haec</span> <span class='ocrx_word' id='word_1_101' title='bbox 1373 828 1535 867; x_wconf 87' lang='lat' dir='ltr'>autem</span> <span class='ocrx_word' id='word_1_102' title='bbox 1569 818 1807 867; x_wconf 90' lang='lat' dir='ltr'>sententia</span> <span class='ocrx_word' id='word_1_103' title='bbox 1839 817 1916 866; x_wconf 92' lang='lat' dir='ltr'>his</span> <span class='ocrx_word' id='word_1_104' title='bbox 1950 818 2107 866; x_wconf 90' lang='lat' dir='ltr'>verbis</span> <span class='ocrx_word' id='word_1_105' title='bbox 2143 821 2191 868; x_wconf 91' lang='lat' dir='ltr'>in</span> <span class='ocrx_word' id='word_1_106' title='bbox 2222 824 2395 868; x_wconf 73' lang='lat' dir='ltr'>Genesi</span> 
     </span>
     <span class='ocr_line' id='line_1_10' title="bbox 256 897 2392 964; baseline 0.001 -18"><span class='ocrx_word' id='word_1_107' title='bbox 256 908 329 946; x_wconf 91' lang='lat' dir='ltr'>est</span> <span class='ocrx_word' id='word_1_108' title='bbox 358 901 642 964; x_wconf 67' lang='lat' dir='ltr'>expressa‘:</span> <span class='ocrx_word' id='word_1_109' title='bbox 679 918 703 943; x_wconf 90' lang='lat'>«</span> <span class='ocrx_word' id='word_1_110' title='bbox 726 901 983 947; x_wconf 82' lang='lat' dir='ltr'>Revertens</span> <span class='ocrx_word' id='word_1_111' title='bbox 1019 899 1210 947; x_wconf 89' lang='lat' dir='ltr'>veniam</span> <span class='ocrx_word' id='word_1_112' title='bbox 1242 897 1306 946; x_wconf 91' lang='lat' dir='ltr'>ad</span> <span class='ocrx_word' id='word_1_113' title='bbox 1342 907 1388 946; x_wconf 83' lang='lat' dir='ltr'>te</span> <span class='ocrx_word' id='word_1_114' title='bbox 1430 908 1647 964; x_wconf 90' lang='lat' dir='ltr'>tempore</span> <span class='ocrx_word' id='word_1_115' title='bbox 1685 899 1796 958; x_wconf 91' lang='lat' dir='ltr'>isto,</span> <span class='ocrx_word' id='word_1_116' title='bbox 1836 898 1935 946; x_wconf 86' lang='lat' dir='ltr'>vita</span> <span class='ocrx_word' id='word_1_117' title='bbox 1972 900 2176 958; x_wconf 86' lang='lat' dir='ltr'>comite,</span> <span class='ocrx_word' id='word_1_118' title='bbox 2219 910 2265 947; x_wconf 90' lang='lat' dir='ltr'>et</span> <span class='ocrx_word' id='word_1_119' title='bbox 2309 901 2392 948; x_wconf 85' lang='lat' dir='ltr'>ha·</span> 
     </span>
     <span class='ocr_line' id='line_1_11' title="bbox 255 977 2394 1028; baseline 0 -2"><span class='ocrx_word' id='word_1_120' title='bbox 255 977 386 1026; x_wconf 89' lang='lat' dir='ltr'>bebit</span> <span class='ocrx_word' id='word_1_121' title='bbox 416 981 531 1028; x_wconf 88' lang='lat' dir='ltr'>Sara</span> <span class='ocrx_word' id='word_1_122' title='bbox 564 978 717 1027; x_wconf 86' lang='lat' dir='ltr'>filium</span> <span class='ocrx_word' id='word_1_123' title='bbox 747 995 869 1026; x_wconf 86' lang='lat' dir='ltr'>uxor</span> <span class='ocrx_word' id='word_1_124' title='bbox 906 988 1006 1026; x_wconf 87' lang='lat' dir='ltr'>tua.</span> <span class='ocrx_word' id='word_1_125' title='bbox 1051 997 1075 1024; x_wconf 88' lang='lat'>»</span> <span class='ocrx_word' id='word_1_126' title='bbox 1114 982 1234 1026; x_wconf 89' lang='lat' dir='ltr'>Item</span> <span class='ocrx_word' id='word_1_127' title='bbox 1263 978 1451 1026; x_wconf 85' lang='lat' dir='ltr'>infra’:</span> <span class='ocrx_word' id='word_1_128' title='bbox 1488 998 1511 1023; x_wconf 89' lang='lat'>«</span> <span class='ocrx_word' id='word_1_129' title='bbox 1550 979 1767 1026; x_wconf 87' lang='lat' dir='ltr'>Visitavit</span> <span class='ocrx_word' id='word_1_130' title='bbox 1799 979 2038 1027; x_wconf 91' lang='lat' dir='ltr'>Dominus</span> <span class='ocrx_word' id='word_1_131' title='bbox 2075 981 2240 1027; x_wconf 86' lang='lat' dir='ltr'>Saram</span> <span class='ocrx_word' id='word_1_132' title='bbox 2274 981 2394 1028; x_wconf 87' lang='lat' dir='ltr'>sicut</span> 
     </span>
     <span class='ocr_line' id='line_1_12' title="bbox 254 1058 2389 1125; baseline 0.001 -19"><span class='ocrx_word' id='word_1_133' title='bbox 254 1059 567 1124; x_wconf 86' lang='lat' dir='ltr'>promiserat,</span> <span class='ocrx_word' id='word_1_134' title='bbox 605 1068 653 1108; x_wconf 89' lang='lat' dir='ltr'>et</span> <span class='ocrx_word' id='word_1_135' title='bbox 688 1059 905 1125; x_wconf 87' lang='lat' dir='ltr'>implevit</span> <span class='ocrx_word' id='word_1_136' title='bbox 939 1059 1074 1124; x_wconf 92' lang='lat' dir='ltr'>quod</span> <span class='ocrx_word' id='word_1_137' title='bbox 1108 1058 1298 1107; x_wconf 90' lang='lat' dir='ltr'>locutus</span> <span class='ocrx_word' id='word_1_138' title='bbox 1332 1069 1433 1118; x_wconf 86' lang='lat' dir='ltr'>est,</span> <span class='ocrx_word' id='word_1_139' title='bbox 1470 1060 1790 1125; x_wconf 87' lang='lat' dir='ltr'>concepitque</span> <span class='ocrx_word' id='word_1_140' title='bbox 1812 1096 1824 1119; x_wconf 93' lang='lat'>,</span> <span class='ocrx_word' id='word_1_141' title='bbox 1860 1068 1906 1107; x_wconf 88' lang='lat' dir='ltr'>et</span> <span class='ocrx_word' id='word_1_142' title='bbox 1941 1060 2127 1125; x_wconf 89' lang='lat' dir='ltr'>peperit</span> <span class='ocrx_word' id='word_1_143' title='bbox 2156 1059 2307 1108; x_wconf 87' lang='lat' dir='ltr'>filium</span> <span class='ocrx_word' id='word_1_144' title='bbox 2342 1063 2389 1108; x_wconf 91' lang='lat' dir='ltr'>in</span> 
     </span>
     <span class='ocr_line' id='line_1_13' title="bbox 254 1139 2393 1206; baseline 0.001 -21"><span class='ocrx_word' id='word_1_145' title='bbox 254 1149 496 1188; x_wconf 89' lang='lat' dir='ltr'>senectute</span> <span class='ocrx_word' id='word_1_146' title='bbox 518 1157 620 1200; x_wconf 92' lang='lat' dir='ltr'>sua,</span> <span class='ocrx_word' id='word_1_147' title='bbox 647 1149 866 1206; x_wconf 90' lang='lat' dir='ltr'>tempore</span> <span class='ocrx_word' id='word_1_148' title='bbox 884 1157 984 1204; x_wconf 90' lang='lat' dir='ltr'>quo</span> <span class='ocrx_word' id='word_1_149' title='bbox 1003 1139 1283 1206; x_wconf 79' lang='lat' dir='ltr'>praedixerat</span> <span class='ocrx_word' id='word_1_150' title='bbox 1306 1140 1373 1187; x_wconf 90' lang='lat' dir='ltr'>eis</span> <span class='ocrx_word' id='word_1_151' title='bbox 1395 1141 1648 1188; x_wconf 91' lang='lat' dir='ltr'>Dominus.</span> <span class='ocrx_word' id='word_1_152' title='bbox 1676 1160 1699 1184; x_wconf 70' lang='lat' dir='ltr'>n</span> <span class='ocrx_word' id='word_1_153' title='bbox 1728 1143 1793 1188; x_wconf 87' lang='lat' dir='ltr'>Ex</span> <span class='ocrx_word' id='word_1_154' title='bbox 1817 1139 1991 1205; x_wconf 90' lang='lat' dir='ltr'>quibus</span> <span class='ocrx_word' id='word_1_155' title='bbox 2014 1140 2212 1206; x_wconf 91' lang='lat' dir='ltr'>quidem</span> <span class='ocrx_word' id='word_1_156' title='bbox 2236 1141 2393 1189; x_wconf 79' lang='lat' dir='ltr'>verbis</span> 
     </span>
     <span class='ocr_line' id='line_1_14' title="bbox 251 1219 2389 1287; baseline 0.001 -21"><span class='ocrx_word' id='word_1_157' title='bbox 251 1235 351 1267; x_wconf 91' lang='lat' dir='ltr'>non</span> <span class='ocrx_word' id='word_1_158' title='bbox 374 1221 484 1268; x_wconf 88' lang='lat' dir='ltr'>satis</span> <span class='ocrx_word' id='word_1_159' title='bbox 505 1220 657 1286; x_wconf 86' lang='lat' dir='ltr'>liquet</span> <span class='ocrx_word' id='word_1_160' title='bbox 677 1237 789 1268; x_wconf 90' lang='lat' dir='ltr'>cum</span> <span class='ocrx_word' id='word_1_161' title='bbox 811 1219 1005 1285; x_wconf 84' lang='lat' dir='ltr'>dicitur,</span> <span class='ocrx_word' id='word_1_162' title='bbox 1031 1240 1055 1266; x_wconf 83' lang='grc' dir='ltr'><strong>α</strong></span> <span class='ocrx_word' id='word_1_163' title='bbox 1075 1220 1166 1268; x_wconf 88' lang='lat' dir='ltr'>erit</span> <span class='ocrx_word' id='word_1_164' title='bbox 1187 1221 1312 1267; x_wconf 87' lang='lat' dir='ltr'>Sarae</span> <span class='ocrx_word' id='word_1_165' title='bbox 1340 1220 1486 1280; x_wconf 85' lang='lat' dir='ltr'>filius,</span> <span class='ocrx_word' id='word_1_166' title='bbox 1509 1239 1532 1265; x_wconf 92' lang='lat'>»</span> <span class='ocrx_word' id='word_1_167' title='bbox 1558 1237 1620 1268; x_wconf 89' lang='lat' dir='ltr'>an</span> <span class='ocrx_word' id='word_1_168' title='bbox 1650 1220 1710 1267; x_wconf 93' lang='lat' dir='ltr'>de</span> <span class='ocrx_word' id='word_1_169' title='bbox 1734 1229 1970 1285; x_wconf 90' lang='lat' dir='ltr'>conceptu</span> <span class='ocrx_word' id='word_1_170' title='bbox 1996 1221 2098 1285; x_wconf 90' lang='lat' dir='ltr'>ejus</span> <span class='ocrx_word' id='word_1_171' title='bbox 2125 1221 2224 1269; x_wconf 89' lang='lat' dir='ltr'>sive</span> <span class='ocrx_word' id='word_1_172' title='bbox 2252 1232 2389 1287; x_wconf 89' lang='lat' dir='ltr'>partu</span> 
     </span>
     <span class='ocr_line' id='line_1_15' title="bbox 252 1299 2388 1366; baseline 0.002 -21"><span class='ocrx_word' id='word_1_173' title='bbox 252 1299 313 1346; x_wconf 90' lang='lat' dir='ltr'>sit</span> <span class='ocrx_word' id='word_1_174' title='bbox 334 1299 716 1366; x_wconf 85' lang='lat' dir='ltr'>intelligendum.</span> <span class='ocrx_word' id='word_1_175' title='bbox 746 1303 867 1349; x_wconf 90' lang='lat' dir='ltr'>Cum</span> <span class='ocrx_word' id='word_1_176' title='bbox 889 1310 1053 1349; x_wconf 88' lang='lat' dir='ltr'>autem</span> <span class='ocrx_word' id='word_1_177' title='bbox 1077 1300 1252 1348; x_wconf 88' lang='lat' dir='ltr'>dicitur</span> <span class='ocrx_word' id='word_1_178' title='bbox 1277 1301 1364 1347; x_wconf 91' lang='lat' dir='ltr'>«in</span> <span class='ocrx_word' id='word_1_179' title='bbox 1390 1310 1633 1348; x_wconf 90' lang='lat' dir='ltr'>senectute</span> <span class='ocrx_word' id='word_1_180' title='bbox 1654 1317 1767 1361; x_wconf 87' lang='lat' dir='ltr'>sua,</span> <span class='ocrx_word' id='word_1_181' title='bbox 1791 1319 1813 1344; x_wconf 87' lang='lat'>»</span> <span class='ocrx_word' id='word_1_182' title='bbox 1837 1309 2055 1365; x_wconf 89' lang='lat' dir='ltr'>patenter</span> <span class='ocrx_word' id='word_1_183' title='bbox 2078 1300 2237 1349; x_wconf 92' lang='lat' dir='ltr'>innuit</span> <span class='ocrx_word' id='word_1_184' title='bbox 2259 1302 2388 1366; x_wconf 89' lang='lat' dir='ltr'>quod</span> 
     </span>
     <span class='ocr_line' id='line_1_16' title="bbox 253 1379 2384 1445; baseline 0.001 -19"><span class='ocrx_word' id='word_1_185' title='bbox 253 1379 388 1440; x_wconf 84' lang='lat' dir='ltr'>dixit,</span> <span class='ocrx_word' id='word_1_186' title='bbox 421 1380 572 1430; x_wconf 87' lang='lat' dir='ltr'>filium</span> <span class='ocrx_word' id='word_1_187' title='bbox 599 1381 731 1434; x_wconf 85' lang='lat' dir='ltr'>hunc</span> <span class='ocrx_word' id='word_1_188' title='bbox 762 1398 862 1429; x_wconf 89' lang='lat' dir='ltr'>non</span> <span class='ocrx_word' id='word_1_189' title='bbox 892 1391 992 1431; x_wconf 84' lang='lat' dir='ltr'>tam</span> <span class='ocrx_word' id='word_1_190' title='bbox 1023 1397 1125 1428; x_wconf 87' lang='lat' dir='ltr'>esse</span> <span class='ocrx_word' id='word_1_191' title='bbox 1146 1380 1303 1428; x_wconf 87' lang='lat' dir='ltr'>carnis</span> <span class='ocrx_word' id='word_1_192' title='bbox 1326 1395 1475 1443; x_wconf 89' lang='lat' dir='ltr'>quam</span> <span class='ocrx_word' id='word_1_193' title='bbox 1504 1380 1853 1445; x_wconf 88' lang='lat' dir='ltr'>promissionis,</span> <span class='ocrx_word' id='word_1_194' title='bbox 1888 1380 1939 1427; x_wconf 92' lang='lat' dir='ltr'>id</span> <span class='ocrx_word' id='word_1_195' title='bbox 1961 1390 2032 1428; x_wconf 88' lang='lat' dir='ltr'>est</span> <span class='ocrx_word' id='word_1_196' title='bbox 2060 1398 2159 1429; x_wconf 92' lang='lat' dir='ltr'>non</span> <span class='ocrx_word' id='word_1_197' title='bbox 2185 1391 2384 1440; x_wconf 66' lang='lat' dir='ltr'>naturae,</span> 
     </span>
     <span class='ocr_line' id='line_1_17' title="bbox 252 1459 2388 1524; baseline 0.001 -17"><span class='ocrx_word' id='word_1_198' title='bbox 252 1460 335 1518; x_wconf 87' lang='lat' dir='ltr'>sed</span> <span class='ocrx_word' id='word_1_199' title='bbox 360 1462 534 1524; x_wconf 81' lang='lat' dir='ltr'>gratiae.</span> <span class='ocrx_word' id='word_1_200' title='bbox 563 1464 620 1509; x_wconf 88' lang='lat' dir='ltr'>Et</span> <span class='ocrx_word' id='word_1_201' title='bbox 642 1461 753 1511; x_wconf 90' lang='lat' dir='ltr'>licet</span> <span class='ocrx_word' id='word_1_202' title='bbox 776 1461 960 1509; x_wconf 91' lang='lat' dir='ltr'>dictum</span> <span class='ocrx_word' id='word_1_203' title='bbox 981 1461 1058 1522; x_wconf 88' lang='lat' dir='ltr'>sit,</span> <span class='ocrx_word' id='word_1_204' title='bbox 1089 1463 1181 1507; x_wconf 73' lang='lat' dir='ltr'>«Iu</span> <span class='ocrx_word' id='word_1_205' title='bbox 1210 1462 1339 1507; x_wconf 88' lang='lat' dir='ltr'>Isaac</span> <span class='ocrx_word' id='word_1_206' title='bbox 1363 1459 1615 1507; x_wconf 87' lang='lat' dir='ltr'>vocabitur</span> <span class='ocrx_word' id='word_1_207' title='bbox 1640 1459 1728 1506; x_wconf 91' lang='lat' dir='ltr'>tibi</span> <span class='ocrx_word' id='word_1_208' title='bbox 1761 1477 1945 1520; x_wconf 88' lang='lat' dir='ltr'>semen,</span> <span class='ocrx_word' id='word_1_209' title='bbox 1963 1479 1987 1505; x_wconf 89' lang='lat'>»</span> <span class='ocrx_word' id='word_1_210' title='bbox 2015 1477 2115 1508; x_wconf 91' lang='lat' dir='ltr'>non</span> <span class='ocrx_word' id='word_1_211' title='bbox 2145 1471 2302 1509; x_wconf 90' lang='lat' dir='ltr'>tamen</span> <span class='ocrx_word' id='word_1_212' title='bbox 2341 1462 2388 1509; x_wconf 91' lang='lat' dir='ltr'>in</span> 
     </span>
     <span class='ocr_line' id='line_1_18' title="bbox 253 1539 2391 1606; baseline 0.001 -20"><span class='ocrx_word' id='word_1_213' title='bbox 253 1540 479 1588; x_wconf 88' lang='lat' dir='ltr'>omnibus</span> <span class='ocrx_word' id='word_1_214' title='bbox 501 1558 557 1589; x_wconf 88' lang='lat' dir='ltr'>ex</span> <span class='ocrx_word' id='word_1_215' title='bbox 582 1545 711 1589; x_wconf 88' lang='lat' dir='ltr'>Isaac</span> <span class='ocrx_word' id='word_1_216' title='bbox 733 1541 1000 1589; x_wconf 74' lang='lat' dir='ltr'>secundom</span> <span class='ocrx_word' id='word_1_217' title='bbox 1022 1556 1219 1588; x_wconf 88' lang='lat' dir='ltr'>carnem</span> <span class='ocrx_word' id='word_1_218' title='bbox 1241 1539 1507 1601; x_wconf 81' lang='lat' dir='ltr'>nascituris,</span> <span class='ocrx_word' id='word_1_219' title='bbox 1534 1555 1646 1586; x_wconf 91' lang='lat' dir='ltr'>cum</span> <span class='ocrx_word' id='word_1_220' title='bbox 1668 1539 1770 1604; x_wconf 92' lang='lat' dir='ltr'>ipse</span> <span class='ocrx_word' id='word_1_221' title='bbox 1786 1540 1942 1588; x_wconf 85' lang='lat' dir='ltr'>statim</span> <span class='ocrx_word' id='word_1_222' title='bbox 1958 1543 2083 1588; x_wconf 90' lang='lat' dir='ltr'>Esau</span> <span class='ocrx_word' id='word_1_223' title='bbox 2109 1541 2391 1606; x_wconf 87' lang='lat' dir='ltr'>reprobatus</span> 
     </span>
     <span class='ocr_line' id='line_1_19' title="bbox 253 1619 2388 1685; baseline 0.001 -20"><span class='ocrx_word' id='word_1_224' title='bbox 253 1620 328 1680; x_wconf 87' lang='lat' dir='ltr'>sit,</span> <span class='ocrx_word' id='word_1_225' title='bbox 355 1630 402 1668; x_wconf 88' lang='lat' dir='ltr'>et</span> <span class='ocrx_word' id='word_1_226' title='bbox 419 1622 550 1671; x_wconf 87' lang='lat' dir='ltr'>solus</span> <span class='ocrx_word' id='word_1_227' title='bbox 567 1621 716 1670; x_wconf 87' lang='lat' dir='ltr'>Jacob</span> <span class='ocrx_word' id='word_1_228' title='bbox 735 1638 764 1669; x_wconf 91' lang='lat' dir='ltr'>a</span> <span class='ocrx_word' id='word_1_229' title='bbox 782 1624 886 1669; x_wconf 91' lang='lat' dir='ltr'>Deo</span> <span class='ocrx_word' id='word_1_230' title='bbox 909 1620 1104 1668; x_wconf 89' lang='lat' dir='ltr'>electus.</span> <span class='ocrx_word' id='word_1_231' title='bbox 1132 1619 1277 1678; x_wconf 91' lang='lat' dir='ltr'>Quod</span> <span class='ocrx_word' id='word_1_232' title='bbox 1309 1636 1440 1667; x_wconf 90' lang='lat' dir='ltr'>nunc</span> <span class='ocrx_word' id='word_1_233' title='bbox 1465 1619 1773 1685; x_wconf 84' lang='lat' dir='ltr'>prosequitur</span> <span class='ocrx_word' id='word_1_234' title='bbox 1805 1620 1969 1667; x_wconf 89' lang='lat' dir='ltr'>dicens</span> <span class='ocrx_word' id='word_1_235' title='bbox 1993 1638 2004 1666; x_wconf 77' lang='grc' dir='ltr'><strong><em>ε</em></strong></span> <span class='ocrx_word' id='word_1_236' title='bbox 2046 1641 2068 1665; x_wconf 80' lang='grc' dir='ltr'>α</span> <span class='ocrx_word' id='word_1_237' title='bbox 2099 1623 2206 1668; x_wconf 90' lang='lat' dir='ltr'>Non</span> <span class='ocrx_word' id='word_1_238' title='bbox 2231 1622 2388 1669; x_wconf 84' lang='lat' dir='ltr'>solum</span> 
     </span>
     <span class='ocr_line' id='line_1_20' title="bbox 250 1698 2390 1766; baseline 0.001 -19"><span class='ocrx_word' id='word_1_239' title='bbox 250 1710 410 1748; x_wconf 86' lang='lat' dir='ltr'>autem</span> <span class='ocrx_word' id='word_1_240' title='bbox 430 1701 525 1759; x_wconf 88' lang='lat' dir='ltr'>illa,</span> <span class='ocrx_word' id='word_1_241' title='bbox 559 1720 584 1747; x_wconf 88' lang='lat'>»</span> <span class='ocrx_word' id='word_1_242' title='bbox 621 1702 671 1752; x_wconf 90' lang='lat' dir='ltr'>id</span> <span class='ocrx_word' id='word_1_243' title='bbox 709 1712 779 1750; x_wconf 91' lang='lat' dir='ltr'>est</span> <span class='ocrx_word' id='word_1_244' title='bbox 813 1704 945 1762; x_wconf 86' lang='lat' dir='ltr'>Sara,</span> <span class='ocrx_word' id='word_1_245' title='bbox 978 1700 1186 1749; x_wconf 89' lang='lat' dir='ltr'>subaudi</span> <span class='ocrx_word' id='word_1_246' title='bbox 1212 1700 1584 1766; x_wconf 88' lang='lat' dir='ltr'>promissionem</span> <span class='ocrx_word' id='word_1_247' title='bbox 1608 1698 1778 1748; x_wconf 89' lang='lat' dir='ltr'>habuit</span> <span class='ocrx_word' id='word_1_248' title='bbox 1812 1700 1874 1748; x_wconf 93' lang='lat' dir='ltr'>de</span> <span class='ocrx_word' id='word_1_249' title='bbox 1907 1700 2042 1766; x_wconf 87' lang='lat' dir='ltr'>prole</span> <span class='ocrx_word' id='word_1_250' title='bbox 2083 1717 2113 1749; x_wconf 89' lang='lat' dir='ltr'>a</span> <span class='ocrx_word' id='word_1_251' title='bbox 2148 1704 2272 1764; x_wconf 88' lang='lat' dir='ltr'>Deo,</span> <span class='ocrx_word' id='word_1_252' title='bbox 2305 1703 2390 1750; x_wconf 88' lang='lat' dir='ltr'>sed</span> 
     </span>
     <span class='ocr_line' id='line_1_21' title="bbox 250 1780 2387 1847; baseline 0.002 -20"><span class='ocrx_word' id='word_1_253' title='bbox 250 1781 395 1828; x_wconf 88' lang='lat' dir='ltr'>etiam</span> <span class='ocrx_word' id='word_1_254' title='bbox 431 1782 645 1831; x_wconf 89' lang='lat' dir='ltr'>Rebecca</span> <span class='ocrx_word' id='word_1_255' title='bbox 674 1783 774 1846; x_wconf 88' lang='lat' dir='ltr'>jam</span> <span class='ocrx_word' id='word_1_256' title='bbox 811 1781 1007 1847; x_wconf 91' lang='lat' dir='ltr'>quidem</span> <span class='ocrx_word' id='word_1_257' title='bbox 1042 1780 1228 1829; x_wconf 90' lang='lat' dir='ltr'>habens</span> <span class='ocrx_word' id='word_1_258' title='bbox 1263 1781 1311 1828; x_wconf 91' lang='lat' dir='ltr'>in</span> <span class='ocrx_word' id='word_1_259' title='bbox 1349 1790 1505 1840; x_wconf 90' lang='lat' dir='ltr'>utero,</span> <span class='ocrx_word' id='word_1_260' title='bbox 1540 1790 1799 1845; x_wconf 73' lang='lat' dir='ltr'>antequam</span> <span class='ocrx_word' id='word_1_261' title='bbox 1823 1780 2000 1829; x_wconf 87' lang='lat' dir='ltr'>scilicet</span> <span class='ocrx_word' id='word_1_262' title='bbox 2023 1782 2387 1847; x_wconf 88' lang='lat' dir='ltr'>promissionem</span> 
     </span>
     <span class='ocr_line' id='line_1_22' title="bbox 251 1859 2389 1928; baseline 0.002 -22"><span class='ocrx_word' id='word_1_263' title='bbox 251 1859 379 1908; x_wconf 90' lang='lat' dir='ltr'>illam</span> <span class='ocrx_word' id='word_1_264' title='bbox 410 1861 628 1923; x_wconf 86' lang='lat' dir='ltr'>haberet,</span> <span class='ocrx_word' id='word_1_265' title='bbox 667 1861 896 1910; x_wconf 76' lang='lat' dir='ltr'>«habens</span> <span class='ocrx_word' id='word_1_266' title='bbox 916 1882 939 1906; x_wconf 74' lang='lat'>2&gt;</span> <span class='ocrx_word' id='word_1_267' title='bbox 977 1862 1176 1926; x_wconf 87' lang='lat' dir='ltr'>inquam</span> <span class='ocrx_word' id='word_1_268' title='bbox 1214 1861 1264 1908; x_wconf 92' lang='lat' dir='ltr'>in</span> <span class='ocrx_word' id='word_1_269' title='bbox 1299 1871 1456 1923; x_wconf 88' lang='lat' dir='ltr'>utero,</span> <span class='ocrx_word' id='word_1_270' title='bbox 1499 1879 1524 1906; x_wconf 87' lang='lat'>«</span> <span class='ocrx_word' id='word_1_271' title='bbox 1554 1878 1612 1908; x_wconf 84' lang='lat' dir='ltr'>ex</span> <span class='ocrx_word' id='word_1_272' title='bbox 1650 1876 1751 1908; x_wconf 89' lang='lat' dir='ltr'>uno</span> <span class='ocrx_word' id='word_1_273' title='bbox 1791 1861 2051 1910; x_wconf 83' lang='lat' dir='ltr'>concubitu</span> <span class='ocrx_word' id='word_1_274' title='bbox 2085 1865 2213 1910; x_wconf 88' lang='lat' dir='ltr'>Isaac</span> <span class='ocrx_word' id='word_1_275' title='bbox 2245 1865 2389 1928; x_wconf 88' lang='lat' dir='ltr'>patris</span> 
     </span>
     <span class='ocr_line' id='line_1_23' title="bbox 251 1941 2388 2008; baseline 0.003 -23"><span class='ocrx_word' id='word_1_276' title='bbox 251 1942 400 1988; x_wconf 77' lang='lat' dir='ltr'>nostri</span> <span class='ocrx_word' id='word_1_277' title='bbox 419 1952 672 1990; x_wconf 88' lang='lat' dir='ltr'>»nontam</span> <span class='ocrx_word' id='word_1_278' title='bbox 694 1959 780 2008; x_wconf 91' lang='lat' dir='ltr'>per</span> <span class='ocrx_word' id='word_1_279' title='bbox 804 1958 999 1990; x_wconf 88' lang='lat' dir='ltr'>carnem</span> <span class='ocrx_word' id='word_1_280' title='bbox 1014 1958 1162 2006; x_wconf 88' lang='lat' dir='ltr'>quam</span> <span class='ocrx_word' id='word_1_281' title='bbox 1178 1958 1264 2007; x_wconf 87' lang='lat' dir='ltr'>per</span> <span class='ocrx_word' id='word_1_282' title='bbox 1283 1941 1446 1989; x_wconf 85' lang='lat' dir='ltr'>fidem.</span> <span class='ocrx_word' id='word_1_283' title='bbox 1469 1943 1529 1988; x_wconf 92' lang='lat' dir='ltr'>Et</span> <span class='ocrx_word' id='word_1_284' title='bbox 1546 1958 1659 1989; x_wconf 86' lang='lat' dir='ltr'>vere</span> <span class='ocrx_word' id='word_1_285' title='bbox 1677 1942 2048 2006; x_wconf 87' lang='lat' dir='ltr'>promissionem</span> <span class='ocrx_word' id='word_1_286' title='bbox 2065 1942 2191 1991; x_wconf 89' lang='lat' dir='ltr'>hanc</span> <span class='ocrx_word' id='word_1_287' title='bbox 2217 1943 2388 1991; x_wconf 87' lang='lat' dir='ltr'>eodem</span> 
     </span>
     <span class='ocr_line' id='line_1_24' title="bbox 250 2021 2389 2088; baseline 0.002 -22"><span class='ocrx_word' id='word_1_288' title='bbox 250 2021 398 2069; x_wconf 90' lang='lat' dir='ltr'>modo</span> <span class='ocrx_word' id='word_1_289' title='bbox 425 2021 629 2085; x_wconf 86' lang='lat' dir='ltr'>babuit,</span> <span class='ocrx_word' id='word_1_290' title='bbox 665 2025 838 2088; x_wconf 76' lang='lat' dir='ltr'>quam³</span> <span class='ocrx_word' id='word_1_291' title='bbox 869 2023 1008 2071; x_wconf 87' lang='lat' dir='ltr'>istam</span> <span class='ocrx_word' id='word_1_292' title='bbox 1039 2022 1100 2069; x_wconf 92' lang='lat' dir='ltr'>de</span> <span class='ocrx_word' id='word_1_293' title='bbox 1133 2023 1367 2070; x_wconf 88' lang='lat' dir='ltr'>electione</span> <span class='ocrx_word' id='word_1_294' title='bbox 1402 2021 1581 2070; x_wconf 90' lang='lat' dir='ltr'>scilicet</span> <span class='ocrx_word' id='word_1_295' title='bbox 1612 2022 1815 2069; x_wconf 90' lang='lat' dir='ltr'>minoris</span> <span class='ocrx_word' id='word_1_296' title='bbox 1848 2022 1956 2084; x_wconf 87' lang='lat' dir='ltr'>filii,</span> <span class='ocrx_word' id='word_1_297' title='bbox 1998 2022 2134 2087; x_wconf 91' lang='lat' dir='ltr'>quod</span> <span class='ocrx_word' id='word_1_298' title='bbox 2168 2023 2389 2071; x_wconf 83' lang='lat' dir='ltr'>videlicet</span> 
     </span>
     <span class='ocr_line' id='line_1_25' title="bbox 250 2101 2390 2165; baseline 0.002 -18"><span class='ocrx_word' id='word_1_299' title='bbox 250 2101 402 2165; x_wconf 87' lang='lat' dir='ltr'>major</span> <span class='ocrx_word' id='word_1_300' title='bbox 423 2103 621 2150; x_wconf 85' lang='lat' dir='ltr'>serviret</span> <span class='ocrx_word' id='word_1_301' title='bbox 646 2103 838 2151; x_wconf 85' lang='lat' dir='ltr'>minori.</span> <span class='ocrx_word' id='word_1_302' title='bbox 866 2106 925 2150; x_wconf 91' lang='lat' dir='ltr'>Et</span> <span class='ocrx_word' id='word_1_303' title='bbox 948 2103 1044 2150; x_wconf 91' lang='lat' dir='ltr'>hoc</span> <span class='ocrx_word' id='word_1_304' title='bbox 1066 2112 1154 2161; x_wconf 92' lang='lat' dir='ltr'>est,</span> <span class='ocrx_word' id='word_1_305' title='bbox 1179 2122 1202 2147; x_wconf 92' lang='lat'>«</span> <span class='ocrx_word' id='word_1_306' title='bbox 1227 2105 1350 2149; x_wconf 87' lang='lat' dir='ltr'>Cum</span> <span class='ocrx_word' id='word_1_307' title='bbox 1373 2102 1503 2149; x_wconf 91' lang='lat' dir='ltr'>enim</span> <span class='ocrx_word' id='word_1_308' title='bbox 1525 2101 1747 2150; x_wconf 89' lang='lat' dir='ltr'>nondum</span> <span class='ocrx_word' id='word_1_309' title='bbox 1777 2102 1876 2149; x_wconf 86' lang='lat' dir='ltr'>nati</span> <span class='ocrx_word' id='word_1_310' title='bbox 1910 2113 2082 2162; x_wconf 89' lang='lat' dir='ltr'>essent,</span> <span class='ocrx_word' id='word_1_311' title='bbox 2107 2122 2130 2146; x_wconf 87' lang='lat'>»</span> <span class='ocrx_word' id='word_1_312' title='bbox 2163 2103 2231 2150; x_wconf 93' lang='lat' dir='ltr'>illi</span> <span class='ocrx_word' id='word_1_313' title='bbox 2254 2103 2390 2151; x_wconf 89' lang='lat' dir='ltr'>vide-</span> 
     </span>
     <span class='ocr_line' id='line_1_26' title="bbox 241 2170 2389 2246; baseline 0.001 -20"><span class='ocrx_word' id='word_1_314' title='bbox 241 2170 357 2227; x_wconf 88' lang='lat' dir='ltr'>licet</span> <span class='ocrx_word' id='word_1_315' title='bbox 378 2198 501 2246; x_wconf 92' lang='lat' dir='ltr'>quos</span> <span class='ocrx_word' id='word_1_316' title='bbox 525 2183 614 2230; x_wconf 87' lang='lat' dir='ltr'>ista</span> <span class='ocrx_word' id='word_1_317' title='bbox 636 2183 808 2230; x_wconf 90' lang='lat' dir='ltr'>habuit</span> <span class='ocrx_word' id='word_1_318' title='bbox 827 2199 885 2230; x_wconf 86' lang='lat' dir='ltr'>ex</span> <span class='ocrx_word' id='word_1_319' title='bbox 908 2186 1054 2241; x_wconf 88' lang='lat' dir='ltr'>Isaac,</span> <span class='ocrx_word' id='word_1_320' title='bbox 1085 2202 1107 2226; x_wconf 89' lang='lat'>«</span> <span class='ocrx_word' id='word_1_321' title='bbox 1125 2191 1209 2230; x_wconf 85' lang='lat' dir='ltr'>aut</span> <span class='ocrx_word' id='word_1_322' title='bbox 1241 2181 1444 2246; x_wconf 87' lang='lat' dir='ltr'>aliquid,</span> <span class='ocrx_word' id='word_1_323' title='bbox 1460 2200 1485 2227; x_wconf 87' lang='lat'>»</span> <span class='ocrx_word' id='word_1_324' title='bbox 1510 2181 1561 2228; x_wconf 94' lang='lat' dir='ltr'>id</span> <span class='ocrx_word' id='word_1_325' title='bbox 1590 2191 1677 2241; x_wconf 91' lang='lat' dir='ltr'>est,</span> <span class='ocrx_word' id='word_1_326' title='bbox 1711 2196 1801 2229; x_wconf 89' lang='lat' dir='ltr'>nec</span> <span class='ocrx_word' id='word_1_327' title='bbox 1835 2181 2031 2246; x_wconf 87' lang='lat' dir='ltr'>aliquod</span> <span class='ocrx_word' id='word_1_328' title='bbox 2054 2181 2212 2230; x_wconf 90' lang='lat' dir='ltr'>adhuc</span> <span class='ocrx_word' id='word_1_329' title='bbox 2247 2184 2389 2229; x_wconf 78' lang='lat' dir='ltr'>meri·-</span> 
     </span>
     <span class='ocr_line' id='line_1_27' title="bbox 251 2261 2387 2327; baseline 0.002 -21"><span class='ocrx_word' id='word_1_330' title='bbox 251 2269 352 2308; x_wconf 88' lang='lat' dir='ltr'>tum</span> <span class='ocrx_word' id='word_1_331' title='bbox 383 2261 616 2310; x_wconf 87' lang='lat' dir='ltr'>haberent</span> <span class='ocrx_word' id='word_1_332' title='bbox 650 2280 707 2311; x_wconf 87' lang='lat' dir='ltr'>ex</span> <span class='ocrx_word' id='word_1_333' title='bbox 737 2263 870 2311; x_wconf 87' lang='lat' dir='ltr'>bono</span> <span class='ocrx_word' id='word_1_334' title='bbox 904 2262 979 2310; x_wconf 85' lang='lat' dir='ltr'>vel</span> <span class='ocrx_word' id='word_1_335' title='bbox 1010 2262 1140 2310; x_wconf 90' lang='lat' dir='ltr'>malo</span> <span class='ocrx_word' id='word_1_336' title='bbox 1179 2278 1325 2327; x_wconf 86' lang='lat' dir='ltr'>opere</span> <span class='ocrx_word' id='word_1_337' title='bbox 1361 2278 1466 2309; x_wconf 90' lang='lat' dir='ltr'>suo.</span> <span class='ocrx_word' id='word_1_338' title='bbox 1495 2264 1654 2309; x_wconf 89' lang='lat' dir='ltr'>Potest</span> <span class='ocrx_word' id='word_1_339' title='bbox 1678 2263 1858 2327; x_wconf 89' lang='lat' dir='ltr'>quippe</span> <span class='ocrx_word' id='word_1_340' title='bbox 1879 2262 2157 2327; x_wconf 86' lang='lat' dir='ltr'>contingere</span> <span class='ocrx_word' id='word_1_341' title='bbox 2178 2272 2230 2309; x_wconf 90' lang='lat' dir='ltr'>ut</span> <span class='ocrx_word' id='word_1_342' title='bbox 2252 2280 2387 2311; x_wconf 89' lang='lat' dir='ltr'>more</span> 
     </span>
     <span class='ocr_line' id='line_1_28' title="bbox 251 2341 2385 2409; baseline 0.001 -22"><span class='ocrx_word' id='word_1_343' title='bbox 251 2341 494 2390; x_wconf 80' lang='lat' dir='ltr'>Hieremiae</span> <span class='ocrx_word' id='word_1_344' title='bbox 538 2342 613 2391; x_wconf 82' lang='lat' dir='ltr'>vel</span> <span class='ocrx_word' id='word_1_345' title='bbox 650 2344 848 2391; x_wconf 83' lang='lat' dir='ltr'>Joannis</span> <span class='ocrx_word' id='word_1_346' title='bbox 893 2344 1111 2409; x_wconf 83' lang='lat' dir='ltr'>Baptistae</span> <span class='ocrx_word' id='word_1_347' title='bbox 1151 2343 1202 2390; x_wconf 92' lang='lat' dir='ltr'>in</span> <span class='ocrx_word' id='word_1_348' title='bbox 1242 2352 1380 2390; x_wconf 89' lang='lat' dir='ltr'>utero</span> <span class='ocrx_word' id='word_1_349' title='bbox 1423 2341 1678 2390; x_wconf 86' lang='lat' dir='ltr'>illuminati</span> <span class='ocrx_word' id='word_1_350' title='bbox 1721 2345 1879 2390; x_wconf 91' lang='lat' dir='ltr'>Deum</span> <span class='ocrx_word' id='word_1_351' title='bbox 1917 2353 2296 2406; x_wconf 88' lang='lat' dir='ltr'>cognoscerent,</span> <span class='ocrx_word' id='word_1_352' title='bbox 2341 2354 2385 2390; x_wconf 88' lang='lat' dir='ltr'>et</span> 
     </span>
     <span class='ocr_line' id='line_1_29' title="bbox 243 2421 2386 2488; baseline 0.001 -20"><span class='ocrx_word' id='word_1_353' title='bbox 243 2421 343 2483; x_wconf 88' lang='lat' dir='ltr'>jam</span> <span class='ocrx_word' id='word_1_354' title='bbox 365 2438 478 2471; x_wconf 87' lang='lat' dir='ltr'>eum</span> <span class='ocrx_word' id='word_1_355' title='bbox 502 2422 749 2487; x_wconf 87' lang='lat' dir='ltr'>diligendo</span> <span class='ocrx_word' id='word_1_356' title='bbox 774 2423 848 2471; x_wconf 87' lang='lat' dir='ltr'>vel</span> <span class='ocrx_word' id='word_1_357' title='bbox 879 2440 978 2471; x_wconf 91' lang='lat' dir='ltr'>non</span> <span class='ocrx_word' id='word_1_358' title='bbox 1004 2423 1251 2488; x_wconf 86' lang='lat' dir='ltr'>diligendo</span> <span class='ocrx_word' id='word_1_359' title='bbox 1288 2423 1471 2488; x_wconf 88' lang='lat' dir='ltr'>aliquid</span> <span class='ocrx_word' id='word_1_360' title='bbox 1509 2432 1834 2483; x_wconf 87' lang='lat' dir='ltr'>mererentur,</span> <span class='ocrx_word' id='word_1_361' title='bbox 1871 2432 1924 2470; x_wconf 86' lang='lat' dir='ltr'>ut</span> <span class='ocrx_word' id='word_1_362' title='bbox 1943 2425 1957 2448; x_wconf 77' lang='lat'>¹·</span> <span class='ocrx_word' id='word_1_363' title='bbox 1963 2459 2061 2471; x_wconf 91' lang='grc'><strong>.....</strong></span> <span class='ocrx_word' id='word_1_364' title='bbox 2091 2423 2270 2471; x_wconf 89' lang='lat' dir='ltr'>scilicet</span> <span class='ocrx_word' id='word_1_365' title='bbox 2302 2426 2386 2488; x_wconf 90' lang='lat' dir='ltr'>qui</span> 
     </span>
     <span class='ocr_line' id='line_1_30' title="bbox 247 2503 2380 2570; baseline 0 -22"><span class='ocrx_word' id='word_1_366' title='bbox 247 2503 468 2552; x_wconf 89' lang='lat' dir='ltr'>nondum</span> <span class='ocrx_word' id='word_1_367' title='bbox 491 2503 671 2569; x_wconf 83' lang='lat' dir='ltr'>aliquid</span> <span class='ocrx_word' id='word_1_368' title='bbox 681 2515 1066 2570; x_wconf 86' lang='lat' dir='ltr'>promeruerant.</span> <span class='ocrx_word' id='word_1_369' title='bbox 1085 2525 1107 2549; x_wconf 77' lang='grc' dir='ltr'><strong>α</strong></span> <span class='ocrx_word' id='word_1_370' title='bbox 1121 2506 1337 2554; x_wconf 86' lang='lat' dir='ltr'>Maneret</span> <span class='ocrx_word' id='word_1_371' title='bbox 1350 2504 1654 2570; x_wconf 86' lang='lat' dir='ltr'>propositum</span> <span class='ocrx_word' id='word_1_372' title='bbox 1668 2504 1756 2551; x_wconf 92' lang='lat' dir='ltr'>Dei</span> <span class='ocrx_word' id='word_1_373' title='bbox 1775 2503 2043 2552; x_wconf 91' lang='lat' dir='ltr'>secundum</span> <span class='ocrx_word' id='word_1_374' title='bbox 2059 2505 2380 2552; x_wconf 88' lang='lat' dir='ltr'>electionem»</span> 
     </span>
     <span class='ocr_line' id='line_1_31' title="bbox 248 2583 2384 2651; baseline 0.001 -22"><span class='ocrx_word' id='word_1_375' title='bbox 248 2583 395 2647; x_wconf 92' lang='lat' dir='ltr'>ipsius</span> <span class='ocrx_word' id='word_1_376' title='bbox 416 2585 466 2632; x_wconf 92' lang='lat' dir='ltr'>in</span> <span class='ocrx_word' id='word_1_377' title='bbox 491 2583 641 2635; x_wconf 82' lang='lat' dir='ltr'>altero</span> <span class='ocrx_word' id='word_1_378' title='bbox 664 2586 898 2651; x_wconf 87' lang='lat' dir='ltr'>ipsorum,</span> <span class='ocrx_word' id='word_1_379' title='bbox 925 2585 976 2633; x_wconf 94' lang='lat' dir='ltr'>id</span> <span class='ocrx_word' id='word_1_380' title='bbox 996 2595 1068 2634; x_wconf 86' lang='lat' dir='ltr'>est</span> <span class='ocrx_word' id='word_1_381' title='bbox 1089 2585 1140 2632; x_wconf 90' lang='lat' dir='ltr'>in</span> <span class='ocrx_word' id='word_1_382' title='bbox 1162 2584 1329 2645; x_wconf 87' lang='lat' dir='ltr'>Jacob,</span> <span class='ocrx_word' id='word_1_383' title='bbox 1360 2600 1461 2631; x_wconf 91' lang='lat' dir='ltr'>non</span> <span class='ocrx_word' id='word_1_384' title='bbox 1499 2584 1548 2630; x_wconf 93' lang='lat' dir='ltr'>in</span> <span class='ocrx_word' id='word_1_385' title='bbox 1584 2585 1726 2644; x_wconf 88' lang='lat' dir='ltr'>Esau,</span> <span class='ocrx_word' id='word_1_386' title='bbox 1767 2584 1817 2631; x_wconf 93' lang='lat' dir='ltr'>id</span> <span class='ocrx_word' id='word_1_387' title='bbox 1859 2594 1948 2643; x_wconf 91' lang='lat' dir='ltr'>est,</span> <span class='ocrx_word' id='word_1_388' title='bbox 1984 2584 2248 2633; x_wconf 90' lang='lat' dir='ltr'>secundum</span> <span class='ocrx_word' id='word_1_389' title='bbox 2289 2584 2384 2632; x_wconf 89' lang='lat' dir='ltr'>hoc</span> 
     </span>
     <span class='ocr_line' id='line_1_32' title="bbox 249 2663 2382 2731; baseline 0.002 -24"><span class='ocrx_word' id='word_1_390' title='bbox 249 2663 382 2724; x_wconf 88' lang='lat' dir='ltr'>quod</span> <span class='ocrx_word' id='word_1_391' title='bbox 405 2667 532 2712; x_wconf 91' lang='lat' dir='ltr'>Deus</span> <span class='ocrx_word' id='word_1_392' title='bbox 557 2665 684 2730; x_wconf 89' lang='lat' dir='ltr'>apud</span> <span class='ocrx_word' id='word_1_393' title='bbox 705 2683 755 2713; x_wconf 92' lang='lat' dir='ltr'>se</span> <span class='ocrx_word' id='word_1_394' title='bbox 777 2675 1113 2731; x_wconf 88' lang='lat' dir='ltr'>proposuerat,</span> <span class='ocrx_word' id='word_1_395' title='bbox 1141 2675 1188 2714; x_wconf 92' lang='lat' dir='ltr'>et</span> <span class='ocrx_word' id='word_1_396' title='bbox 1212 2666 1259 2712; x_wconf 88' lang='lat' dir='ltr'>in</span> <span class='ocrx_word' id='word_1_397' title='bbox 1291 2664 1439 2713; x_wconf 87' lang='lat' dir='ltr'>altero</span> <span class='ocrx_word' id='word_1_398' title='bbox 1465 2664 1771 2728; x_wconf 86' lang='lat' dir='ltr'>providentia</span> <span class='ocrx_word' id='word_1_399' title='bbox 1799 2681 1885 2712; x_wconf 86' lang='lat' dir='ltr'>sua</span> <span class='ocrx_word' id='word_1_400' title='bbox 1920 2664 1981 2712; x_wconf 88' lang='lat' dir='ltr'>ab</span> <span class='ocrx_word' id='word_1_401' title='bbox 2019 2674 2194 2712; x_wconf 87' lang='lat' dir='ltr'>aeterno</span> <span class='ocrx_word' id='word_1_402' title='bbox 2221 2664 2382 2730; x_wconf 89' lang='lat' dir='ltr'>dispo-</span> 
     </span>
     <span class='ocr_line' id='line_1_33' title="bbox 248 2743 2377 2810; baseline 0.001 -22"><span class='ocrx_word' id='word_1_403' title='bbox 248 2752 423 2803; x_wconf 85' lang='lat' dir='ltr'>suerat,</span> <span class='ocrx_word' id='word_1_404' title='bbox 450 2755 665 2792; x_wconf 89' lang='lat' dir='ltr'>maneret</span> <span class='ocrx_word' id='word_1_405' title='bbox 681 2745 851 2793; x_wconf 85' lang='lat' dir='ltr'>electio</span> <span class='ocrx_word' id='word_1_406' title='bbox 873 2745 1039 2803; x_wconf 86' lang='lat' dir='ltr'>Jacob,</span> <span class='ocrx_word' id='word_1_407' title='bbox 1060 2745 1111 2792; x_wconf 87' lang='lat' dir='ltr'>id</span> <span class='ocrx_word' id='word_1_408' title='bbox 1132 2754 1218 2804; x_wconf 91' lang='lat' dir='ltr'>est,</span> <span class='ocrx_word' id='word_1_409' title='bbox 1245 2753 1571 2809; x_wconf 88' lang='lat' dir='ltr'>perseveraret</span> <span class='ocrx_word' id='word_1_410' title='bbox 1591 2743 1851 2791; x_wconf 88' lang='lat' dir='ltr'>immobilis</span> <span class='ocrx_word' id='word_1_411' title='bbox 1875 2743 1976 2807; x_wconf 89' lang='lat' dir='ltr'>ejus</span> <span class='ocrx_word' id='word_1_412' title='bbox 2009 2744 2377 2810; x_wconf 73' lang='lat' dir='ltr'>praedestInatiO.</span> 
     </span>
     <span class='ocr_line' id='line_1_34' title="bbox 251 2821 2381 2889; baseline 0.003 -23"><span class='ocrx_word' id='word_1_413' title='bbox 251 2841 274 2865; x_wconf 93' lang='lat'><strong><em>«</em></strong></span> <span class='ocrx_word' id='word_1_414' title='bbox 293 2824 398 2869; x_wconf 89' lang='lat' dir='ltr'>Non</span> <span class='ocrx_word' id='word_1_415' title='bbox 420 2839 476 2870; x_wconf 90' lang='lat' dir='ltr'>ex</span> <span class='ocrx_word' id='word_1_416' title='bbox 496 2824 739 2888; x_wconf 88' lang='lat' dir='ltr'>operibus,</span> <span class='ocrx_word' id='word_1_417' title='bbox 761 2844 783 2867; x_wconf 79' lang='lat'>&gt;2</span> <span class='ocrx_word' id='word_1_418' title='bbox 806 2825 854 2872; x_wconf 92' lang='lat' dir='ltr'>id</span> <span class='ocrx_word' id='word_1_419' title='bbox 874 2834 961 2884; x_wconf 87' lang='lat' dir='ltr'>est,</span> <span class='ocrx_word' id='word_1_420' title='bbox 985 2833 1184 2889; x_wconf 88' lang='lat' dir='ltr'>propter</span> <span class='ocrx_word' id='word_1_421' title='bbox 1205 2823 1429 2870; x_wconf 89' lang='lat' dir='ltr'>meritum</span> <span class='ocrx_word' id='word_1_422' title='bbox 1468 2821 1666 2887; x_wconf 91' lang='lat' dir='ltr'>aliquod</span> <span class='ocrx_word' id='word_1_423' title='bbox 1699 2839 1902 2888; x_wconf 89' lang='lat' dir='ltr'>operum</span> <span class='ocrx_word' id='word_1_424' title='bbox 1941 2824 2058 2887; x_wconf 89' lang='lat' dir='ltr'>ejus,</span> <span class='ocrx_word' id='word_1_425' title='bbox 2091 2825 2175 2889; x_wconf 93' lang='lat' dir='ltr'>qui</span> <span class='ocrx_word' id='word_1_426' title='bbox 2205 2824 2381 2872; x_wconf 92' lang='lat' dir='ltr'>electus</span> 
     </span>
     <span class='ocr_line' id='line_1_35' title="bbox 247 2901 2379 2969; baseline 0.001 -20"><span class='ocrx_word' id='word_1_427' title='bbox 247 2911 343 2961; x_wconf 91' lang='lat' dir='ltr'>est;</span> <span class='ocrx_word' id='word_1_428' title='bbox 368 2903 453 2950; x_wconf 91' lang='lat' dir='ltr'>sed</span> <span class='ocrx_word' id='word_1_429' title='bbox 477 2913 664 2951; x_wconf 87' lang='lat' dir='ltr'>tantum</span> <span class='ocrx_word' id='word_1_430' title='bbox 683 2921 740 2952; x_wconf 87' lang='lat' dir='ltr'>ex</span> <span class='ocrx_word' id='word_1_431' title='bbox 769 2906 869 2952; x_wconf 90' lang='lat' dir='ltr'>Deo</span> <span class='ocrx_word' id='word_1_432' title='bbox 903 2914 1149 2951; x_wconf 86' lang='lat' dir='ltr'>«vocante</span> <span class='ocrx_word' id='word_1_433' title='bbox 1177 2919 1312 2964; x_wconf 86' lang='lat' dir='ltr'>eum,</span> <span class='ocrx_word' id='word_1_434' title='bbox 1337 2921 1360 2947; x_wconf 90' lang='lat'>»</span> <span class='ocrx_word' id='word_1_435' title='bbox 1395 2901 1445 2949; x_wconf 92' lang='lat' dir='ltr'>id</span> <span class='ocrx_word' id='word_1_436' title='bbox 1476 2911 1572 2964; x_wconf 87' lang='lat' dir='ltr'>est,</span> <span class='ocrx_word' id='word_1_437' title='bbox 1599 2919 1655 2950; x_wconf 87' lang='lat' dir='ltr'>ex</span> <span class='ocrx_word' id='word_1_438' title='bbox 1679 2903 1780 2951; x_wconf 87' lang='lat' dir='ltr'>sola</span> <span class='ocrx_word' id='word_1_439' title='bbox 1809 2904 1956 2967; x_wconf 87' lang='lat' dir='ltr'>gratia</span> <span class='ocrx_word' id='word_1_440' title='bbox 1991 2904 2117 2969; x_wconf 88' lang='lat' dir='ltr'>ejus,</span> <span class='ocrx_word' id='word_1_441' title='bbox 2155 2906 2237 2968; x_wconf 90' lang='lat' dir='ltr'>qui</span> <span class='ocrx_word' id='word_1_442' title='bbox 2269 2921 2379 2952; x_wconf 89' lang='lat' dir='ltr'>eum</span> 
     </span>
     <span class='ocr_line' id='line_1_36' title="bbox 250 2982 1493 3049; baseline -0.001 -20"><span class='ocrx_word' id='word_1_443' title='bbox 250 2999 333 3046; x_wconf 89' lang='lat' dir='ltr'>per</span> <span class='ocrx_word' id='word_1_444' title='bbox 358 2983 594 3032; x_wconf 87' lang='lat' dir='ltr'>internam</span> <span class='ocrx_word' id='word_1_445' title='bbox 620 2984 980 3049; x_wconf 89' lang='lat' dir='ltr'>inspirationem</span> <span class='ocrx_word' id='word_1_446' title='bbox 997 2992 1166 3049; x_wconf 92' lang='lat' dir='ltr'>postea</span> <span class='ocrx_word' id='word_1_447' title='bbox 1189 2982 1251 3031; x_wconf 89' lang='lat' dir='ltr'>ad</span> <span class='ocrx_word' id='word_1_448' title='bbox 1268 2999 1318 3030; x_wconf 90' lang='lat' dir='ltr'>se</span> <span class='ocrx_word' id='word_1_449' title='bbox 1337 2983 1493 3030; x_wconf 85' lang='lat' dir='ltr'>traxit.</span> 
     </span>
    </p>

    <p class='ocr_par' dir='ltr' id='par_1_3' title="bbox 315 3062 2379 3131">
     <span class='ocr_line' id='line_1_37' title="bbox 315 3062 2379 3131; baseline 0.003 -25"><span class='ocrx_word' id='word_1_450' title='bbox 315 3082 338 3106; x_wconf 86' lang='lat'>«</span> <span class='ocrx_word' id='word_1_451' title='bbox 359 3063 551 3111; x_wconf 88' lang='lat' dir='ltr'>Dictum</span> <span class='ocrx_word' id='word_1_452' title='bbox 574 3073 644 3112; x_wconf 88' lang='lat' dir='ltr'>est</span> <span class='ocrx_word' id='word_1_453' title='bbox 667 3065 729 3124; x_wconf 88' lang='lat' dir='ltr'>ei,</span> <span class='ocrx_word' id='word_1_454' title='bbox 751 3084 773 3108; x_wconf 75' lang='lat'>&gt;³</span> <span class='ocrx_word' id='word_1_455' title='bbox 798 3063 848 3111; x_wconf 90' lang='lat' dir='ltr'>id</span> <span class='ocrx_word' id='word_1_456' title='bbox 866 3073 936 3111; x_wconf 87' lang='lat' dir='ltr'>est</span> <span class='ocrx_word' id='word_1_457' title='bbox 957 3062 1199 3122; x_wconf 80' lang='lat' dir='ltr'>Rebeccae,</span> <span class='ocrx_word' id='word_1_458' title='bbox 1224 3063 1336 3127; x_wconf 89' lang='lat' dir='ltr'>quia</span> <span class='ocrx_word' id='word_1_459' title='bbox 1362 3081 1387 3108; x_wconf 90' lang='lat'>«</span> <span class='ocrx_word' id='word_1_460' title='bbox 1408 3062 1578 3126; x_wconf 86' lang='lat' dir='ltr'>major,</span> <span class='ocrx_word' id='word_1_461' title='bbox 1600 3081 1623 3107; x_wconf 87' lang='lat'>»</span> <span class='ocrx_word' id='word_1_462' title='bbox 1662 3062 1711 3111; x_wconf 92' lang='lat' dir='ltr'>id</span> <span class='ocrx_word' id='word_1_463' title='bbox 1742 3073 1813 3111; x_wconf 89' lang='lat' dir='ltr'>est</span> <span class='ocrx_word' id='word_1_464' title='bbox 1836 3067 1958 3113; x_wconf 90' lang='lat' dir='ltr'>Esau</span> <span class='ocrx_word' id='word_1_465' title='bbox 1982 3066 2067 3130; x_wconf 90' lang='lat' dir='ltr'>qui</span> <span class='ocrx_word' id='word_1_466' title='bbox 2089 3066 2379 3131; x_wconf 87' lang='lat' dir='ltr'>primogeni-</span> 
     </span>
    </p>
   </div>
   <div class='ocr_carea' id='block_1_3' title="bbox 293 3225 2374 3291">
    <p class='ocr_par' dir='ltr' id='par_1_4' title="bbox 293 3225 2374 3291">
     <span class='ocr_line' id='line_1_38' title="bbox 293 3225 2374 3291; baseline 0 -12"><span class='ocrx_word' id='word_1_467' title='bbox 293 3250 300 3267; x_wconf 93' lang='lat'>¹</span> <span class='ocrx_word' id='word_1_468' title='bbox 312 3248 439 3288; x_wconf 83' lang='lat' dir='ltr'>Genes.,</span> <span class='ocrx_word' id='word_1_469' title='bbox 452 3257 522 3290; x_wconf 74' lang='lat' dir='ltr'>cap.</span> <span class='ocrx_word' id='word_1_470' title='bbox 535 3257 628 3290; x_wconf 76' lang='lat' dir='ltr'>xviii,</span> <span class='ocrx_word' id='word_1_471' title='bbox 640 3258 671 3283; x_wconf 88' lang='lat' dir='ltr'>v.</span> <span class='ocrx_word' id='word_1_472' title='bbox 680 3225 796 3284; x_wconf 30' lang='lat' dir='ltr'>&#39;lu—²</span> <span class='ocrx_word' id='word_1_473' title='bbox 811 3250 941 3289; x_wconf 63' lang='lat' dir='ltr'>aenos..</span> <span class='ocrx_word' id='word_1_474' title='bbox 956 3258 1030 3291; x_wconf 83' lang='lat' dir='ltr'>cap.</span> <span class='ocrx_word' id='word_1_475' title='bbox 1046 3258 1114 3291; x_wconf 74' lang='lat' dir='ltr'>xxi,</span> <span class='ocrx_word' id='word_1_476' title='bbox 1128 3259 1157 3283; x_wconf 88' lang='lat' dir='ltr'>v.</span> <span class='ocrx_word' id='word_1_477' title='bbox 1174 3254 1188 3283; x_wconf 81' lang='grc' dir='ltr'>ι</span> <span class='ocrx_word' id='word_1_478' title='bbox 1199 3253 1233 3282; x_wconf 88' lang='lat' dir='ltr'>et</span> <span class='ocrx_word' id='word_1_479' title='bbox 1243 3250 1336 3283; x_wconf 80' lang='lat'><strong>2.-³</strong></span> <span class='ocrx_word' id='word_1_480' title='bbox 1345 3248 1442 3283; x_wconf 83' lang='lat' dir='ltr'>Amb.</span> <span class='ocrx_word' id='word_1_481' title='bbox 1455 3249 1551 3282; x_wconf 80' lang='lat' dir='ltr'>Hanc</span> <span class='ocrx_word' id='word_1_482' title='bbox 1562 3249 1728 3291; x_wconf 86' lang='lat' dir='ltr'>quomodo</span> <span class='ocrx_word' id='word_1_483' title='bbox 1738 3248 1858 3282; x_wconf 81' lang='lat' dir='ltr'>habuit</span> <span class='ocrx_word' id='word_1_484' title='bbox 1868 3248 1950 3290; x_wconf 82' lang='lat' dir='ltr'>quia</span> <span class='ocrx_word' id='word_1_485' title='bbox 1960 3249 2117 3282; x_wconf 72' lang='lat' dir='ltr'>istam.—-</span> <span class='ocrx_word' id='word_1_486' title='bbox 2126 3253 2148 3280; x_wconf 79' lang='lat'>·.</span> <span class='ocrx_word' id='word_1_487' title='bbox 2159 3248 2212 3282; x_wconf 81' lang='lat' dir='ltr'>Sic</span> <span class='ocrx_word' id='word_1_488' title='bbox 2225 3249 2374 3281; x_wconf 81' lang='lat' dir='ltr'>Amboes.</span> 
     </span>
    </p>
   </div>
  </div>
 </body>
</html>
