2638 3866
804 184 1197 234 lNTRODUCTlO
1234 185 1315 232 AD
1349 180 1757 231 THEOLOGlAM.
2261 177 2353 223 409

274 291 369 338 Sed
393 299 440 337 et
465 290 503 336 si
526 289 635 353 quis
665 287 794 335 illam
821 285 1208 352 philosophicam
1240 285 1495 334 Platonicae
1526 282 1726 330 rationis
1749 279 2186 328 considerationem
2212 279 2352 326 altius

210 369 455 436 inspiciat,
483 385 590 434 quae
613 366 832 416 videlicet
859 365 919 414 de
947 368 1049 414 Deo
1075 364 1251 432 opifice
1272 365 1336 413 ad
1358 362 1722 413 similitudinem
1745 359 2006 426 quamdam
2036 359 2223 408 solertis
2248 360 2352 424 opi·

208 448 309 497 ficis
325 448 401 497 vel
423 447 617 497 artificis
638 448 761 512 agit,
787 445 1159 513 praemeditantis
1182 445 1362 494 scilicet
1393 454 1441 493 et
1462 442 1772 492 deliberantis
1794 457 1849 490 ea
1879 458 1985 506 quae
2009 440 2220 488 facturus
2249 449 2316 486 est
2337 477 2348 498 ,

207 545 266 576 ne
297 529 416 594 quid
449 531 846 577 inconvenienter
874 536 1157 593 componat,
1184 536 1232 574 et
1255 527 1390 592 prius
1429 523 1617 588 singula
1650 523 1856 581 ratione,
1894 537 2040 586 quam
2075 537 2224 586 opere
2259 520 2351 568 for-

206 610 416 657 mantis:
453 610 517 658 ad
550 609 684 658 hunc
725 609 903 675 quippe
951 607 1155 656 modum
1191 607 1539 672 formasPlato
1576 602 1871 670 exemplares
1911 603 1960 650 in
1996 611 2155 651 mente
2188 601 2349 649 divina

202 689 493 750 considerat,
514 706 634 755 quas
654 689 786 737 ideas
809 688 1033 755 ap'pellat,
1059 698 1107 737 et
1127 705 1246 754 quas
1263 687 1578 755 postmodum
1599 684 1737 751 quasi
1754 683 1817 731 ad
1833 683 2077 749 exemplar
2099 682 2347 748 quoddam

200 770 390 818 summi»
410 769 605 818 artificis
630 770 934 836 providentia
964 779 1162 835 operata
1183 779 1272 830 est,
1299 768 1480 817 videbit
1502 767 1732 834 Spiritum
1755 773 1975 813 sanctum
1997 780 2055 812 ex
2081 764 2199 811 Filio
2223 780 2346 828 quo-

199 865 293 913 que
330 851 428 898 sive
460 868 546 916 per
585 849 757 898 Filium
791 860 917 899 recte
950 849 1238 917 procedere,
1268 866 1381 898 cum
1412 867 1469 897 ex
1505 849 1693 896 ratione
1724 845 1967 912 sapientiae
2004 844 2226 901 universa
2262 847 2345 893 Dei

198 931 784 995 operaadministrentur,
804 942 854 992 et
877 931 940 979 ita
961 929 1332 995 quodammodo
1356 938 1623 995 conceptus
1645 926 1822 976 divinae
1848 926 2021 973 mentis
2045 925 2094 972 in
2120 924 2343 973 effectum

196 1026 283 1075 per
306 1011 639 1076 operationem
658 1012 876 1078 prodeat.
903 1010 1110 1060 Effectus
1132 1021 1295 1060 autem
1320 1011 1382 1059 ad
1402 1010 1632 1076 Spiritum
1658 1008 1919 1074 pertinent,
1945 1006 2026 1070 qui
2051 1022 2106 1053 ex
2129 1005 2346 1059 bonitate

196 1091 465 1140 conditoris
482 1093 736 1153 eveniunt,
770 1093 886 1159 quia
911 1092 1112 1159 Spiritus
1137 1092 1246 1158 ipse.
1261 1091 1454 1140 bonitas
1488 1099 1576 1138 est.
1603 1090 1832 1137 Dicamus
1851 1088 2014 1152 itaque
2036 1086 2265 1152 Spiritum
2289 1103 2345 1133 ex

195 1171 311 1219 Filio
334 1189 530 1238 quoque
560 1174 848 1240 procedere,
878 1190 989 1222 cum
1013 1174 1136 1221 ratio
1160 1173 1334 1221 divinae
1350 1172 1663 1239 providentiae
1693 1169 1756 1218 ad
1787 1168 2011 1217 effectum
2035 1167 2344 1232 benignitatis

194 1252 490 1316 perducitur,
511 1265 567 1302 et
591 1255 725 1320 quod
748 1254 810 1302 ab
840 1265 1020 1303 aeterno
1050 1253 1322 1302 faciendum
1351 1253 1624 1319 praeviderit
1655 1250 1985 1316 temporaliter
2020 1240 2219 1314 quando
2244 1249 2343 1296 vult

193 1332 320 1381 facit.
347 1337 483 1383 Hanc
512 1345 675 1384 autem
703 1337 1071 1402 conceptionem
1098 1352 1194 1400 qua
1219 1335 1398 1383 scilicet
1421 1343 1685 1399 conceptus
1709 1332 1881 1379 mentis
1907 1331 1954 1377 in
1978 1329 2200 1377 effectum
2225 1347 2339 1397 ope-

190 1414 345 1462 rando
383 1416 571 1481 prodit,
613 1417 882 1465 Priscianus
921 1418 969 1464 in
1007 1417 1165 1481 primo
1205 1417 1624 1463 Consu-actionum
1666 1412 1918 1477 diligenter
1955 1411 2140 1476 aperit,
2177 1411 2341 1460 dicens

190 1497 433 1557 generales
457 1508 505 1545 et
528 1498 758 1563 speciales
784 1499 963 1545 formas
990 1514 1151 1545 rerum
1187 1495 1544 1561 intelligibiliter
1567 1496 1614 1542 in
1652 1503 1813 1542 mente
1846 1492 2009 1540 divina
2039 1493 2307 1540 constitisse
2326 1532 2336 1552 ,

188 1585 445 1640 antequam
481 1579 531 1626 in
566 1595 773 1644 corpora
802 1578 1079 1645 prodirent,
1106 1578 1202 1625 hoc
1230 1576 1372 1632 estin
1399 1576 1568 1625 effecta
1596 1593 1683 1642 per
1705 1574 2067 1640 operationem,
2104 1573 2240 1638 quod
2271 1585 2340 1622 est

188 1654 365 1718 dicere,
390 1668 501 1706 ante
523 1659 736 1725 providit
758 1662 888 1707 Deus
910 1658 1030 1725 quid
1054 1667 1102 1707 et
1124 1658 1329 1724 qualiter
1350 1668 1530 1722 ageret,
1558 1673 1708 1722 quam
1733 1653 1853 1702 illud
1881 1669 2027 1719 opere
2052 1654 2332 1719 compleret.

187 1738 251 1782 Ac
273 1736 313 1783 si
333 1736 542 1798 diceret:
569 1739 643 1787 Nil
661 1738 1065 1806 impraemeditate
1090 1738 1189 1786 sive
1215 1737 1473 1787 indiscrete
1496 1738 1607 1802 egit.

250 1820 525 1868 MAcnomns
560 1838 758 1886 quoque
785 1822 951 1887 *ipsam
991 1820 1204 1869 animam
1246 1819 1443 1881 mundi,
1486 1807 1629 1868 etiam
1667 1836 1813 1884 quam
1847 1829 2074 1886 putamus
2108 1818 2336 1883 Spiritum

183 1908 401 1946 sanctum
429 1901 656 1965 intelligi,
679 1919 752 1950 -ex
776 1910 886 1964 Νοῦ,
910 1902 1006 1950 hoc
1035 1912 1106 1950 est
1119 1901 1238 1950 Filio
1265 1903 1504 1968 praecipue
1529 1919 1631 1950 esse
1653 1900 1881 1962 declarat,
1910 1918 2020 1948 cum
2044 1909 2207 1966 aperte
2231 1915 2336 1946 eam

186 1994 212 2026 a
236 1983 365 2044 Νοχ1
395 1993 604 2030 creatam
636 1983 736 2031 sive
766 1993 950 2049 natam,
986 1984 1107 2031 sicut
1136 1992 1183 2032 et
1206 1984 1359 2050 ipsam
1391 1987 1551 2047 Noym
1572 1999 1600 2031 a
1623 1986 1726 2030 Deo
1763 1986 1900 2031 Patre
1934 1998 2036 2029 esse
2061 1980 2330 2047 profitetur,

184 2061 247 2108 ita
273 2063 558 2126 generaliter
579 2062 657 2112 de
688 2066 872 2129 origine
900 2066 1072 2113 animae
1107 2067 1336 2113 exorsus²
1365 2084 1375 2112 :
1420 2067 1596 2112 «Deus
1632 2064 1716 2129 qui
1750 2064 1906 2129 prima
1936 2080 2078 2126 causa
2111 2073 2158 2110 et
2187 2074 2255 2111 est
2289 2074 2333 2111 et

182 2151 410 2215 vocatur3
439 2161 564 2192 unus
597 2147 818 2193 omnium
849 2163 954 2211 quae
983 2156 1095 2194 sunt
1117 2163 1319 2212 quaeque
1351 2146 1579 2194 videntur
1602 2162 1721 2205 esse,
1749 2145 1976 2211 princeps
1999 2154 2046 2192 et
2081 2144 2216 2208 origo
2242 2154 2329 2190 est.

180 2223 267 2270 Hic
281 2222 719 2289 superabundantis
741 2228 1000 2291 majestatis
1021 2227 1330 2276 foecunditate
1344 2227 1406 2276 de
1425 2245 1476 2276 se
1495 2236 1704 2276 mentem
1726 2226 1920 2275 creavit.
1944 2229 2054 2274 Haec
2074 2242 2208 2274 mens
2226 2243 2330 2290 quae

180 2312 279 2358 Νοῦς
308 2316 526 2368 vocatur,
557 2323 652 2371 qua
679 2310 865 2355 Patrem
889 2309 1108 2375 inspicit,
1142 2308 1336 2375 plenam
1371 2307 1732 2360 similitudinem
1770 2317 1928 2361 servat
1962 2306 2186 2355 auctoris.
2227 2307 2333 2353 Ani-

179 2399 310 2432 mam
329 2403 446 2434 vero
471 2387 532 2435 de
556 2405 605 2435 se
625 2399 772 2448 creat,
797 2390 1063 2455 posteriora
1082 2391 1359 2457 respiciens.
1374 2393 1581 2454 Rursum
1597 2390 1757 2437 anima
1773 2405 1870 2454 qua
1886 2398 2072 2454 patrem
2095 2388 2326 2445 intuetur,

177 2464 410 2527 induitur,
434 2485 489 2516 ac
505 2469 736 2534 paulatim
760 2471 1007 2536 redigente
1032 2482 1249 2537 respectu
1275 2472 1325 2520 in
1349 2470 1576 2522 fabricam
1598 2457 1881 2537 corporum,
1905 2470 1954 2517 in
1975 2485 2211 2534 corporea
2229 2469 2332 2534 ipsa

175 2544 449 2610 degenerat.
472 2569 494 2592 ³>
527 2552 881 2610 Creariqautem
905 2554 1004 2601 sive
1031 2554 1163 2601 nasci
1194 2553 1290 2601 hoc
1310 2553 1422 2617 loco
1443 2550 1717 2602 Macrobius
1742 2550 1940 2599 abusive
1968 2549 2184 2615 protulit,
2209 2551 2330 2597 sicut

174 2626 278 2674 etin
296 2629 456 2692 primo
473 2629 599 2689 libro
609 2630 1052 2696 determinavimus,
1065 2651 1179 2682 cum
1193 2633 1415 2682 videlicet
1434 2642 1534 2680 tam
1550 2642 1764 2679 mentem
1779 2632 1935 2696 ipsam
1953 2647 2098 2695 quam
2114 2630 2328 2679 animam

175 2706 329 2771 ipsam
352 2721 564 2759 creatam
589 2711 726 2775 dixit..
745 2716 953 2762 Mentem
978 2714 1178 2779 quidem
1203 2731 1258 2761 ex
1279 2717 1401 2774 Deo,
1415 2713 1512 2760 hoc
1535 2722 1606 2760 est
1619 2712 1791 2760 Filium
1805 2727 1861 2759 ex
1878 2714 2092 2767 Patre‚et
2113 2710 2326 2758 animam

173 2803 231 2833 ex
258 2799 437 2848 mente,
465 2790 561 2838 hoc
590 2802 662 2839 est
684 2794 916 2859 Spiritum
937 2811 991 2842 ex
1025 2795 1159 2854 Filio,
1185 2794 1268 2842 ubi
1291 2803 1339 2841 et
1360 2803 1613 2857 utramque
1638 2802 1799 2840 natam
1823 2806 1926 2839 esse
1954 2790 2188 2851 insinuat,
2212 2806 2325 2838 cum

177 2869 365 2933 utrique
384 2880 571 2936 patrem
594 2873 818 2937 assignat,
847 2877 1002 2922 Deum
1027 2875 1227 2939 quidem
1251 2874 1418 2933 menti,
1441 2883 1489 2921 et
1511 2889 1705 2921 rursum
1724 2881 1935 2921 mentem
1958 2872 2111 2938 ipsam
2134 2871 2322 2920 auimae.

172 2950 331 2998 Creari
366 2951 528 3016 itaque
563 2952 661 3013 sive
693 2955 824 3001 nasci
857 2972 958 3003 esse
1002 2972 1059 3003 ex
1091 2955 1256 3020 aliquo
1284 2954 1533 3020 intelligit,
1560 2964 1614 3002 ut
1639 2954 1730 3003 tale
1765 2954 1827 3001 sit
1855 2940 2002 3019 quod.
2023 2954 2112 3013 ait,
2148 2952 2246 3002 hoc
2270 2969 2325 3001 ex

170 3029 252 3077 illo
283 3032 414 3079 nasci
446 3033 544 3081 sive
568 3034 736 3095 creari,
766 3037 904 3099 quasi
936 3035 1427 3102 simpliciter.diceret
1457 3033 1554 3083 hoc
1584 3052 1641 3083 ex
1674 3034 1770 3087 illo
1789 3051 1910 3095 esse.
1949 3033 2135 3083 Sufficit
2162 3044 2323 3083 autem

173 3110 469 3178 Philosopho
492 3114 555 3162 ad
581 3115 931 3180 ostendendam
955 3116 1169 3165 animam
1191 3116 1346 3183 ipsam
1371 3127 1468 3164 tam
1491 3133 1548 3164 ex
1577 3120 1711 3164 Patre
1737 3132 1884 3182 quam
1900 3132 1959 3164 ex
1974 3115 2110 3177 Filio,
2138 3132 2322 3163 memo-

213 3291 219 3309 ¹
240 3289 295 3323 Sic
315 3291 396 3326 Cod.
426 3293 508 3326 vict.
540 3295 616 3336 Νοῳ
640 3295 738 3328 Amb.
764 3314 802 3321 —
818 3298 828 3316 ²
851 3296 886 3329 In
904 3298 1018 3331 Somn.
1037 3296 1222 3339 Scipionis,
1240 3297 1296 3329 tib.
1318 3296 1342 3335 1.
1362 3305 1433 3337 cap.
1452 3305 1519 3330 xiv.
