2638 3866
245 222 302 267 511
312 222 340 265 Ο
1054 216 1225 263 ΡΕΤΒ]
1262 215 1572 264 ABAELARDI

244 322 462 385 Epa-cola
478 338 580 382 vm,
610 319 825 366 Nestor-io
852 317 1056 375 directa,
1085 333 1190 381 quae
1213 317 1279 363 sic
1301 316 1491 381 incipit,
1519 316 1932 364 Reverendissimo
1961 327 2008 365 et
2035 320 2138 365 Deo
2161 319 2386 366 amantis-

244 401 385 461 simo,
415 411 506 448 etc.
537 419 560 445 α
584 400 632 445 Si
657 407 750 456 est,
790 398 971 461 inquit,
996 398 1047 443 in
1071 395 1376 444 subsistentia
1398 397 1601 462 Spiritus
1635 397 1862 462 spiritali,
1886 397 1963 444 vel
1986 407 2111 445 certe
2133 407 2180 445 et
2212 398 2382 446 intelli-

246 481 372 543 gitur
398 497 481 544 per
505 496 554 526 se
573 477 842 525 secundum
860 482 992 542 quod
1013 477 1215 542 Spiritus
1238 486 1309 523 est
1331 486 1378 524 et
1396 494 1497 524 non
1518 476 1680 538 Filius,
1705 477 1790 523 sed
1811 486 1970 524 tamen
1991 488 2060 524 est
2080 495 2180 524 non
2205 479 2387 527 alienus

246 558 307 605 ab
332 576 407 606 ec.
436 560 637 624 Spiritus
657 558 787 605 enim
808 557 1027 605 Veritatis
1054 559 1349 616 nominatur,
1377 567 1424 604 et
1449 557 1647 622 profluit
1666 556 1727 604 ab
1751 573 1809 604 eo
1834 558 1955 604 sicut
1974 557 2183 622 denique
2206 575 2265 605 ex
2281 562 2386 607 Deo

247 639 401 685 Patre.
425 658 449 683 »
480 641 527 685 S.
563 638 806 686 Johannes
829 637 1199 702 Chrysostomus
1224 637 1435 684 Homilc'a
1458 653 1570 683 XXVI
1600 636 1660 683 de
1687 638 1994 702 Expositione
2021 637 2254 703 Symboli,
2281 657 2387 704 quae

245 717 312 764 sic
348 719 515 785 incipit
546 738 556 765 :
598 718 886 766 Universalis
915 717 1125 764 Ecclesia
1154 717 1426 781 congaudet
1455 735 1464 763 ε
1510 719 1644 772 «Iste
1682 726 1753 763 est
1789 718 1990 782 Spiritus
2027 718 2297 784 procedens
2327 719 2388 785 de

245 800 384 846 Patre
421 810 469 847 et
502 799 640 861 Filio,
668 800 751 864 qui
787 798 956 845 dividit
983 798 1180 863 propria
1212 797 1343 844 dona
1379 798 1575 862 singulis
1605 807 1751 862 prout
1776 798 1941 854 vult.»
1971 799 2104 846 ldem
2136 799 2185 846 in
2219 801 2390 847 Homi-

249 877 315 923 lia
330 896 494 941 xxvm,
518 882 567 928 in
601 881 692 928 alia
711 879 1009 945 expositione
1032 878 1246 943 ejusdem
1271 877 1504 942 Symboli,
1535 894 1640 942 quae
1664 878 1730 924 sic
1752 878 1921 943 incipit
1943 896 1953 925 z
1981 881 2134 943 Super
2156 865 2387 928 fabricam

248 960 392 1006 totius
426 962 645 1008 Ecclesiae
679 979 689 1007 :
730 980 752 1006 «
775 962 941 1024 Itaque
974 959 1272 1006 credendum
1310 969 1380 1006 est
1412 959 1642 1024 Spiritum
1675 959 1823 1005 Patris
1858 976 1960 1006 esse
1982 969 2028 1006 et
2053 959 2172 1006 Filii.
2201 963 2385 1022 »1tem;

251 1043 395 1087 «Non
418 1041 585 1088 dicatis
605 1042 844 1088 minorem
867 1057 967 1087 esse
987 1041 1159 1087 Filium
1193 1040 1254 1087 de
1286 1043 1426 1087 Patre
1459 1038 1699 1102 genitum,
1733 1039 1818 1086 sed
1850 1040 1993 1087 istum
2026 1041 2110 1105 qui
2145 1050 2286 1088 natus
2318 1051 2390 1088 est

246 1118 306 1166 de
321 1121 500 1185 Spiritu
519 1131 683 1170 sancto
696 1131 743 1168 et
753 1121 900 1168 Maria
919 1121 1157 1184 Virgine.»
1180 1122 1322 1184 Item:
1339 1123 1524 1166 «Istum
1548 1119 1777 1184 Spiritum
1800 1131 2018 1167 sanctum
2040 1120 2244 1167 dicimus
2262 1121 2391 1168 Patri

245 1209 294 1246 et
323 1202 439 1248 Filio
473 1218 573 1249 esse
600 1201 910 1266 coaequalem,
937 1211 985 1248 et
1007 1201 1353 1266 procedentem
1373 1199 1434 1246 de
1454 1202 1591 1247 Patre
1614 1209 1660 1246 et
1686 1199 1820 1246 Filio.
1852 1203 1955 1247 Hoc
1978 1200 2175 1262 credite,
2204 1217 2267 1248 ne
2289 1200 2391 1248 col·

243 1277 409 1344 loquia
433 1282 557 1329 mala
577 1291 890 1346 corrumpant
912 1298 1072 1328 mores
1089 1290 1273 1328 vestros
1295 1280 1469 1326 bonos.
1488 1297 1509 1323 υ
1533 1282 1679 1326 Item:
1710 1281 1869 1326 «Sunt
1885 1280 2096 1328 haeretici
2120 1281 2203 1346 qui
2222 1280 2391 1328 dicunt

245 1361 474 1425 Spiritum
498 1372 717 1410 sanctum
735 1364 859 1409 inter
876 1371 1118 1408 creaturas
1142 1377 1244 1407 esse
1269 1359 1565 1406 ordinatum.
1586 1378 1609 1402 >1
1630 1362 1749 1406 Item
1768 1378 1778 1408 ι
1810 1380 1832 1404 ει
1846 1361 2015 1408 Videte
2034 1361 2215 1426 ubique
2234 1376 2389 1408 sacra-

244 1450 463 1488 mentum
498 1444 755 1490 Trinitatis.
794 1446 914 1490 Ecce
947 1451 994 1489 et
1021 1442 1070 1487 in
1102 1441 1333 1506 Spiritum
1367 1448 1586 1486 sanctum
1619 1439 1827 1499 creditis,
1855 1442 1939 1505 qui
1966 1441 2168 1507 Spiritus
2199 1450 2392 1488 sanctus

244 1522 513 1586 procedens
537 1524 598 1571 de
623 1527 762 1571 Patre
782 1533 829 1571 et
851 1524 970 1570 Filio
990 1522 1188 1570 caritate
1206 1521 1533 1585 conjungitur.
1553 1539 1575 1565 n
1602 1522 1891 1584 Augustinus
1912 1521 2039 1569 libro
2067 1523 2391 1584 Quaestionum

245 1602 306 1648 ad
331 1604 577 1666 Orosium,
603 1621 711 1670 cap.
740 1622 773 1651 11
803 1622 812 1650 :
846 1624 868 1649 «
890 1607 994 1669 lpse
1019 1604 1257 1650 Dominus
1277 1594 1441 1649 noster
1458 1603 1844 1650 JEsus-Cnmsrus
1862 1612 1971 1667 post
1990 1604 2392 1673 resurrectionem

244 1692 297 1729 ut
336 1684 611 1731 ostenderet
639 1701 666 1731 a
698 1701 747 1731 se
776 1683 1041 1749 procedere
1074 1683 1300 1747 Spiritum
1337 1692 1557 1729 sanctum
1587 1682 1708 1729 sicut
1737 1699 1766 1730 a
1790 1686 1946 1742 Patre,
1976 1682 2225 1731 insufflans
2258 1683 2348 1730 ait¹
2376 1701 2388 1730 :

249 1784 271 1806 «
297 1763 505 1828 Accipite
541 1765 770 1829 Spiritum
796 1774 1012 1811 sanctum
1037 1799 1046 1809 .
1073 1783 1094 1806 >2
1128 1762 1262 1809 Idem
1301 1762 1427 1809 libro
1463 1765 1525 1809 IV
1560 1761 1617 1807 de
1657 1764 1929 1824 Trc'm'tate⁸,
1968 1767 2103 1810 «Nec
2135 1780 2394 1828 possumus

246 1843 405 1890 dicere
436 1844 570 1908 quod
601 1845 803 1910 Spiritus
833 1852 1024 1890 sanctus
1053 1851 1099 1888 et
1125 1859 1153 1889 a
1185 1842 1302 1888 Filio
1338 1859 1438 1888 non
1478 1841 1727 1906 procedat,
1765 1858 1854 1889 nec
1889 1843 2018 1889 enim
2054 1843 2226 1890 frustra
2262 1843 2393 1890 idem

244 1923 448 1988 Spiritus
479 1933 526 1970 et
558 1925 710 1971 Patris
738 1934 786 1971 et
817 1923 919 1969 Filii
942 1922 1143 1987 Spiritus
1177 1921 1369 1968 dicitur.
1401 1924 1496 1968 Nec
1525 1920 1668 1968 video
1695 1921 1813 1985 quid
1848 1921 1978 1968 aliud
2014 1921 2281 1985 significare
2307 1939 2393 1969 vo-

244 2002 409 2064 luerit,
447 2021 559 2050 cum
585 2004 782 2051 sufflans
816 2004 910 2050 ait:
939 2022 962 2046 «
981 2002 1188 2066 Accipite
1217 2002 1448 2066 Spiritum
1481 2011 1718 2048 sanctum.
1741 2019 1765 2044 n
1794 2003 1958 2064 Neque
1987 2003 2117 2048 enim
2146 2002 2286 2049 ssatus
2314 2002 2394 2049 ille

245 2100 508 2149 corporeus
537 2083 800 2132 substantia
829 2083 1031 2148 Spiritus
1056 2082 1207 2129 sancti
1234 2082 1338 2143 fuit,
1367 2081 1449 2128 sed
1476 2081 1824 2128 demonstratio
1853 2091 1901 2128 et
1929 2098 1957 2129 a
1984 2082 2102 2128 Filio
2128 2081 2392 2147 procedere

246 2165 477 2230 Spiritum
524 2174 760 2212 sanctum.
782 2183 806 2207 n
844 2162 1071 2210 Sufficere
1112 2172 1273 2209 autem
1305 2171 1532 2227 putamus
1577 2161 1710 2226 quod
1749 2162 1798 2207 in
1837 2163 2145 2227 processione
2190 2163 2394 2228 Spiritus

245 2246 430 2292 Veritas
468 2245 624 2292 solum
650 2249 833 2292 Patrem
867 2252 1235 2291 commemorat.
1273 2244 1397 2289 Cum
1419 2243 1550 2289 enim
1573 2243 1676 2307 ipsa
1701 2242 1966 2307 Sapientia,
1997 2252 2049 2289 ut
2081 2242 2262 2289 dictum
2302 2253 2389 2305 est,

247 2325 464 2389 quaedam
488 2325 546 2371 sit
569 2325 800 2390 potentia,
827 2335 971 2388 atque
994 2324 1042 2370 in
1066 2324 1170 2388 ipsa
1201 2323 1417 2387 potentia
1445 2323 1505 2369 sit
1533 2323 1765 2387 sapientia
1793 2322 1998 2381 inclusa,
2028 2323 2138 2370 satis
2163 2323 2393 2388 probabi-

247 2406 356 2453 liter
376 2415 596 2470 apparet,
628 2421 715 2469 per
737 2405 1097 2469 processionem
1120 2403 1322 2467 Spiritus
1348 2419 1407 2448 ex
1431 2403 1663 2466 potentia,
1690 2403 1935 2467 processio
1961 2404 2107 2468 ipsius
2122 2420 2180 2451 ex
2194 2404 2394 2468 Sapien-

247 2486 331 2533 tia.
373 2485 468 2532 Sed
505 2496 552 2532 et
590 2486 911 2549 Hieronymus
937 2483 1150 2531 scribens
1181 2483 1242 2530 de
1263 2482 1377 2529 Fide
1407 2483 1567 2528 solum
1593 2485 1782 2528 Patrem
1807 2493 2174 2545 commemorat,
2203 2484 2325 2530 sicut
2349 2495 2396 2532 et

248 2567 297 2613 in
318 2565 550 2630 symbolis
573 2565 912 2631 principalium
934 2563 1252 2611 conciliorum
1274 2563 1564 2610 continetur.
1593 2561 1731 2609 Unde
1751 2563 1815 2609 ita
1840 2563 1902 2610 ad
1925 2566 2188 2611 Damasum
2211 2563 2392 2626 scribit,

250 2647 414 2694 dicens
442 2665 452 2693 ε
484 2645 774 2693 «Credimus
798 2654 844 2691 et
865 2645 915 2691 in
948 2644 1177 2709 Spiritum
1198 2653 1445 2702 sanctum,
1479 2645 1637 2688 Deum
1665 2658 1835 2688 verum
1867 2659 1923 2690 ex
1961 2645 2098 2690 Patre
2122 2643 2396 2708 proceden-

250 2736 364 2774 tem.
403 2747 424 2769 >›
459 2730 658 2774 Necnon
691 2735 738 2773 et
771 2725 1058 2788 Augustinus
1093 2739 1201 2788 cap.
1231 2740 1247 2769 1
1271 2722 1382 2770 libri
1415 2720 1687 2769 Enehz‘ridii
1717 2722 1779 2769 de
1810 2722 1915 2770 solo
1953 2726 2091 2770 Patre
2115 2724 2165 2770 in
2199 2740 2395 2788 proces-

250 2807 384 2853 sione
407 2807 611 2871 Spiritus
635 2806 933 2852 mentionem
961 2804 1094 2864 facit,
1125 2803 1237 2850 licet
1258 2804 1486 2868 Spiritum
1509 2803 1668 2867 ipsum
1695 2811 1793 2849 tam
1821 2804 1970 2850 Patris
1993 2820 2138 2867 quam
2164 2804 2267 2850 Filii
2292 2821 2393 2851 esse

251 2885 378 2932 dicat
395 2886 470 2932 his
493 2886 690 2951 quidem
713 2885 893 2932 verbis³
920 2903 930 2931 :
962 2903 986 2928 «
1006 2884 1125 2930 Satis
1148 2892 1220 2930 est
1241 2882 1502 2930 christiano
1527 2899 1691 2929 rerum
1714 2893 1982 2930 creatarum
2007 2900 2174 2931 causas
2198 2884 2392 2931 nonnisi

249 2964 514 3012 bonitatem
538 2966 732 3013 credere
758 2967 984 3012 creatoris
1000 3001 1012 3023 ,
1039 2964 1319 3027 nullamque
1344 2979 1445 3010 esse
1470 2973 1709 3022 naturam,
1738 2980 1843 3028 quae
1868 2981 1968 3011 non
1993 2974 2077 3011 aut
2099 2965 2199 3028 ipse
2229 2965 2290 3010 sit
2310 2973 2392 3010 aut

250 3044 311 3090 ab
342 3045 464 3108 ipso,
498 3063 703 3111 eumque
738 3062 839 3092 esse
873 3045 1176 3104 Trinitatem,
1217 3047 1404 3090 Patrem
1438 3043 1616 3090 scilicet
1647 3053 1694 3090 et
1721 3043 1892 3090 Filium
1923 3061 1951 3092 a
1984 3047 2119 3091 Patre
2146 3044 2387 3107 genitum,

249 3133 298 3170 et
331 3124 559 3188 Spiritum
595 3134 813 3171 sanctum
852 3124 911 3170 ab
950 3123 1122 3170 eodem
1163 3127 1303 3169 Patre
1346 3123 1716 3187 procedentem,
1754 3123 1839 3169 sed
1877 3140 2030 3169 unum
2070 3121 2391 3186 eumdemque

294 3309 301 3326 ¹
318 3305 427 3345 Joam,
443 3315 514 3344 cap.
532 3314 588 3342 xx,
605 3314 635 3337 v.
653 3306 705 3337 22.
725 3321 763 3327 -
780 3304 792 3323 ²
806 3303 883 3343 Cap.
905 3312 963 3344 xx,
983 3304 1081 3346 Opp„
1098 3308 1123 3335 t.
1140 3302 1224 3335 vul.
1246 3305 1304 3327 —³
1319 3302 1397 3344 Cap.
1416 3311 1463 3335 lx.
