2638 3866
732 172 738 176 ’
760 198 1172 248 1N‘rstonucr10
1209 200 1288 247 Αι)
1323 197 1731 247 THEoLofflAM.
2265 199 2337 246 29-

190 297 331 361 hujus
354 294 524 344 mundi
548 310 636 361 per
665 303 998 360 contemptum
1022 294 1124 359 ejus
1145 294 1400 356 abstrahit,
1435 310 1579 358 quam
1615 296 1697 357 qui
1727 292 2051 359 voluptatibus
2073 293 2175 357 ejus
2196 292 2331 341 dedi—

191 386 293 437 tuS‚
337 375 576 442 spurcitiis
615 373 841 422 omnibus
876 391 928 423 se
967 375 1221 439 immergit.
1262 379 1465 434 Quantae
1501 383 1662 421 autem
1711 374 2038 422 continentiae¹
2077 373 2151 420 vel
2184 372 2331 420 absti-

190 457 362 506 nentiae
384 454 662 522 Philosophi
686 454 885 516 fuerint,
905 455 1056 503 sancti
1077 456 1220 503 etiam
1241 458 1476 504 Doctores
1498 453 1722 514 tradunt,
1737 455 1821 518 qui
1843 465 1890 502 et
1912 470 2082 502 eorum
2103 454 2246 501 vitam
2270 453 2330 500 ad

191 546 409 585 nostram·
425 535 804 601 increpationem
827 534 1098 597 advehunt,
1133 534 1430 600 etpleraque
1449 551 1506 582 ex
1525 533 1828 588 documentis
1855 551 2024 581 eorum
2047 533 2327 594 moralibus,

191 616 267 664 vel
297 616 583 666 testimoniis
609 614 746 676 fidei,
780 615 845 663 ad
877 614 1246 664 aedificationem
1281 625 1497 663 nostram
1530 623 1811 662 assumunt:
1834 613 1968 679 quod
1994 614 2076 679 qui
2112 615 2329 678 ignorat,

191 696 315 760 legat
337 696 506 745 saltem
530 696 881 761 Hieronymum
912 705 1083 745 contra
1116 697 1427 744 Jovinianum
1442 732 1454 755 ,
1495 704 1544 743 et
1570 693 1738 741 viderit
1760 703 1941 758 quanta
1963 694 2024 741 de
2042 711 2211 742 eorum
2237 694 2331 741 vir-

191 776 372 824 tutibus
397 786 446 824 et
465 786 738 824 ceterorum
761 775 1010 840 gentilium
1034 776 1233 838 referat,
1271 776 1334 824 ad
1364 774 1717 842 impudentiam
1748 774 1927 822 scilicet
1962 773 2086 821 illius
2122 774 2333 840 haeretici

192 849 557 899 conterendam.
579 850 783 899 Maxime
802 860 965 899 autem
987 860 1034 900 et
1054 867 1145 899 nos
1167 868 1315 916 opere
1333 851 1428 898 hoc
1452 848 1737 898 testimoniis
1764 864 1849 895 seu
1872 848 2139 895 rationibus
2177 847 2333 894 Philo·

192 929 461 997 sophorum
497 931 585 979 niti
614 931 865 993 convenit,
907 931 956 978 in
986 947 1085 996 quo
1120 930 1347 979 adversus
1380 947 1464 978 eos
1508 930 1747 995 praecipue
1787 928 2000 992 agimus,
2059 928 2144 992 qui
2189 926 2335 974 fidem

194 1019 409 1059 nostram
444 1009 794 1077 philosophicis
830 1010 1049 1059 nituntur
1082 1027 1363 1077 oppugnare
1398 1009 1727 1067 documentis,
1761 1008 2020 1073 praesertim
2056 1025 2166 1055 cum
2191 1024 2335 1054 nemo

196 1091 286 1139 nisi
304 1107 392 1157 per
412 1107 470 1139 ea
492 1108 598 1156 quae
626 1091 824 1157 recipit,
860 1090 1135 1155 arguendus
1177 1091 1238 1138 sit
1273 1100 1357 1138 aut
1403 1089 1794 1146 convincendus,
1838 1098 1886 1136 et
1926 1077 2005 1135 ille
2034 1088 2182 1135 nimia
2220 1104 2337 1134 con·

195 1171 384 1219 fusione
402 1180 705 1234 conteratur,
732 1171 815 1237 qui
833 1188 920 1237 per
947 1170 1115 1220 eadem
1141 1171 1349 1219 vincitur
1371 1187 1457 1236 per
1481 1187 1586 1235 quae
1611 1170 1801 1218 vincere
1830 1168 2088 1217 nitebatur.
2114 1167 2336 1216 Philoso-

194 1250 319 1316 phos
341 1260 500 1300 autem
522 1268 676 1299 unum
699 1251 1040 1301 tantummodo
1063 1255 1220 1300 Deum
1242 1267 1536 1316 cognoscere
1557 1267 1682 1298 unus
1698 1267 1754 1297 ex
1771 1250 1885 1314 ipsis
1899 1249 2094 1310 Tullius,
2112 1249 2159 1295 in
2181 1248 2346 1314 primo-

194 1331 575 1394 Rhetoricoram,
615 1332 839 1400 perhibet
874 1332 1040 1381 dicens
1071 1350 1154 1381 eos
1189 1333 1274 1398 qui
1306 1331 1623 1398 philosophiae
1660 1331 1778 1378 dant
1813 1347 2035 1395 operam,
2077 1345 2175 1376 non
2216 1328 2340 1376 arbi-

195 1413 311 1460 trari
331 1415 469 1461 Deos·
483 1429 613 1474 esse,
644 1429 701 1461 ac
733 1414 771 1461 si
793 1424 956 1479 aperte
986 1412 1117 1461 dicat
1136 1451 1148 1475 ,
1192 1414 1292 1460 imo
1320 1430 1474 1459 unum
1510 1415 1667 1459 Deum
1687 1448 1699 1471 ,
1739 1427 1839 1457 non
1875 1412 2003 1457 Deos
2022 1410 2200 1475 plures.
2245 1411 2337 1467 Qui

194 1493 342 1540 etiam
367 1493 594 1558 qualiter,
611 1495 716 1540 Deo
741 1492 1001 1553 revelante,
1026 1493 1088 1540 ad
1122 1493 1270 1559 ipsius
1304 1492 1477 1540 divinae
1503 1490 1739 1538 Trinitatis
1760 1490 2087 1554 cognitionem
2112 1505 2341 1537 conscen-

194 1571 380 1634 derint,
409 1572 584 1622 Paulus
605 1590 800 1638 quoque
823 1572 1070 1639 apostolus
1100 1573 1151 1620 in
1180 1571 1398 1637 Epistola
1419 1570 1488 1617 ad
1510 1574 1749 1618 Romanos
1780 1579 1999 1635 patenter
2028 1570 2236 1616 insinuat
2263 1568 2340 1615 di-

196 1654 332 1700 cens'
358 1671 375 1700 ι
400 1671 423 1698 «
449 1652 596 1712 Quod
619 1662 792 1701 notum
815 1664 886 1701 est
911 1653 1025 1713 Dei,
1048 1652 1356 1700 manifestum
1378 1660 1449 1699 est
1478 1651 1527 1697 in
1553 1650 1659 1699 illis.
1686 1653 1813 1696 Deus
1833 1650 1963 1697 enim
1988 1649 2077 1696 illis
2096 1647 2336 1695 revelavit.

197 1731 457 1781 Invisibilia
476 1733 605 1781 enim
629 1733 778 1799 ipsius
800 1749 828 1781 a
850 1742 1073 1781 creatura
1090 1731 1260 1780 mundi
1275 1748 1363 1797 per
1386 1747 1442 1779 ea
1465 1747 1571 1795 quae
1591 1731 1712 1777 facta
1731 1738 1867 1789 sunt,
1895 1728 2136 1776 intellecta
2157 1730 2343 1794 conspi-

197 1813 413 1875 ciuntur;
449 1813 744 1879 sempiterna
769 1830 966 1879 quoque
1006 1812 1108 1877 ejus
1134 1811 1285 1860 virtus
1303 1821 1351 1858 et
1372 1810 1613 1872 divinitaS,
1652 1809 1718 1857 ita
1749 1818 1804 1856 ut
1845 1809 1940 1856 sint
1979 1808 2350 1868 inexcusabiles,

197 1893 312 1957 quia
352 1909 463 1941 cum
494 1894 836 1958 cognovissent
870 1897 1058 1953 Deum,
1100 1909 1202 1940 non
1241 1892 1363 1939 sicut
1404 1894 1562 1939 Deum
1596 1889 2009 1954 glorificaverunt,
2056 1898 2138 1937 ant
2172 1889 2344 1953 gratias

196 1983 423 2037 egerunt,
448 1972 532 2021 sed
557 1984 858 2022 evanuerunt
879 1975 928 2023 in
951 1971 1323 2038 cogitationibus
1345 1972 1469 2032 suis,
1495 1980 1587 2019 etc.
1618 1991 1640 2015 »
1671 1970 1809 2018 Unde
1829 1980 1877 2017 et
1898 1969 2188 2018 Claudianus
2222 1973 2343 2016 Prae-

197 2052 397 2101 fectorio
418 2054 625 2102 Patricio
649 2053 710 2102 de
734 2064 859 2103 statu
890 2055 1061 2117 animae
1101 2052 1342 2114 scribens,
1378 2052 1453 2098 his
1485 2051 1704 2099 meminit
1737 2050 1895 2098 verbis
1926 2067 1938 2097 :
1973 2071 1995 2094 «
2022 2053 2082 2097 Et
2112 2049 2344 2114 quoniam

197 2134 476 2182 mortalium
499 2134 664 2198 generi
685 2144 856 2182 natura
878 2134 1047 2183 datum
1072 2144 1171 2196 est,
1199 2143 1251 2181 ut
1278 2132 1496 2181 abstrusa
1522 2131 1690 2179 fortius
1714 2141 1920 2196 quaerat,
1952 2141 2004 2178 ut
2038 2140 2208 2194 negata
2242 2145 2346 2177 ma-

196 2213 266 2277 gis
293 2213 548 2278 ambigat³‚
592 2225 646 2263 ut
680 2215 864 2263 tardius
885 2215 1059 2281 adepta
1097 2215 1206 2280 plus
1243 2214 1426 2277 diligat3
1463 2229 1522 2260 eo
1543 2212 1822 2277 flagrantius
1853 2210 2249 2260 animadvertitur
2269 2226 2346 2257 ve-

195 2293 326 2352 ritas,
367 2311 467 2359 quo
499 2294 678 2343 diutius
700 2295 1014 2356 desideratur,
1039 2295 1115 2342 vel
1145 2293 1430 2342 laboriosius
1450 2293 1694 2357 quaeritur,
1737 2292 1812 2340 vel
1836 2292 2016 2339 tardius
2045 2292 2300 2339 invenitur.
2320 2309 2343 2334 n

198 2373 320 2422 Hinc
341 2374 519 2423 factum
535 2411 548 2436 ‚
576 2384 629 2423 ut
652 2375 933 2442 Philosophi
951 2392 1149 2441 quoque
1171 2373 1518 2423 excellentibus
1539 2374 1740 2438 ingeniis
1759 2373 1891 2438 longi
1910 2372 2054 2420 seculi
2075 2372 2135 2419 de
2153 2372 2347 2418 veritate

198 2465 469 2519 quaerentes
481 2455 700 2522 abusque
726 2457 995 2523 Pythagora
1016 2456 1205 2516 Italico,
1234 2455 1309 2503 vel
1331 2456 1497 2503 lonico
1521 2454 1716 2502 Thalete
1740 2470 1930 2519 semper
1953 2453 2235 2512 exstiterint,
2264 2453 2346 2516 qui

198 2534 540 2584 dissidentibus
561 2536 682 2598 aliis,
705 2537 785 2585 vel.
802 2538 854 2585 in
877 2547 1011 2604 parte
1026 2537 1185 2603 operis
1205 2535 1336 2584 aliud
1354 2536 1554 2599 dignum
1576 2543 1708 2583 tanta
1732 2534 1906 2599 indage
1923 2542 2188 2581 senserunt.
2209 2531 2346 2578 Unde

197 2615 342 2663 etiam
364 2616 536 2665 doctor
560 2618 775 2683 gentium
799 2635 900 2666 non
924 2627 1025 2666 tam
1044 2619 1239 2683 ignaros
1264 2615 1365 2664 veri
1384 2615 1728 2681 Philosophos,
1755 2630 1903 2679 quam
1924 2612 2211 2676 cognitionis
2227 2627 2346 2658 con-

198 2703 458 2761 temptores
491 2707 709 2759 accusat,
749 2698 972 2763 inquiens
998 2716 1063 2745 :.«
1090 2696 1358 2745 Invisibilia.
1379 2697 1469 2743 Dei
1507 2713 1535 2744 a
1573 2704 1792 2743 creatura
1824 2693 1996 2741 mundi
2032 2708 2118 2756 per
2150 2707 2208 2739 ea
2240 2707 2346 2756 quae

199 2773 322 2822 sacta
363 2786 478 2824 sunt
517 2776 785 2839 intellecta,
822 2788 913 2826 etc.
955 2797 979 2823 »
1020 2779 1145 2825 Hinc
1173 2777 1317 2824 etiam
1353 2775 1473 2822 illud
1509 2784 1580 2822 est
1615 2773 1862 2837 Augustini
1893 2771 1951 2817 de
1985 2772 2182 2819 Ciuitate
2219 2773 2342 2830 Dei,

198 2853 284 2902 lib.
303 2857 436 2902 vul}
459 2873 470 2901 ε
501 2876 524 2899 «
541 2859 700 2903 Homo
728 2857 1046 2918 Christianus,
1067 2856 1233 2904 litteris
1264 2863 1450 2901 tantum
1474 2853 1800 2902 ecclesiasticis
1832 2850 2064 2911 eruditus,
2095 2860 2232 2899 cavet
2261 2868 2345 2899 eos

198 2934 284 3000 qui
316 2935 590 2983 secundum
615 2935 858 2985 elementa,
881 2937 1025 3001 hujus
1063 2935 1234 2984 mundi
1264 2933 1688 2999 philosophantur.
1727 2931 2027 2980 Admonetur
2062 2932 2192 2979 enim
2226 2948 2345 2998 apo-

198 3015 370 3064 stolico
393 3017 656 3082 praecepto‘
682 3034 694 3064 ε
725 3036 748 3061 α
775 3019 951 3066 Cavete
981 3034 1044 3066 ne
1066 3017 1175 3083 quis
1197 3031 1284 3063 vos
1314 3013 1521 3081 decipiat
1553 3030 1641 3080 per
1676 3011 2038 3079 philosophiam
2070 3022 2118 3060 et
2152 3013 2344 3060 inanem

242 3209 248 3227 ¹
264 3206 301 3240 In
317 3208 396 3242 edit.
421 3208 517 3242 Amb.
536 3214 568 3242 et
585 3210 666 3244 Cod.
685 3211 767 3245 vict.
786 3211 1044 3245 Incontinenlioe
1063 3212 1146 3246 male
1161 3221 1232 3244 om·
1308 3228 1347 3235 -
1362 3211 1374 3232 ³
1390 3211 1492 3244 Aliter
1506 3207 1656 3241 Ambiat.
1676 3223 1714 3230 -
1734 3206 1743 3226 ¹
1759 3206 1839 3248 C2P·
1856 3216 1892 3239 ¹·
1913 3204 2015 3248 Opp„
2031 3210 2054 3239 t·
2074 3205 2159 3243 Vffl·
2184 3205 2246 3238 ⁰⁰¹·
2270 3206 2338 3238 ¹9⁸·

199 3259 277 3292 nlno
291 3265 325 3293 et
342 3267 456 3297 contra
473 3265 615 3296 auctoris
631 3270 783 3298 mentem.
804 3282 841 3289 -—
854 3266 866 3285 ²
883 3266 992 3307 Rom„
1004 3275 1075 3308 cap.
1089 3275 1112 3306 1,
1131 3275 1159 3299 v.
1182 3267 1232 3300 19.
1308 3281 1345 3288 —-
1358 3266 1369 3285 ⁵
1389 3262 1525 3303 colom,
1544 3270 1615 3303 ⁰²1).-
1630 3269 1666 3302 ¹¹,
1685 3268 1715 3294 V·
1734 3261 1764 3292 ⁸·
