2638 3866
276 194 375 243 784
1199 192 1522 239 APPENDIX.

272 292 360 336 bris
384 294 545 354 eloquii
569 310 657 337 non
679 293 882 347 involvit,
907 303 955 334 ut
978 292 1237 347 Bernardus,
1263 294 1337 352 qui
1358 294 1421 336 rei
1442 295 1698 338 venerabilis
1719 297 1986 353 maJestatem
2007 298 2216 359 exquisito
2238 297 2426 358 quodam

273 378 459 422 obnubit
479 379 711 421 verborum
735 377 964 420 adulterio.
987 377 1065 419 Vir
1089 377 1272 437 sapiens,
1296 378 1438 437 inquit
1460 378 1686 422 Horatius¹
1710 395 1720 423 :

704 525 792 561 Non
812 524 962 562 fumum
989 537 1039 563 ex
1065 524 1232 578 fulgore,
1250 524 1317 566 sed
1339 539 1389 564 ex
1412 526 1519 565 sumo
1541 526 1635 585 dare
1653 527 1780 566 lucem

703 586 853 640 Cogitat
858 616 1047 628 .....

272 729 402 784 Quod
429 730 672 774 Bernardus
694 732 808 775 male
835 717 1039 788 attendit,
1065 734 1139 793 qui
1161 733 1279 793 quod
1306 734 1424 777 Jesus
1456 734 1576 788 nudo
1601 736 1836 796 patuloque
1864 749 1962 789 ore,
1989 733 2106 777 nube
2135 734 2343 777 sermonis
2373 733 2428 776 ab

267 811 559 871 intelligentiae
588 813 656 855 via
691 813 887 856 secludit.
922 815 1091 856 Horum
1123 825 1166 857 et
1204 815 1270 857 his
1305 816 1807 863 similiumss-ludicrorum
1837 831 2083 858 mensuram
2117 814 2355 857 confertam
2387 824 2430 857 et

270 893 551 952 coagitatam,
580 894 625 935 in
654 893 902 937 libellorum
935 906 1126 950 tuorum,
1161 896 1402 951 Bernarde,
1429 897 1571 939 sinum
1601 896 1772 940 dedisti.
1801 896 1932 952 Quod
1961 895 2275 956 reprehendere
2307 893 2430 938 facile

269 973 442 1031 poterit,
468 989 597 1032 quem
617 974 839 1017 oculatum
859 975 1044 1018 eruditio
1067 958 1274 1019 reddidit.
1289 977 1397 1030 Quae
1418 977 1452 1019 si
1475 992 1620 1037 ungue
1642 988 1768 1020 tenus
1789 976 1987 1037 persequi
2007 975 2179 1030 vellem,
2203 974 2430 1036 longitudo

270 1063 384 1095 certe
408 1052 650 1096 dictaminis
673 1054 881 1097 lectorem
904 1055 1032 1099 etiam
1055 1055 1282 1115 repelleret
1302 1056 1568 1117 diligentem.

330 1137 438 1177 Cum
460 1136 604 1195 itaque
627 1149 766 1180 tantas
782 1138 925 1181 trabes
947 1139 1156 1198 loquaris,
1179 1155 1255 1182 cur
1276 1140 1498 1183 Abaelardi
1521 1140 1702 1183 festucas
1717 1140 1763 1182 in
1785 1140 1926 1183 trabes
1949 1149 2217 1182 commutare
2240 1136 2432 1180 moliris?

269 1215 371 1259 Non
393 1228 455 1259 est
477 1219 698 1278 negotium
722 1219 1008 1262 misericordis
1032 1220 1203 1280 culpam
1226 1237 1404 1281 augere,
1431 1220 1507 1264 sed
1530 1221 1740 1263 minuere.
1764 1219 1893 1263 Unde
1914 1219 2137 1263 Psalmista
2165 1235 2266 1262 cum
2287 1217 2431 1261 dictu-

269 1314 341 1340 rus
365 1297 496 1340 esset²
516 1315 525 1341 :
560 1319 577 1336 «
595 1300 937 1343 Misericordiam
961 1311 1004 1343 et
1018 1301 1230 1358 judicium
1244 1302 1429 1344 cantabo
1451 1302 1546 1357 tibi,
1576 1303 1779 1357 Domine,
1799 1322 1816 1340 »
1845 1300 2074 1344 commode
2094 1299 2434 1342 misericordiam

268 1380 502 1438 praeposuit
520 1379 700 1436 judicio,
726 1382 845 1440 quasi
869 1382 1031 1424 diceret
1054 1398 1074 1424 ε,
1090 1383 1304 1426 Immense
1325 1384 1456 1437 Deus,
1478 1383 1566 1426 scio
1590 1383 1691 1442 quia
1714 1383 1953 1425 misericors
1975 1397 2019 1425 es
2042 1392 2086 1424 et
2105 1382 2266 1438 jusulsj
2291 1379 2368 1423 sed
2388 1379 2434 1422 in

270 1459 404 1502 altero
427 1476 525 1502 mea
549 1460 749 1515 salvatio,
776 1462 820 1503 in
843 1462 978 1505 altero
1006 1479 1102 1505 mea
1133 1463 1354 1506 damnatio
1376 1478 1387 1518 3
1411 1465 1639 1524 primoque
1663 1462 1964 1506 misericordiae
1992 1462 2209 1505 canticum
2230 1460 2434 1503 libentius

269 1539 386 1582 volo.
415 1541 630 1600 Scriptum
655 1553 716 1584 est
739 1543 784 1584 in
811 1543 919 1585 Isaia
936 1542 949 1565 ⁸
981 1559 991 1586 ε
1025 1545 1111 1586 «Et
1138 1555 1390 1587 convertent
1412 1545 1576 1604 gladios
1595 1560 1693 1588 suos
1715 1545 1761 1586 in
1783 1559 1995 1587 vomeres,
2021 1564 2038 1581 »
2069 1541 2212 1586 Gladii
2244 1541 2360 1584 enim
2387 1539 2434 1582 in

269 1635 464 1663 vomeres
482 1622 764 1664 convertendi
787 1635 900 1678 sunt,
926 1640 1017 1667 non
1035 1641 1234 1668 vomeres
1250 1626 1294 1667 in
1316 1626 1481 1686 gladios
1505 1641 1514 1668 ε
1539 1626 1640 1685 quia
1664 1636 1708 1668 et
1731 1624 1834 1667 mali
1855 1624 1912 1667 ad
1931 1621 2246 1682 tranquillitatis
2266 1621 2434 1664 bonum

269 1701 469 1744 trahendi
492 1713 591 1743 sunt
617 1693 790 1746 levitate
815 1705 1108 1760 correctionis,
1136 1716 1179 1748 et
1204 1707 1311 1749 boni
1333 1706 1390 1749 ad
1411 1706 1674 1750 discordiam
1703 1704 2012 1749 commonendi
2035 1719 2125 1746 non
2146 1712 2245 1745 sunt
2259 1700 2433 1768 ¹asperi-

269 1790 357 1823 tate
378 1781 648 1825 invectionis.

330 1862 407 1903 His
427 1873 471 1904 et
493 1862 583 1904 aliis
609 1862 811 1905 delinitus
836 1863 1066 1922 exemplis,
1092 1864 1292 1919 Petrum,
1318 1865 1353 1907 si
1374 1880 1518 1907 errore
1547 1865 1757 1907 sauciatus
1781 1875 1913 1918 esset,
1931 1865 2130 1920 jumento
2153 1872 2231 1903 tuo
2255 1859 2435 1902 deberes

268 1941 510 2001 imponere,
548 1953 591 1985 et
619 1943 678 1986 sic
712 1943 769 1986 ad
799 1944 1012 1986 stabulum
1043 1945 1291 1987 universalis
1317 1945 1419 1988 fidei
1446 1961 1665 1989 revocare.
1701 1943 1852 1987 Plures
1876 1942 2078 1987 catholici
2107 1940 2306 2000 quaedam
2342 1938 2435 1981 cul-

269 2022 415 2081 panda
441 2022 661 2073 dixerunt,
689 2039 770 2066 nec
790 2035 936 2067 tamen
955 2025 1013 2067 ob
1036 2025 1083 2067 id
1103 2026 1405 2068 haereticorum
1429 2025 1612 2085 collegio
1636 2035 1735 2068 sunt
1752 2024 1969 2084 adscripti.
1991 2024 2090 2064 Duo
2105 2020 2213 2063 dixit
2229 2019 2432 2074 Hilarius,

270 2103 425 2145 erroris
458 2114 745 2162 expugnator,
776 2116 1073 2164 propugnator
1108 2105 1332 2160 Ecclesiae,
1358 2106 1403 2147 in
1430 2105 1586 2165 quibus
1609 2120 1710 2147 eum
1732 2120 1822 2147 non
1850 2103 1971 2146 audit
1987 2101 2195 2145 sobrietas
2215 2099 2434 2147 Ecclesiae.

270 2183 479 2238 Primum,
507 2183 626 2242 quod
648 2184 865 2227 Christum
886 2185 946 2227 nil
968 2186 1013 2227 in
1035 2186 1232 2246 passione
1253 2185 1416 2228 doloris
1437 2185 1829 2233 sensisseasseruit.
1850 2185 2013 2227 Contra
2033 2197 2163 2242 quam
2181 2179 2438 2224 sententiam

271 2262 547 2318 Claudianus,
583 2265 793 2323 presbiter
814 2266 1110 2325 Lugdunensis
1124 2301 1133 2317 ‚
1159 2267 1225 2308 vir
1243 2266 1638 2321 Christianissimus,
1661 2277 1704 2309 et
1726 2277 1818 2308 tam
1839 2264 2004 2308 subtilis
2027 2262 2083 2306 ad
2104 2259 2434 2322 disputandum,

272 2360 402 2403 quam
422 2345 576 2387 artifex
601 2344 656 2387 ad
679 2345 966 2404 loquendum,
986 2348 1045 2390 sic
1066 2359 1269 2407 personat
1287 2363 1326 2390 2«
1349 2348 1393 2390 Si
1417 2348 1605 2390 Christus
1627 2347 1688 2390 nil
1710 2348 1757 2389 in
1778 2347 1976 2407 passione
1998 2344 2128 2388 sensit
2147 2342 2323 2396 doloris,
2345 2355 2438 2384 non

270 2441 371 2468 vere
384 2441 530 2484 passus
545 2437 608 2468 est
628 2437 698 2469 :et
719 2427 754 2469 si
771 2442 870 2470 vere
886 2443 977 2469 non
1000 2444 1146 2487 passus
1167 2439 1305 2471 est....
1320 2427 1335 2450 ‘⁸
1356 2449 1372 2466 »
1399 2429 1663 2484 Secundum,
1684 2428 1804 2487 quod
1817 2427 1986 2484 nullum
2006 2427 2312 2485 incorporeum
2329 2420 2438 2465 dixit

273 2521 362 2548 esse
385 2517 593 2549 creatum.
619 2497 712 2549 Nec
734 2507 878 2567 igitur,
904 2509 1043 2567 inquit
1058 2509 1336 2563 Claudianus,
1364 2509 1524 2563 anima,
1550 2525 1649 2552 cum
1671 2510 1725 2551 sit
1748 2510 2020 2568 incorporea,
2043 2516 2108 2548 est
2130 2514 2289 2547 creata.
2305 2500 2438 2556 Quod

273 2589 307 2630 si
330 2601 474 2632 creata
495 2605 586 2632 non
609 2601 687 2645 est,
714 2606 794 2633 nec
812 2602 1007 2634 creatura
1028 2592 1110 2635 Dei
1132 2603 1210 2635 est.
1239 2592 1325 2635 Sed
1345 2608 1436 2635 non
1459 2592 1517 2635 ob
1539 2593 1640 2648 hoc,
1665 2603 1714 2635 ut
1738 2592 1797 2634 ait
1817 2591 1937 2634 idem
1957 2587 2236 2641 Claudianus,
2261 2585 2438 2628 scientia

274 2669 472 2712 Doctoris
507 2670 650 2729 perdit
683 2671 885 2713 meritum
916 2672 1204 2725 Confessoris‚
1237 2673 1337 2731 quia
1372 2672 1562 2715 Ecclesia
1596 2674 1717 2716 bono
1750 2671 1840 2715 filio
1878 2670 2057 2713 indulsit
2097 2666 2216 2728 quod
2247 2667 2438 2709 humana

277 2744 424 2802 opinio
447 2744 588 2787 minus
610 2756 734 2788 caute
758 2745 1005 2806 disputavit.
1033 2747 1190 2790 Procul
1207 2747 1342 2791 dubio
1365 2749 1400 2790 si
1419 2749 1514 2791 haec
1535 2748 1686 2792 Petrus
1711 2747 1901 2802 dixisset,
1927 2760 2028 2789 eum
2046 2758 2136 2787 esse
2155 2738 2458 2802 lapidandum*

275 2826 427 2885 rigoris
450 2829 513 2869 tui
535 2829 734 2871 severitas
755 2830 975 2873 sanxisset.

335 2907 490 2949 Beatus
513 2909 644 2951 etiam
667 2910 957 2969 Hieronymus
984 2910 1030 2952 in
1061 2910 1173 2953 libro
1197 2921 1348 2954 contra
1376 2911 1653 2954 Jovinianum
1676 2911 1730 2954 de
1754 2910 1916 2971 nuptiis
1943 2907 2143 2969 quaedam
2172 2905 2356 2949 disserit.
2382 2903 2440 2946 Et

275 2987 492 3044 praecipue
522 2988 596 3030 illo
620 2989 742 3044 loco,
767 2991 843 3032 ubi
877 2991 1134 3034 sententiam
1161 2992 1359 3052 Apostoli
1382 2992 1572 3047 inducit,
1600 3008 1696 3051 quae
1725 2993 1772 3035 in
1801 2991 1920 3034 hunc
1954 2982 2137 3032 modum
2167 3001 2212 3029 se
2241 2983 2398 3028 habet·
2423 2997 2434 3027 :

283 3084 301 3100 u
320 3066 490 3108 Bonum
514 3078 576 3109 est
606 3068 831 3112 mulierem
853 3085 943 3112 non
964 3081 1157 3131 tangere.
1180 3093 1199 3110 »
1228 3073 1308 3115 Cui
1330 3074 1622 3132 Hieronymus
1651 3072 1871 3132 subjungit
1898 3087 1908 3114 ε
1940 3090 1958 3108 «ι
1976 3069 2020 3113 Si
2041 3069 2208 3111 bonum
2243 3074 2307 3108 est
2333 3078 2434 3106 mu-

318 3232 328 3251 ·
346 3232 516 3276 Horatius,
535 3233 576 3267 de
597 3236 671 3268 Art.
683 3236 793 3277 Poet„
820 3245 851 3270 v.
878 3238 953 3272 143.
975 3255 1017 3262 —
1033 3237 1188 3273 ²Psalm.
1205 3247 1265 3280 cx,
1282 3249 1313 3273 v.
1334 3241 1364 3274 1.
1376 3258 1418 3264 —-
1434 3240 1553 3283 ³1sai.‚
1571 3249 1645 3282 cap.
1663 3248 1700 3281 11,
1726 3247 1761 3273 v.
1778 3240 1812 3272 4.
1831 3254 1870 3263 —
1889 3238 1901 3259 ⁴
1917 3235 1986 3277 fflej
2002 3233 2125 3275 aliquid
2149 3232 2252 3265 deffl-
2270 3230 2337 3254 *⁸
2353 3227 2438 3263 0⁰*

278 3285 405 3329 rinth„
434 3287 461 3327 Ι,
485 3297 557 3328 cap.
575 3296 641 3330 vn,
657 3297 688 3321 v.
705 3290 737 3322 1.
