2638 3866
962 200 1306 251 THEOLOGIA
1349 203 1692 253 CHRISTIANA
1703 239 1715 252 .
2316 202 2403 252 441

278 297 385 344 vitae
408 296 711 343 honestatem
741 294 930 342 allicere
959 311 1058 343 non
1083 307 1269 361 posset,
1295 298 1461 346 saltem
1491 298 1752 364 cupiditate
1775 297 2093 364 philosophiae
2115 298 2415 362 aliquatenus

277 376 340 425 ad
362 376 459 424 hoc
492 376 823 425 eosinitiaret.
857 377 1012 433 Quem
1044 376 1242 440 quidem
1270 379 1559 443 Augustinus
1593 379 1642 427 in
1667 381 1770 427 VIII
1798 379 1855 426 de
1888 381 2088 428 Ciuitate
2115 380 2210 427 Dei
2240 378 2415 427 talibus

278 457 423 521 digne
454 457 590 505 effert
622 455 899 522 praeconiis¹
925 474 935 502 ε
968 475 992 502 «
1013 458 1231 506 Socrates
1261 461 1483 523 magister
1507 460 1716 509 Platonis
1747 461 2022 509 universam
2056 458 2414 527 philosophiam

278 538 341 586 ad
388 536 701 602 corrigendos
744 537 1206 603 componendosque
1252 557 1411 587 mores
1456 540 1639 589 flexisse
1691 551 2003 589 memoratur.
2062 541 2150 589 Hic
2199 541 2414 590 animum

279 618 485 666 intendit
516 617 579 666 ad
612 617 707 665 hoc
736 616 868 682 quod
898 627 1021 665 esset
1046 617 1197 667 beatae
1220 620 1325 668 vitae
1347 623 1686 681 necessarium,
1714 631 1912 687 propter
1945 638 2091 687 quam
2127 638 2275 670 unam
2309 637 2414 668 om-

279 699 415 746 nium
440 697 842 767 philosophorum
866 698 1134 762 invigilasse
1156 716 1213 748 ac
1232 699 1475 749 laborasse
1496 701 1688 749 videtur
1710 700 1960 750 industria.
1984 701 2187 750 Nolebat
2206 702 2415 748 immun-

281 778 371 826 dos
403 779 604 827 terrenis
633 778 973 844 cupiditatibus
997 780 1186 828 animos
1211 798 1261 829 se
1285 782 1539 830 extendere
1561 782 1610 828 in
1636 781 1798 830 divina
1814 784 1997 842 conari,
2019 780 2414 847 quandoquidem

279 858 341 906 ab
358 859 425 907 eis
441 876 608 907 causas
626 875 786 907 rerum
810 859 1002 908 videbat
1025 861 1226 926 inquiri,
1251 878 1370 925 quas
1389 863 1569 928 primas
1591 872 1733 926 atque
1755 879 1966 910 summas
1989 862 2183 910 nonnisi
2203 862 2250 908 in
2275 861 2415 907 unius

279 941 379 987 veri
412 956 468 986 ac
497 940 674 987 summi
697 940 785 987 Dei
814 940 1028 988 bonitate
1050 957 1152 988 esse
1174 942 1419 990 credebat.
1448 942 1586 991 Unde
1617 960 1706 990 nec
1738 959 1818 990 eas
1839 942 2039 1008 putabat
2063 942 2154 989 nisi
2186 940 2417 988 mundata

281 1029 440 1067 mente
482 1037 622 1085 posse
663 1021 1043 1086 comprehendi,
1083 1031 1128 1069 et
1166 1021 1277 1070 ideo
1315 1022 1574 1088 purgandae
1619 1023 1762 1072 bonis
1799 1023 2016 1071 moribus
2052 1023 2159 1070 vitae
2193 1020 2417 1069 credebat

280 1100 585 1167 instandum,
628 1111 680 1149 ut
719 1101 1099 1167 deprimentibus
1136 1102 1419 1151 libidinibus
1452 1114 1736 1152 exoneratus
1778 1104 1967 1151 animus
2010 1101 2417 1165 naturalivigore

284 1182 332 1228 in
368 1192 544 1250 aeterna
582 1185 632 1230 se
676 1183 930 1242 attolleret,
974 1193 1294 1249 naturamque
1329 1186 1603 1250 incorporei
1648 1194 1795 1249 atque
1833 1183 2146 1232 immutabilis
2190 1181 2413 1238 luminis,

282 1263 367 1310 ubi
398 1280 551 1311 causae
583 1265 804 1312 omnium
833 1264 1065 1312 factarum
1097 1276 1378 1314 naturarum
1401 1266 1630 1314 stabiliter
1652 1267 1839 1324 vivunt,
1873 1265 2190 1328 intelligentiae
2211 1263 2417 1329 puritate

281 1338 595 1409 conspiceret.
623 1364 647 1390 »
683 1348 739 1392 Et
765 1356 874 1411 post
912 1363 1063 1412 pauca
1085 1365 1095 1394 ε
1126 1366 1148 1391 «
1172 1349 1415 1408 Socrates,
1442 1348 1630 1411 inquit,
1668 1347 1859 1411 reliquit
1882 1346 2117 1411 plurimos
2140 1361 2235 1391 suae
2259 1342 2417 1408 philo-

280 1424 459 1490 sophiae
500 1436 783 1486 sectatores,
829 1444 1038 1491 quorum
1079 1428 1294 1474 certatim
1334 1427 1545 1475 studium
1586 1428 1672 1475 fuit
1703 1428 1761 1491 ,in
1803 1427 2121 1492 quaestionum
2161 1422 2417 1471 moralium

281 1505 628 1570 disceptatione
660 1508 857 1566 versari,
889 1507 972 1555 ubi
994 1508 1150 1572 agitur
1182 1507 1243 1556 de
1265 1525 1457 1555 summo
1493 1512 1647 1568 Bono,
1674 1508 1776 1555 sine
1798 1523 1897 1572 quo
1927 1505 2030 1554 fieri
2062 1505 2232 1552 beatus
2259 1502 2419 1550 nullus

284 1596 440 1651 potest
454 1588 485 1633 ².
511 1606 535 1631 »
571 1588 665 1635 Ubi
687 1587 886 1652 quidem
906 1598 953 1636 et
976 1589 1037 1636 de
1054 1589 1297 1654 platonica
1316 1588 1571 1654 disciplina
1592 1605 1738 1654 quam
1761 1588 2013 1652 diligenter
2035 1589 2194 1634 Deum
2216 1584 2419 1631 investi-

281 1667 487 1730 gaverit,
530 1677 576 1715 et
611 1668 770 1732 ipsum
809 1686 1054 1716 summum
1085 1673 1274 1715 Bonum
1311 1685 1414 1716 esse
1450 1668 1706 1730 definierit,
1748 1668 1796 1715 in
1831 1683 1934 1732 quo
1975 1676 2075 1714 tota
2112 1662 2419 1712 beatitudinis

281 1763 467 1794 summa
505 1748 737 1806 consistit,
775 1759 822 1797 et
852 1765 1000 1814 quam
1031 1759 1159 1797 recte
1185 1748 1518 1815 philosophari
1547 1747 1938 1796 determinaverit
1972 1761 2133 1793 amare
2167 1747 2341 1798 Deum,
2371 1752 2422 1789 ut

227 1885 229 1887 Ι
281 1827 500 1874 omnium
548 1844 745 1892 quoque
777 1828 1024 1876 bonorum
1059 1828 1209 1876 finem
1245 1845 1463 1876 amorem
1502 1829 1591 1875 Dei
1624 1829 1902 1889 constituat,
1945 1826 2101 1892 placet
2137 1841 2268 1871 nunc
2306 1822 2422 1870 sul)-

281 1906 454 1954 inferre
481 1924 535 1956 ex
555 1908 729 1956 eodem
755 1908 933 1957 scilicet
952 1905 1056 1957 VIII
1078 1908 1135 1956 de
1162 1911 1500 1959 Civitate.Dec'³
1528 1927 1538 1956 ε
1569 1927 1589 1954 01
1604 1908 1851 1967 Fortassis,
1875 1907 2048 1972 inquit,
2066 1906 2150 1970 qui
2174 1904 2421 1951 Platonem

280 1989 449 2035 ceteris
460 1989 762 2055 philosophis
781 1991 1012 2038 Gentium
1024 1991 1169 2056 longe
1187 2002 1416 2056 recteque
1434 1990 1681 2056 praelatum
1695 1990 1880 2038 acutius
1893 1999 2036 2053 atque
2050 1985 2270 2035 subtilius
2283 1984 2419 2032 intel·

280 2069 447 2116 lexisse
467 2079 610 2134 atque
637 2071 786 2118 secuti
812 2088 915 2118 esse
937 2071 1062 2119 fama
1087 2071 1372 2119 celebriore*
1389 2071 1665 2130 laudantur,
1686 2069 1868 2135 aliquid
1885 2068 1977 2116 tale
1992 2067 2052 2115 de
2068 2070 2172 2114 Deo
2189 2066 2419 2122 sentiunt,

281 2158 332 2195 ut
354 2149 400 2195 in
426 2166 484 2196 eo
508 2150 780 2198 inveniatur
802 2161 850 2198 et
876 2168 1020 2199 causa
1043 2151 1366 2212 subsistendi,
1401 2162 1447 2199 et
1470 2152 1591 2198 ratio
1623 2149 1934 2213 intelligendi,
1968 2158 2014 2195 et
2037 2146 2159 2194 ordo
2183 2143 2376 2192 vivendi
2406 2161 2416 2189 :

280 2246 489 2294 quorum
510 2230 656 2277 trium
673 2248 827 2279 unum
851 2232 912 2279 ad
936 2233 1219 2292 naturalem,
1248 2233 1450 2280 alterum
1473 2232 1534 2280 ad
1559 2230 1857 2290 rationalem,
1894 2229 2087 2277 tertium
2105 2226 2166 2274 ad
2190 2223 2419 2273 moralem

283 2320 471 2375 partem
499 2311 777 2375 intelligitur
799 2313 1054 2377 pertinere.
1078 2313 1128 2360 Si
1154 2314 1284 2361 enim
1307 2313 1458 2361 homo
1482 2314 1547 2361 ita
1571 2321 1640 2359 est
1664 2321 1866 2370 creatus,
1890 2320 1942 2357 ut
1964 2326 2051 2375 per
2072 2308 2123 2356 id
2141 2306 2274 2372 quod
2292 2306 2340 2352 in
2361 2321 2420 2352 eo

284 2390 525 2455 praecellit,
553 2392 752 2455 attingat
769 2392 833 2440 ad
857 2393 989 2462 illud·
1003 2394 1137 2459 quod
1159 2404 1334 2442 cuncta
1352 2393 1594 2459 praecellit,
1619 2392 1669 2439 id
1688 2402 1758 2440 est
1776 2407 1946 2451 unum,
1970 2406 2158 2447 verum,
2184 2387 2420 2452 optimum

282 2473 455 2531 Deum,
489 2471 591 2518 sine
631 2488 730 2536 quo
766 2473 898 2521 nulla
934 2484 1108 2523 natura
1143 2475 1370 2535 subsistit,
1414 2474 1546 2521 nulla
1577 2473 1827 2520 doctrina⁵
1866 2470 2081 2530 instruit,
2116 2468 2275 2515 nullus
2309 2482 2421 2512 usus

282 2552 460 2615 expetit
487 2569 499 2598 ε
536 2553 638 2617 ipse
669 2564 928 2617 quaeratur,
962 2555 1045 2602 ubi
1071 2555 1213 2603 nobis
1239 2571 1407 2603 secura
1430 2564 1541 2601 sunt
1564 2554 1756 2612 omnia;
1783 2553 1885 2618 ipse
1907 2559 2148 2609 cernatur,
2177 2547 2260 2595 ubi
2283 2545 2422 2592 nobis

282 2641 410 2679 certa
445 2643 558 2679 sunt
593 2634 785 2694 omnia;
820 2634 922 2699 ipse
953 2635 1192 2699 diligatur,
1234 2635 1318 2682 ubi
1351 2635 1495 2682 nobis
1530 2643 1661 2682 recta
1693 2642 1803 2680 sunt
1836 2631 2016 2679 omnia.
2055 2630 2103 2675 Si
2140 2643 2253 2691 ergo
2290 2624 2420 2671 Plato

283 2712 372 2758 Dei
400 2711 545 2775 hujus
573 2714 883 2774 imitatorem,
919 2716 1238 2778 cognitorem,
1276 2725 1542 2762 amatorem
1573 2714 1692 2761 dixit
1727 2729 1828 2759 esse
1856 2711 2137 2775 sapientem,
2163 2706 2299 2769 cujus
2320 2713 2422 2769 par·-

286 2791 562 2856 ticipatione
594 2793 647 2840 fit
673 2793 862 2853 beatus,
890 2795 1008 2859 quid
1033 2812 1157 2860 opus
1180 2805 1251 2841 est
1273 2805 1497 2841 excutere
1520 2803 1705 2840 ceteros
1722 2792 1740 2837 ἱ)
1760 2811 1783 2836 »
1810 2792 1979 2838 ltem⁶:
2011 2809 2032 2833 α
2054 2787 2287 2835 Viderunt
2312 2801 2421 2848 ergo

283 2872 360 2918 isti
388 2871 692 2937 philosophi,
717 2890 842 2937 quos
863 2875 1032 2921 ceteris
1057 2891 1155 2921 non
1179 2874 1419 2921 immerito
1446 2873 1570 2920 fama
1592 2883 1734 2936 atque
1757 2871 1906 2935 gloria
1937 2870 2155 2935 praelatos
2179 2866 2419 2921 videmu5‚

286 2951 473 2999 nullum
509 2969 688 3017 corpus
718 2969 820 3000 esse
853 2956 1040 3012 Deum,
1074 2963 1120 3000 et
1149 2953 1260 3001 ideo
1294 2962 1465 3000 cuncta
1492 2968 1699 3017 corpora
1736 2949 2135 3004 transcenderunt
2163 2955 2425 3011 quaerentes

286 3034 461 3079 Deum.
493 3032 731 3080 Viderunt
761 3033 1000 3098 quidquid
1027 3033 1256 3081 mutabile
1279 3043 1350 3081 est
1381 3050 1481 3080 non
1514 3050 1614 3080 esse
1643 3048 1885 3080 summum
1914 3033 2088 3090 Deum,
2122 3037 2168 3076 et
2196 3027 2305 3074 ideo
2330 3026 2426 3072 ani-

327 3242 333 3259 ¹
353 3240 423 3273 Lib.
447 3240 533 3281 VIII,
555 3251 627 3282 cap.
644 3250 692 3275 ιιι.
710 3259 751 3266 -
778 3242 789 3261 ²
802 3242 864 3283 Ap.
884 3243 1018 3283 August.
1045 3243 1116 3282 Quo
1131 3243 1207 3285 fieri
1222 3243 1321 3276 horno
1395 3242 1557 3274 ineditis:
1578 3239 1787 3273 Intellexisse
1804 3238 1951 3271 assecuti
1982 3237 2183 3270 laudantur.
2201 3252 2241 3259 -
2259 3234 2315 3266 ἐἸιι
2331 3234 2425 3265 editis

284 3293 399 3327 beatus
412 3300 534 3337 potest.
551 3314 588 3320 —
600 3298 613 3317 ³
625 3295 704 3338 Cap.
723 3306 768 3331 iv.
781 3315 822 3321 —
835 3299 845 3318 ⁴
856 3298 979 3339 SicAp.
999 3297 1228 3338 AugustInum.
1241 3297 1322 3330 Male
1394 3300 1552 3329 creatura
1568 3304 1629 3336 pro
1642 3293 1808 3327 doctrina.
1819 3311 1858 3317 —
1871 3293 1883 3312 ⁶
1899 3292 1969 3325 Lib.
1988 3290 2074 3329 vlu,
2087 3299 2160 3330 cap.
2177 3297 2217 3320 vi.
