2638 3866
801 247 858 297 IN
891 245 1221 296 EPlSTOLAM
1254 247 1336 296 AD
1371 245 1670 295 ROMANOS.
2105 241 2112 247 ’
2213 243 2309 292 217

163 347 387 396 mundari
409 357 615 411 constat,
639 348 774 413 juxta
785 348 902 398 illud
917 349 1137 412 Gregorii
1159 348 1294 413 quod
1316 348 1575 396 novissime
1589 345 1867 410 adjecimus.
1885 344 1979 393 Sed
2000 343 2095 392 hoc
2113 343 2308 410 quidem

164 427 424 494 obJ'ectioni
446 429 495 476 in
522 431 674 478 nostri
696 447 894 497 quoque
912 430 1200 479 sacramenti
1224 430 1593 488 institutionem,
1619 427 1670 475 id
1693 437 1764 475 est
1786 426 2014 492 baptismi
2038 425 2313 474 redundare

162 508 368 572 videtur,
395 526 509 558 cum
530 510 751 560 videlicet
769 521 968 578 propter
989 527 1125 576 aquae
1146 520 1333 570 tantum
1359 509 1625 558 absentiam
1652 508 1818 556 deesse
1843 506 2089 556 nonnullis
2121 506 2313 573 baptis-

163 605 297 637 mum
320 590 585 655 contingat,
605 608 751 657 quem
776 593 826 639 in
849 607 975 658 aqua
998 590 1311 640 solummodo
1335 591 1574 638 Dominus
1606 587 1870 647 constituit,
1908 604 1998 635 nec
2031 597 2191 636 tamen
2230 604 2314 636 eos

163 686 276 718 cum
307 671 381 719 vel
416 672 505 738 ipsi
542 672 604 720 ad
639 673 734 722 hoc
765 674 998 735 nitantur,
1033 673 1110 720 vel
1138 671 1218 719 alii
1251 682 1451 738 propter
1486 688 1586 731 eos,
1628 668 1883 717 salvandos
1915 685 2017 717 esse
2057 668 2315 717 definimus

162 749 342 815 absque
370 750 630 816 baptismo,
652 754 744 801 nisi
767 753 1055 801 interveniat
1078 752 1381 817 martyrium.
1414 751 1728 800 Providentiae
1741 750 1903 815 itaque
1923 748 2097 796 divinae
2121 766 2316 797 omnem

162 829 264 894 ejus
281 830 646 897 dispositionem
668 834 1042 895 committentes,
1069 832 1151 898 qui
1177 833 1308 880 solus
1330 833 1467 880 novit
1489 848 1637 896 quare
1658 830 1791 878 hunc
1816 828 2028 893 elegerit,
2045 828 2181 877 illum
2202 847 2316 877 vero

163 910 512 976 reprobaverit,
539 915 875 962 auctoritatem
900 914 1156 980 Scripturae
1180 929 1327 978 quam
1347 913 1447 979 ipse
1472 912 1607 961 dedit
1630 910 1932 959 immobilem
1962 920 2239 971 teneamus3
2267 920 2320 958 ut

163 990 387 1040 videlicet
419 1002 637 1060 tempore
673 995 1054 1044 circumcisionis
1094 994 1254 1043 nullos
1291 994 1354 1042 de
1391 995 1575 1042 semine
1613 992 1812 1041 Abrahae
1845 993 1948 1040 sine
1982 991 2061 1039 illa
2102 1001 2321 1039 mortuos

163 1081 342 1121 temere
364 1090 632 1123 asseramus
654 1076 846 1137 salvari,
873 1077 966 1124 nisi
996 1076 1119 1124 forte
1153 1093 1242 1142 pro
1276 1076 1489 1123 Domino
1514 1074 1752 1122 interfecti
1782 1075 1893 1135 sint,
1934 1073 2055 1121 sicut
2091 1072 2152 1121 de
2174 1075 2323 1120 Inno-

165 1154 388 1203 centibus
407 1156 637 1206 creditur.
660 1158 860 1207 Attende
885 1169 1047 1208 autem
1073 1158 1208 1224 quod
1232 1158 1417 1206 dictum
1437 1166 1524 1217 est,
1558 1157 1660 1205 «de
1680 1156 1864 1205 semine
1887 1154 2104 1217 Abrahae,
2141 1174 2165 1199 »
2209 1171 2322 1202 cum

165 1235 390 1283 nonnulli
415 1235 598 1300 fideles,
627 1239 770 1288 etiam
793 1251 903 1307 post
922 1241 1274 1288 institutionem
1297 1238 1694 1300 circumcisioniS,
1721 1247 1831 1285 ante
1854 1236 2120 1284 adventum
2146 1235 2319 1283 Christi

165 1315 486 1366 incircumcisi
510 1320 787 1383 morientes,
814 1321 917 1386 lege
949 1321 1154 1370 naturali
1179 1319 1498 1368 nihilominus
1523 1336 1670 1385 quam
1697 1317 1967 1367 circumcisi
1991 1316 2157 1364 salvati
2183 1326 2317 1377 sunt,

166 1397 288 1445 sicut
306 1397 399 1445 Job
420 1408 468 1447 et
486 1400 711 1449 nonnulli
732 1402 932 1451 fortasse
956 1403 1036 1452 alii
1059 1403 1275 1468 gentium
1297 1402 1504 1450 naturali
1525 1401 1630 1465 lege
1654 1399 1888 1461 contenti,
1907 1407 1954 1446 et
1974 1397 2322 1446 sacrificiorum

166 1477 258 1526 ritu
278 1495 386 1543 quae
401 1479 494 1527 Job
513 1498 710 1547 quoque
733 1501 823 1550 pro
843 1484 953 1533 filiis
974 1485 1203 1533 obtulisse
1220 1484 1393 1549 legitur
1415 1485 1444 1542 ¹,
1474 1481 1536 1531 ab
1558 1481 1777 1546 originali
1795 1489 1995 1546 peccato
2010 1495 2096 1527 seu
2115 1477 2324 1545 propriis

166 1559 361 1624 expiati,
388 1561 509 1608 sicut
531 1562 649 1610 Abel
672 1564 748 1611 vel
768 1568 869 1613 Noe
892 1576 1003 1614 ante
1025 1566 1182 1631 legem
1203 1568 1280 1614 vel
1302 1563 1684 1613 circumcisionis
1708 1561 2060 1610 institutionem
2080 1578 2090 1607 ε
2115 1558 2176 1606 (10
2202 1574 2321 1622 qua·

166 1637 293 1686 libus
313 1656 459 1706 supra
474 1643 733 1707 Apostolus
753 1647 990 1708 meminit,
1018 1646 1184 1694 dicens
1204 1649 1217 1671 ²
1247 1665 1258 1694 ε
1281 1666 1304 1692 «
1324 1649 1448 1694 Cum
1465 1646 1597 1694 enim
1621 1653 1785 1709 gentes
1803 1660 1911 1708 quae
1931 1641 2086 1705 legem
2110 1655 2211 1686 non
2237 1637 2327 1685 ha-

167 1718 302 1780 bent,
331 1730 424 1779 etc.
444 1740 468 1766 »
495 1723 636 1772 Unde
658 1734 705 1771 et
724 1725 935 1775 Isidorus
961 1732 1035 1776 De
1056 1745 1245 1775 summo
1263 1727 1400 1786 bono,
1423 1726 1508 1774 lib.
1538 1730 1575 1788 1,
1603 1741 1711 1791 cap.
1741 1741 1837 1771 xv:
1870 1742 1894 1768 «
1921 1721 2114 1782 Christi,
2147 1718 2323 1784 inquit,

169 1799 436 1848 adventum
457 1819 558 1849 non
583 1813 772 1853 tantum
785 1807 940 1873 plebis
953 1808 1125 1856 Judaeae
1136 1810 1290 1858 sancti
1299 1808 1645 1875 prophetantes
1659 1811 2071 1871 exspectaverunt,
2086 1799 2172 1849 sed
2185 1800 2327 1848 fuisse

169 1880 314 1928 etiam
336 1881 386 1928 in
409 1884 690 1933 nationibus
708 1887 964 1954 plerosque
984 1899 1177 1938 sanctos
1211 1891 1342 1938 viros
1366 1888 1633 1956 prophetiae
1659 1887 1847 1935 donum
1871 1884 2123 1944 habentes,
2153 1880 2329 1946 quibus

164 1977 251 2026 per
272 1962 502 2027 Spiritum
522 1975 745 2015 sanctum
768 1969 983 2018 Christus
1006 1971 1327 2033 revelabatur,
1355 1980 1403 2019 et
1424 1969 1644 2035 aquibus
1657 1965 2043 2033 exspectabatur,
2070 1964 2192 2011 sicut
2215 1961 2325 2023 Job,

165 2042 374 2106 Balaam,
391 2045 475 2109 qui
487 2046 664 2095 Christi
675 2049 841 2114 utique
855 2051 1240 2117 praedicaverunt
1254 2052 1568 2100 adventum.»
1586 2050 1719 2097 Licet
1732 2057 1894 2096 autem
1908 2045 2000 2093 Job
2015 2061 2073 2092 ex
2086 2043 2328 2091 Abraham

165 2139 361 2188 quoque
384 2135 431 2173 et
456 2128 587 2174 Isaac
609 2145 698 2193 per
728 2133 852 2178 Esau
891 2131 1195 2181 descendisse
1228 2132 1469 2191 credatur,
1508 2147 1611 2178 non
1650 2139 1812 2177 tamen
1835 2128 1886 2174 in
1922 2125 2104 2174 semine
2129 2122 2328 2171 Abrahae

165 2203 243 2251 vel
263 2207 395 2253 Isaac
430 2208 689 2272 quisquam
720 2222 793 2259 est
829 2213 1206 2279 computandus,
1236 2214 1320 2279 qui
1357 2231 1415 2261 ex
1438 2210 1823 2260 Patriarcharum
1852 2207 1961 2255 filiis
1988 2207 2039 2254 in
2079 2204 2210 2253 cultu
2241 2204 2329 2251 Dei

167 2284 367 2333 minime
390 2289 755 2338 remanentibus
778 2293 838 2339 sit
863 2304 1165 2359 procreatus.
1195 2294 1336 2342 Unde
1369 2303 1416 2342 et
1456 2292 1695 2341 Dominus
1729 2288 1930 2337 Abrahae
1960 2287 2147 2336 leniens
2177 2284 2329 2333 mole-

167 2366 307 2413 stiam
329 2366 448 2431 ejus,
475 2368 537 2416 de
558 2371 844 2436 expellenda
870 2375 1051 2423 scilicet
1073 2379 1199 2441 Agar
1230 2375 1404 2423 ancilla
1426 2384 1473 2423 et
1496 2371 1694 2422 Ismaele
1735 2370 1836 2418 filio
1870 2386 1959 2417 suo
1984 2368 2046 2417 ad
2072 2366 2329 2432 imperium

168 2447 293 2494 Sarae
310 2449 357 2494 ³:
388 2467 412 2494 κ
436 2451 545 2498 Non
569 2451 676 2512 tibi,
704 2454 880 2520 inquit,
903 2456 1126 2505 videatur
1147 2475 1373 2524 asperum
1404 2472 1550 2523 super
1580 2470 1735 2521 puero
1772 2462 1818 2499 et
1844 2466 1992 2517 super
2025 2447 2197 2496 ancilla
2227 2456 2325 2494 tua.

168 2527 346 2576 Omnia
380 2545 487 2593 quae
520 2530 694 2581 dixerit
731 2534 818 2582 tibi
850 2537 990 2598 Sara,
1030 2538 1146 2586 audi
1179 2555 1352 2587 vocem
1384 2538 1512 2602 ejus,
1549 2536 1664 2600 quia
1699 2534 1750 2580 in
1788 2535 1920 2579 Isaac
1958 2527 2211 2577 vocabitur
2244 2525 2327 2573 tibi

167 2623 350 2656 semen.
377 2609 472 2659 Sed
494 2622 542 2660 et
561 2613 715 2662 filium
736 2617 920 2665 ancillae
944 2617 1117 2667 faciam
1139 2621 1190 2667 in
1215 2630 1406 2685 gentem
1430 2633 1675 2682 magnam,
1698 2614 1814 2679 quia
1836 2627 2002 2660 semen
2027 2619 2167 2656 tuum
2192 2616 2279 2654 est.
2301 2626 2324 2649 »

168 2690 272 2736 Ηο0
294 2691 440 2738 etiam
460 2695 716 2758 Apostolus
738 2697 790 2744 in
812 2698 1120 2747 inferioribus
1139 2701 1387 2766 praesentis
1415 2697 1635 2764 Epistolae
1652 2702 1937 2761 prosecutus
1957 2700 2005 2738 et
2029 2688 2166 2754 quasi
2189 2686 2328 2753 spiri-

168 2768 358 2817 tualiter
383 2788 631 2837 exponens
654 2777 719 2824 ait
739 2779 753 2802 '⁶
772 2796 783 2824 :
818 2798 842 2824 «
859 2782 967 2827 Non
993 2781 1124 2828 enim
1142 2797 1314 2828 omnes
1330 2779 1412 2844 qui
1432 2796 1487 2826 ex
1508 2776 1670 2836 lsrael,
1691 2775 1743 2822 hi
1759 2782 1872 2822 sunt
1890 2769 2143 2830 Israelitae3
2171 2784 2330 2833 neque

168 2850 254 2914 qui
267 2866 430 2899 semen
446 2864 559 2901 sunt
575 2854 791 2918 Abrahae,
816 2875 987 2907 omnes
1009 2860 1112 2921 filii,
1140 2880 1162 2906 «
1181 2860 1266 2907 sed
1288 2860 1338 2907 in
1363 2862 1493 2906 Isaac
1516 2855 1770 2905 vocabitur
1794 2852 1883 2901 tibi
1899 2867 2070 2923 ¹semen
2086 2887 2099 2909 ‚
2118 2869 2142 2894 >2
2165 2848 2217 2896 id
2238 2858 2326 2910 est,

170 2945 272 2976 non
293 2932 378 2995 qui
400 2931 486 2980 filii
508 2936 683 2998 carniS‚
710 2935 763 2983 hi
786 2936 870 2985 filii
892 2949 1005 2987 sunt
1025 2941 1131 2999 Dei,
1156 2940 1240 2988 sed
1263 2940 1349 3005 qui
1369 2938 1452 2986 filii
1473 2935 1806 3004 promissionis
1828 2942 1942 2981 sunt
1964 2931 2258 2979 aestimantur
2279 2929 2330 2976 in

170 3011 370 3059 semine.
391 3031 415 3058 υ
434 3016 602 3079 Itaque
616 3015 751 3079 juxta
767 3017 979 3066 historiae
997 3020 1266 3082 veritatem,
1289 3035 1448 3085 neque
1466 3018 1558 3066 Job
1580 3032 1739 3082 neque
1764 3014 1843 3062 alii
1865 3012 2022 3074 multi,
2045 3010 2155 3059 licet
2173 3009 2235 3057 de
2251 3026 2330 3074 ge-

171 3105 287 3138 nere
310 3091 407 3140 sint
427 3094 646 3156 Abrahae,
673 3106 834 3146 tamen
859 3116 1023 3147 semen
1044 3099 1247 3149 Abrahae
1269 3100 1477 3149 vocandi
1495 3115 1597 3147 non
1623 3106 1752 3155 sunt,
1794 3093 1908 3160 quia
1940 3091 2002 3140 de
2033 3089 2327 3150 infidelibus,

175 3178 230 3217 ut
249 3170 434 3222 dictum
466 3185 553 3237 est,
586 3177 685 3225 nati
715 3188 843 3227 sunt.
886 3183 1049 3230 Patres
1083 3191 1247 3231 tamen
1286 3181 1475 3244 talium,
1512 3181 1624 3228 licet
1656 3175 1876 3226 infideles
1907 3172 2100 3233 fuerint,
2135 3180 2187 3218 ut
2218 3178 2331 3235 pote

220 3365 226 3382 ¹
243 3363 318 3406 Job,
334 3376 406 3408 cap.
423 3378 446 3410 1,
468 3379 496 3403 v.
516 3373 546 3405 5.
565 3389 606 3397 —-
621 3374 632 3393 ²
648 3375 765 3417 Rom.,
783 3384 855 3417 cap.
883 3385 916 3417 n,
942 3386 972 3410 v.
995 3379 1043 3411 14.
1064 3395 1106 3402 —
1121 3379 1133 3399 ³
1148 3378 1277 3418 Genes.‚
1296 3386 1369 3418 cap.
1388 3385 1459 3417 xxi,
1478 3385 1510 3408 v.
1536 3376 1585 3408 12.
1610 3390 1647 3397 —
1664 3373 1675 3393 ⁴
1688 3373 1801 3412 Rom„
1826 3378 1897 3410 cap·
1915 3376 1961 3406 11¹,
1979 3375 2013 3400 V·
2030 3367 2061 3399 6·

339 3440 370 3465 ιι
2118 3425 2170 3462 28
