2638 3866
820 191 1218 241 lNTRODUCTlO
1253 193 1335 241 AD
1368 191 1775 245 THEOLOGIAM.
2306 195 2366 241 45

226 294 344 352 dum
367 292 501 358 quod
524 293 669 340 totius
691 291 860 340 mundi
881 291 1101 356 regimini
1120 292 1255 356 quasi
1273 293 1432 340 anima
1453 293 1646 357 corpori
1669 302 1850 358 praeest.
1874 292 2010 341 Unde
2023 303 2069 341 et
2081 309 2164 359 per
2186 295 2368 359 sapien·

226 383 322 421 tem
337 372 600 438 quemdam
618 371 956 420 adhortantem
982 387 1081 419 non
1103 371 1248 436 digne
1270 375 1425 421 Deum
1451 372 1685 431 excolere,
1705 373 1795 420 nisi
1820 383 1980 423 mente
2002 373 2179 421 scilicet
2198 390 2224 421 a
2244 374 2367 421 vitiis

224 463 422 518 purgata
445 462 494 500 et
512 451 769 500 virtutibus
800 452 1031 500 adornata
1047 488 1059 512 ,
1085 452 1287 517 pulchre
1316 453 1365 500 in
1402 453 1509 518 ipso
1545 469 1639 500 suae
1661 452 2009 502 adhortationis
2038 463 2084 502 et
2107 453 2365 519 disciplinae

222 532 423 581 exordio
437 533 624 581 dietum
639 542 720 581 est
733 535 745 559 ¹
762 551 772 579 ε

577 685 624 729 Si
641 685 759 728 Deus
782 689 848 728 est
867 684 1047 735 animuS,
1067 684 1190 729 vobis
1206 691 1254 728 ut
1270 685 1455 728 carmina
1471 684 1629 734 dicunt,

577 757 663 800 Hic
684 756 762 800 tibi
784 756 990 814 praecipue
1012 756 1068 800 sit
1089 771 1196 814 pura
1215 761 1354 800 mente
1378 756 1590 800 colendus.

219 906 282 951 Ac
316 903 355 951 si
398 912 564 969 aperte
586 902 738 951 filium
767 903 1009 953 instruens
1026 903 1179 952 dicat:
1207 906 1330 952 Cum
1344 906 1475 951 Deus
1498 903 1556 950 sit
1580 903 1786 963 animus,
1812 902 1954 949 nobis
1971 902 2068 950 hoc
2090 913 2160 951 est
2183 920 2292 953 vera
2314 918 2359 954 et

213 983 472 1050 spiritualis
494 985 608 1045 vita,
633 985 757 1033 sicut
781 994 829 1032 et
851 985 954 1050 ipsa
969 983 1191 1050 perhibet
1203 985 1438 1050 scriptura
1451 994 1723 1050 poetarum,
1747 982 1874 1030 velut
1892 983 1972 1031 illa
1987 984 2167 1048 Virgilii
2190 986 2355 1048 verba,

212 1079 318 1127 quae
352 1080 496 1130 super
526 1063 623 1111 hoc
654 1065 814 1130 ipsum
836 1064 1108 1113 Macrobius
1129 1064 1343 1125 inducit,
1387 1065 1511 1112 sicut
1531 1063 1844 1130 postmodum
1869 1063 2202 1126 ostendemus,
2228 1065 2359 1115 hunc

211 1144 478 1210 praecipue,
516 1143 695 1192 scilicet
728 1147 886 1194 Deum
903 1183 915 1207 ‚
953 1144 1325 1194 benevivendo
1346 1143 1574 1209 glorifica.
1602 1147 1729 1191 Bene
1749 1144 1891 1191 etiam
1915 1160 2027 1191 cum
2052 1145 2229 1192 animal
2258 1164 2357 1195 esse

209 1223 345 1272 Plato
382 1224 624 1272 mundum
648 1224 839 1285 dixerit,
879 1226 1038 1292 ipsum
1074 1242 1271 1290 quoque
1307 1223 1652 1290 intelligentem
1669 1262 1682 1286 ,
1703 1223 1799 1271 hoc
1821 1234 1893 1271 est
1925 1224 2157 1273 rationale
2181 1227 2355 1276 animal

208 1320 310 1353 esse
333 1304 606 1370 perhibuit,
633 1306 900 1354 secundum
924 1307 1021 1354 hoc
1044 1306 1224 1354 scilicet
1245 1304 1380 1370 quod
1402 1305 1503 1369 ejus
1530 1305 1692 1353 anima
1718 1313 1903 1368 quanto
1927 1305 2106 1352 caeteris
2126 1316 2352 1370 praestan-

207 1384 302 1432 tior
325 1385 519 1447 exstitit,
546 1395 681 1434 tanto
705 1385 1037 1435 rationabilius
1060 1386 1110 1432 in
1130 1387 1236 1451 ipso
1256 1395 1434 1433 cuncta
1455 1386 1552 1449 agit
1575 1395 1717 1449 atque
1742 1375 1972 1449 disponit.
1999 1387 2072 1431 De
2094 1386 2229 1450 cujus
2246 1389 2351 1452 qui-

206 1464 317 1512 dem
339 1481 539 1514 summae
559 1466 760 1514 rationis
784 1466 1090 1515 ordinatione
1115 1482 1226 1513 cum
1258 1464 1481 1512 subditur
1496 1503 1510 1527 ,
1529 1464 1664 1530 quod
1686 1464 1788 1511 haec
1815 1462 2035 1512 videlicet
2056 1465 2159 1530 ipsa
2181 1468 2349 1515 mundi

205 1544 367 1592 anima
390 1561 558 1594 causas
590 1546 812 1593 omnium
843 1562 950 1611 quae
983 1545 1277 1612 proveniunt
1305 1543 1555 1610 providet,
1581 1544 1794 1592 divinam
1817 1543 2126 1591 ei'omnium
2160 1555 2350 1596 natura-

204 1639 315 1671 rum
336 1625 694 1690 providentiam
720 1626 943 1690 assignat,
970 1635 1018 1674 et
1041 1625 1215 1672 divinae
1236 1624 1588 1690 plenitudinem
1613 1624 1845 1684 sciendae,
1877 1640 1935 1671 ex
1954 1640 2054 1688 quo
2077 1625 2220 1672 etiam
2250 1626 2349 1691 ipsa

202 1705 332 1751 Deus
349 1720 451 1752 esse
474 1705 720 1765 innuitur,
742 1705 901 1757 metiri
930 1721 987 1753 ac
1008 1703 1275 1752 deliberare
1297 1720 1354 1752 ea
1376 1720 1482 1769 quae
1501 1703 1659 1750 futura
1683 1713 1794 1751 sunt
1816 1719 1871 1751 ex
1898 1703 2208 1769 praesentibus
2230 1705 2349 1753 dici-

201 1793 307 1845 tur,
331 1784 445 1848 quia
474 1784 609 1848 juxta
639 1801 695 1832 ea
723 1802 830 1850 quae
852 1785 954 1849 jam
975 1795 1088 1833 sunt
1112 1793 1304 1850 oportet
1327 1783 1607 1850 praeparari,
1634 1791 1687 1830 ut
1706 1783 1774 1831 eis
1797 1799 2010 1846 congrua
2044 1777 2347 1833 ordinatione

199 1863 445 1912 cohaerere
467 1865 653 1930 possint
687 1875 831 1930 atque
867 1865 1040 1931 aptari.
1069 1864 1217 1923 Quod
1253 1872 1414 1912 autem
1443 1862 1664 1928 subditur
1698 1880 1755 1911 ex
1792 1862 2005 1928 reliquiis
2027 1865 2346 1913 concretionis

199 1944 457 1992 mundanae
477 1945 676 2007 animae,
703 1955 909 2000 nostraS,
935 1945 987 1993 id
1000 1955 1073 1993 est
1097 1944 1370 1993 mundanas
1391 1945 1576 1993 animas
1598 1961 1699 1992 esse
1721 1939 1995 2005 confectas,
2018 1944 2111 1992 tale
2133 1955 2203 1992 est
2225 1962 2282 1994 ac
2307 1949 2345 1993 si

198 2023 378 2082 diceret
395 2039 503 2072 eam
517 2026 531 2050 ⁸
551 2025 766 2074 animam
789 2025 963 2073 mundi
985 2026 1034 2072 in
1052 2025 1280 2091 potentiis
1301 2041 1359 2073 ac
1379 2024 1637 2073 virtutibus
1651 2024 1844 2085 imitari,
1868 2024 1953 2072 sed
1969 2023 2111 2088 longe
2129 2024 2223 2072 hoc
2239 2026 2343 2090 ipso

196 2120 226 2152 a
249 2104 480 2169 dignitate
502 2107 605 2170 ejus
625 2105 882 2156 abscedere
901 2144 914 2169 ,
934 2116 989 2154 ut
1009 2105 1232 2154 videlicet
1254 2104 1670 2170 quemadmodum
1694 2105 1856 2153 anima
1890 2105 1969 2153 illa
2000 2105 2146 2152 totius
2173 2105 2341 2153 mundi

196 2183 597 2234 administrationi
618 2196 804 2251 praeest,
831 2186 899 2234 sic
920 2185 1118 2250 singulis
1140 2185 1430 2252 corporibus
1453 2184 1650 2250 singulae
1673 2185 1845 2233 animae
1869 2202 1980 2247 suae,
1999 2185 2146 2232 vitam
2159 2185 2226 2232 eis
2245 2186 2342 2232 ani-

196 2264 371 2320 malem
407 2282 509 2312 non
537 2266 799 2331 spiritalem
830 2265 1114 2332 praebentes.
1146 2268 1204 2313 Et
1225 2265 1352 2314 bene
1375 2265 1448 2312 hae
1474 2266 1609 2330 quasi
1645 2263 1857 2330 reliquiae
1892 2264 2147 2312 mundanae
2170 2266 2340 2313 animae

194 2343 444 2406 dicentur,
473 2361 581 2410 quae
601 2346 780 2395 scilicet
803 2347 866 2394 ad
889 2347 1150 2395 animalem
1177 2346 1422 2411 pertinent
1449 2346 1620 2407 vitam,
1653 2346 1769 2410 quia
1791 2345 1894 2393 haec
1906 2345 2211 2393 inferioribus
2239 2346 2338 2411 ipsa

193 2423 421 2488 relinquit
436 2425 691 2475 animabus
706 2444 814 2491 quae
832 2444 919 2493 per
942 2443 1049 2477 eam
1075 2426 1262 2492 expleri·
1280 2426 1480 2491 dignum
1505 2442 1604 2474 non
1626 2435 1712 2474 est.
1738 2426 1874 2474 Unde
1888 2436 1934 2473 et
1957 2412 2125 2473 eorum
2148 2425 2337 2472 haeresis

191 2505 484 2565 confutatur,
504 2507 589 2571 qui
609 2507 876 2556 Dominum
900 2511 1063 2556 Jesum
1081 2524 1183 2555 non
1208 2507 1351 2555 aliam
1369 2507 1584 2555 animam
1605 2523 1750 2571 quam
1769 2516 1988 2554 sanctum
2010 2507 2235 2571 Spiritum
2250 2505 2334 2552 ba-

190 2583 305 2632 bere
324 2586 628 2651 profitentur.
651 2587 888 2652 Reliquias
903 2590 1054 2636 etiamv
1067 2587 1324 2636 mundanae
1339 2588 1509 2639 animae
1532 2604 1633 2635 non
1659 2587 1921 2652 incongrue
1943 2584 2058 2633 dicit
2075 2601 2130 2633 ea
2152 2602 2256 2649 quae
2273 2586 2332 2632 ad

190 2666 521 2729 operationem
551 2667 654 2730 ejus
685 2683 833 2731 quam
871 2668 920 2716 in
959 2668 1103 2716 nobis
1134 2667 1306 2728 habet,
1328 2668 1594 2733 pertinent;
1621 2666 1889 2715 secundum
1925 2666 2057 2730 quod
2085 2666 2134 2712 in
2158 2681 2331 2730 corpo-

190 2743 322 2792 ribus
346 2745 449 2810 ipsa
468 2746 760 2810 degenerare
784 2748 979 2810 dicitur,
1001 2750 1124 2796 sicut
1146 2765 1234 2795 suo
1255 2747 1365 2794 loco
1384 2763 1698 2812 exponemus.
1723 2747 1854 2794 Sicut
1877 2746 2006 2793 enim
2029 2744 2238 2810 reliquiae
2259 2745 2332 2792 his

188 2822 363 2886 quibus
394 2835 651 2890 supersunt
676 2827 903 2875 inferiora
933 2828 1132 2892 quidem
1155 2837 1201 2873 et
1231 2826 1505 2888 indigniora
1527 2825 1775 2889 videntur,
1804 2827 1867 2874 ita
1891 2825 1991 2882 haec
2016 2842 2121 2891 quae
2146 2842 2245 2873 non
2271 2826 2330 2872 ad

186 2904 498 2951 aeternitatem
528 2905 751 2969 spirituS,
796 2906 881 2953 sed
914 2907 977 2954 ad
1007 2905 1295 2971 temporales
1326 2905 1429 2968 ejus
1462 2906 1766 2970 operationes
1805 2906 2035 2965 attinent,
2068 2906 2329 2971 posteriora

186 2981 416 3046 dignitate
451 2993 723 3032 censentur.
753 2987 977 3049 Congrue
1016 2987 1158 3034 etiam
1196 2985 1310 3032 dicit
1345 2988 1557 3032 animam
1586 2985 1786 3052 mundi,
1815 3002 1914 3033 non
1947 2986 2144 3050 alicujus
2178 2986 2245 3034 rei
2278 2986 2325 3031 in

188 3063 390 3122 mundo,
413 3064 534 3111 sicut
555 3074 603 3112 et
624 3066 835 3113 animam
854 3066 1065 3114 hominis
1087 3066 1307 3124 dicimus,
1340 3082 1438 3113 non
1467 3066 1667 3130 alicujus
1693 3065 1897 3113 membri
1916 3065 2133 3113 humani.
2158 3065 2324 3112 Anima

231 3259 237 3277 ¹
253 3257 394 3291 Catonis
414 3259 584 3302 Disticha,
600 3262 657 3294 lib.
675 3261 701 3300 l,
720 3272 748 3293 v.
771 3264 800 3296 1.
818 3280 854 3286 —
886 3262 960 3296 'Sic
977 3263 1058 3297 Cod.
1079 3263 1161 3297 Υἱοὶ.
1189 3264 1232 3296 Et
1254 3273 1316 3305 pro
1337 3264 1369 3296 ei
1390 3264 1486 3297 Amb.
1506 3281 1544 3288 -—
1563 3265 1575 3285 ³
1593 3250 1771 3306 Theoloqia
1790 3262 1991 3297 Christiana
2007 3262 2123 3294 mellus
2138 3270 2205 3293 εαε.
