2638 3866
835 266 1174 315 TRACTATUS
1209 267 1287 315 DE
1323 267 1782 316 INTELLECTfflUS.
2289 269 2384 317 739

240 365 570 414 intellectuum
607 375 797 428 natura,
835 377 888 414 ut
921 367 1143 417 videlicet
1176 369 1297 417 sicut
1328 385 1607 418 sermonum
1639 369 1717 416 alii
1748 368 1984 435 simplices
2013 378 2151 430 sunt,
2191 369 2384 433 singulae

239 446 419 494 scilicet
452 446 712 508 dictiones,
754 447 832 494 alii
867 449 1150 513 compositi,
1179 449 1308 497 velut
1339 450 1583 498 orationes
1616 465 1736 515 quas
1770 466 1825 497 ex
1862 449 2058 497 diversis
2089 466 2281 498 necesse
2315 461 2386 498 est

239 527 414 575 confici
434 527 729 576 dictionibus
747 529 993 593 propriam
1012 530 1060 576 in
1082 530 1196 595 ipsis
1218 529 1619 595 significationem
1642 529 1930 592 tenentibus,
1957 531 2020 578 ita
2046 540 2094 578 et
2116 530 2383 579 intellectus

239 625 297 656 ex
320 608 626 657 sermonibus
646 606 816 669 habiti,
843 608 919 655 vel
937 609 1072 673 juxta
1095 610 1311 675 ipsorum
1333 611 1698 658 instructionem
1721 610 1951 670 habendi,
1973 610 2121 659 modo
2144 612 2382 677 simplices

240 698 370 749 sunt,
402 689 486 754 qui
516 687 742 736 videlicet
771 704 826 736 ex
861 688 1155 754 simplicibus
1183 690 1394 739 habendi
1422 702 1535 739 sunt
1563 690 1892 752 sermonibuS,
1927 691 2076 738 modo
2107 692 2378 757 compositi,

240 769 325 832 qui
361 785 419 816 ex
454 769 752 834 compositis.
790 769 922 817 Sicut
953 770 1085 817 enim
1120 770 1203 835 qui
1231 771 1442 836 loquitur
1475 782 1523 819 et
1555 772 1705 819 dicit:
1745 770 1937 818 «homo
1976 770 2216 832 ambulat,
2241 791 2265 817 »
2298 788 2384 837 per

240 848 402 912 plures
430 849 738 916 progreditur
763 849 1100 914 significativas
1134 850 1394 914 dictiones,
1420 853 1485 899 ita
1515 852 1598 917 qui
1622 851 1756 899 audit
1780 867 1836 898 ex
1865 851 2062 915 singulis
2090 851 2384 900 dictionibus

239 927 466 996 proprios
515 930 791 995 colligendo
833 931 1104 979 intellectus
1137 931 1382 998 procedit;
1423 933 1637 998 primum
1674 932 1869 997 quidem
1914 931 2164 980 bominem
2211 933 2383 981 intelli-

238 1009 424 1074 gendo,
451 1028 564 1059 cum
588 1011 811 1059 videlicet
834 1012 968 1060 audit
993 1031 1016 1058 «
1033 1013 1203 1076 homo,
1225 1033 1249 1057 »
1275 1013 1409 1078 quod
1435 1013 1496 1061 ad
1526 1012 1894 1078 significandum
1915 1011 2166 1061 hominem
2191 1013 2383 1061 institu-

237 1099 342 1137 tum
380 1100 476 1150 est,
514 1101 683 1157 postea
713 1091 1115 1156 ambulationem,
1153 1109 1264 1141 cum
1291 1093 1425 1140 audit
1463 1092 1746 1155 «ambulat,
1771 1113 1793 1137 n
1828 1108 1933 1141 eam
1967 1094 2164 1158 insuper
2196 1092 2382 1141 homini

238 1171 535 1237 copulando.
576 1172 778 1220 Attende
806 1182 969 1221 autem
1010 1173 1145 1239 quod
1178 1173 1386 1221 diximus
1411 1173 1704 1222 intellectum
1740 1173 2007 1239 simplicem
2042 1189 2142 1222 non
2168 1174 2251 1239 qui
2285 1190 2384 1221 om·

237 1251 357 1298 nino
382 1251 612 1317 -partibus
642 1262 798 1315 caret,
836 1254 920 1301 sed
958 1254 1041 1319 qui
1075 1270 1162 1320 per
1195 1255 1542 1302 successionem
1575 1253 1729 1302 nullas
1757 1253 1919 1301 habet.
1959 1256 2091 1320 Saepe
2129 1254 2258 1301 enim
2296 1270 2383 1320 per

237 1330 502 1380 dictionem
542 1349 688 1380 unam
731 1334 871 1399 plura
912 1334 1220 1399 intelligimus
1258 1335 1421 1392 simul,
1464 1335 1610 1383 veluti
1651 1351 1759 1382 cum
1810 1333 2035 1382 audimus
2072 1334 2226 1395 «duo,
2246 1351 2270 1379 η
2307 1335 2382 1382 vel

241 1416 383 1476 «tria,
400 1435 423 1460 υ
461 1417 537 1464 vel
570 1418 716 1465 etiam
743 1417 840 1465 hoc
873 1435 1053 1466 nomen
1095 1418 1293 1484 «plura,
1314 1438 1339 1464 »
1375 1419 1448 1466 vel
1489 1418 1785 1484 «populum,
1810 1437 1833 1462 n
1869 1417 1944 1465 vel
1982 1434 2274 1481 «gregem,»
2307 1418 2382 1465 vel

240 1511 567 1559 «acervum,»
600 1497 677 1545 vel
712 1498 974 1559 «domum,
997 1518 1021 1544 »
1047 1509 1095 1547 et
1130 1499 1384 1565 quodlibet
1412 1515 1592 1548 nomen
1626 1500 1887 1547 multarum
1923 1498 2381 1563 comprehensivum

237 1592 418 1637 rerum,
445 1578 544 1625 sive
568 1578 777 1643 partium
802 1579 850 1626 in
876 1580 1141 1644 quantitate
1164 1580 1573 1639 convenientium,
1605 1580 1703 1627 sive
1732 1579 1940 1627 materiae
1963 1578 2104 1626 simul
2127 1588 2174 1626 et
2198 1579 2377 1626 formae.

238 1659 358 1704 Nam
384 1657 597 1706 hominis
628 1676 810 1707 nomen
842 1669 890 1707 et
922 1661 1172 1708 materiam
1195 1661 1348 1725 ipsam
1371 1661 1591 1707 animalis
1623 1669 1671 1707 et
1702 1659 2071 1707 rationalitatem
2107 1669 2154 1706 et
2175 1661 2186 1683 ¹
2205 1668 2382 1707 morta·

234 1736 417 1786 litatem
446 1739 587 1786 simul
608 1739 919 1800 determinat3
946 1740 1031 1788 sed
1064 1740 1206 1788 simul
1230 1741 1419 1800 omnia,
1456 1757 1555 1787 non
1583 1757 1669 1805 per
1697 1739 2049 1787 successionem
2083 1739 2131 1785 in
2164 1739 2268 1803 ipso
2294 1755 2381 1785 no-

235 1818 368 1865 mine
391 1819 737 1883 intelliguntur.
776 1823 831 1868 Et
859 1820 1021 1885 plures
1056 1819 1254 1867 fortasse
1280 1829 1392 1867 sunt
1415 1819 1558 1866 simul
1582 1820 1796 1867 actiones
1828 1819 1877 1865 in
1903 1835 2003 1866 uno
2033 1818 2262 1883 simplicis
2286 1835 2383 1866 ser-

234 1899 395 1945 monis
430 1899 695 1961 intellectu,
734 1900 1002 1948 secundum
1037 1900 1133 1947 hoc
1165 1899 1301 1965 quod
1332 1900 1472 1965 plura
1495 1901 1708 1965 concipit
1739 1900 1959 1958 animus,
1992 1909 2045 1945 ut
2074 1897 2295 1945 videlicet
2328 1916 2384 1946 ex

235 1995 332 2026 una
356 1996 551 2044 quaque
577 1997 629 2027 re
661 1997 810 2045 quam
836 1981 1068 2028 deliberat
1102 1997 1250 2028 unam
1283 1980 1462 2028 habeat
1486 1981 1743 2028 actionem.
1774 1979 1866 2027 Sed
1906 1989 2064 2026 tamen
2092 1995 2193 2025 non
2226 1979 2383 2025 minus

233 2059 435 2124 simplex
473 2069 545 2107 est
582 2061 851 2108 intellectus
885 2061 1144 2122 dicendus,
1185 2062 1224 2108 si
1272 2061 1417 2108 nullis
1452 2077 1540 2125 per
1574 2060 1925 2108 successionem
1964 2057 2179 2123 partibus
2222 2068 2381 2106 tamen

234 2138 426 2187 dicitur.
462 2143 668 2189 Possunt
700 2142 863 2206 itaque
893 2141 1076 2188 eaedem
1098 2158 1174 2188 res
1209 2150 1257 2189 et
1285 2157 1372 2206 per
1405 2140 1674 2205 simplicem
1696 2139 1839 2187 simul
1869 2138 2163 2185 intellectum
2193 2138 2383 2202 concipi

234 2229 282 2266 et
315 2237 403 2284 per
434 2223 760 2286 compositum
797 2222 1158 2270 succedentem.
1196 2224 1319 2269 Nam
1354 2231 1403 2268 et
1440 2231 1536 2268 tres
1574 2220 1757 2286 lapides
1791 2229 1904 2267 ante
1951 2235 2028 2266 me
2062 2218 2244 2284 positos
2280 2234 2380 2264 uno

233 2300 411 2348 intuitu
433 2302 583 2349 modo
618 2303 763 2350 simul
797 2303 970 2365 video,
1004 2302 1156 2351 modo
1190 2319 1279 2368 per
1314 2302 1664 2349 successionem
1698 2300 1916 2367 pluribus
1946 2298 2197 2347 obtutibus
2230 2313 2382 2345 unum

233 2389 343 2444 post
391 2382 539 2429 alium
584 2382 746 2431 video.
807 2385 942 2431 Sicut
987 2400 1103 2447 ergo
1142 2400 1311 2442 sensu,
1354 2382 1421 2430 ita
1464 2391 1512 2429 et
1554 2381 1795 2429 intellectu
1835 2381 2013 2446 agitur,
2058 2389 2113 2426 ut
2164 2377 2382 2425 videlicet

233 2461 384 2509 modo
419 2462 602 2527 aliquid
632 2463 774 2511 simul
810 2465 999 2512 animus
1030 2481 1118 2530 per
1159 2462 1457 2511 intellectum
1491 2461 1758 2528 simplicem
1790 2461 2078 2527 speculetur,
2113 2458 2261 2506 modo
2295 2474 2382 2522 per

232 2543 586 2591 successionem
623 2544 823 2592 diversis
853 2544 1173 2592 intellectibus
1205 2543 1409 2591 diversa.
1438 2544 1498 2590 Et
1522 2543 1618 2590 hoc
1649 2552 1736 2603 est,
1765 2552 1818 2589 ut
1856 2541 2080 2600 arbitror,
2115 2537 2381 2587 differentia

233 2621 561 2671 intellectuum
590 2624 816 2672 dictionis
839 2634 888 2672 et
910 2610 1141 2672 orationis
1173 2623 1367 2672 easdem
1389 2639 1588 2688 prorsus
1622 2639 1697 2670 res
1721 2621 2056 2686 significantis,
2091 2617 2224 2683 quod
2247 2615 2379 2663 vide-

232 2701 344 2750 licet
387 2720 473 2768 per
513 2704 778 2752 dictionem
820 2722 926 2770 quae
960 2705 1104 2752 nullis
1147 2704 1324 2752 scilicet
1358 2702 1684 2766 significativis
1716 2702 1930 2768 partibus
1963 2709 2176 2759 constat,
2218 2696 2381 2744 omnia

233 2781 374 2829 simul
410 2783 745 2847 intelligimus,
786 2802 874 2850 per
910 2785 1180 2832 orationem
1217 2800 1331 2831 vero
1370 2783 1542 2831 eadem
1577 2799 1666 2848 per
1699 2783 2051 2830 successionem
2090 2777 2375 2841 colligimus.

233 2861 378 2909 Verbi
401 2864 551 2926 gratia
579 2883 589 2911 :
622 2881 736 2912 cum
758 2865 818 2912 sit
852 2864 1021 2912 eadem
1055 2864 1116 2911 ad
1146 2864 1517 2930 conceptionem
1546 2880 1708 2910 rerum
1735 2862 1971 2910 sententia
2000 2859 2143 2923 hujus
2172 2856 2382 2904 nominis

236 2944 484 3004 «animal,
510 2965 533 2988 2>
561 2954 609 2992 et
632 2946 735 3009 ejus
762 2945 1063 2993 diffinitionis
1087 2962 1193 3010 quae
1217 2955 1324 2993 est:
1359 2964 1382 2990 «
1401 2961 1579 3010 corpus
1605 2945 1870 2992 animatum
1892 2938 2132 2999 sensibile,
2157 2958 2180 2984 n
2206 2936 2381 2984 modus

234 3031 392 3071 tamen
419 3025 718 3089 intelligendi
752 3027 801 3074 in
830 3043 914 3084 eo,
939 3036 993 3074 ut
1017 3026 1247 3088 diximus,
1282 3025 1457 3086 differt,
1494 3025 1627 3090 quod
1657 3042 1742 3091 per
1763 3040 1943 3072 nomen
1972 3021 2114 3070 simul
2141 3018 2224 3067 illa
2258 3018 2375 3076 tria,

234 3119 322 3167 per
365 3103 713 3154 diffinitionem
763 3106 1078 3155 succedenter
1124 3123 1182 3155 ea
1227 3106 1562 3171 intelligimus3
1609 3106 1728 3153 sicut
1768 3104 2004 3152 dictiones
2046 3102 2172 3168 ipsas
2217 3114 2380 3145 succe-

233 3183 404 3233 denter
425 3187 650 3236 audimus
672 3188 955 3254 priusquam
982 3198 1205 3237 naturam
1232 3187 1453 3253 corporis
1477 3186 1802 3247 attendentes,
1828 3202 1941 3234 cum
1959 3183 2182 3233 audimus
2203 3194 2377 3243 corpus

274 3373 282 3392 ¹
301 3371 346 3403 Et
361 3373 596 3413 supplevimus.
