<?xml version="1.0" encoding="UTF-8"?>
<!DOCTYPE html PUBLIC "-//W3C//DTD XHTML 1.0 Transitional//EN"
    "http://www.w3.org/TR/xhtml1/DTD/xhtml1-transitional.dtd">
<html xmlns="http://www.w3.org/1999/xhtml" xml:lang="en" lang="en">
 <head>
  <title>
</title>
<meta http-equiv="Content-Type" content="text/html;charset=utf-8" />
  <meta name='ocr-system' content='tesseract 3.04.00' />
  <meta name='ocr-capabilities' content='ocr_page ocr_carea ocr_par ocr_line ocrx_word'/>
</head>
<body>
  <div class='ocr_page' id='page_1' title='image "./operahactenusseo00abeluoft_0530.png"; bbox 0 0 2638 3866; ppageno 0'>
   <div class='ocr_carea' id='block_1_1' title="bbox 260 225 1623 278">
    <p class='ocr_par' dir='ltr' id='par_1_1' title="bbox 260 225 1623 278">
     <span class='ocr_line' id='line_1_1' title="bbox 260 225 1623 278; baseline -0.006 0"><span class='ocrx_word' id='word_1_1' title='bbox 260 234 354 278; x_wconf 86' lang='lat'>520</span> <span class='ocrx_word' id='word_1_2' title='bbox 1072 225 1239 272; x_wconf 84' lang='lat' dir='ltr'>PETRI</span> <span class='ocrx_word' id='word_1_3' title='bbox 1276 225 1583 273; x_wconf 78' lang='lat' dir='ltr'>ABAELARDl</span> <span class='ocrx_word' id='word_1_4' title='bbox 1622 267 1623 270; x_wconf 75' lang='grc'>,</span> 
     </span>
    </p>
   </div>
   <div class='ocr_carea' id='block_1_2' title="bbox 250 326 2413 3117">
    <p class='ocr_par' dir='ltr' id='par_1_2' title="bbox 250 326 2413 3117">
     <span class='ocr_line' id='line_1_2' title="bbox 258 326 2403 394; baseline -0 -17"><span class='ocrx_word' id='word_1_5' title='bbox 258 329 570 389; x_wconf 85' lang='lat' dir='ltr'>schismatici,</span> <span class='ocrx_word' id='word_1_6' title='bbox 607 344 708 374; x_wconf 93' lang='lat' dir='ltr'>non</span> <span class='ocrx_word' id='word_1_7' title='bbox 745 336 946 391; x_wconf 88' lang='lat' dir='ltr'>possunt</span> <span class='ocrx_word' id='word_1_8' title='bbox 978 326 1141 373; x_wconf 85' lang='lat' dir='ltr'><strong>deesse</strong></span> <span class='ocrx_word' id='word_1_9' title='bbox 1181 326 1421 385; x_wconf 82' lang='lat' dir='ltr'>haeretici3</span> <span class='ocrx_word' id='word_1_10' title='bbox 1462 343 1552 374; x_wconf 91' lang='lat' dir='ltr'>nec</span> <span class='ocrx_word' id='word_1_11' title='bbox 1590 326 1714 374; x_wconf 91' lang='lat' dir='ltr'>inter</span> <span class='ocrx_word' id='word_1_12' title='bbox 1751 327 2031 392; x_wconf 84' lang='lat' dir='ltr'>scorpiones</span> <span class='ocrx_word' id='word_1_13' title='bbox 2070 338 2118 375; x_wconf 91' lang='lat' dir='ltr'>et</span> <span class='ocrx_word' id='word_1_14' title='bbox 2158 332 2403 394; x_wconf 82' lang='lat' dir='ltr'>serpentes</span> 
     </span>
     <span class='ocr_line' id='line_1_3' title="bbox 257 406 2404 474; baseline -0 -17"><span class='ocrx_word' id='word_1_15' title='bbox 257 421 412 457; x_wconf 89' lang='lat' dir='ltr'>tutum</span> <span class='ocrx_word' id='word_1_16' title='bbox 446 407 625 474; x_wconf 89' lang='lat' dir='ltr'>patebit</span> <span class='ocrx_word' id='word_1_17' title='bbox 659 407 781 466; x_wconf 72' lang='lat' dir='ltr'>iter,</span> <span class='ocrx_word' id='word_1_18' title='bbox 824 406 909 453; x_wconf 92' lang='lat' dir='ltr'>sed</span> <span class='ocrx_word' id='word_1_19' title='bbox 955 423 1145 471; x_wconf 84' lang='lat' dir='ltr'>semper</span> <span class='ocrx_word' id='word_1_20' title='bbox 1180 406 1243 454; x_wconf 89' lang='lat' dir='ltr'>ad</span> <span class='ocrx_word' id='word_1_21' title='bbox 1279 406 1619 472; x_wconf 84' lang='lat' dir='ltr'>probationem</span> <span class='ocrx_word' id='word_1_22' title='bbox 1651 407 1727 454; x_wconf 86' lang='lat' dir='ltr'>vel</span> <span class='ocrx_word' id='word_1_23' title='bbox 1763 407 2154 456; x_wconf 87' lang='lat' dir='ltr'>exercitationem</span> <span class='ocrx_word' id='word_1_24' title='bbox 2189 407 2404 456; x_wconf 89' lang='lat' dir='ltr'>fidelium</span> 
     </span>
     <span class='ocr_line' id='line_1_4' title="bbox 258 487 2400 552; baseline -0.001 -14"><span class='ocrx_word' id='word_1_25' title='bbox 258 490 452 538; x_wconf 90' lang='lat' dir='ltr'>habebit</span> <span class='ocrx_word' id='word_1_26' title='bbox 474 498 625 536; x_wconf 88' lang='lat' dir='ltr'>mater</span> <span class='ocrx_word' id='word_1_27' title='bbox 647 488 874 547; x_wconf 87' lang='lat' dir='ltr'>Ecclesia,</span> <span class='ocrx_word' id='word_1_28' title='bbox 909 487 1000 534; x_wconf 91' lang='lat' dir='ltr'>sub</span> <span class='ocrx_word' id='word_1_29' title='bbox 1032 487 1208 535; x_wconf 85' lang='lat' dir='ltr'>Christi</span> <span class='ocrx_word' id='word_1_30' title='bbox 1239 489 1457 547; x_wconf 91' lang='lat' dir='ltr'>nomine,</span> <span class='ocrx_word' id='word_1_31' title='bbox 1490 488 1667 535; x_wconf 91' lang='lat' dir='ltr'>multos</span> <span class='ocrx_word' id='word_1_32' title='bbox 1700 505 1823 552; x_wconf 91' lang='lat' dir='ltr'>quos</span> <span class='ocrx_word' id='word_1_33' title='bbox 1855 488 2025 537; x_wconf 88' lang='lat' dir='ltr'>toleret</span> <span class='ocrx_word' id='word_1_34' title='bbox 2058 489 2363 536; x_wconf 84' lang='lat' dir='ltr'>antichristos</span> <span class='ocrx_word' id='word_1_35' title='bbox 2389 508 2400 536; x_wconf 90' lang='lat'>:</span> 
     </span>
     <span class='ocr_line' id='line_1_5' title="bbox 256 567 2404 635; baseline -0 -18"><span class='ocrx_word' id='word_1_36' title='bbox 256 587 344 635; x_wconf 92' lang='lat' dir='ltr'>pro</span> <span class='ocrx_word' id='word_1_37' title='bbox 370 568 543 632; x_wconf 84' lang='lat' dir='ltr'>quibus</span> <span class='ocrx_word' id='word_1_38' title='bbox 565 568 882 631; x_wconf 87' lang='lat' dir='ltr'>ingemiscens</span> <span class='ocrx_word' id='word_1_39' title='bbox 906 567 1125 631; x_wconf 90' lang='lat' dir='ltr'>quotidie</span> <span class='ocrx_word' id='word_1_40' title='bbox 1154 568 1315 617; x_wconf 89' lang='lat' dir='ltr'>dicat:</span> <span class='ocrx_word' id='word_1_41' title='bbox 1340 588 1364 614; x_wconf 94' lang='lat'>«</span> <span class='ocrx_word' id='word_1_42' title='bbox 1390 571 1458 615; x_wconf 85' lang='lat' dir='ltr'>Ex</span> <span class='ocrx_word' id='word_1_43' title='bbox 1482 567 1623 615; x_wconf 89' lang='lat' dir='ltr'>nobis</span> <span class='ocrx_word' id='word_1_44' title='bbox 1653 568 1888 630; x_wconf 87' lang='lat' dir='ltr'>exierunt,</span> <span class='ocrx_word' id='word_1_45' title='bbox 1925 568 2010 616; x_wconf 92' lang='lat' dir='ltr'>sed</span> <span class='ocrx_word' id='word_1_46' title='bbox 2044 585 2100 616; x_wconf 85' lang='lat' dir='ltr'>ex</span> <span class='ocrx_word' id='word_1_47' title='bbox 2135 568 2275 616; x_wconf 90' lang='lat' dir='ltr'>nobis</span> <span class='ocrx_word' id='word_1_48' title='bbox 2303 585 2404 616; x_wconf 91' lang='lat' dir='ltr'>non</span> 
     </span>
     <span class='ocr_line' id='line_1_6' title="bbox 255 648 2407 715; baseline -0.001 -17"><span class='ocrx_word' id='word_1_49' title='bbox 255 659 411 706; x_wconf 83' lang='lat' dir='ltr'>erant3</span> <span class='ocrx_word' id='word_1_50' title='bbox 434 670 456 693; x_wconf 72' lang='lat'>&gt;2</span> <span class='ocrx_word' id='word_1_51' title='bbox 481 660 528 696; x_wconf 90' lang='lat' dir='ltr'>et</span> <span class='ocrx_word' id='word_1_52' title='bbox 564 648 739 696; x_wconf 79' lang='lat' dir='ltr'>affectu</span> <span class='ocrx_word' id='word_1_53' title='bbox 769 659 990 695; x_wconf 90' lang='lat' dir='ltr'>materno</span> <span class='ocrx_word' id='word_1_54' title='bbox 1020 665 1108 713; x_wconf 88' lang='lat' dir='ltr'>per</span> <span class='ocrx_word' id='word_1_55' title='bbox 1132 650 1344 714; x_wconf 86' lang='lat' dir='ltr'>singulos</span> <span class='ocrx_word' id='word_1_56' title='bbox 1375 666 1530 697; x_wconf 89' lang='lat' dir='ltr'>annos</span> <span class='ocrx_word' id='word_1_57' title='bbox 1559 665 1651 715; x_wconf 89' lang='lat' dir='ltr'>pro</span> <span class='ocrx_word' id='word_1_58' title='bbox 1679 649 1746 696; x_wconf 93' lang='lat' dir='ltr'>eis</span> <span class='ocrx_word' id='word_1_59' title='bbox 1775 658 1829 696; x_wconf 92' lang='lat' dir='ltr'>ut</span> <span class='ocrx_word' id='word_1_60' title='bbox 1850 649 2046 696; x_wconf 88' lang='lat' dir='ltr'>redeant</span> <span class='ocrx_word' id='word_1_61' title='bbox 2081 648 2301 697; x_wconf 91' lang='lat' dir='ltr'>immolat</span> <span class='ocrx_word' id='word_1_62' title='bbox 2322 666 2407 714; x_wconf 92' lang='lat' dir='ltr'>pu-</span> 
     </span>
     <span class='ocr_line' id='line_1_7' title="bbox 253 729 2406 795; baseline -0 -18"><span class='ocrx_word' id='word_1_63' title='bbox 253 730 401 777; x_wconf 86' lang='lat' dir='ltr'>blicas</span> <span class='ocrx_word' id='word_1_64' title='bbox 421 731 701 777; x_wconf 88' lang='lat' dir='ltr'>orationum</span> <span class='ocrx_word' id='word_1_65' title='bbox 723 729 924 777; x_wconf 88' lang='lat' dir='ltr'>hostias.</span> <span class='ocrx_word' id='word_1_66' title='bbox 956 733 1076 777; x_wconf 86' lang='lat' dir='ltr'>Nam</span> <span class='ocrx_word' id='word_1_67' title='bbox 1102 740 1353 795; x_wconf 79' lang='lat' dir='ltr'>«oportet,</span> <span class='ocrx_word' id='word_1_68' title='bbox 1374 750 1398 775; x_wconf 68' lang='grc' dir='ltr'>ι)</span> <span class='ocrx_word' id='word_1_69' title='bbox 1428 730 1584 794; x_wconf 90' lang='lat' dir='ltr'>inquit</span> <span class='ocrx_word' id='word_1_70' title='bbox 1601 729 1895 794; x_wconf 89' lang='lat' dir='ltr'>Apostolus¹,</span> <span class='ocrx_word' id='word_1_71' title='bbox 1928 748 1952 773; x_wconf 92' lang='lat'>«</span> <span class='ocrx_word' id='word_1_72' title='bbox 1970 729 2174 776; x_wconf 78' lang='lat' dir='ltr'>haereses</span> <span class='ocrx_word' id='word_1_73' title='bbox 2206 746 2325 790; x_wconf 90' lang='lat' dir='ltr'>esse,</span> <span class='ocrx_word' id='word_1_74' title='bbox 2352 739 2406 777; x_wconf 92' lang='lat' dir='ltr'>ut</span> 
     </span>
     <span class='ocr_line' id='line_1_8' title="bbox 254 809 2401 876; baseline -0 -19"><span class='ocrx_word' id='word_1_75' title='bbox 254 821 301 857; x_wconf 92' lang='lat' dir='ltr'>et</span> <span class='ocrx_word' id='word_1_76' title='bbox 326 811 410 875; x_wconf 93' lang='lat' dir='ltr'>qui</span> <span class='ocrx_word' id='word_1_77' title='bbox 441 811 635 876; x_wconf 89' lang='lat' dir='ltr'>probati</span> <span class='ocrx_word' id='word_1_78' title='bbox 664 819 777 857; x_wconf 90' lang='lat' dir='ltr'>sunt</span> <span class='ocrx_word' id='word_1_79' title='bbox 813 810 1052 857; x_wconf 86' lang='lat' dir='ltr'>manifesti</span> <span class='ocrx_word' id='word_1_80' title='bbox 1077 809 1198 858; x_wconf 85' lang='lat' dir='ltr'>fiant</span> <span class='ocrx_word' id='word_1_81' title='bbox 1219 829 1230 858; x_wconf 75' lang='grc' dir='ltr'><strong><em>ε</em></strong></span> <span class='ocrx_word' id='word_1_82' title='bbox 1254 830 1278 855; x_wconf 91' lang='lat'>»</span> <span class='ocrx_word' id='word_1_83' title='bbox 1310 809 1445 875; x_wconf 92' lang='lat' dir='ltr'>quod</span> <span class='ocrx_word' id='word_1_84' title='bbox 1467 809 1673 857; x_wconf 86' lang='lat' dir='ltr'>maxime</span> <span class='ocrx_word' id='word_1_85' title='bbox 1697 809 1746 856; x_wconf 92' lang='lat' dir='ltr'>in</span> <span class='ocrx_word' id='word_1_86' title='bbox 1770 809 2043 856; x_wconf 90' lang='lat' dir='ltr'>novissimis</span> <span class='ocrx_word' id='word_1_87' title='bbox 2074 809 2401 874; x_wconf 87' lang='lat' dir='ltr'>temporibus,</span> 
     </span>
     <span class='ocr_line' id='line_1_9' title="bbox 253 889 2404 956; baseline -0.001 -18"><span class='ocrx_word' id='word_1_88' title='bbox 253 891 518 938; x_wconf 84' lang='lat' dir='ltr'>antichristi</span> <span class='ocrx_word' id='word_1_89' title='bbox 542 907 690 955; x_wconf 89' lang='lat' dir='ltr'>regno</span> <span class='ocrx_word' id='word_1_90' title='bbox 715 891 1166 956; x_wconf 88' lang='lat' dir='ltr'>appropinquante,</span> <span class='ocrx_word' id='word_1_91' title='bbox 1203 890 1419 938; x_wconf 91' lang='lat' dir='ltr'>futurum</span> <span class='ocrx_word' id='word_1_92' title='bbox 1441 899 1766 955; x_wconf 89' lang='lat' dir='ltr'>expectamus,</span> <span class='ocrx_word' id='word_1_93' title='bbox 1806 889 2004 952; x_wconf 89' lang='lat' dir='ltr'>quando</span> <span class='ocrx_word' id='word_1_94' title='bbox 2028 890 2164 954; x_wconf 81' lang='lat' dir='ltr'>juxta</span> <span class='ocrx_word' id='word_1_95' title='bbox 2196 889 2404 937; x_wconf 91' lang='lat' dir='ltr'>domini-</span> 
     </span>
     <span class='ocr_line' id='line_1_10' title="bbox 252 970 2405 1036; baseline -0 -17"><span class='ocrx_word' id='word_1_96' title='bbox 252 988 360 1019; x_wconf 90' lang='lat' dir='ltr'>cam</span> <span class='ocrx_word' id='word_1_97' title='bbox 396 981 443 1019; x_wconf 90' lang='lat' dir='ltr'>et</span> <span class='ocrx_word' id='word_1_98' title='bbox 477 970 793 1036; x_wconf 89' lang='lat' dir='ltr'>apostolicam</span> <span class='ocrx_word' id='word_1_99' title='bbox 827 972 1134 1030; x_wconf 80' lang='lat' dir='ltr'>sententiam,</span> <span class='ocrx_word' id='word_1_100' title='bbox 1177 972 1397 1036; x_wconf 85' lang='lat' dir='ltr'>graviora</span> <span class='ocrx_word' id='word_1_101' title='bbox 1436 987 1626 1035; x_wconf 86' lang='lat' dir='ltr'>semper</span> <span class='ocrx_word' id='word_1_102' title='bbox 1664 970 1918 1017; x_wconf 90' lang='lat' dir='ltr'>imminere</span> <span class='ocrx_word' id='word_1_103' title='bbox 1954 980 2099 1034; x_wconf 88' lang='lat' dir='ltr'>atque</span> <span class='ocrx_word' id='word_1_104' title='bbox 2134 986 2405 1018; x_wconf 87' lang='lat' dir='ltr'>excrescere</span> 
     </span>
     <span class='ocr_line' id='line_1_11' title="bbox 253 1049 2407 1117; baseline -0.001 -17"><span class='ocrx_word' id='word_1_105' title='bbox 253 1062 441 1100; x_wconf 88' lang='lat' dir='ltr'>constat</span> <span class='ocrx_word' id='word_1_106' title='bbox 463 1051 675 1117; x_wconf 86' lang='lat' dir='ltr'>pericula</span> <span class='ocrx_word' id='word_1_107' title='bbox 691 1089 703 1113; x_wconf 92' lang='lat'>,</span> <span class='ocrx_word' id='word_1_108' title='bbox 736 1061 784 1099; x_wconf 88' lang='lat' dir='ltr'>et</span> <span class='ocrx_word' id='word_1_109' title='bbox 811 1051 1142 1115; x_wconf 82' lang='lat' dir='ltr'>refrigescente</span> <span class='ocrx_word' id='word_1_110' title='bbox 1167 1053 1378 1112; x_wconf 90' lang='lat' dir='ltr'>caritate,</span> <span class='ocrx_word' id='word_1_111' title='bbox 1412 1051 1540 1098; x_wconf 82' lang='lat' dir='ltr'>mala</span> <span class='ocrx_word' id='word_1_112' title='bbox 1569 1051 1734 1098; x_wconf 91' lang='lat' dir='ltr'>omnia</span> <span class='ocrx_word' id='word_1_113' title='bbox 1756 1050 1962 1116; x_wconf 86' lang='lat' dir='ltr'>amplius</span> <span class='ocrx_word' id='word_1_114' title='bbox 1990 1050 2243 1116; x_wconf 88' lang='lat' dir='ltr'>pullulare.</span> <span class='ocrx_word' id='word_1_115' title='bbox 2267 1049 2407 1098; x_wconf 88' lang='lat' dir='ltr'>Unde</span> 
     </span>
     <span class='ocr_line' id='line_1_12' title="bbox 253 1130 2406 1197; baseline -0.001 -17"><span class='ocrx_word' id='word_1_116' title='bbox 253 1143 301 1180; x_wconf 92' lang='lat' dir='ltr'>et</span> <span class='ocrx_word' id='word_1_117' title='bbox 333 1132 464 1180; x_wconf 90' lang='lat' dir='ltr'>idem</span> <span class='ocrx_word' id='word_1_118' title='bbox 486 1132 746 1197; x_wconf 88' lang='lat' dir='ltr'>Apostolus</span> <span class='ocrx_word' id='word_1_119' title='bbox 777 1131 845 1178; x_wconf 85' lang='lat' dir='ltr'>ad</span> <span class='ocrx_word' id='word_1_120' title='bbox 867 1133 1207 1192; x_wconf 74' lang='lat' dir='ltr'>Timodzeum’,</span> <span class='ocrx_word' id='word_1_121' title='bbox 1237 1153 1260 1176; x_wconf 73' lang='grc' dir='ltr'>«ε</span> <span class='ocrx_word' id='word_1_122' title='bbox 1278 1136 1382 1180; x_wconf 90' lang='lat' dir='ltr'>Hoc</span> <span class='ocrx_word' id='word_1_123' title='bbox 1411 1141 1590 1193; x_wconf 91' lang='lat' dir='ltr'>autem,</span> <span class='ocrx_word' id='word_1_124' title='bbox 1622 1131 1799 1195; x_wconf 89' lang='lat' dir='ltr'>inquit,</span> <span class='ocrx_word' id='word_1_125' title='bbox 1837 1131 1957 1179; x_wconf 92' lang='lat' dir='ltr'>scito</span> <span class='ocrx_word' id='word_1_126' title='bbox 1994 1130 2128 1195; x_wconf 94' lang='lat' dir='ltr'>quod</span> <span class='ocrx_word' id='word_1_127' title='bbox 2161 1130 2214 1177; x_wconf 92' lang='lat' dir='ltr'>in</span> <span class='ocrx_word' id='word_1_128' title='bbox 2244 1131 2406 1178; x_wconf 91' lang='lat' dir='ltr'>novis-</span> 
     </span>
     <span class='ocr_line' id='line_1_13' title="bbox 253 1211 2403 1279; baseline -0.001 -18"><span class='ocrx_word' id='word_1_129' title='bbox 253 1214 384 1261; x_wconf 90' lang='lat' dir='ltr'>simis</span> <span class='ocrx_word' id='word_1_130' title='bbox 406 1213 576 1260; x_wconf 87' lang='lat' dir='ltr'>diebus</span> <span class='ocrx_word' id='word_1_131' title='bbox 607 1213 857 1260; x_wconf 89' lang='lat' dir='ltr'>instabunt</span> <span class='ocrx_word' id='word_1_132' title='bbox 889 1223 1111 1279; x_wconf 88' lang='lat' dir='ltr'>tempora</span> <span class='ocrx_word' id='word_1_133' title='bbox 1133 1213 1402 1279; x_wconf 90' lang='lat' dir='ltr'>periculosa</span> <span class='ocrx_word' id='word_1_134' title='bbox 1418 1250 1430 1272; x_wconf 90' lang='lat'>‚</span> <span class='ocrx_word' id='word_1_135' title='bbox 1457 1222 1505 1260; x_wconf 92' lang='lat' dir='ltr'>et</span> <span class='ocrx_word' id='word_1_136' title='bbox 1527 1222 1668 1259; x_wconf 86' lang='lat' dir='ltr'>erunt</span> <span class='ocrx_word' id='word_1_137' title='bbox 1689 1211 1914 1259; x_wconf 90' lang='lat' dir='ltr'>homines</span> <span class='ocrx_word' id='word_1_138' title='bbox 1944 1212 2126 1276; x_wconf 90' lang='lat' dir='ltr'>seipsos</span> <span class='ocrx_word' id='word_1_139' title='bbox 2156 1221 2375 1259; x_wconf 91' lang='lat' dir='ltr'>amantes</span> <span class='ocrx_word' id='word_1_140' title='bbox 2390 1248 2403 1272; x_wconf 92' lang='lat'>‚</span> 
     </span>
     <span class='ocr_line' id='line_1_14' title="bbox 250 1291 2402 1359; baseline -0.001 -19"><span class='ocrx_word' id='word_1_141' title='bbox 250 1293 429 1358; x_wconf 87' lang='lat' dir='ltr'>cupidi,</span> <span class='ocrx_word' id='word_1_142' title='bbox 458 1294 585 1353; x_wconf 91' lang='lat' dir='ltr'>elati,</span> <span class='ocrx_word' id='word_1_143' title='bbox 613 1293 832 1359; x_wconf 89' lang='lat' dir='ltr'>superbi,</span> <span class='ocrx_word' id='word_1_144' title='bbox 861 1293 1151 1358; x_wconf 91' lang='lat' dir='ltr'>blasphemi,</span> <span class='ocrx_word' id='word_1_145' title='bbox 1180 1294 1283 1341; x_wconf 89' lang='lat' dir='ltr'>sine</span> <span class='ocrx_word' id='word_1_146' title='bbox 1307 1310 1445 1358; x_wconf 91' lang='lat' dir='ltr'>pace,</span> <span class='ocrx_word' id='word_1_147' title='bbox 1473 1292 1709 1340; x_wconf 86' lang='lat' dir='ltr'>habentes</span> <span class='ocrx_word' id='word_1_148' title='bbox 1735 1292 1947 1357; x_wconf 86' lang='lat' dir='ltr'>speciem</span> <span class='ocrx_word' id='word_1_149' title='bbox 1970 1291 2170 1356; x_wconf 90' lang='lat' dir='ltr'>quidem</span> <span class='ocrx_word' id='word_1_150' title='bbox 2196 1291 2402 1356; x_wconf 86' lang='lat' dir='ltr'>pietatis,</span> 
     </span>
     <span class='ocr_line' id='line_1_15' title="bbox 251 1369 2408 1438; baseline -0.001 -18"><span class='ocrx_word' id='word_1_151' title='bbox 251 1375 478 1421; x_wconf 87' lang='lat' dir='ltr'>virtutem</span> <span class='ocrx_word' id='word_1_152' title='bbox 508 1374 610 1437; x_wconf 90' lang='lat' dir='ltr'>ejus</span> <span class='ocrx_word' id='word_1_153' title='bbox 639 1373 950 1438; x_wconf 87' lang='lat' dir='ltr'>abnegantes.</span> <span class='ocrx_word' id='word_1_154' title='bbox 977 1394 999 1417; x_wconf 88' lang='lat'>»</span> <span class='ocrx_word' id='word_1_155' title='bbox 1028 1374 1125 1431; x_wconf 87' lang='lat' dir='ltr'>Qui</span> <span class='ocrx_word' id='word_1_156' title='bbox 1160 1383 1208 1420; x_wconf 93' lang='lat' dir='ltr'>et</span> <span class='ocrx_word' id='word_1_157' title='bbox 1237 1373 1377 1433; x_wconf 87' lang='lat' dir='ltr'>alibi,</span> <span class='ocrx_word' id='word_1_158' title='bbox 1410 1392 1434 1418; x_wconf 93' lang='lat'>«</span> <span class='ocrx_word' id='word_1_159' title='bbox 1454 1389 1572 1431; x_wconf 92' lang='lat' dir='ltr'>nos,</span> <span class='ocrx_word' id='word_1_160' title='bbox 1598 1372 1798 1437; x_wconf 80' lang='lat' dir='ltr'>inquit⁸,</span> <span class='ocrx_word' id='word_1_161' title='bbox 1833 1388 2018 1431; x_wconf 90' lang='lat' dir='ltr'>sumus,</span> <span class='ocrx_word' id='word_1_162' title='bbox 2053 1372 2103 1418; x_wconf 91' lang='lat' dir='ltr'>in</span> <span class='ocrx_word' id='word_1_163' title='bbox 2138 1388 2263 1436; x_wconf 87' lang='lat' dir='ltr'>quos</span> <span class='ocrx_word' id='word_1_164' title='bbox 2288 1369 2408 1418; x_wconf 86' lang='lat' dir='ltr'>fines</span> 
     </span>
     <span class='ocr_line' id='line_1_16' title="bbox 252 1451 2406 1517; baseline -0.001 -16"><span class='ocrx_word' id='word_1_165' title='bbox 252 1455 536 1502; x_wconf 78' lang='lat' dir='ltr'>saeculorum</span> <span class='ocrx_word' id='word_1_166' title='bbox 559 1454 878 1502; x_wconf 90' lang='lat' dir='ltr'>devenerunt.</span> <span class='ocrx_word' id='word_1_167' title='bbox 905 1473 928 1499; x_wconf 84' lang='lat'><strong><em>»</em></strong></span> <span class='ocrx_word' id='word_1_168' title='bbox 947 1458 1005 1501; x_wconf 92' lang='lat' dir='ltr'>Et</span> <span class='ocrx_word' id='word_1_169' title='bbox 1032 1458 1198 1501; x_wconf 86' lang='lat' dir='ltr'>Petrus</span> <span class='ocrx_word' id='word_1_170' title='bbox 1220 1455 1269 1501; x_wconf 94' lang='lat' dir='ltr'>in</span> <span class='ocrx_word' id='word_1_171' title='bbox 1295 1452 1509 1501; x_wconf 91' lang='lat' dir='ltr'>secunda</span> <span class='ocrx_word' id='word_1_172' title='bbox 1530 1452 1792 1517; x_wconf 60' lang='lat' dir='ltr'>Epistolw,</span> <span class='ocrx_word' id='word_1_173' title='bbox 1815 1472 1838 1498; x_wconf 88' lang='lat'><strong><em>«</em></strong></span> <span class='ocrx_word' id='word_1_174' title='bbox 1855 1451 1951 1499; x_wconf 93' lang='lat' dir='ltr'>hoc</span> <span class='ocrx_word' id='word_1_175' title='bbox 1973 1452 2205 1517; x_wconf 90' lang='lat' dir='ltr'>primum,</span> <span class='ocrx_word' id='word_1_176' title='bbox 2229 1451 2406 1516; x_wconf 89' lang='lat' dir='ltr'>inquit,</span> 
     </span>
     <span class='ocr_line' id='line_1_17' title="bbox 253 1532 2410 1599; baseline -0.002 -17"><span class='ocrx_word' id='word_1_177' title='bbox 253 1536 470 1592; x_wconf 85' lang='lat' dir='ltr'>scientes,</span> <span class='ocrx_word' id='word_1_178' title='bbox 512 1535 647 1599; x_wconf 89' lang='lat' dir='ltr'>quod</span> <span class='ocrx_word' id='word_1_179' title='bbox 677 1536 875 1583; x_wconf 90' lang='lat' dir='ltr'>venient</span> <span class='ocrx_word' id='word_1_180' title='bbox 908 1535 958 1582; x_wconf 89' lang='lat' dir='ltr'>in</span> <span class='ocrx_word' id='word_1_181' title='bbox 994 1534 1266 1582; x_wconf 88' lang='lat' dir='ltr'>novissimis</span> <span class='ocrx_word' id='word_1_182' title='bbox 1301 1534 1473 1582; x_wconf 90' lang='lat' dir='ltr'>diebus</span> <span class='ocrx_word' id='word_1_183' title='bbox 1507 1535 1558 1581; x_wconf 91' lang='lat' dir='ltr'>in</span> <span class='ocrx_word' id='word_1_184' title='bbox 1586 1533 1874 1599; x_wconf 88' lang='lat' dir='ltr'>deceptione</span> <span class='ocrx_word' id='word_1_185' title='bbox 1907 1532 2144 1593; x_wconf 89' lang='lat' dir='ltr'>illusores,</span> <span class='ocrx_word' id='word_1_186' title='bbox 2180 1541 2273 1579; x_wconf 91' lang='lat' dir='ltr'>etc.</span> <span class='ocrx_word' id='word_1_187' title='bbox 2293 1550 2318 1576; x_wconf 86' lang='grc'>»</span> <span class='ocrx_word' id='word_1_188' title='bbox 2350 1533 2410 1578; x_wconf 88' lang='lat' dir='ltr'>Et</span> 
     </span>
     <span class='ocr_line' id='line_1_18' title="bbox 253 1611 2408 1678; baseline -0.002 -15"><span class='ocrx_word' id='word_1_189' title='bbox 253 1615 533 1677; x_wconf 78' lang='lat' dir='ltr'>Johannes⁵‚</span> <span class='ocrx_word' id='word_1_190' title='bbox 563 1636 585 1659; x_wconf 76' lang='lat' dir='ltr'>c&lt;</span> <span class='ocrx_word' id='word_1_191' title='bbox 605 1615 777 1676; x_wconf 90' lang='lat' dir='ltr'>Filioli,</span> <span class='ocrx_word' id='word_1_192' title='bbox 815 1616 991 1678; x_wconf 89' lang='lat' dir='ltr'>inquit,</span> <span class='ocrx_word' id='word_1_193' title='bbox 1028 1615 1291 1662; x_wconf 89' lang='lat' dir='ltr'>novissima</span> <span class='ocrx_word' id='word_1_194' title='bbox 1326 1614 1451 1662; x_wconf 89' lang='lat' dir='ltr'>hora</span> <span class='ocrx_word' id='word_1_195' title='bbox 1487 1624 1588 1674; x_wconf 92' lang='lat' dir='ltr'>est,</span> <span class='ocrx_word' id='word_1_196' title='bbox 1613 1624 1676 1661; x_wconf 69' lang='lat' dir='ltr'>&#39;et</span> <span class='ocrx_word' id='word_1_197' title='bbox 1710 1613 1834 1661; x_wconf 89' lang='lat' dir='ltr'>sicut</span> <span class='ocrx_word' id='word_1_198' title='bbox 1872 1611 2071 1660; x_wconf 89' lang='lat' dir='ltr'>audistis</span> <span class='ocrx_word' id='word_1_199' title='bbox 2105 1611 2241 1677; x_wconf 92' lang='lat' dir='ltr'>quod</span> <span class='ocrx_word' id='word_1_200' title='bbox 2275 1613 2408 1658; x_wconf 83' lang='lat' dir='ltr'>Anti-</span> 
     </span>
     <span class='ocr_line' id='line_1_19' title="bbox 253 1691 2411 1758; baseline -0.001 -16"><span class='ocrx_word' id='word_1_201' title='bbox 253 1695 457 1743; x_wconf 90' lang='lat' dir='ltr'>christus</span> <span class='ocrx_word' id='word_1_202' title='bbox 480 1696 628 1756; x_wconf 90' lang='lat' dir='ltr'>venit,</span> <span class='ocrx_word' id='word_1_203' title='bbox 657 1713 787 1742; x_wconf 91' lang='lat' dir='ltr'>nunc</span> <span class='ocrx_word' id='word_1_204' title='bbox 825 1695 1103 1742; x_wconf 82' lang='lat' dir='ltr'>Antichristi</span> <span class='ocrx_word' id='word_1_205' title='bbox 1134 1696 1275 1742; x_wconf 92' lang='lat' dir='ltr'>multi</span> <span class='ocrx_word' id='word_1_206' title='bbox 1308 1695 1419 1742; x_wconf 86' lang='lat' dir='ltr'>facti</span> <span class='ocrx_word' id='word_1_207' title='bbox 1454 1704 1583 1742; x_wconf 87' lang='lat' dir='ltr'>sunt.</span> <span class='ocrx_word' id='word_1_208' title='bbox 1611 1693 1752 1741; x_wconf 91' lang='lat' dir='ltr'>Unde</span> <span class='ocrx_word' id='word_1_209' title='bbox 1788 1693 1966 1741; x_wconf 91' lang='lat' dir='ltr'>scimus</span> <span class='ocrx_word' id='word_1_210' title='bbox 1999 1693 2114 1758; x_wconf 91' lang='lat' dir='ltr'>quia</span> <span class='ocrx_word' id='word_1_211' title='bbox 2149 1691 2411 1740; x_wconf 80' lang='lat' dir='ltr'>novissima</span> 
     </span>
     <span class='ocr_line' id='line_1_20' title="bbox 253 1771 2410 1840; baseline -0.002 -17"><span class='ocrx_word' id='word_1_212' title='bbox 253 1776 377 1823; x_wconf 91' lang='lat' dir='ltr'>hora</span> <span class='ocrx_word' id='word_1_213' title='bbox 410 1786 498 1823; x_wconf 88' lang='lat' dir='ltr'>est.</span> <span class='ocrx_word' id='word_1_214' title='bbox 526 1779 595 1823; x_wconf 84' lang='lat' dir='ltr'>Ex</span> <span class='ocrx_word' id='word_1_215' title='bbox 628 1775 772 1823; x_wconf 91' lang='lat' dir='ltr'>nobis</span> <span class='ocrx_word' id='word_1_216' title='bbox 797 1775 1103 1840; x_wconf 92' lang='lat' dir='ltr'>prodierunt,</span> <span class='ocrx_word' id='word_1_217' title='bbox 1130 1774 1216 1823; x_wconf 92' lang='lat' dir='ltr'>sed</span> <span class='ocrx_word' id='word_1_218' title='bbox 1238 1792 1296 1822; x_wconf 81' lang='lat' dir='ltr'>ex</span> <span class='ocrx_word' id='word_1_219' title='bbox 1333 1774 1475 1822; x_wconf 89' lang='lat' dir='ltr'>nobis</span> <span class='ocrx_word' id='word_1_220' title='bbox 1510 1791 1612 1822; x_wconf 94' lang='lat' dir='ltr'>non</span> <span class='ocrx_word' id='word_1_221' title='bbox 1645 1784 1800 1821; x_wconf 90' lang='lat' dir='ltr'>erant.</span> <span class='ocrx_word' id='word_1_222' title='bbox 1821 1792 1845 1818; x_wconf 88' lang='lat'>»</span> <span class='ocrx_word' id='word_1_223' title='bbox 1873 1775 1997 1821; x_wconf 89' lang='lat' dir='ltr'>Hinc</span> <span class='ocrx_word' id='word_1_224' title='bbox 2030 1783 2079 1821; x_wconf 91' lang='lat' dir='ltr'>et</span> <span class='ocrx_word' id='word_1_225' title='bbox 2105 1773 2156 1820; x_wconf 91' lang='lat' dir='ltr'>in</span> <span class='ocrx_word' id='word_1_226' title='bbox 2189 1771 2410 1837; x_wconf 54' lang='lat' dir='ltr'>Epistola</span> 
     </span>
     <span class='ocr_line' id='line_1_21' title="bbox 252 1852 2410 1922; baseline -0.003 -18"><span class='ocrx_word' id='word_1_227' title='bbox 252 1857 388 1904; x_wconf 78' lang='lat' dir='ltr'>Judae</span> <span class='ocrx_word' id='word_1_228' title='bbox 423 1857 655 1922; x_wconf 88' lang='lat' dir='ltr'>scriptum</span> <span class='ocrx_word' id='word_1_229' title='bbox 679 1858 769 1904; x_wconf 78' lang='lat' dir='ltr'>est⁶</span> <span class='ocrx_word' id='word_1_230' title='bbox 804 1874 814 1902; x_wconf 90' lang='lat'>:</span> <span class='ocrx_word' id='word_1_231' title='bbox 851 1877 873 1899; x_wconf 89' lang='lat'>«</span> <span class='ocrx_word' id='word_1_232' title='bbox 893 1858 995 1903; x_wconf 90' lang='lat' dir='ltr'>Vos</span> <span class='ocrx_word' id='word_1_233' title='bbox 1029 1865 1217 1914; x_wconf 90' lang='lat' dir='ltr'>autem,</span> <span class='ocrx_word' id='word_1_234' title='bbox 1255 1855 1514 1916; x_wconf 89' lang='lat' dir='ltr'>carissimi,</span> <span class='ocrx_word' id='word_1_235' title='bbox 1552 1871 1793 1902; x_wconf 89' lang='lat' dir='ltr'>memores</span> <span class='ocrx_word' id='word_1_236' title='bbox 1826 1863 1977 1901; x_wconf 86' lang='lat' dir='ltr'>estote</span> <span class='ocrx_word' id='word_1_237' title='bbox 2010 1852 2273 1900; x_wconf 89' lang='lat' dir='ltr'>verborum</span> <span class='ocrx_word' id='word_1_238' title='bbox 2305 1868 2410 1915; x_wconf 89' lang='lat' dir='ltr'>quae</span> 
     </span>
     <span class='ocr_line' id='line_1_22' title="bbox 253 1930 2406 2003; baseline -0.003 -19"><span class='ocrx_word' id='word_1_239' title='bbox 253 1937 481 2003; x_wconf 78' lang='lat' dir='ltr'>praedicta</span> <span class='ocrx_word' id='word_1_240' title='bbox 525 1946 638 1984; x_wconf 91' lang='lat' dir='ltr'>sunt</span> <span class='ocrx_word' id='word_1_241' title='bbox 675 1936 737 1983; x_wconf 91' lang='lat' dir='ltr'>ab</span> <span class='ocrx_word' id='word_1_242' title='bbox 770 1937 1001 2002; x_wconf 84' lang='lat' dir='ltr'>apostolis</span> <span class='ocrx_word' id='word_1_243' title='bbox 1033 1936 1233 1983; x_wconf 87' lang='lat' dir='ltr'>Domini</span> <span class='ocrx_word' id='word_1_244' title='bbox 1262 1936 1415 1982; x_wconf 89' lang='lat' dir='ltr'>nostri</span> <span class='ocrx_word' id='word_1_245' title='bbox 1449 1937 1820 1993; x_wconf 77' lang='lat' dir='ltr'>JESU-CHRISTl,</span> <span class='ocrx_word' id='word_1_246' title='bbox 1858 1934 1943 1998; x_wconf 91' lang='lat' dir='ltr'>qui</span> <span class='ocrx_word' id='word_1_247' title='bbox 1981 1931 2209 1981; x_wconf 91' lang='lat' dir='ltr'>dicebant</span> <span class='ocrx_word' id='word_1_248' title='bbox 2244 1930 2406 1994; x_wconf 88' lang='lat' dir='ltr'>vobis,</span> 
     </span>
     <span class='ocr_line' id='line_1_23' title="bbox 253 2013 2413 2082; baseline -0.003 -17"><span class='ocrx_word' id='word_1_249' title='bbox 253 2018 485 2082; x_wconf 89' lang='lat' dir='ltr'>quoniam</span> <span class='ocrx_word' id='word_1_250' title='bbox 524 2018 575 2064; x_wconf 94' lang='lat' dir='ltr'>in</span> <span class='ocrx_word' id='word_1_251' title='bbox 619 2017 892 2064; x_wconf 87' lang='lat' dir='ltr'>novissimis</span> <span class='ocrx_word' id='word_1_252' title='bbox 942 2016 1245 2082; x_wconf 85' lang='lat' dir='ltr'>temporibus</span> <span class='ocrx_word' id='word_1_253' title='bbox 1281 2017 1477 2064; x_wconf 88' lang='lat' dir='ltr'>venient</span> <span class='ocrx_word' id='word_1_254' title='bbox 1511 2016 1744 2063; x_wconf 86' lang='lat' dir='ltr'>illusores.</span> <span class='ocrx_word' id='word_1_255' title='bbox 1784 2015 1844 2061; x_wconf 91' lang='lat' dir='ltr'>Hi</span> <span class='ocrx_word' id='word_1_256' title='bbox 1884 2023 1996 2061; x_wconf 92' lang='lat' dir='ltr'>sunt</span> <span class='ocrx_word' id='word_1_257' title='bbox 2033 2013 2118 2077; x_wconf 91' lang='lat' dir='ltr'>qui</span> <span class='ocrx_word' id='word_1_258' title='bbox 2159 2021 2413 2075; x_wconf 89' lang='lat' dir='ltr'>segregant</span> 
     </span>
     <span class='ocr_line' id='line_1_24' title="bbox 255 2091 2412 2163; baseline -0.002 -19"><span class='ocrx_word' id='word_1_259' title='bbox 255 2100 535 2163; x_wconf 91' lang='lat' dir='ltr'>semetipsos</span> <span class='ocrx_word' id='word_1_260' title='bbox 567 2115 577 2144; x_wconf 90' lang='lat'>:</span> <span class='ocrx_word' id='word_1_261' title='bbox 606 2106 653 2144; x_wconf 91' lang='lat' dir='ltr'>et</span> <span class='ocrx_word' id='word_1_262' title='bbox 674 2097 766 2144; x_wconf 93' lang='lat' dir='ltr'>hos</span> <span class='ocrx_word' id='word_1_263' title='bbox 798 2097 999 2162; x_wconf 91' lang='lat' dir='ltr'>quidem</span> <span class='ocrx_word' id='word_1_264' title='bbox 1031 2097 1216 2161; x_wconf 87' lang='lat' dir='ltr'>arguite</span> <span class='ocrx_word' id='word_1_265' title='bbox 1235 2095 1491 2160; x_wconf 82' lang='lat' dir='ltr'>judicatos.</span> <span class='ocrx_word' id='word_1_266' title='bbox 1518 2114 1540 2140; x_wconf 90' lang='lat'>»</span> <span class='ocrx_word' id='word_1_267' title='bbox 1567 2099 1632 2142; x_wconf 90' lang='lat' dir='ltr'>Ac</span> <span class='ocrx_word' id='word_1_268' title='bbox 1660 2095 1700 2141; x_wconf 93' lang='lat' dir='ltr'>si</span> <span class='ocrx_word' id='word_1_269' title='bbox 1731 2103 1896 2159; x_wconf 90' lang='lat' dir='ltr'>aperte</span> <span class='ocrx_word' id='word_1_270' title='bbox 1922 2110 2015 2141; x_wconf 89' lang='lat' dir='ltr'>nos</span> <span class='ocrx_word' id='word_1_271' title='bbox 2038 2091 2322 2140; x_wconf 84' lang='lat' dir='ltr'>adhortetur</span> <span class='ocrx_word' id='word_1_272' title='bbox 2344 2091 2412 2140; x_wconf 89' lang='lat' dir='ltr'>di-</span> 
     </span>
     <span class='ocr_line' id='line_1_25' title="bbox 254 2173 2412 2241; baseline -0.002 -16"><span class='ocrx_word' id='word_1_273' title='bbox 254 2194 368 2225; x_wconf 91' lang='lat' dir='ltr'>cens</span> <span class='ocrx_word' id='word_1_274' title='bbox 391 2196 401 2223; x_wconf 75' lang='grc' dir='ltr'>ε</span> <span class='ocrx_word' id='word_1_275' title='bbox 426 2177 697 2239; x_wconf 88' lang='lat' dir='ltr'>Providete‚</span> <span class='ocrx_word' id='word_1_276' title='bbox 726 2188 779 2224; x_wconf 91' lang='lat' dir='ltr'>ut</span> <span class='ocrx_word' id='word_1_277' title='bbox 800 2178 917 2225; x_wconf 81' lang='lat' dir='ltr'>tales</span> <span class='ocrx_word' id='word_1_278' title='bbox 947 2176 1213 2241; x_wconf 90' lang='lat' dir='ltr'>dijudicare</span> <span class='ocrx_word' id='word_1_279' title='bbox 1235 2192 1292 2223; x_wconf 91' lang='lat' dir='ltr'>ac</span> <span class='ocrx_word' id='word_1_280' title='bbox 1315 2174 1586 2223; x_wconf 89' lang='lat' dir='ltr'>rationibus</span> <span class='ocrx_word' id='word_1_281' title='bbox 1607 2175 1898 2222; x_wconf 87' lang='lat' dir='ltr'>convincere</span> <span class='ocrx_word' id='word_1_282' title='bbox 1922 2173 2141 2232; x_wconf 86' lang='lat' dir='ltr'>valeatis,</span> <span class='ocrx_word' id='word_1_283' title='bbox 2172 2191 2196 2217; x_wconf 88' lang='lat'>«</span> <span class='ocrx_word' id='word_1_284' title='bbox 2213 2188 2412 2238; x_wconf 90' lang='lat' dir='ltr'>compa-</span> 
     </span>
     <span class='ocr_line' id='line_1_26' title="bbox 256 2252 2412 2323; baseline -0.002 -19"><span class='ocrx_word' id='word_1_285' title='bbox 256 2259 344 2304; x_wconf 86' lang='lat' dir='ltr'>rati</span> <span class='ocrx_word' id='word_1_286' title='bbox 379 2274 586 2323; x_wconf 84' lang='lat' dir='ltr'>semper,</span> <span class='ocrx_word' id='word_1_287' title='bbox 609 2278 631 2302; x_wconf 80' lang='lat'>›)</span> <span class='ocrx_word' id='word_1_288' title='bbox 666 2268 718 2304; x_wconf 92' lang='lat' dir='ltr'>ut</span> <span class='ocrx_word' id='word_1_289' title='bbox 756 2261 808 2304; x_wconf 90' lang='lat' dir='ltr'>B.</span> <span class='ocrx_word' id='word_1_290' title='bbox 852 2261 1019 2304; x_wconf 88' lang='lat' dir='ltr'>Petrus</span> <span class='ocrx_word' id='word_1_291' title='bbox 1061 2256 1324 2313; x_wconf 81' lang='lat' dir='ltr'>meminit⁷,</span> <span class='ocrx_word' id='word_1_292' title='bbox 1364 2255 1466 2302; x_wconf 69' lang='lat' dir='ltr'>aad</span> <span class='ocrx_word' id='word_1_293' title='bbox 1502 2254 1878 2303; x_wconf 85' lang='lat' dir='ltr'>satisfactionem</span> <span class='ocrx_word' id='word_1_294' title='bbox 1907 2253 2043 2301; x_wconf 90' lang='lat' dir='ltr'>omni</span> <span class='ocrx_word' id='word_1_295' title='bbox 2074 2252 2293 2318; x_wconf 90' lang='lat' dir='ltr'>poscenti</span> <span class='ocrx_word' id='word_1_296' title='bbox 2323 2269 2412 2300; x_wconf 86' lang='lat' dir='ltr'>vos</span> 
     </span>
     <span class='ocr_line' id='line_1_27' title="bbox 256 2331 2413 2402; baseline -0.002 -19"><span class='ocrx_word' id='word_1_297' title='bbox 256 2338 495 2384; x_wconf 87' lang='lat' dir='ltr'>rationem</span> <span class='ocrx_word' id='word_1_298' title='bbox 517 2338 578 2385; x_wconf 90' lang='lat' dir='ltr'>de</span> <span class='ocrx_word' id='word_1_299' title='bbox 602 2354 658 2385; x_wconf 87' lang='lat' dir='ltr'>ea</span> <span class='ocrx_word' id='word_1_300' title='bbox 678 2355 783 2402; x_wconf 85' lang='lat' dir='ltr'>quae</span> <span class='ocrx_word' id='word_1_301' title='bbox 806 2338 856 2384; x_wconf 92' lang='lat' dir='ltr'>in</span> <span class='ocrx_word' id='word_1_302' title='bbox 880 2337 930 2384; x_wconf 92' lang='lat' dir='ltr'>in</span> <span class='ocrx_word' id='word_1_303' title='bbox 956 2336 1098 2384; x_wconf 89' lang='lat' dir='ltr'>vobis</span> <span class='ocrx_word' id='word_1_304' title='bbox 1116 2347 1186 2384; x_wconf 90' lang='lat' dir='ltr'>est</span> <span class='ocrx_word' id='word_1_305' title='bbox 1209 2353 1293 2402; x_wconf 91' lang='lat' dir='ltr'>spe</span> <span class='ocrx_word' id='word_1_306' title='bbox 1316 2347 1363 2383; x_wconf 88' lang='lat' dir='ltr'>et</span> <span class='ocrx_word' id='word_1_307' title='bbox 1386 2335 1500 2397; x_wconf 88' lang='lat' dir='ltr'>fide,</span> <span class='ocrx_word' id='word_1_308' title='bbox 1528 2345 1582 2382; x_wconf 89' lang='lat' dir='ltr'>ut</span> <span class='ocrx_word' id='word_1_309' title='bbox 1604 2336 1652 2382; x_wconf 90' lang='lat' dir='ltr'>in</span> <span class='ocrx_word' id='word_1_310' title='bbox 1675 2352 1734 2382; x_wconf 92' lang='lat' dir='ltr'>eo</span> <span class='ocrx_word' id='word_1_311' title='bbox 1754 2334 1889 2399; x_wconf 92' lang='lat' dir='ltr'>quod</span> <span class='ocrx_word' id='word_1_312' title='bbox 1909 2333 2171 2382; x_wconf 88' lang='lat' dir='ltr'>detrahunt</span> <span class='ocrx_word' id='word_1_313' title='bbox 2193 2331 2255 2380; x_wconf 93' lang='lat' dir='ltr'>de</span> <span class='ocrx_word' id='word_1_314' title='bbox 2274 2331 2413 2380; x_wconf 88' lang='lat' dir='ltr'>vobis</span> 
     </span>
     <span class='ocr_line' id='line_1_28' title="bbox 255 2413 2408 2481; baseline -0.003 -17"><span class='ocrx_word' id='word_1_315' title='bbox 255 2417 632 2477; x_wconf 88' lang='lat' dir='ltr'>confundantur,</span> <span class='ocrx_word' id='word_1_316' title='bbox 670 2418 755 2481; x_wconf 90' lang='lat' dir='ltr'>qui</span> <span class='ocrx_word' id='word_1_317' title='bbox 789 2417 1146 2465; x_wconf 80' lang='lat' dir='ltr'>calumniantur</span> <span class='ocrx_word' id='word_1_318' title='bbox 1173 2426 1378 2464; x_wconf 87' lang='lat' dir='ltr'>vestram</span> <span class='ocrx_word' id='word_1_319' title='bbox 1411 2415 1594 2463; x_wconf 89' lang='lat' dir='ltr'>bonam</span> <span class='ocrx_word' id='word_1_320' title='bbox 1625 2416 1677 2462; x_wconf 92' lang='lat' dir='ltr'>in</span> <span class='ocrx_word' id='word_1_321' title='bbox 1703 2414 1897 2462; x_wconf 90' lang='lat' dir='ltr'>Christo</span> <span class='ocrx_word' id='word_1_322' title='bbox 1927 2413 2362 2461; x_wconf 80' lang='lat' dir='ltr'>conversationem.</span> <span class='ocrx_word' id='word_1_323' title='bbox 2384 2431 2408 2456; x_wconf 69' lang='lat' dir='ltr'>n</span> 
     </span>
     <span class='ocr_line' id='line_1_29' title="bbox 255 2492 2410 2563; baseline -0.002 -20"><span class='ocrx_word' id='word_1_324' title='bbox 255 2498 389 2545; x_wconf 91' lang='lat' dir='ltr'>Idem</span> <span class='ocrx_word' id='word_1_325' title='bbox 423 2508 471 2545; x_wconf 92' lang='lat' dir='ltr'>et</span> <span class='ocrx_word' id='word_1_326' title='bbox 501 2496 809 2563; x_wconf 85' lang='lat' dir='ltr'>coapostolus</span> <span class='ocrx_word' id='word_1_327' title='bbox 841 2497 942 2561; x_wconf 90' lang='lat' dir='ltr'>ejus</span> <span class='ocrx_word' id='word_1_328' title='bbox 973 2497 1148 2544; x_wconf 87' lang='lat' dir='ltr'>Paulus</span> <span class='ocrx_word' id='word_1_329' title='bbox 1180 2512 1486 2555; x_wconf 87' lang='lat' dir='ltr'>ammonens,</span> <span class='ocrx_word' id='word_1_330' title='bbox 1518 2498 1740 2555; x_wconf 88' lang='lat' dir='ltr'>«Sermo,</span> <span class='ocrx_word' id='word_1_331' title='bbox 1771 2495 1967 2558; x_wconf 81' lang='lat' dir='ltr'>inquit⁸,</span> <span class='ocrx_word' id='word_1_332' title='bbox 2004 2493 2161 2540; x_wconf 77' lang='lat' dir='ltr'>vest&#39;er</span> <span class='ocrx_word' id='word_1_333' title='bbox 2183 2493 2233 2539; x_wconf 91' lang='lat' dir='ltr'>in</span> <span class='ocrx_word' id='word_1_334' title='bbox 2258 2492 2410 2555; x_wconf 86' lang='lat' dir='ltr'>gratia</span> 
     </span>
     <span class='ocr_line' id='line_1_30' title="bbox 254 2570 2410 2646; baseline -0.003 -21"><span class='ocrx_word' id='word_1_335' title='bbox 254 2578 479 2626; x_wconf 91' lang='lat' dir='ltr'>conditus</span> <span class='ocrx_word' id='word_1_336' title='bbox 505 2579 564 2625; x_wconf 89' lang='lat' dir='ltr'>sit</span> <span class='ocrx_word' id='word_1_337' title='bbox 587 2577 683 2625; x_wconf 90' lang='lat' dir='ltr'>sale</span> <span class='ocrx_word' id='word_1_338' title='bbox 698 2615 710 2639; x_wconf 92' lang='lat'>,</span> <span class='ocrx_word' id='word_1_339' title='bbox 745 2578 980 2646; x_wconf 23' lang='lat' dir='ltr'>lits-sciatis</span> <span class='ocrx_word' id='word_1_340' title='bbox 1005 2576 1259 2641; x_wconf 91' lang='lat' dir='ltr'>quomodo</span> <span class='ocrx_word' id='word_1_341' title='bbox 1290 2586 1510 2641; x_wconf 89' lang='lat' dir='ltr'>oporteat</span> <span class='ocrx_word' id='word_1_342' title='bbox 1534 2592 1619 2623; x_wconf 91' lang='lat' dir='ltr'>vos</span> <span class='ocrx_word' id='word_1_343' title='bbox 1645 2574 1910 2638; x_wconf 90' lang='lat' dir='ltr'>unicuique</span> <span class='ocrx_word' id='word_1_344' title='bbox 1933 2570 2244 2638; x_wconf 90' lang='lat' dir='ltr'>respondere.</span> <span class='ocrx_word' id='word_1_345' title='bbox 2270 2591 2293 2615; x_wconf 69' lang='grc' dir='ltr'>ι)</span> <span class='ocrx_word' id='word_1_346' title='bbox 2320 2573 2410 2619; x_wconf 88' lang='lat' dir='ltr'>Ra-</span> 
     </span>
     <span class='ocr_line' id='line_1_31' title="bbox 254 2650 2411 2725; baseline -0.003 -20"><span class='ocrx_word' id='word_1_347' title='bbox 254 2659 387 2706; x_wconf 90' lang='lat' dir='ltr'>tione</span> <span class='ocrx_word' id='word_1_348' title='bbox 418 2659 581 2723; x_wconf 88' lang='lat' dir='ltr'>magis·</span> <span class='ocrx_word' id='word_1_349' title='bbox 600 2650 999 2725; x_wconf 47' lang='lat' dir='ltr'>haereticisssquam</span> <span class='ocrx_word' id='word_1_350' title='bbox 1029 2666 1266 2722; x_wconf 87' lang='lat' dir='ltr'>potestate</span> <span class='ocrx_word' id='word_1_351' title='bbox 1294 2655 1570 2716; x_wconf 87' lang='lat' dir='ltr'>coercendi,</span> <span class='ocrx_word' id='word_1_352' title='bbox 1605 2671 1717 2703; x_wconf 91' lang='lat' dir='ltr'>cum</span> <span class='ocrx_word' id='word_1_353' title='bbox 1745 2656 1882 2719; x_wconf 84' lang='lat' dir='ltr'>juxta</span> <span class='ocrx_word' id='word_1_354' title='bbox 1914 2663 2195 2701; x_wconf 90' lang='lat' dir='ltr'>sanctorum</span> <span class='ocrx_word' id='word_1_355' title='bbox 2218 2660 2411 2717; x_wconf 90' lang='lat' dir='ltr'>patrum</span> 
     </span>
     <span class='ocr_line' id='line_1_32' title="bbox 256 2730 2412 2804; baseline -0.003 -19"><span class='ocrx_word' id='word_1_356' title='bbox 256 2741 587 2787; x_wconf 70' lang='lat' dir='ltr'>auctoritatem</span> <span class='ocrx_word' id='word_1_357' title='bbox 608 2738 632 2799; x_wconf 72' lang='lat'>‚²</span> <span class='ocrx_word' id='word_1_358' title='bbox 658 2730 1063 2804; x_wconf 57' lang='lat' dir='ltr'>fidelds³²quidem</span> <span class='ocrx_word' id='word_1_359' title='bbox 1081 2774 1094 2798; x_wconf 93' lang='lat'>,</span> <span class='ocrx_word' id='word_1_360' title='bbox 1126 2738 1303 2803; x_wconf 90' lang='lat' dir='ltr'>quibus</span> <span class='ocrx_word' id='word_1_361' title='bbox 1342 2737 1510 2784; x_wconf 88' lang='lat' dir='ltr'>omnia</span> <span class='ocrx_word' id='word_1_362' title='bbox 1538 2744 1866 2801; x_wconf 89' lang='lat' dir='ltr'>cooperantur</span> <span class='ocrx_word' id='word_1_363' title='bbox 1901 2734 1953 2781; x_wconf 92' lang='lat' dir='ltr'>in</span> <span class='ocrx_word' id='word_1_364' title='bbox 1985 2734 2202 2792; x_wconf 88' lang='lat' dir='ltr'>bonum,</span> <span class='ocrx_word' id='word_1_365' title='bbox 2239 2748 2412 2780; x_wconf 87' lang='lat' dir='ltr'>eorum</span> 
     </span>
     <span class='ocr_line' id='line_1_33' title="bbox 258 2812 2412 2884; baseline -0.002 -19"><span class='ocrx_word' id='word_1_366' title='bbox 258 2818 663 2884; x_wconf 83' lang='lat' dir='ltr'>disputationibus</span> <span class='ocrx_word' id='word_1_367' title='bbox 702 2814 949 2867; x_wconf 62' lang='lat' dir='ltr'>exercitati</span> <span class='ocrx_word' id='word_1_368' title='bbox 985 2819 1313 2882; x_wconf 83' lang='lat' dir='ltr'>vigilantiores</span> <span class='ocrx_word' id='word_1_369' title='bbox 1357 2827 1502 2882; x_wconf 88' lang='lat' dir='ltr'>atque</span> <span class='ocrx_word' id='word_1_370' title='bbox 1534 2817 1772 2864; x_wconf 88' lang='lat' dir='ltr'>cautiores</span> <span class='ocrx_word' id='word_1_371' title='bbox 1804 2815 2087 2862; x_wconf 87' lang='lat' dir='ltr'>reddantur.</span> <span class='ocrx_word' id='word_1_372' title='bbox 2122 2812 2263 2860; x_wconf 89' lang='lat' dir='ltr'>Unde</span> <span class='ocrx_word' id='word_1_373' title='bbox 2294 2812 2412 2860; x_wconf 85' lang='lat' dir='ltr'>Hie-</span> 
     </span>
     <span class='ocr_line' id='line_1_34' title="bbox 258 2889 2409 2969; baseline -0.003 -25"><span class='ocrx_word' id='word_1_374' title='bbox 258 2914 487 2962; x_wconf 88' lang='lat' dir='ltr'>ronymus</span> <span class='ocrx_word' id='word_1_375' title='bbox 508 2917 653 2964; x_wconf 76' lang='lat' dir='ltr'>saper</span> <span class='ocrx_word' id='word_1_376' title='bbox 676 2889 939 2969; x_wconf 56' lang='lat' dir='ltr'>Jefieml‘dm</span> <span class='ocrx_word' id='word_1_377' title='bbox 962 2899 1088 2946; x_wconf 90' lang='lat' dir='ltr'>libro</span> <span class='ocrx_word' id='word_1_378' title='bbox 1112 2901 1152 2945; x_wconf 91' lang='grc' dir='ltr'>ΙΙ</span> <span class='ocrx_word' id='word_1_379' title='bbox 1180 2917 1191 2946; x_wconf 92' lang='lat'>:</span> <span class='ocrx_word' id='word_1_380' title='bbox 1223 2918 1245 2944; x_wconf 79' lang='grc' dir='ltr'>α</span> <span class='ocrx_word' id='word_1_381' title='bbox 1266 2897 1338 2945; x_wconf 91' lang='lat' dir='ltr'>Ad</span> <span class='ocrx_word' id='word_1_382' title='bbox 1361 2907 1569 2962; x_wconf 90' lang='lat' dir='ltr'>tempus,</span> <span class='ocrx_word' id='word_1_383' title='bbox 1595 2890 1769 2960; x_wconf 87' lang='lat' dir='ltr'>inquit,</span> <span class='ocrx_word' id='word_1_384' title='bbox 1797 2895 1923 2942; x_wconf 87' lang='lat' dir='ltr'>valet</span> <span class='ocrx_word' id='word_1_385' title='bbox 1949 2894 2158 2953; x_wconf 87' lang='lat' dir='ltr'>haeresis,</span> <span class='ocrx_word' id='word_1_386' title='bbox 2191 2903 2242 2939; x_wconf 92' lang='lat' dir='ltr'>ut</span> <span class='ocrx_word' id='word_1_387' title='bbox 2273 2891 2409 2939; x_wconf 86' lang='lat' dir='ltr'>electi</span> 
     </span>
     <span class='ocr_line' id='line_1_35' title="bbox 259 2973 2408 3045; baseline -0.003 -22"><span class='ocrx_word' id='word_1_388' title='bbox 259 2979 436 3040; x_wconf 90' lang='lat' dir='ltr'>quique</span> <span class='ocrx_word' id='word_1_389' title='bbox 470 2977 708 3027; x_wconf 81' lang='lat' dir='ltr'>manifesti</span> <span class='ocrx_word' id='word_1_390' title='bbox 742 2979 864 3031; x_wconf 56' lang='lat' dir='ltr'>fiant⁴</span> <span class='ocrx_word' id='word_1_391' title='bbox 882 2982 944 3027; x_wconf 58' lang='lat' dir='ltr'>*et</span> <span class='ocrx_word' id='word_1_392' title='bbox 975 2979 1167 3045; x_wconf 88' lang='lat' dir='ltr'>probati</span> <span class='ocrx_word' id='word_1_393' title='bbox 1204 2980 1314 3026; x_wconf 86' lang='lat' dir='ltr'>sint.</span> <span class='ocrx_word' id='word_1_394' title='bbox 1337 2999 1359 3022; x_wconf 70' lang='lat' dir='ltr'><strong>n</strong></span> <span class='ocrx_word' id='word_1_395' title='bbox 1393 2978 1686 3041; x_wconf 89' lang='lat' dir='ltr'>Augustinus</span> <span class='ocrx_word' id='word_1_396' title='bbox 1721 2977 1903 3023; x_wconf 80' lang='lat' dir='ltr'>Contra</span> <span class='ocrx_word' id='word_1_397' title='bbox 1934 2973 2187 3039; x_wconf 81' lang='lat' dir='ltr'>epistolam</span> <span class='ocrx_word' id='word_1_398' title='bbox 2219 2974 2408 3020; x_wconf 85' lang='lat' dir='ltr'>Parme-</span> 
     </span>
     <span class='ocr_line' id='line_1_36' title="bbox 259 3050 2411 3117; baseline -0.003 -14"><span class='ocrx_word' id='word_1_399' title='bbox 259 3057 391 3103; x_wconf 88' lang='lat' dir='ltr'>niani</span> <span class='ocrx_word' id='word_1_400' title='bbox 425 3076 434 3103; x_wconf 92' lang='lat'>:</span> <span class='ocrx_word' id='word_1_401' title='bbox 462 3077 484 3102; x_wconf 91' lang='lat'>«</span> <span class='ocrx_word' id='word_1_402' title='bbox 507 3060 723 3106; x_wconf 76' lang='lat' dir='ltr'>Haeretici</span> <span class='ocrx_word' id='word_1_403' title='bbox 757 3061 795 3106; x_wconf 91' lang='lat' dir='ltr'>si</span> <span class='ocrx_word' id='word_1_404' title='bbox 819 3061 871 3106; x_wconf 93' lang='lat' dir='ltr'>in</span> <span class='ocrx_word' id='word_1_405' title='bbox 902 3060 1103 3107; x_wconf 88' lang='lat' dir='ltr'>ecclesia</span> <span class='ocrx_word' id='word_1_406' title='bbox 1125 3068 1311 3117; x_wconf 89' lang='lat' dir='ltr'>essent,</span> <span class='ocrx_word' id='word_1_407' title='bbox 1348 3057 1665 3104; x_wconf 91' lang='lat' dir='ltr'>nihilominus</span> <span class='ocrx_word' id='word_1_408' title='bbox 1696 3065 1927 3103; x_wconf 91' lang='lat' dir='ltr'>errarent.</span> <span class='ocrx_word' id='word_1_409' title='bbox 1953 3056 2078 3101; x_wconf 92' lang='lat' dir='ltr'>Cum</span> <span class='ocrx_word' id='word_1_410' title='bbox 2111 3061 2272 3101; x_wconf 89' lang='lat' dir='ltr'>autem</span> <span class='ocrx_word' id='word_1_411' title='bbox 2297 3050 2411 3097; x_wconf 77' lang='lat' dir='ltr'>soris</span> 
     </span>
    </p>
   </div>
   <div class='ocr_carea' id='block_1_3' title="bbox 260 3262 2407 3367">
    <p class='ocr_par' dir='ltr' id='par_1_3' title="bbox 260 3262 2407 3367">
     <span class='ocr_line' id='line_1_37' title="bbox 302 3262 2407 3314; baseline -0.007 -7"><span class='ocrx_word' id='word_1_412' title='bbox 302 3275 310 3294; x_wconf 91' lang='lat'>¹</span> <span class='ocrx_word' id='word_1_413' title='bbox 339 3272 492 3307; x_wconf 78' lang='lat' dir='ltr'>Corinth.</span> <span class='ocrx_word' id='word_1_414' title='bbox 518 3273 553 3310; x_wconf 78' lang='grc' dir='ltr'>Ι,</span> <span class='ocrx_word' id='word_1_415' title='bbox 577 3281 648 3314; x_wconf 82' lang='lat' dir='ltr'>cap.</span> <span class='ocrx_word' id='word_1_416' title='bbox 674 3281 724 3313; x_wconf 76' lang='lat' dir='ltr'>xi,</span> <span class='ocrx_word' id='word_1_417' title='bbox 760 3281 789 3304; x_wconf 78' lang='lat' dir='ltr'>v.</span> <span class='ocrx_word' id='word_1_418' title='bbox 821 3274 871 3305; x_wconf 85' lang='lat'>19.</span> <span class='ocrx_word' id='word_1_419' title='bbox 898 3290 935 3295; x_wconf 92' lang='lat'>—</span> <span class='ocrx_word' id='word_1_420' title='bbox 959 3274 969 3291; x_wconf 87' lang='lat'><strong>²</strong></span> <span class='ocrx_word' id='word_1_421' title='bbox 990 3273 1077 3304; x_wconf 80' lang='lat' dir='ltr'>Tim.</span> <span class='ocrx_word' id='word_1_422' title='bbox 1100 3274 1215 3312; x_wconf 82' lang='lat' dir='ltr'>1‚cap.</span> <span class='ocrx_word' id='word_1_423' title='bbox 1242 3281 1293 3313; x_wconf 87' lang='grc' dir='ltr'>ιιι,</span> <span class='ocrx_word' id='word_1_424' title='bbox 1370 3281 1405 3305; x_wconf 86' lang='lat' dir='ltr'>v.</span> <span class='ocrx_word' id='word_1_425' title='bbox 1423 3274 1455 3304; x_wconf 85' lang='lat'>3.</span> <span class='ocrx_word' id='word_1_426' title='bbox 1476 3287 1517 3295; x_wconf 92' lang='lat'>—</span> <span class='ocrx_word' id='word_1_427' title='bbox 1547 3268 1667 3301; x_wconf 72' lang='lat' dir='ltr'>‘Joam</span> <span class='ocrx_word' id='word_1_428' title='bbox 1693 3268 1719 3307; x_wconf 91' lang='lat'>1,</span> <span class='ocrx_word' id='word_1_429' title='bbox 1742 3276 1814 3308; x_wconf 85' lang='lat' dir='ltr'>cap.</span> <span class='ocrx_word' id='word_1_430' title='bbox 1837 3275 1873 3305; x_wconf 90' lang='grc' dir='ltr'>ιι,</span> <span class='ocrx_word' id='word_1_431' title='bbox 1901 3274 1932 3298; x_wconf 84' lang='lat' dir='ltr'>v.</span> <span class='ocrx_word' id='word_1_432' title='bbox 1961 3267 2012 3299; x_wconf 90' lang='lat'>18.</span> <span class='ocrx_word' id='word_1_433' title='bbox 2040 3281 2083 3288; x_wconf 89' lang='lat'>—</span> <span class='ocrx_word' id='word_1_434' title='bbox 2107 3264 2119 3284; x_wconf 79' lang='lat'>⁶</span> <span class='ocrx_word' id='word_1_435' title='bbox 2143 3262 2218 3296; x_wconf 84' lang='lat' dir='ltr'>Jud.</span> <span class='ocrx_word' id='word_1_436' title='bbox 2245 3271 2335 3296; x_wconf 75' lang='lat' dir='ltr'>xvut.</span> <span class='ocrx_word' id='word_1_437' title='bbox 2369 3279 2407 3286; x_wconf 87' lang='lat'>-</span> 
     </span>
     <span class='ocr_line' id='line_1_38' title="bbox 260 3317 2305 3367; baseline -0.005 -7"><span class='ocrx_word' id='word_1_438' title='bbox 260 3338 291 3360; x_wconf 84' lang='lat' dir='ltr'>v.</span> <span class='ocrx_word' id='word_1_439' title='bbox 312 3329 340 3360; x_wconf 94' lang='lat'>1.</span> <span class='ocrx_word' id='word_1_440' title='bbox 361 3346 399 3351; x_wconf 90' lang='lat'>—</span> <span class='ocrx_word' id='word_1_441' title='bbox 414 3329 426 3348; x_wconf 80' lang='lat'><strong>³</strong></span> <span class='ocrx_word' id='word_1_442' title='bbox 445 3326 598 3360; x_wconf 75' lang='lat' dir='ltr'>Corinth.</span> <span class='ocrx_word' id='word_1_443' title='bbox 615 3327 644 3367; x_wconf 90' lang='lat' dir='ltr'>I,</span> <span class='ocrx_word' id='word_1_444' title='bbox 659 3336 729 3367; x_wconf 81' lang='lat' dir='ltr'>cap.</span> <span class='ocrx_word' id='word_1_445' title='bbox 746 3335 779 3365; x_wconf 87' lang='lat' dir='ltr'>x,</span> <span class='ocrx_word' id='word_1_446' title='bbox 798 3336 828 3357; x_wconf 91' lang='lat' dir='ltr'>v.</span> <span class='ocrx_word' id='word_1_447' title='bbox 843 3328 892 3359; x_wconf 90' lang='lat' dir='ltr'>ll.</span> <span class='ocrx_word' id='word_1_448' title='bbox 913 3344 950 3349; x_wconf 88' lang='lat'>-—</span> <span class='ocrx_word' id='word_1_449' title='bbox 969 3327 978 3346; x_wconf 76' lang='lat'>⁴</span> <span class='ocrx_word' id='word_1_450' title='bbox 999 3327 1083 3359; x_wconf 81' lang='lat' dir='ltr'>Petr.</span> <span class='ocrx_word' id='word_1_451' title='bbox 1098 3324 1138 3364; x_wconf 86' lang='lat' dir='ltr'>ll,</span> <span class='ocrx_word' id='word_1_452' title='bbox 1158 3334 1229 3366; x_wconf 83' lang='lat' dir='ltr'>cap.</span> <span class='ocrx_word' id='word_1_453' title='bbox 1250 3334 1299 3365; x_wconf 91' lang='grc' dir='ltr'>ιιι,</span> <span class='ocrx_word' id='word_1_454' title='bbox 1373 3327 1383 3346; x_wconf 82' lang='grc'>’</span> <span class='ocrx_word' id='word_1_455' title='bbox 1400 3325 1486 3357; x_wconf 86' lang='lat' dir='ltr'>Petr.</span> <span class='ocrx_word' id='word_1_456' title='bbox 1504 3322 1531 3363; x_wconf 91' lang='lat'>1,</span> <span class='ocrx_word' id='word_1_457' title='bbox 1548 3331 1621 3363; x_wconf 82' lang='lat' dir='ltr'>cap.</span> <span class='ocrx_word' id='word_1_458' title='bbox 1639 3331 1691 3363; x_wconf 84' lang='grc' dir='ltr'>ιιι,</span> <span class='ocrx_word' id='word_1_459' title='bbox 1709 3330 1741 3353; x_wconf 84' lang='lat' dir='ltr'>v.</span> <span class='ocrx_word' id='word_1_460' title='bbox 1761 3322 1812 3354; x_wconf 79' lang='lat'>15.</span> <span class='ocrx_word' id='word_1_461' title='bbox 1829 3336 1868 3344; x_wconf 89' lang='lat'>-</span> <span class='ocrx_word' id='word_1_462' title='bbox 1883 3321 1895 3341; x_wconf 81' lang='lat'>⁸</span> <span class='ocrx_word' id='word_1_463' title='bbox 1913 3318 2021 3352; x_wconf 79' lang='lat' dir='ltr'>colos.</span> <span class='ocrx_word' id='word_1_464' title='bbox 2034 3342 2042 3359; x_wconf 92' lang='lat'>,</span> <span class='ocrx_word' id='word_1_465' title='bbox 2057 3327 2131 3358; x_wconf 78' lang='lat' dir='ltr'>cap.</span> <span class='ocrx_word' id='word_1_466' title='bbox 2154 3326 2207 3358; x_wconf 80' lang='lat' dir='ltr'>iv,</span> <span class='ocrx_word' id='word_1_467' title='bbox 2223 3326 2254 3350; x_wconf 88' lang='lat' dir='ltr'>v.</span> <span class='ocrx_word' id='word_1_468' title='bbox 2274 3317 2305 3349; x_wconf 88' lang='lat'>6.</span> 
     </span>
    </p>
   </div>
  </div>
 </body>
</html>
