2638 3866
962 244 1308 292 THEOLOGIA
1343 244 1711 293 CHRISTlANA.
1892 241 1896 247 ’
2326 247 2413 294 541

267 348 500 416 Spiritum
534 345 686 393 Patris
720 353 768 393 et
799 341 920 391 Filii.
963 345 1121 392 Multis
1155 355 1316 393 tamen
1351 345 1454 393 aliis
1490 344 1633 407 locis,
1677 355 1776 393 tam
1812 346 1913 411 ipse
1949 346 2238 411 Augustinus
2276 365 2422 413 quam

269 445 440 484 omnes
463 427 558 475 fere
593 425 727 473 latini
751 423 968 488 theologi
993 426 1224 490 Spiritum
1259 435 1478 474 sanctum
1506 443 1562 474 ex
1587 426 1704 473 Filio
1728 443 1925 491 quoque
1947 427 2212 492 procedere
2235 437 2281 476 et
2306 446 2422 494 pro-

271 509 468 558 fitentur
491 517 538 556 et
570 504 910 572 comprobant.
936 505 1128 553 »Unde
1152 515 1198 553 et
1225 506 1327 572 ipse
1359 507 1408 553 in
1432 510 1516 554 XV
1540 505 1598 553 de
1625 509 1883 568 Trinitate,
1912 525 1957 556 c.
1987 525 2118 570 xxw,
2144 508 2206 556 de
2230 526 2423 574 proces-

272 590 408 638 sione
432 589 636 655 Spiritus
667 587 904 635 disserens
937 585 1002 632 ait
1040 604 1050 632 :
1084 586 1368 651 «Scriptura
1399 596 1562 634 sancta
1595 587 1826 652 Spiritum
1853 605 1963 635 eum
2001 589 2115 636 dicit
2139 588 2422 648 amborum,

272 670 334 719 de
359 687 457 735 quo
483 669 602 717 dicit
627 666 905 733 Apostolus¹
934 683 944 712 :
974 666 1140 713 «Misit
1164 669 1293 714 Deus
1317 667 1548 732 Spiritum
1572 668 1672 715 Filii
1698 668 1772 715 sui
1794 669 1843 716 in
1866 668 2014 716 corda
2038 680 2228 729 nostra3
2245 690 2267 715 »
2295 682 2339 718 et
2367 671 2428 719 de

275 750 516 817 quo-dicit
548 748 678 797 idem
710 747 897 807 Filius’,
926 767 948 792 α
979 747 1183 812 Spiritus
1205 748 1357 796 Patris
1389 749 1535 795 vestri
1558 749 1641 813 qui
1673 748 1888 814 loquitur
1912 750 1959 796 in
1991 749 2152 810 vobis3
2177 772 2199 791 υ
2239 751 2299 799 de
2331 769 2430 816 quo

273 832 389 879 item
413 830 588 884 dicitfz
620 831 815 887 «Quem
845 844 935 892 ego
966 827 1153 876 mittam
1177 826 1318 875 vobis
1349 845 1375 876 a
1400 831 1597 876 Patre.»
1625 832 1684 875 Et
1716 829 1812 876 alio
1842 829 1977 876 loco*
2006 848 2016 876 :
2048 850 2069 871 «
2088 833 2246 888 Quem
2279 833 2433 880 mittet

275 914 416 959 Pater
446 911 496 958 in
530 909 730 958 nomine
761 925 889 956 meo.
915 926 939 953 »
966 910 1024 955 Et
1053 925 1166 955 cum
1192 910 1525 957 resurrexisset
1550 926 1579 957 a
1610 909 1842 971 mortuis,
1874 909 2121 975 discipulis
2155 912 2252 958 suis
2281 913 2429 960 insuf-

273 992 406 1040 flavit
440 1001 488 1039 et
522 991 613 1039 ait⁵
642 1009 652 1037 :
692 989 941 1054 «Accipite
979 989 1209 1054 Spiritum
1244 999 1535 1052 sanctum,»
1565 1000 1616 1037 ut
1652 1006 1764 1037 eum
1800 990 1943 1038 etiam
1982 990 2043 1038 de
2081 1008 2130 1039 se
2168 993 2433 1057 procedere

276 1072 570 1120 ostenderet.
597 1090 621 1116 »
650 1070 843 1136 Quippe
872 1068 1123 1134 quomodo
1152 1070 1363 1136 apertius
1392 1087 1539 1135 quam
1562 1069 1859 1117 insufflando
1883 1070 2060 1118 docere
2088 1073 2299 1136 potuerit
2324 1075 2430 1139 Spi-

273 1155 419 1213 ritum
458 1161 678 1201 sanctum
715 1168 772 1198 ex
810 1168 861 1198 se
890 1167 1087 1215 quoque
1126 1151 1423 1216 procedere?
1460 1151 1724 1199 Praesertim
1759 1168 1871 1198 cum
1902 1152 2134 1217 Spiritum
2171 1155 2307 1218 quasi
2337 1157 2433 1219 spi-

274 1251 441 1292 ramen
472 1251 499 1282 a
528 1232 758 1300 spirando
789 1232 976 1280 dictum
1012 1249 1115 1280 esse
1147 1242 1353 1292 constet,
1379 1243 1426 1280 et
1444 1233 1577 1297 juxta
1608 1233 1855 1298 propriam
1883 1232 2302 1296 significationem,
2328 1237 2433 1301 Spi-

272 1315 393 1371 ritus
426 1323 619 1363 sanctus
646 1313 876 1361 hocloco
895 1350 907 1374 ,
938 1323 991 1360 ut
1023 1313 1206 1360 dictum
1240 1323 1334 1370 est,
1371 1323 1510 1360 sonet
1543 1313 1832 1378 procedenS.
1859 1314 1998 1362 Unde
2033 1331 2224 1364 necesse
2250 1326 2346 1374 est,
2384 1328 2437 1364 ut

273 1396 621 1460 cujuscumque
652 1393 858 1460 Spiritus
891 1410 992 1441 esse
1015 1393 1222 1454 dicatur,
1249 1392 1327 1440 vel
1355 1393 1416 1440 ab
1443 1410 1502 1440 eo
1533 1394 1674 1455 mitti,
1702 1393 1775 1442 vel
1799 1394 1862 1442 ab
1890 1395 1997 1461 ipso
2021 1396 2285 1460 procedere
2308 1414 2433 1444 con—

274 1476 492 1524 cedatur.
521 1477 718 1541 Proprie
737 1485 898 1522 tamen
921 1491 1006 1521 seu
1023 1472 1351 1539 principaliter
1366 1473 1428 1521 ab
1449 1474 1556 1540 ipso
1577 1477 1716 1522 Patre
1733 1475 1997 1541 procedere
2020 1477 2222 1542 Spiritus
2241 1478 2432 1526 dicitur.

274 1557 415 1605 Unde
448 1557 772 1621 Hieronymus
807 1554 1141 1602 definitionem
1175 1553 1289 1602 fidei
1328 1554 1577 1602 catholicae
1613 1555 1790 1603 Nicaeni
1826 1556 2045 1620 Symboli
2079 1567 2289 1605 tractans
2316 1559 2383 1606 ait
2423 1578 2433 1606 ε

280 1658 303 1681 «
337 1637 592 1685 Credimus
627 1647 675 1685 et
709 1637 759 1683 in
795 1636 1028 1702 Spiritum
1062 1644 1283 1682 sanctum
1319 1636 1403 1700 qui
1439 1634 1500 1682 de
1538 1639 1676 1683 Patre
1712 1636 1934 1700 procedit
1975 1638 2189 1702 proprie.
2215 1657 2238 1682 υ
2283 1641 2399 1686 Item
2424 1676 2435 1697 ,

276 1718 510 1783 Spiritum
548 1726 768 1765 sanctum
802 1733 974 1764 verum
1009 1718 1169 1763 Deum
1203 1716 1479 1763 invenimus
1514 1715 1564 1762 in
1601 1715 1847 1781 Scriptura
1883 1725 1931 1763 et
1966 1717 2027 1764 de
2072 1720 2208 1765 Patre
2243 1720 2439 1784 proprie

276 1815 395 1846 esse.
431 1802 490 1845 Et
512 1799 715 1858 iterum,
744 1800 859 1845 «De
891 1800 1028 1844 Patre
1050 1796 1220 1856 Filius,
1247 1806 1294 1844 et
1322 1796 1525 1862 Spiritus
1554 1796 1750 1862 proprie
1776 1807 1823 1844 et
1845 1814 1957 1845 vere
1990 1798 2051 1845 de
2077 1801 2215 1846 Patre
2240 1799 2438 1864 quidem

275 1878 514 1943 procedit.
556 1879 773 1925 Primum
810 1878 957 1941 igitur
1000 1876 1165 1942 accipe
1195 1876 1329 1940 quod
1366 1876 1427 1924 de
1460 1878 1597 1924 Patre
1638 1887 1709 1924 est
1745 1878 1941 1943 proprie
1977 1879 2179 1944 Spiritus
2214 1891 2434 1941 sanctuS,

276 1958 467 2007 dicente
486 1959 756 2024 Scriptura⁶
780 1976 790 2005 ε
822 1978 846 2002 «
869 1956 1027 2005 Verbo
1047 1957 1246 2004 Domini
1270 1957 1377 2004 coeli
1398 1956 1575 2004 firmati
1597 1967 1737 2018 sunt,
1764 1968 1811 2004 et
1835 1959 2017 2024 Spiritu
2043 1960 2139 2006 oris
2159 1960 2259 2023 ejus
2281 1961 2438 2007 omnis

274 2040 647 2100 virtus‚eorum.
670 2059 693 2082 »
721 2041 780 2085 Et
810 2037 1030 2085 Salvator
1058 2038 1148 2085 ait⁷
1175 2055 1185 2083 ε
1213 2057 1236 2082 «
1259 2037 1464 2103 Spiritus
1492 2038 1703 2085 veritatis
1730 2039 1811 2102 qui
1832 2055 1861 2086 a
1894 2042 2031 2086 Patre
2054 2041 2292 2104 procedit.
2320 2061 2344 2085 »
2379 2044 2437 2088 Et

274 2119 445 2168 beatus
463 2121 756 2185 Augustinus
778 2120 828 2167 in
852 2121 935 2166 XV
965 2118 1023 2165 de
1052 2120 1307 2178 Trinitate,
1333 2134 1441 2183 cap.
1467 2120 1622 2179 xvn1⁸,
1651 2121 1795 2165 «Non
1816 2119 1988 2167 frustra
2017 2121 2066 2166 in
2095 2121 2187 2168 hac
2213 2121 2439 2168 Trinitate

276 2217 379 2248 non
405 2201 580 2248 dicitur
601 2200 818 2248 Verbum
846 2200 936 2247 Dei
969 2199 1060 2245 nisi
1083 2199 1247 2259 Filius,
1281 2215 1371 2245 nec
1398 2201 1593 2244 Donum
1626 2198 1714 2245 Dei
1746 2198 1837 2246 nisi
1866 2200 2069 2263 Spiritus
2095 2211 2311 2260 sanctus,
2349 2219 2438 2249 nec

278 2281 340 2329 de
363 2298 463 2346 quo
497 2282 715 2345 genitum
739 2291 810 2329 est
827 2279 1063 2338 Verbum,
1091 2287 1138 2325 et
1169 2278 1232 2325 de
1258 2295 1357 2342 quo
1382 2278 1603 2344 procedit
1634 2278 1961 2344 principaliter
1984 2281 2188 2346 Spiritus
2213 2292 2403 2330 sanctus
2423 2321 2435 2341 ‚

277 2363 370 2410 nisi
390 2364 518 2409 Deus
538 2365 690 2409 Pater.
716 2362 830 2410 Ideo
851 2370 1014 2409 autem
1041 2358 1207 2407 addidi
1227 2359 1575 2425 principaliter,
1603 2360 1715 2424 quia
1738 2369 1786 2406 et
1803 2359 1863 2407 de
1883 2359 2001 2407 Filio
2022 2362 2225 2427 Spiritus
2247 2374 2438 2410 sanctus

277 2442 544 2509 procedere
569 2443 820 2509 repetitur.
844 2442 937 2489 Sed
958 2441 1055 2488 hoc
1077 2456 1274 2505 quoque
1299 2439 1366 2486 illi
1394 2443 1532 2487 Pater
1556 2439 1707 2502 dedit,
1734 2457 1834 2487 non
1851 2441 1952 2505 jam
1977 2442 2217 2503 existenti,
2246 2453 2292 2490 et
2315 2461 2441 2491 non-

278 2523 398 2571 dum
422 2522 623 2571 habenti
651 2541 661 2569 :
690 2523 776 2570 sed
799 2520 1032 2586 quicquid
1057 2520 1304 2584 unigenito
1335 2519 1497 2568 Verbo
1536 2519 1697 2583 dedit,
1736 2520 1980 2585 gignendo
2020 2521 2169 2569 dedit.
2214 2524 2290 2569 Sic
2325 2540 2439 2588 ergo

280 2621 394 2652 eum
412 2605 593 2669 genuit,
621 2614 676 2651 ut
699 2605 843 2651 etiam
869 2603 929 2650 de
952 2602 1035 2649 illo
1057 2601 1272 2648 bonum⁹
1294 2618 1557 2649 commune
1578 2601 1882 2666 procederet,
1906 2622 1929 2646 υ
1949 2619 2005 2649 ac
2028 2604 2067 2648 si
2090 2613 2256 2668 aperte
2281 2607 2440 2667 Augu·

278 2685 431 2731 stinus
460 2684 536 2731 his
566 2683 726 2731 verbis
760 2682 1049 2731 determinet
1076 2698 1163 2746 per
1197 2681 1293 2728 hoc
1330 2681 1561 2746 Spiritum
1595 2690 1815 2728 sanctum
1847 2682 2175 2747 principaliter
2209 2700 2263 2730 ex
2305 2687 2439 2732 Patre

279 2763 569 2828 procedere,
609 2773 655 2810 et
679 2780 778 2810 non
804 2762 1134 2827 principaliter
1159 2778 1217 2807 ex
1238 2760 1376 2819 Filio,
1404 2761 1518 2824 quia
1541 2761 1607 2807 sic
1631 2777 1687 2808 ex
1714 2765 1851 2808 Patre
1874 2762 2095 2827 procedit
2119 2764 2255 2827 quasi
2280 2765 2438 2829 primo

281 2844 410 2901 loco,
445 2860 556 2891 cum
594 2847 732 2891 Pater
770 2842 830 2889 ab
867 2843 961 2890 alio
997 2858 1097 2888 non
1130 2840 1331 2900 habeat,
1357 2840 1442 2887 sed
1479 2857 1506 2888 a
1541 2842 1718 2906 seipso,
1745 2843 1867 2890 sicut
1901 2852 1948 2889 et
1972 2860 2000 2891 a
2025 2843 2185 2908 seipso
2219 2854 2305 2903 est,
2345 2845 2440 2893 hoc

281 2934 353 2971 est
385 2940 486 2970 non
518 2923 579 2971 ab
605 2924 717 2971 alio.
746 2922 890 2969 Filius
913 2938 1028 2969 vero
1063 2938 1177 2967 cum
1208 2937 1236 2968 a
1259 2937 1309 2967 se
1334 2937 1435 2967 non
1459 2920 1545 2980 sit,
1573 2921 1653 2968 sed
1681 2938 1708 2969 a
1736 2924 1893 2983 Patre,
1923 2932 1969 2970 et
1998 2922 2130 2970 hunc
2154 2925 2311 2990 ipsum
2336 2927 2434 2990 Spi-

281 3005 428 3051 ritum
460 3020 484 3050 a
522 3006 659 3051 Patre
688 3002 852 3063 habet,
880 3019 908 3050 a
939 3018 1038 3067 quo
1070 3017 1157 3067 per
1188 3001 1550 3065 generationem
1585 3018 1686 3049 esse
1722 3001 1889 3050 habet.
1929 3004 2024 3051 Sed
2055 3004 2174 3069 quid
2207 3016 2275 3052 est
2308 3007 2440 3070 quod

283 3084 468 3132 dictum
491 3094 579 3144 est,
612 3083 807 3149 proprie
829 3082 1060 3148 Spiritum
1082 3098 1140 3129 ex
1171 3084 1309 3128 Patre
1333 3080 1636 3147 procedere?
1670 3083 1917 3146 Numquid
1940 3085 2134 3150 proprie
2158 3085 2224 3132 ibi
2259 3086 2439 3133 dictum

341 3237 470 3272 ‘Galat.
485 3263 493 3280 ,
511 3247 587 3280 cap.
605 3247 654 3280 iv,
672 3247 703 3270 v.
722 3240 752 3272 6.
772 3254 811 3262 —-·
827 3238 840 3256 ²
855 3237 986 3276 Matth„
1005 3244 1079 3276 cap.
1101 3244 1135 3274 x.
1159 3244 1189 3267 v.
1219 3237 1324 3268 20.-
1397 3236 1407 3255 ⁷
1423 3233 1686 3276 Joan.,cap.xv.
1704 3236 1854 3269 v.26.-
1869 3237 1881 3256 ⁸
1899 3235 1996 3275 Leg„
2014 3245 2085 3277 cap.
2105 3246 2191 3277 xvu,
2207 3236 2292 3279 Opp.
2311 3242 2334 3268 t.
2355 3234 2439 3268 VIIl.

309 3292 402 3326 Joan.
416 3319 424 3335 ‚
444 3303 513 3335 cap,
550 3303 609 3333 xv,
632 3303 663 3326 v.
693 3295 746 3326 26.
776 3309 814 3325 -,-
846 3292 856 3312 ⁴
878 3290 995 3329 Joan.,
1026 3299 1097 3331 cap.
1124 3298 1190 3329 xiv,
1216 3298 1245 3320 v.
1270 3291 1325 3322 26.
1401 3307 1443 3314 --
1459 3291 1471 3311 ⁹
1487 3289 1550 3331 Ap.
1565 3289 1649 3330 Aug.
1668 3290 1804 3323 Donum
1820 3299 2004 3323 commune.

282 3364 327 3370 —
349 3347 488 3388 ⁵Joan.,
513 3357 587 3389 cap.
614 3356 679 3390 xx,
704 3356 733 3380 v.
764 3349 793 3380 2.
819 3364 852 3370 —
878 3345 1039 3378 ⁶Psalm.
1066 3353 1173 3384 xxxu,
1189 3353 1220 3375 v.
1238 3344 1270 3377 6.
1290 3359 1328 3366 ·-
