<?xml version="1.0" encoding="UTF-8"?>
<!DOCTYPE html PUBLIC "-//W3C//DTD XHTML 1.0 Transitional//EN"
    "http://www.w3.org/TR/xhtml1/DTD/xhtml1-transitional.dtd">
<html xmlns="http://www.w3.org/1999/xhtml" xml:lang="en" lang="en">
 <head>
  <title>
</title>
<meta http-equiv="Content-Type" content="text/html;charset=utf-8" />
  <meta name='ocr-system' content='tesseract 3.04.00' />
  <meta name='ocr-capabilities' content='ocr_page ocr_carea ocr_par ocr_line ocrx_word'/>
</head>
<body>
  <div class='ocr_page' id='page_1' title='image "./operahactenusseo00abeluoft_0389.png"; bbox 0 0 2638 3866; ppageno 0'>
   <div class='ocr_carea' id='block_1_1' title="bbox 986 223 2434 279">
    <p class='ocr_par' dir='ltr' id='par_1_1' title="bbox 986 223 2434 279">
     <span class='ocr_line' id='line_1_1' title="bbox 986 223 2434 279; baseline 0.004 -8"><span class='ocrx_word' id='word_1_1' title='bbox 986 223 1321 274; x_wconf 78' lang='lat' dir='ltr'><strong>THEOLOGIA</strong></span> <span class='ocrx_word' id='word_1_2' title='bbox 1360 226 1706 279; x_wconf 79' lang='lat' dir='ltr'><strong>CHRISTIANA</strong></span> <span class='ocrx_word' id='word_1_3' title='bbox 1716 264 1726 275; x_wconf 93' lang='lat'><strong><em>.</em></strong></span> <span class='ocrx_word' id='word_1_4' title='bbox 1868 247 1873 253; x_wconf 95' lang='lat'><em>·</em></span> <span class='ocrx_word' id='word_1_5' title='bbox 2338 230 2434 277; x_wconf 84' lang='lat'><strong>379</strong></span> 
     </span>
    </p>
   </div>
   <div class='ocr_carea' id='block_1_2' title="bbox 219 323 2433 3227">
    <p class='ocr_par' dir='ltr' id='par_1_2' title="bbox 219 323 2433 3227">
     <span class='ocr_line' id='line_1_2' title="bbox 279 323 2433 391; baseline 0.002 -18"><span class='ocrx_word' id='word_1_6' title='bbox 279 323 546 373; x_wconf 88' lang='lat' dir='ltr'><strong>secundum</strong></span> <span class='ocrx_word' id='word_1_7' title='bbox 570 323 739 373; x_wconf 81' lang='lat' dir='ltr'><strong>effecta</strong></span> <span class='ocrx_word' id='word_1_8' title='bbox 767 340 969 391; x_wconf 92' lang='lat' dir='ltr'><strong>operum</strong></span> <span class='ocrx_word' id='word_1_9' title='bbox 1000 341 1198 374; x_wconf 90' lang='lat' dir='ltr'><strong>suorum</strong></span> <span class='ocrx_word' id='word_1_10' title='bbox 1225 327 1384 377; x_wconf 86' lang='lat' dir='ltr'><strong>dicere</strong></span> <span class='ocrx_word' id='word_1_11' title='bbox 1421 329 1648 390; x_wconf 87' lang='lat' dir='ltr'><strong>solemus,</strong></span> <span class='ocrx_word' id='word_1_12' title='bbox 1676 327 1826 376; x_wconf 91' lang='lat' dir='ltr'><strong>modo</strong></span> <span class='ocrx_word' id='word_1_13' title='bbox 1860 327 2128 376; x_wconf 88' lang='lat' dir='ltr'><strong>secundum</strong></span> <span class='ocrx_word' id='word_1_14' title='bbox 2165 329 2433 378; x_wconf 78' lang='lat' dir='ltr'><strong>naturalem</strong></span> 
     </span>
     <span class='ocr_line' id='line_1_3' title="bbox 279 405 2432 477; baseline 0.003 -24"><span class='ocrx_word' id='word_1_15' title='bbox 279 405 508 454; x_wconf 88' lang='lat' dir='ltr'><strong>bonitatis</strong></span> <span class='ocrx_word' id='word_1_16' title='bbox 532 423 629 454; x_wconf 85' lang='lat' dir='ltr'><strong>suae</strong></span> <span class='ocrx_word' id='word_1_17' title='bbox 647 406 890 465; x_wconf 84' lang='lat' dir='ltr'><strong>affectum,</strong></span> <span class='ocrx_word' id='word_1_18' title='bbox 919 422 1065 471; x_wconf 89' lang='lat' dir='ltr'><strong>quem</strong></span> <span class='ocrx_word' id='word_1_19' title='bbox 1087 407 1136 454; x_wconf 90' lang='lat' dir='ltr'><strong>in</strong></span> <span class='ocrx_word' id='word_1_20' title='bbox 1158 409 1314 474; x_wconf 91' lang='lat' dir='ltr'><strong>seipso</strong></span> <span class='ocrx_word' id='word_1_21' title='bbox 1342 410 1404 458; x_wconf 89' lang='lat' dir='ltr'><strong>ab</strong></span> <span class='ocrx_word' id='word_1_22' title='bbox 1423 421 1601 459; x_wconf 87' lang='lat' dir='ltr'><strong>aeterno</strong></span> <span class='ocrx_word' id='word_1_23' title='bbox 1630 410 1814 472; x_wconf 90' lang='lat' dir='ltr'><strong>habuit,</strong></span> <span class='ocrx_word' id='word_1_24' title='bbox 1849 411 1971 458; x_wconf 83' lang='lat' dir='ltr'><strong>sicut</strong></span> <span class='ocrx_word' id='word_1_25' title='bbox 2001 409 2275 475; x_wconf 86' lang='lat' dir='ltr'><strong>diligentius</strong></span> <span class='ocrx_word' id='word_1_26' title='bbox 2298 422 2432 477; x_wconf 92' lang='lat' dir='ltr'><strong>post-</strong></span> 
     </span>
     <span class='ocr_line' id='line_1_4' title="bbox 279 486 2433 551; baseline 0.003 -18"><span class='ocrx_word' id='word_1_27' title='bbox 279 486 480 534; x_wconf 89' lang='lat' dir='ltr'><strong>modum</strong></span> <span class='ocrx_word' id='word_1_28' title='bbox 516 487 880 551; x_wconf 77' lang='lat' dir='ltr'>distinguemus.</span> <span class='ocrx_word' id='word_1_29' title='bbox 921 489 1057 534; x_wconf 88' lang='lat' dir='ltr'><strong>Nunc</strong></span> <span class='ocrx_word' id='word_1_30' title='bbox 1095 498 1256 536; x_wconf 86' lang='lat' dir='ltr'><strong>autem</strong></span> <span class='ocrx_word' id='word_1_31' title='bbox 1288 490 1368 543; x_wconf 89' lang='lat' dir='ltr'><strong>illa</strong></span> <span class='ocrx_word' id='word_1_32' title='bbox 1407 491 1619 539; x_wconf 81' lang='lat' dir='ltr'>Platonis</span> <span class='ocrx_word' id='word_1_33' title='bbox 1653 490 1798 540; x_wconf 87' lang='lat' dir='ltr'><strong>verba</strong></span> <span class='ocrx_word' id='word_1_34' title='bbox 1829 490 1891 538; x_wconf 89' lang='lat' dir='ltr'><strong>de</strong></span> <span class='ocrx_word' id='word_1_35' title='bbox 1930 491 2089 539; x_wconf 91' lang='lat' dir='ltr'><strong>anima</strong></span> <span class='ocrx_word' id='word_1_36' title='bbox 2123 491 2292 540; x_wconf 91' lang='lat' dir='ltr'><strong>mundi</strong></span> <span class='ocrx_word' id='word_1_37' title='bbox 2323 491 2433 540; x_wconf 89' lang='lat' dir='ltr'><strong>dili·—</strong></span> 
     </span>
     <span class='ocr_line' id='line_1_5' title="bbox 279 568 2431 636; baseline 0.003 -21"><span class='ocrx_word' id='word_1_38' title='bbox 279 577 444 632; x_wconf 87' lang='lat' dir='ltr'><strong>genter</strong></span> <span class='ocrx_word' id='word_1_39' title='bbox 479 568 808 628; x_wconf 73' lang='lat' dir='ltr'><strong>discutiamus,</strong></span> <span class='ocrx_word' id='word_1_40' title='bbox 853 577 906 615; x_wconf 90' lang='lat' dir='ltr'><strong>ut</strong></span> <span class='ocrx_word' id='word_1_41' title='bbox 941 568 988 615; x_wconf 90' lang='lat' dir='ltr'><strong>in</strong></span> <span class='ocrx_word' id='word_1_42' title='bbox 1028 569 1095 616; x_wconf 88' lang='lat' dir='ltr'><strong>eis</strong></span> <span class='ocrx_word' id='word_1_43' title='bbox 1123 571 1352 636; x_wconf 83' lang='lat' dir='ltr'><strong>Spiritum</strong></span> <span class='ocrx_word' id='word_1_44' title='bbox 1385 582 1604 620; x_wconf 89' lang='lat' dir='ltr'><strong>sanctum</strong></span> <span class='ocrx_word' id='word_1_45' title='bbox 1639 571 1945 635; x_wconf 84' lang='lat' dir='ltr'><strong>integerrime</strong></span> <span class='ocrx_word' id='word_1_46' title='bbox 1983 571 2287 635; x_wconf 89' lang='lat' dir='ltr'><strong>designatum</strong></span> <span class='ocrx_word' id='word_1_47' title='bbox 2326 589 2431 621; x_wconf 88' lang='lat' dir='ltr'><strong>esse</strong></span> 
     </span>
     <span class='ocr_line' id='line_1_6' title="bbox 278 645 2427 715; baseline 0.003 -23"><span class='ocrx_word' id='word_1_48' title='bbox 278 661 614 710; x_wconf 79' lang='lat' dir='ltr'>agnoscamus.</span> <span class='ocrx_word' id='word_1_49' title='bbox 636 646 762 694; x_wconf 89' lang='lat' dir='ltr'><strong>Dicit</strong></span> <span class='ocrx_word' id='word_1_50' title='bbox 785 647 943 711; x_wconf 88' lang='lat' dir='ltr'><strong>itaque</strong></span> <span class='ocrx_word' id='word_1_51' title='bbox 963 645 1086 694; x_wconf 86' lang='lat' dir='ltr'><strong>hanc</strong></span> <span class='ocrx_word' id='word_1_52' title='bbox 1105 659 1215 696; x_wconf 89' lang='lat' dir='ltr'><strong>ante</strong></span> <span class='ocrx_word' id='word_1_53' title='bbox 1239 650 1411 697; x_wconf 89' lang='lat' dir='ltr'><strong>mundi</strong></span> <span class='ocrx_word' id='word_1_54' title='bbox 1436 650 1834 698; x_wconf 90' lang='lat' dir='ltr'><strong>constitutionem</strong></span> <span class='ocrx_word' id='word_1_55' title='bbox 1855 650 2027 698; x_wconf 86' lang='lat' dir='ltr'><strong>factam</strong></span> <span class='ocrx_word' id='word_1_56' title='bbox 2049 652 2147 699; x_wconf 92' lang='lat' dir='ltr'><strong>sive</strong></span> <span class='ocrx_word' id='word_1_57' title='bbox 2166 652 2375 715; x_wconf 77' lang='lat' dir='ltr'><strong>genitam</strong></span> <span class='ocrx_word' id='word_1_58' title='bbox 2401 669 2427 699; x_wconf 88' lang='lat' dir='ltr'><strong>a</strong></span> 
     </span>
     <span class='ocr_line' id='line_1_7' title="bbox 278 728 2425 798; baseline 0.003 -24"><span class='ocrx_word' id='word_1_59' title='bbox 278 730 382 775; x_wconf 89' lang='lat' dir='ltr'><strong>Deo</strong></span> <span class='ocrx_word' id='word_1_60' title='bbox 413 744 532 789; x_wconf 88' lang='lat' dir='ltr'><strong>esse,</strong></span> <span class='ocrx_word' id='word_1_61' title='bbox 567 729 616 776; x_wconf 94' lang='lat' dir='ltr'><strong>in</strong></span> <span class='ocrx_word' id='word_1_62' title='bbox 647 744 748 793; x_wconf 92' lang='lat' dir='ltr'><strong>quo</strong></span> <span class='ocrx_word' id='word_1_63' title='bbox 777 728 979 794; x_wconf 82' lang='lat' dir='ltr'><strong>Spiritus</strong></span> <span class='ocrx_word' id='word_1_64' title='bbox 1009 731 1161 776; x_wconf 88' lang='lat' dir='ltr'><strong>sancti</strong></span> <span class='ocrx_word' id='word_1_65' title='bbox 1187 742 1472 796; x_wconf 87' lang='lat' dir='ltr'><strong>perpetuam</strong></span> <span class='ocrx_word' id='word_1_66' title='bbox 1504 733 1883 798; x_wconf 84' lang='lat' dir='ltr'><strong>processionem,</strong></span> <span class='ocrx_word' id='word_1_67' title='bbox 1924 748 2018 796; x_wconf 90' lang='lat' dir='ltr'><strong>qua</strong></span> <span class='ocrx_word' id='word_1_68' title='bbox 2054 748 2110 779; x_wconf 82' lang='lat' dir='ltr'><strong>ex</strong></span> <span class='ocrx_word' id='word_1_69' title='bbox 2147 735 2250 779; x_wconf 89' lang='lat' dir='ltr'><strong>Deo</strong></span> <span class='ocrx_word' id='word_1_70' title='bbox 2286 736 2425 781; x_wconf 89' lang='lat' dir='ltr'><strong>Patre</strong></span> 
     </span>
     <span class='ocr_line' id='line_1_8' title="bbox 277 808 2421 878; baseline 0.003 -23"><span class='ocrx_word' id='word_1_71' title='bbox 277 817 365 870; x_wconf 89' lang='lat' dir='ltr'><strong>est,</strong></span> <span class='ocrx_word' id='word_1_72' title='bbox 407 808 564 870; x_wconf 89' lang='lat' dir='ltr'><strong>nobis,</strong></span> <span class='ocrx_word' id='word_1_73' title='bbox 602 809 653 856; x_wconf 90' lang='lat' dir='ltr'><strong>ni</strong></span> <span class='ocrx_word' id='word_1_74' title='bbox 687 808 842 871; x_wconf 87' lang='lat' dir='ltr'><strong>fallor,</strong></span> <span class='ocrx_word' id='word_1_75' title='bbox 877 810 1101 857; x_wconf 84' lang='lat' dir='ltr'><strong>insinuat.</strong></span> <span class='ocrx_word' id='word_1_76' title='bbox 1144 811 1311 858; x_wconf 90' lang='lat' dir='ltr'><strong>Solent</strong></span> <span class='ocrx_word' id='word_1_77' title='bbox 1342 813 1523 878; x_wconf 88' lang='lat' dir='ltr'><strong>quippe</strong></span> <span class='ocrx_word' id='word_1_78' title='bbox 1558 812 1839 878; x_wconf 86' lang='lat' dir='ltr'><strong>philosophi</strong></span> <span class='ocrx_word' id='word_1_79' title='bbox 1875 812 2053 859; x_wconf 82' lang='lat' dir='ltr'><strong>factum</strong></span> <span class='ocrx_word' id='word_1_80' title='bbox 2094 829 2149 859; x_wconf 84' lang='lat' dir='ltr'><strong>ex</strong></span> <span class='ocrx_word' id='word_1_81' title='bbox 2186 815 2290 860; x_wconf 91' lang='lat' dir='ltr'><strong>Deo</strong></span> <span class='ocrx_word' id='word_1_82' title='bbox 2325 814 2421 861; x_wconf 90' lang='lat' dir='ltr'><strong>sive</strong></span> 
     </span>
     <span class='ocr_line' id='line_1_9' title="bbox 277 890 2424 958; baseline 0.002 -21"><span class='ocrx_word' id='word_1_83' title='bbox 277 890 491 953; x_wconf 85' lang='lat' dir='ltr'><strong>genitum</strong></span> <span class='ocrx_word' id='word_1_84' title='bbox 523 891 683 939; x_wconf 88' lang='lat' dir='ltr'><strong>dicere</strong></span> <span class='ocrx_word' id='word_1_85' title='bbox 716 908 862 939; x_wconf 89' lang='lat' dir='ltr'><strong>omne</strong></span> <span class='ocrx_word' id='word_1_86' title='bbox 885 891 1017 955; x_wconf 93' lang='lat' dir='ltr'><strong>quod</strong></span> <span class='ocrx_word' id='word_1_87' title='bbox 1044 908 1070 938; x_wconf 91' lang='lat' dir='ltr'><strong>a</strong></span> <span class='ocrx_word' id='word_1_88' title='bbox 1096 894 1200 939; x_wconf 92' lang='lat' dir='ltr'><strong>Deo</strong></span> <span class='ocrx_word' id='word_1_89' title='bbox 1230 892 1378 941; x_wconf 88' lang='lat' dir='ltr'><strong>habet</strong></span> <span class='ocrx_word' id='word_1_90' title='bbox 1401 911 1520 941; x_wconf 88' lang='lat' dir='ltr'><strong>esse.</strong></span> <span class='ocrx_word' id='word_1_91' title='bbox 1556 894 1695 942; x_wconf 88' lang='lat' dir='ltr'><strong>Unde</strong></span> <span class='ocrx_word' id='word_1_92' title='bbox 1727 904 1774 942; x_wconf 89' lang='lat' dir='ltr'><strong>et</strong></span> <span class='ocrx_word' id='word_1_93' title='bbox 1794 897 1993 941; x_wconf 88' lang='lat' dir='ltr'><strong>Hermes</strong></span> <span class='ocrx_word' id='word_1_94' title='bbox 2015 894 2234 958; x_wconf 89' lang='lat' dir='ltr'><strong>superius</strong></span> <span class='ocrx_word' id='word_1_95' title='bbox 2257 894 2424 941; x_wconf 87' lang='lat' dir='ltr'><strong>Filium</strong></span> 
     </span>
     <span class='ocr_line' id='line_1_10' title="bbox 277 971 2427 1041; baseline 0.002 -23"><span class='ocrx_word' id='word_1_96' title='bbox 277 971 365 1018; x_wconf 91' lang='lat' dir='ltr'><strong>Dei</strong></span> <span class='ocrx_word' id='word_1_97' title='bbox 400 971 578 1019; x_wconf 85' lang='lat' dir='ltr'><strong>factum</strong></span> <span class='ocrx_word' id='word_1_98' title='bbox 601 982 633 1020; x_wconf 80' lang='lat' dir='ltr'><strong>a</strong></span> <span class='ocrx_word' id='word_1_99' title='bbox 663 975 765 1020; x_wconf 91' lang='lat' dir='ltr'><strong>Deo</strong></span> <span class='ocrx_word' id='word_1_100' title='bbox 789 973 922 1034; x_wconf 84' lang='lat' dir='ltr'><strong>dixit,</strong></span> <span class='ocrx_word' id='word_1_101' title='bbox 950 990 1040 1038; x_wconf 89' lang='lat' dir='ltr'><strong>pro</strong></span> <span class='ocrx_word' id='word_1_102' title='bbox 1072 972 1168 1021; x_wconf 91' lang='lat' dir='ltr'><strong>hoc</strong></span> <span class='ocrx_word' id='word_1_103' title='bbox 1190 974 1323 1038; x_wconf 90' lang='lat' dir='ltr'><strong>quod</strong></span> <span class='ocrx_word' id='word_1_104' title='bbox 1345 975 1406 1022; x_wconf 90' lang='lat' dir='ltr'><strong>ab</strong></span> <span class='ocrx_word' id='word_1_105' title='bbox 1435 975 1542 1041; x_wconf 90' lang='lat' dir='ltr'><strong>ipso</strong></span> <span class='ocrx_word' id='word_1_106' title='bbox 1562 976 1708 1023; x_wconf 86' lang='lat' dir='ltr'><strong>habet</strong></span> <span class='ocrx_word' id='word_1_107' title='bbox 1735 992 1837 1023; x_wconf 91' lang='lat' dir='ltr'><strong>esse</strong></span> <span class='ocrx_word' id='word_1_108' title='bbox 1867 985 2112 1039; x_wconf 87' lang='lat' dir='ltr'><strong>tamquam</strong></span> <span class='ocrx_word' id='word_1_109' title='bbox 2145 975 2427 1022; x_wconf 62' lang='lat' dir='ltr'><strong>aeternaliter</strong></span> 
     </span>
     <span class='ocr_line' id='line_1_11' title="bbox 278 1052 2425 1120; baseline 0.002 -21"><span class='ocrx_word' id='word_1_110' title='bbox 278 1052 482 1115; x_wconf 89' lang='lat' dir='ltr'><strong>genitus,</strong></span> <span class='ocrx_word' id='word_1_111' title='bbox 507 1069 606 1100; x_wconf 92' lang='lat' dir='ltr'><strong>non</strong></span> <span class='ocrx_word' id='word_1_112' title='bbox 635 1054 963 1119; x_wconf 88' lang='lat' dir='ltr'><strong>temporaliter</strong></span> <span class='ocrx_word' id='word_1_113' title='bbox 988 1054 1049 1102; x_wconf 91' lang='lat' dir='ltr'><strong>ab</strong></span> <span class='ocrx_word' id='word_1_114' title='bbox 1073 1055 1178 1120; x_wconf 92' lang='lat' dir='ltr'><strong>ipso</strong></span> <span class='ocrx_word' id='word_1_115' title='bbox 1205 1055 1354 1103; x_wconf 90' lang='lat' dir='ltr'><strong>factus</strong></span> <span class='ocrx_word' id='word_1_116' title='bbox 1387 1066 1469 1103; x_wconf 90' lang='lat' dir='ltr'><strong>aut</strong></span> <span class='ocrx_word' id='word_1_117' title='bbox 1498 1066 1701 1104; x_wconf 86' lang='lat' dir='ltr'><strong>creatus.</strong></span> <span class='ocrx_word' id='word_1_118' title='bbox 1732 1056 1866 1104; x_wconf 90' lang='lat' dir='ltr'><strong>Plato</strong></span> <span class='ocrx_word' id='word_1_119' title='bbox 1901 1073 2097 1120; x_wconf 89' lang='lat' dir='ltr'><strong>quoque</strong></span> <span class='ocrx_word' id='word_1_120' title='bbox 2122 1072 2267 1102; x_wconf 91' lang='lat' dir='ltr'><strong>omne</strong></span> <span class='ocrx_word' id='word_1_121' title='bbox 2294 1057 2425 1119; x_wconf 88' lang='lat' dir='ltr'><strong>quod</strong></span> 
     </span>
     <span class='ocr_line' id='line_1_12' title="bbox 276 1134 2424 1202; baseline 0.001 -22"><span class='ocrx_word' id='word_1_122' title='bbox 276 1148 304 1180; x_wconf 88' lang='lat' dir='ltr'><strong>a</strong></span> <span class='ocrx_word' id='word_1_123' title='bbox 324 1136 427 1180; x_wconf 91' lang='lat' dir='ltr'><strong>Deo</strong></span> <span class='ocrx_word' id='word_1_124' title='bbox 451 1149 552 1181; x_wconf 91' lang='lat' dir='ltr'><strong>esse</strong></span> <span class='ocrx_word' id='word_1_125' title='bbox 568 1134 715 1182; x_wconf 90' lang='lat' dir='ltr'><strong>habet</strong></span> <span class='ocrx_word' id='word_1_126' title='bbox 737 1135 953 1198; x_wconf 91' lang='lat' dir='ltr'><strong>genitum</strong></span> <span class='ocrx_word' id='word_1_127' title='bbox 982 1152 1040 1182; x_wconf 85' lang='lat' dir='ltr'><strong>ex</strong></span> <span class='ocrx_word' id='word_1_128' title='bbox 1059 1136 1163 1201; x_wconf 89' lang='lat' dir='ltr'><strong>ipso</strong></span> <span class='ocrx_word' id='word_1_129' title='bbox 1189 1136 1321 1198; x_wconf 87' lang='lat' dir='ltr'><strong>dicit,</strong></span> <span class='ocrx_word' id='word_1_130' title='bbox 1350 1153 1451 1185; x_wconf 88' lang='lat' dir='ltr'><strong>non</strong></span> <span class='ocrx_word' id='word_1_131' title='bbox 1486 1148 1645 1184; x_wconf 90' lang='lat' dir='ltr'><strong>tamen</strong></span> <span class='ocrx_word' id='word_1_132' title='bbox 1672 1154 1819 1185; x_wconf 88' lang='lat' dir='ltr'><strong>omne</strong></span> <span class='ocrx_word' id='word_1_133' title='bbox 1844 1136 1980 1202; x_wconf 89' lang='lat' dir='ltr'><strong>quod</strong></span> <span class='ocrx_word' id='word_1_134' title='bbox 2001 1153 2027 1184; x_wconf 91' lang='lat' dir='ltr'><strong>a</strong></span> <span class='ocrx_word' id='word_1_135' title='bbox 2052 1139 2156 1183; x_wconf 92' lang='lat' dir='ltr'><strong>Deo</strong></span> <span class='ocrx_word' id='word_1_136' title='bbox 2181 1146 2249 1183; x_wconf 91' lang='lat' dir='ltr'><strong>est</strong></span> <span class='ocrx_word' id='word_1_137' title='bbox 2275 1136 2424 1183; x_wconf 87' lang='lat' dir='ltr'><strong>filium</strong></span> 
     </span>
     <span class='ocr_line' id='line_1_13' title="bbox 276 1214 2427 1284; baseline 0.001 -23"><span class='ocrx_word' id='word_1_138' title='bbox 276 1214 377 1277; x_wconf 90' lang='lat' dir='ltr'><strong>ejus</strong></span> <span class='ocrx_word' id='word_1_139' title='bbox 411 1231 529 1274; x_wconf 89' lang='lat' dir='ltr'><strong>esse,</strong></span> <span class='ocrx_word' id='word_1_140' title='bbox 570 1215 699 1263; x_wconf 87' lang='lat' dir='ltr'><strong>velut</strong></span> <span class='ocrx_word' id='word_1_141' title='bbox 729 1216 887 1281; x_wconf 89' lang='lat' dir='ltr'><strong>ipsum</strong></span> <span class='ocrx_word' id='word_1_142' title='bbox 921 1216 1158 1264; x_wconf 89' lang='lat' dir='ltr'><strong>mundum</strong></span> <span class='ocrx_word' id='word_1_143' title='bbox 1194 1228 1242 1265; x_wconf 89' lang='lat' dir='ltr'><strong>et</strong></span> <span class='ocrx_word' id='word_1_144' title='bbox 1273 1228 1429 1266; x_wconf 85' lang='lat' dir='ltr'><strong>cetera</strong></span> <span class='ocrx_word' id='word_1_145' title='bbox 1463 1220 1564 1282; x_wconf 88' lang='lat' dir='ltr'><strong>ejus</strong></span> <span class='ocrx_word' id='word_1_146' title='bbox 1597 1235 1762 1284; x_wconf 86' lang='lat' dir='ltr'><strong>opera.</strong></span> <span class='ocrx_word' id='word_1_147' title='bbox 1799 1219 1868 1265; x_wconf 83' lang='lat' dir='ltr'><strong>Ait</strong></span> <span class='ocrx_word' id='word_1_148' title='bbox 1904 1227 2065 1265; x_wconf 86' lang='lat' dir='ltr'><strong>autem</strong></span> <span class='ocrx_word' id='word_1_149' title='bbox 2097 1218 2180 1276; x_wconf 86' lang='lat' dir='ltr'><strong>sie,</strong></span> <span class='ocrx_word' id='word_1_150' title='bbox 2219 1234 2329 1264; x_wconf 92' lang='lat' dir='ltr'><strong>cum</strong></span> <span class='ocrx_word' id='word_1_151' title='bbox 2367 1217 2427 1264; x_wconf 93' lang='lat' dir='ltr'><strong>de</strong></span> 
     </span>
     <span class='ocr_line' id='line_1_14' title="bbox 274 1294 2424 1364; baseline 0.002 -23"><span class='ocrx_word' id='word_1_152' title='bbox 274 1294 461 1342; x_wconf 89' lang='lat' dir='ltr'><strong>mundo</strong></span> <span class='ocrx_word' id='word_1_153' title='bbox 486 1306 626 1344; x_wconf 90' lang='lat' dir='ltr'><strong>antea</strong></span> <span class='ocrx_word' id='word_1_154' title='bbox 658 1297 850 1346; x_wconf 87' lang='lat' dir='ltr'><strong>locutus</strong></span> <span class='ocrx_word' id='word_1_155' title='bbox 873 1297 933 1345; x_wconf 89' lang='lat' dir='ltr'><strong>ad</strong></span> <span class='ocrx_word' id='word_1_156' title='bbox 958 1298 1168 1346; x_wconf 89' lang='lat' dir='ltr'><strong>animam</strong></span> <span class='ocrx_word' id='word_1_157' title='bbox 1195 1299 1366 1346; x_wconf 85' lang='lat' dir='ltr'><strong>mundi</strong></span> <span class='ocrx_word' id='word_1_158' title='bbox 1397 1300 1715 1364; x_wconf 87' lang='lat' dir='ltr'><strong>pervenisset¹</strong></span> <span class='ocrx_word' id='word_1_159' title='bbox 1739 1318 1749 1346; x_wconf 93' lang='lat'>:</span> <span class='ocrx_word' id='word_1_160' title='bbox 1787 1319 1809 1342; x_wconf 65' lang='grc' dir='ltr'><strong>ιι</strong></span> <span class='ocrx_word' id='word_1_161' title='bbox 1828 1302 1925 1346; x_wconf 88' lang='grc' dir='ltr'><strong>Ν66</strong></span> <span class='ocrx_word' id='word_1_162' title='bbox 1950 1308 2109 1345; x_wconf 90' lang='lat' dir='ltr'><strong>tamen</strong></span> <span class='ocrx_word' id='word_1_163' title='bbox 2128 1336 2140 1359; x_wconf 90' lang='lat'><strong>,</strong></span> <span class='ocrx_word' id='word_1_164' title='bbox 2167 1299 2340 1362; x_wconf 90' lang='lat' dir='ltr'><strong>inquit,</strong></span> <span class='ocrx_word' id='word_1_165' title='bbox 2367 1315 2424 1346; x_wconf 92' lang='lat' dir='ltr'><strong>eo</strong></span> 
     </span>
     <span class='ocr_line' id='line_1_15' title="bbox 275 1377 2424 1444; baseline 0.002 -22"><span class='ocrx_word' id='word_1_166' title='bbox 275 1391 372 1438; x_wconf 93' lang='lat' dir='ltr'><strong>quo</strong></span> <span class='ocrx_word' id='word_1_167' title='bbox 404 1392 494 1423; x_wconf 92' lang='lat' dir='ltr'><strong>nos</strong></span> <span class='ocrx_word' id='word_1_168' title='bbox 520 1378 589 1424; x_wconf 71' lang='lat' dir='ltr'><strong>*ad</strong></span> <span class='ocrx_word' id='word_1_169' title='bbox 618 1395 826 1443; x_wconf 82' lang='lat' dir='ltr'><strong>praesens</strong></span> <span class='ocrx_word' id='word_1_170' title='bbox 854 1377 1101 1443; x_wconf 87' lang='lat' dir='ltr'><strong>loquimur</strong></span> <span class='ocrx_word' id='word_1_171' title='bbox 1123 1379 1295 1427; x_wconf 87' lang='lat' dir='ltr'><strong>ordine</strong></span> <span class='ocrx_word' id='word_1_172' title='bbox 1318 1390 1479 1427; x_wconf 90' lang='lat' dir='ltr'><strong>ortum</strong></span> <span class='ocrx_word' id='word_1_173' title='bbox 1513 1381 1685 1428; x_wconf 89' lang='lat' dir='ltr'><strong>animae</strong></span> <span class='ocrx_word' id='word_1_174' title='bbox 1712 1383 1842 1427; x_wconf 90' lang='lat' dir='ltr'><strong>Deus</strong></span> <span class='ocrx_word' id='word_1_175' title='bbox 1873 1380 2060 1436; x_wconf 88' lang='lat' dir='ltr'><strong>annuit,</strong></span> <span class='ocrx_word' id='word_1_176' title='bbox 2083 1379 2424 1444; x_wconf 84' lang='lat' dir='ltr'><strong>junioremque</strong></span> 
     </span>
     <span class='ocr_line' id='line_1_16' title="bbox 273 1458 2424 1525; baseline 0.002 -23"><span class='ocrx_word' id='word_1_177' title='bbox 273 1471 330 1503; x_wconf 88' lang='lat' dir='ltr'><strong>ac</strong></span> <span class='ocrx_word' id='word_1_178' title='bbox 353 1458 670 1521; x_wconf 84' lang='lat' dir='ltr'><strong>posteriorem</strong></span> <span class='ocrx_word' id='word_1_179' title='bbox 702 1460 990 1525; x_wconf 88' lang='lat' dir='ltr'><strong>corporibus</strong></span> <span class='ocrx_word' id='word_1_180' title='bbox 1020 1477 1128 1507; x_wconf 89' lang='lat' dir='ltr'><strong>eam</strong></span> <span class='ocrx_word' id='word_1_181' title='bbox 1164 1460 1290 1508; x_wconf 84' lang='lat' dir='ltr'><strong>fecit.</strong></span> <span class='ocrx_word' id='word_1_182' title='bbox 1324 1464 1489 1525; x_wconf 86' lang='lat' dir='ltr'><strong>Neque</strong></span> <span class='ocrx_word' id='word_1_183' title='bbox 1513 1462 1642 1508; x_wconf 89' lang='lat' dir='ltr'><strong>enim</strong></span> <span class='ocrx_word' id='word_1_184' title='bbox 1670 1460 1870 1508; x_wconf 87' lang='lat' dir='ltr'><strong>decebat</strong></span> <span class='ocrx_word' id='word_1_185' title='bbox 1906 1477 2009 1507; x_wconf 92' lang='lat' dir='ltr'><strong>rem</strong></span> <span class='ocrx_word' id='word_1_186' title='bbox 2038 1460 2363 1524; x_wconf 87' lang='lat' dir='ltr'><strong>antiquiorem</strong></span> <span class='ocrx_word' id='word_1_187' title='bbox 2397 1477 2424 1507; x_wconf 91' lang='lat' dir='ltr'><strong>a</strong></span> 
     </span>
     <span class='ocr_line' id='line_1_17' title="bbox 273 1539 2422 1607; baseline 0.002 -23"><span class='ocrx_word' id='word_1_188' title='bbox 273 1539 546 1602; x_wconf 89' lang='lat' dir='ltr'><strong>postgenita</strong></span> <span class='ocrx_word' id='word_1_189' title='bbox 570 1541 712 1604; x_wconf 72' lang='lat' dir='ltr'><strong>regi’.</strong></span> <span class='ocrx_word' id='word_1_190' title='bbox 738 1561 760 1584; x_wconf 81' lang='lat'><strong>›&gt;</strong></span> <span class='ocrx_word' id='word_1_191' title='bbox 788 1544 907 1588; x_wconf 89' lang='lat' dir='ltr'><strong>ltem</strong></span> <span class='ocrx_word' id='word_1_192' title='bbox 927 1560 940 1589; x_wconf 78' lang='lat' dir='ltr'>z</span> <span class='ocrx_word' id='word_1_193' title='bbox 971 1560 995 1586; x_wconf 90' lang='lat'><strong><em>«</em></strong></span> <span class='ocrx_word' id='word_1_194' title='bbox 1012 1544 1142 1589; x_wconf 92' lang='lat' dir='ltr'><strong>Deus</strong></span> <span class='ocrx_word' id='word_1_195' title='bbox 1159 1551 1258 1590; x_wconf 82' lang='lat' dir='ltr'><strong>tam</strong></span> <span class='ocrx_word' id='word_1_196' title='bbox 1282 1542 1562 1607; x_wconf 87' lang='lat' dir='ltr'><strong>antiquitate</strong></span> <span class='ocrx_word' id='word_1_197' title='bbox 1580 1558 1723 1606; x_wconf 87' lang='lat' dir='ltr'><strong>quam</strong></span> <span class='ocrx_word' id='word_1_198' title='bbox 1740 1540 1996 1588; x_wconf 89' lang='lat' dir='ltr'><strong>virtutibus</strong></span> <span class='ocrx_word' id='word_1_199' title='bbox 2020 1541 2188 1606; x_wconf 84' lang='lat' dir='ltr'><strong>praeire</strong></span> <span class='ocrx_word' id='word_1_200' title='bbox 2212 1541 2422 1588; x_wconf 89' lang='lat' dir='ltr'><strong>animam</strong></span> 
     </span>
     <span class='ocr_line' id='line_1_18' title="bbox 274 1621 2425 1687; baseline 0.001 -23"><span class='ocrx_word' id='word_1_201' title='bbox 274 1627 454 1665; x_wconf 87' lang='lat' dir='ltr'><strong>naturae</strong></span> <span class='ocrx_word' id='word_1_202' title='bbox 483 1621 703 1686; x_wconf 90' lang='lat' dir='ltr'><strong>corporis</strong></span> <span class='ocrx_word' id='word_1_203' title='bbox 728 1621 892 1685; x_wconf 82' lang='lat' dir='ltr'><strong>jussit3</strong></span> <span class='ocrx_word' id='word_1_204' title='bbox 922 1621 1270 1687; x_wconf 87' lang='lat' dir='ltr'><strong>dominamque</strong></span> <span class='ocrx_word' id='word_1_205' title='bbox 1300 1639 1407 1670; x_wconf 91' lang='lat' dir='ltr'><strong>eam</strong></span> <span class='ocrx_word' id='word_1_206' title='bbox 1432 1632 1477 1669; x_wconf 88' lang='lat' dir='ltr'><strong>et</strong></span> <span class='ocrx_word' id='word_1_207' title='bbox 1500 1623 1754 1687; x_wconf 88' lang='lat' dir='ltr'><strong>principali</strong></span> <span class='ocrx_word' id='word_1_208' title='bbox 1776 1622 1884 1686; x_wconf 89' lang='lat' dir='ltr'><strong>jure</strong></span> <span class='ocrx_word' id='word_1_209' title='bbox 1912 1621 2065 1669; x_wconf 86' lang='lat' dir='ltr'><strong>voluit</strong></span> <span class='ocrx_word' id='word_1_210' title='bbox 2095 1637 2196 1668; x_wconf 87' lang='lat' dir='ltr'><strong>esse</strong></span> <span class='ocrx_word' id='word_1_211' title='bbox 2224 1621 2351 1668; x_wconf 89' lang='lat' dir='ltr'><strong>circa</strong></span> <span class='ocrx_word' id='word_1_212' title='bbox 2375 1621 2425 1667; x_wconf 88' lang='lat' dir='ltr'><strong>id</strong></span> 
     </span>
     <span class='ocr_line' id='line_1_19' title="bbox 272 1699 2420 1768; baseline 0.001 -23"><span class='ocrx_word' id='word_1_213' title='bbox 272 1699 406 1763; x_wconf 93' lang='lat' dir='ltr'><strong>quod</strong></span> <span class='ocrx_word' id='word_1_214' title='bbox 437 1710 665 1749; x_wconf 88' lang='lat' dir='ltr'><strong>tueretur.</strong></span> <span class='ocrx_word' id='word_1_215' title='bbox 690 1723 712 1746; x_wconf 68' lang='lat' dir='ltr'><strong>&gt;v</strong></span> <span class='ocrx_word' id='word_1_216' title='bbox 739 1706 792 1750; x_wconf 91' lang='lat' dir='ltr'><strong>In</strong></span> <span class='ocrx_word' id='word_1_217' title='bbox 825 1720 923 1768; x_wconf 94' lang='lat' dir='ltr'><strong>quo</strong></span> <span class='ocrx_word' id='word_1_218' title='bbox 953 1704 1097 1751; x_wconf 88' lang='lat' dir='ltr'><strong>etiam</strong></span> <span class='ocrx_word' id='word_1_219' title='bbox 1126 1703 1398 1751; x_wconf 89' lang='lat' dir='ltr'><strong>notandum</strong></span> <span class='ocrx_word' id='word_1_220' title='bbox 1427 1714 1498 1750; x_wconf 92' lang='lat' dir='ltr'><strong>est</strong></span> <span class='ocrx_word' id='word_1_221' title='bbox 1529 1702 1665 1768; x_wconf 90' lang='lat' dir='ltr'><strong>quod</strong></span> <span class='ocrx_word' id='word_1_222' title='bbox 1695 1703 1813 1750; x_wconf 83' lang='lat' dir='ltr'><strong>dum</strong></span> <span class='ocrx_word' id='word_1_223' title='bbox 1843 1719 1951 1750; x_wconf 88' lang='lat' dir='ltr'><strong>eam</strong></span> <span class='ocrx_word' id='word_1_224' title='bbox 1973 1718 2174 1768; x_wconf 86' lang='lat' dir='ltr'><strong>praeesse</strong></span> <span class='ocrx_word' id='word_1_225' title='bbox 2202 1701 2420 1766; x_wconf 88' lang='lat' dir='ltr'><strong>regimini</strong></span> 
     </span>
     <span class='ocr_line' id='line_1_20' title="bbox 272 1779 2423 1849; baseline 0.002 -24"><span class='ocrx_word' id='word_1_226' title='bbox 272 1779 442 1827; x_wconf 90' lang='lat' dir='ltr'><strong>mundi</strong></span> <span class='ocrx_word' id='word_1_227' title='bbox 472 1790 525 1828; x_wconf 89' lang='lat' dir='ltr'><strong>ut</strong></span> <span class='ocrx_word' id='word_1_228' title='bbox 557 1781 810 1830; x_wconf 90' lang='lat' dir='ltr'><strong>dominam</strong></span> <span class='ocrx_word' id='word_1_229' title='bbox 841 1783 974 1844; x_wconf 87' lang='lat' dir='ltr'><strong>dicit,</strong></span> <span class='ocrx_word' id='word_1_230' title='bbox 1014 1783 1233 1849; x_wconf 80' lang='lat' dir='ltr'><strong>profecto</strong></span> <span class='ocrx_word' id='word_1_231' title='bbox 1257 1799 1364 1831; x_wconf 89' lang='lat' dir='ltr'><strong>eam</strong></span> <span class='ocrx_word' id='word_1_232' title='bbox 1389 1785 1524 1831; x_wconf 88' lang='lat' dir='ltr'><strong>omni</strong></span> <span class='ocrx_word' id='word_1_233' title='bbox 1553 1783 1743 1848; x_wconf 87' lang='lat' dir='ltr'><strong>praefert</strong></span> <span class='ocrx_word' id='word_1_234' title='bbox 1772 1793 2017 1843; x_wconf 75' lang='lat' dir='ltr'><strong>creaturae,</strong></span> <span class='ocrx_word' id='word_1_235' title='bbox 2052 1791 2100 1831; x_wconf 91' lang='lat' dir='ltr'><strong>et</strong></span> <span class='ocrx_word' id='word_1_236' title='bbox 2128 1785 2285 1829; x_wconf 90' lang='lat' dir='ltr'><strong>Deum</strong></span> <span class='ocrx_word' id='word_1_237' title='bbox 2322 1798 2423 1829; x_wconf 86' lang='lat' dir='ltr'><strong>esse</strong></span> 
     </span>
     <span class='ocr_line' id='line_1_21' title="bbox 269 1862 2423 1928; baseline 0.001 -21"><span class='ocrx_word' id='word_1_238' title='bbox 269 1862 466 1922; x_wconf 86' lang='lat' dir='ltr'><strong>astruit,</strong></span> <span class='ocrx_word' id='word_1_239' title='bbox 506 1879 617 1909; x_wconf 87' lang='lat' dir='ltr'><strong>cum</strong></span> <span class='ocrx_word' id='word_1_240' title='bbox 657 1864 973 1928; x_wconf 83' lang='lat' dir='ltr'><strong>postmodum</strong></span> <span class='ocrx_word' id='word_1_241' title='bbox 1007 1865 1082 1912; x_wconf 89' lang='lat' dir='ltr'><strong>his</strong></span> <span class='ocrx_word' id='word_1_242' title='bbox 1121 1864 1280 1913; x_wconf 83' lang='lat' dir='ltr'><strong>verbis</strong></span> <span class='ocrx_word' id='word_1_243' title='bbox 1313 1866 1523 1912; x_wconf 89' lang='lat' dir='ltr'><strong>animam</strong></span> <span class='ocrx_word' id='word_1_244' title='bbox 1558 1865 1729 1912; x_wconf 90' lang='lat' dir='ltr'><strong>mundi</strong></span> <span class='ocrx_word' id='word_1_245' title='bbox 1765 1864 1957 1912; x_wconf 84' lang='lat' dir='ltr'><strong>vocavit</strong></span> <span class='ocrx_word' id='word_1_246' title='bbox 1986 1883 1995 1910; x_wconf 74' lang='grc' dir='ltr'>ε</span> <span class='ocrx_word' id='word_1_247' title='bbox 2031 1885 2053 1908; x_wconf 89' lang='lat'>«</span> <span class='ocrx_word' id='word_1_248' title='bbox 2075 1866 2179 1910; x_wconf 91' lang='lat' dir='ltr'><strong>Hoc</strong></span> <span class='ocrx_word' id='word_1_249' title='bbox 2219 1863 2337 1910; x_wconf 78' lang='lat' dir='ltr'><strong>dixit</strong></span> <span class='ocrx_word' id='word_1_250' title='bbox 2377 1873 2423 1910; x_wconf 85' lang='lat' dir='ltr'><strong>et</strong></span> 
     </span>
     <span class='ocr_line' id='line_1_22' title="bbox 219 1934 2421 2011; baseline -0 -23"><span class='ocrx_word' id='word_1_251' title='bbox 219 1934 225 1939; x_wconf 63' lang='grc'><strong><em>’</em></strong></span> <span class='ocrx_word' id='word_1_252' title='bbox 270 1941 468 1989; x_wconf 90' lang='lat' dir='ltr'><strong>demum</strong></span> <span class='ocrx_word' id='word_1_253' title='bbox 482 1942 706 2008; x_wconf 86' lang='lat' dir='ltr'><strong>reliquias</strong></span> <span class='ocrx_word' id='word_1_254' title='bbox 730 1946 903 2009; x_wconf 89' lang='lat' dir='ltr'><strong>prioris</strong></span> <span class='ocrx_word' id='word_1_255' title='bbox 922 1946 1262 2006; x_wconf 85' lang='lat' dir='ltr'><strong>concretionis,</strong></span> <span class='ocrx_word' id='word_1_256' title='bbox 1279 1963 1334 1994; x_wconf 84' lang='lat' dir='ltr'><strong>ex</strong></span> <span class='ocrx_word' id='word_1_257' title='bbox 1354 1963 1451 2011; x_wconf 90' lang='lat' dir='ltr'><strong>qua</strong></span> <span class='ocrx_word' id='word_1_258' title='bbox 1469 1945 1641 1993; x_wconf 90' lang='lat' dir='ltr'><strong>mundi</strong></span> <span class='ocrx_word' id='word_1_259' title='bbox 1661 1946 1871 1993; x_wconf 89' lang='lat' dir='ltr'><strong>animam</strong></span> <span class='ocrx_word' id='word_1_260' title='bbox 1889 1945 2275 2004; x_wconf 83' lang='lat' dir='ltr'><strong>commiscuerat,</strong></span> <span class='ocrx_word' id='word_1_261' title='bbox 2297 1952 2387 1990; x_wconf 89' lang='lat' dir='ltr'><strong>etc.</strong></span> <span class='ocrx_word' id='word_1_262' title='bbox 2400 1962 2421 1986; x_wconf 91' lang='lat'>»</span> 
     </span>
     <span class='ocr_line' id='line_1_23' title="bbox 269 2025 2420 2090; baseline 0.001 -21"><span class='ocrx_word' id='word_1_263' title='bbox 269 2025 398 2070; x_wconf 91' lang='lat' dir='ltr'><strong>Bene</strong></span> <span class='ocrx_word' id='word_1_264' title='bbox 430 2033 592 2071; x_wconf 89' lang='lat' dir='ltr'><strong>autem</strong></span> <span class='ocrx_word' id='word_1_265' title='bbox 628 2025 858 2090; x_wconf 88' lang='lat' dir='ltr'><strong>Spiritum</strong></span> <span class='ocrx_word' id='word_1_266' title='bbox 887 2037 1107 2074; x_wconf 91' lang='lat' dir='ltr'><strong>sanctum</strong></span> <span class='ocrx_word' id='word_1_267' title='bbox 1131 2028 1342 2075; x_wconf 91' lang='lat' dir='ltr'><strong>animam</strong></span> <span class='ocrx_word' id='word_1_268' title='bbox 1367 2027 1534 2074; x_wconf 93' lang='lat' dir='ltr'><strong>mundi</strong></span> <span class='ocrx_word' id='word_1_269' title='bbox 1560 2027 1696 2090; x_wconf 91' lang='lat' dir='ltr'><strong>quasi</strong></span> <span class='ocrx_word' id='word_1_270' title='bbox 1721 2027 1868 2073; x_wconf 90' lang='lat' dir='ltr'><strong>vitam</strong></span> <span class='ocrx_word' id='word_1_271' title='bbox 1894 2025 2216 2073; x_wconf 88' lang='lat' dir='ltr'><strong>universitatis</strong></span> <span class='ocrx_word' id='word_1_272' title='bbox 2244 2025 2420 2088; x_wconf 85' lang='lat' dir='ltr'><strong>posuit,</strong></span> 
     </span>
     <span class='ocr_line' id='line_1_24' title="bbox 268 2103 2422 2172; baseline 0 -23"><span class='ocrx_word' id='word_1_273' title='bbox 268 2119 380 2150; x_wconf 90' lang='lat' dir='ltr'><strong>cum</strong></span> <span class='ocrx_word' id='word_1_274' title='bbox 408 2104 458 2151; x_wconf 91' lang='lat' dir='ltr'><strong>in</strong></span> <span class='ocrx_word' id='word_1_275' title='bbox 481 2103 699 2153; x_wconf 88' lang='lat' dir='ltr'><strong>bonitate</strong></span> <span class='ocrx_word' id='word_1_276' title='bbox 727 2107 1007 2155; x_wconf 86' lang='lat' dir='ltr'><strong>Deiomnia</strong></span> <span class='ocrx_word' id='word_1_277' title='bbox 1029 2107 1397 2172; x_wconf 89' lang='lat' dir='ltr'><strong>quodammodo</strong></span> <span class='ocrx_word' id='word_1_278' title='bbox 1421 2108 1581 2154; x_wconf 86' lang='lat' dir='ltr'><strong>vivere</strong></span> <span class='ocrx_word' id='word_1_279' title='bbox 1604 2105 1830 2166; x_wconf 88' lang='lat' dir='ltr'><strong>habeant,</strong></span> <span class='ocrx_word' id='word_1_280' title='bbox 1858 2115 1905 2153; x_wconf 88' lang='lat' dir='ltr'><strong>et</strong></span> <span class='ocrx_word' id='word_1_281' title='bbox 1928 2105 2150 2152; x_wconf 88' lang='lat' dir='ltr'><strong>universa</strong></span> <span class='ocrx_word' id='word_1_282' title='bbox 2175 2113 2422 2167; x_wconf 86' lang='lat' dir='ltr'><strong>tamquam</strong></span> 
     </span>
     <span class='ocr_line' id='line_1_25' title="bbox 267 2183 2422 2250; baseline -0 -20"><span class='ocrx_word' id='word_1_283' title='bbox 267 2183 372 2232; x_wconf 87' lang='lat' dir='ltr'><strong>viva</strong></span> <span class='ocrx_word' id='word_1_284' title='bbox 395 2185 489 2231; x_wconf 90' lang='lat' dir='ltr'><strong>sint</strong></span> <span class='ocrx_word' id='word_1_285' title='bbox 514 2186 644 2250; x_wconf 91' lang='lat' dir='ltr'><strong>apud</strong></span> <span class='ocrx_word' id='word_1_286' title='bbox 673 2190 847 2249; x_wconf 88' lang='lat' dir='ltr'><strong>Deum,</strong></span> <span class='ocrx_word' id='word_1_287' title='bbox 873 2198 920 2235; x_wconf 88' lang='lat' dir='ltr'><strong>et</strong></span> <span class='ocrx_word' id='word_1_288' title='bbox 943 2188 1074 2235; x_wconf 90' lang='lat' dir='ltr'><strong>nulla</strong></span> <span class='ocrx_word' id='word_1_289' title='bbox 1099 2197 1306 2248; x_wconf 85' lang='lat' dir='ltr'><strong>mortua,</strong></span> <span class='ocrx_word' id='word_1_290' title='bbox 1331 2188 1427 2234; x_wconf 90' lang='lat' dir='ltr'><strong>hoc</strong></span> <span class='ocrx_word' id='word_1_291' title='bbox 1447 2197 1516 2234; x_wconf 90' lang='lat' dir='ltr'><strong>est</strong></span> <span class='ocrx_word' id='word_1_292' title='bbox 1539 2186 1670 2234; x_wconf 91' lang='lat' dir='ltr'><strong>nulla</strong></span> <span class='ocrx_word' id='word_1_293' title='bbox 1695 2186 1897 2248; x_wconf 89' lang='lat' dir='ltr'><strong>inutilia,</strong></span> <span class='ocrx_word' id='word_1_294' title='bbox 1924 2201 2016 2232; x_wconf 90' lang='lat' dir='ltr'><strong>nec</strong></span> <span class='ocrx_word' id='word_1_295' title='bbox 2040 2186 2144 2250; x_wconf 88' lang='lat' dir='ltr'><strong>ipsa</strong></span> <span class='ocrx_word' id='word_1_296' title='bbox 2167 2183 2292 2231; x_wconf 85' lang='lat' dir='ltr'><strong>mala</strong></span> <span class='ocrx_word' id='word_1_297' title='bbox 2314 2198 2422 2247; x_wconf 83' lang='lat' dir='ltr'><strong>quae</strong></span> 
     </span>
     <span class='ocr_line' id='line_1_26' title="bbox 267 2264 2423 2333; baseline -0 -23"><span class='ocrx_word' id='word_1_298' title='bbox 267 2265 411 2311; x_wconf 89' lang='lat' dir='ltr'><strong>etiam</strong></span> <span class='ocrx_word' id='word_1_299' title='bbox 436 2267 619 2331; x_wconf 86' lang='lat' dir='ltr'><strong>optime</strong></span> <span class='ocrx_word' id='word_1_300' title='bbox 642 2283 727 2332; x_wconf 88' lang='lat' dir='ltr'><strong>per</strong></span> <span class='ocrx_word' id='word_1_301' title='bbox 748 2266 1013 2315; x_wconf 89' lang='lat' dir='ltr'><strong>bonitatem</strong></span> <span class='ocrx_word' id='word_1_302' title='bbox 1037 2269 1187 2333; x_wconf 91' lang='lat' dir='ltr'><strong>ipsius</strong></span> <span class='ocrx_word' id='word_1_303' title='bbox 1209 2267 1553 2333; x_wconf 86' lang='lat' dir='ltr'><strong>disponuntur,</strong></span> <span class='ocrx_word' id='word_1_304' title='bbox 1576 2267 1711 2331; x_wconf 82' lang='lat' dir='ltr'><strong>juxta</strong></span> <span class='ocrx_word' id='word_1_305' title='bbox 1733 2267 1867 2332; x_wconf 89' lang='lat' dir='ltr'><strong>quod</strong></span> <span class='ocrx_word' id='word_1_306' title='bbox 1891 2276 1988 2313; x_wconf 88' lang='lat' dir='ltr'><strong>tam</strong></span> <span class='ocrx_word' id='word_1_307' title='bbox 2011 2265 2141 2331; x_wconf 89' lang='lat' dir='ltr'><strong>apud</strong></span> <span class='ocrx_word' id='word_1_308' title='bbox 2163 2264 2423 2327; x_wconf 80' lang='lat' dir='ltr'><strong>Evangeli—</strong></span> 
     </span>
     <span class='ocr_line' id='line_1_27' title="bbox 266 2345 2421 2414; baseline -0 -23"><span class='ocrx_word' id='word_1_309' title='bbox 266 2353 406 2405; x_wconf 87' lang='lat' dir='ltr'><strong>stam‚</strong></span> <span class='ocrx_word' id='word_1_310' title='bbox 441 2362 587 2410; x_wconf 90' lang='lat' dir='ltr'><strong>quam</strong></span> <span class='ocrx_word' id='word_1_311' title='bbox 611 2347 740 2412; x_wconf 86' lang='lat' dir='ltr'><strong>apud</strong></span> <span class='ocrx_word' id='word_1_312' title='bbox 775 2348 1048 2396; x_wconf 86' lang='lat' dir='ltr'><strong>Platonicos</strong></span> <span class='ocrx_word' id='word_1_313' title='bbox 1070 2348 1300 2414; x_wconf 86' lang='lat' dir='ltr'><strong>scriptum</strong></span> <span class='ocrx_word' id='word_1_314' title='bbox 1333 2365 1435 2396; x_wconf 89' lang='lat' dir='ltr'><strong>esse</strong></span> <span class='ocrx_word' id='word_1_315' title='bbox 1466 2348 1814 2407; x_wconf 75' lang='lat' dir='ltr'><strong>meminimus³,</strong></span> <span class='ocrx_word' id='word_1_316' title='bbox 1846 2346 2023 2412; x_wconf 90' lang='lat' dir='ltr'><strong>«quod</strong></span> <span class='ocrx_word' id='word_1_317' title='bbox 2058 2346 2238 2393; x_wconf 89' lang='lat' dir='ltr'><strong>factum</strong></span> <span class='ocrx_word' id='word_1_318' title='bbox 2269 2354 2340 2392; x_wconf 90' lang='lat' dir='ltr'><strong>est</strong></span> <span class='ocrx_word' id='word_1_319' title='bbox 2373 2345 2421 2390; x_wconf 93' lang='lat' dir='ltr'><strong>in</strong></span> 
     </span>
     <span class='ocr_line' id='line_1_28' title="bbox 267 2424 2420 2494; baseline 0 -23"><span class='ocrx_word' id='word_1_320' title='bbox 267 2426 372 2490; x_wconf 92' lang='lat' dir='ltr'><strong>ipso</strong></span> <span class='ocrx_word' id='word_1_321' title='bbox 404 2427 501 2475; x_wconf 84' lang='lat' dir='ltr'><strong>vita</strong></span> <span class='ocrx_word' id='word_1_322' title='bbox 532 2438 649 2484; x_wconf 84' lang='lat' dir='ltr'><strong>erat,</strong></span> <span class='ocrx_word' id='word_1_323' title='bbox 670 2447 695 2473; x_wconf 88' lang='lat'>»</span> <span class='ocrx_word' id='word_1_324' title='bbox 721 2444 778 2476; x_wconf 92' lang='lat' dir='ltr'><strong>ac</strong></span> <span class='ocrx_word' id='word_1_325' title='bbox 802 2430 841 2475; x_wconf 93' lang='lat' dir='ltr'><strong>si</strong></span> <span class='ocrx_word' id='word_1_326' title='bbox 866 2439 1031 2494; x_wconf 89' lang='lat' dir='ltr'><strong>aperte</strong></span> <span class='ocrx_word' id='word_1_327' title='bbox 1062 2429 1267 2491; x_wconf 90' lang='lat' dir='ltr'><strong>dicatur,</strong></span> <span class='ocrx_word' id='word_1_328' title='bbox 1299 2430 1464 2477; x_wconf 90' lang='lat' dir='ltr'><strong>omnia</strong></span> <span class='ocrx_word' id='word_1_329' title='bbox 1489 2429 1819 2494; x_wconf 89' lang='lat' dir='ltr'><strong>temporaliter</strong></span> <span class='ocrx_word' id='word_1_330' title='bbox 1842 2428 1963 2476; x_wconf 86' lang='lat' dir='ltr'><strong>facta</strong></span> <span class='ocrx_word' id='word_1_331' title='bbox 1994 2443 2082 2493; x_wconf 93' lang='lat' dir='ltr'><strong>per</strong></span> <span class='ocrx_word' id='word_1_332' title='bbox 2113 2427 2289 2491; x_wconf 87' lang='lat' dir='ltr'><strong>ipsum,</strong></span> <span class='ocrx_word' id='word_1_333' title='bbox 2323 2424 2420 2471; x_wconf 88' lang='lat' dir='ltr'><strong>hoc</strong></span> 
     </span>
     <span class='ocr_line' id='line_1_29' title="bbox 265 2506 2421 2576; baseline -0.001 -23"><span class='ocrx_word' id='word_1_334' title='bbox 265 2516 336 2553; x_wconf 85' lang='lat' dir='ltr'><strong>est</strong></span> <span class='ocrx_word' id='word_1_335' title='bbox 357 2523 444 2572; x_wconf 89' lang='lat' dir='ltr'><strong>per</strong></span> <span class='ocrx_word' id='word_1_336' title='bbox 472 2508 625 2573; x_wconf 89' lang='lat' dir='ltr'><strong>ipsam</strong></span> <span class='ocrx_word' id='word_1_337' title='bbox 650 2509 739 2556; x_wconf 92' lang='lat' dir='ltr'><strong>Dei</strong></span> <span class='ocrx_word' id='word_1_338' title='bbox 762 2508 1032 2558; x_wconf 88' lang='lat' dir='ltr'><strong>bonitatem</strong></span> <span class='ocrx_word' id='word_1_339' title='bbox 1054 2511 1269 2569; x_wconf 87' lang='lat' dir='ltr'><strong>condita,</strong></span> <span class='ocrx_word' id='word_1_340' title='bbox 1300 2511 1351 2557; x_wconf 90' lang='lat' dir='ltr'><strong>in</strong></span> <span class='ocrx_word' id='word_1_341' title='bbox 1383 2511 1485 2576; x_wconf 87' lang='lat' dir='ltr'><strong>ipsa</strong></span> <span class='ocrx_word' id='word_1_342' title='bbox 1508 2511 1596 2557; x_wconf 90' lang='lat' dir='ltr'><strong>Dei</strong></span> <span class='ocrx_word' id='word_1_343' title='bbox 1626 2510 1842 2558; x_wconf 91' lang='lat' dir='ltr'><strong>bonitate</strong></span> <span class='ocrx_word' id='word_1_344' title='bbox 1866 2506 2234 2574; x_wconf 88' lang='lat' dir='ltr'><strong>quodammodo</strong></span> <span class='ocrx_word' id='word_1_345' title='bbox 2258 2521 2421 2571; x_wconf 87' lang='lat' dir='ltr'><strong>peren·</strong></span> 
     </span>
     <span class='ocr_line' id='line_1_30' title="bbox 264 2586 2420 2657; baseline -0.001 -24"><span class='ocrx_word' id='word_1_346' title='bbox 264 2586 388 2635; x_wconf 86' lang='lat' dir='ltr'><strong>niter</strong></span> <span class='ocrx_word' id='word_1_347' title='bbox 421 2588 677 2651; x_wconf 86' lang='lat' dir='ltr'><strong>vivebant,</strong></span> <span class='ocrx_word' id='word_1_348' title='bbox 715 2607 828 2637; x_wconf 89' lang='lat' dir='ltr'><strong>cum</strong></span> <span class='ocrx_word' id='word_1_349' title='bbox 858 2591 991 2657; x_wconf 88' lang='lat' dir='ltr'><strong>apud</strong></span> <span class='ocrx_word' id='word_1_350' title='bbox 1028 2591 1245 2639; x_wconf 85' lang='lat' dir='ltr'><strong>divinam</strong></span> <span class='ocrx_word' id='word_1_351' title='bbox 1281 2591 1641 2657; x_wconf 88' lang='lat' dir='ltr'><strong>providentiam</strong></span> <span class='ocrx_word' id='word_1_352' title='bbox 1680 2590 1844 2637; x_wconf 86' lang='lat' dir='ltr'><strong>omnia</strong></span> <span class='ocrx_word' id='word_1_353' title='bbox 1878 2589 1942 2636; x_wconf 86' lang='lat' dir='ltr'><strong>ab</strong></span> <span class='ocrx_word' id='word_1_354' title='bbox 1979 2599 2158 2635; x_wconf 84' lang='lat' dir='ltr'><strong>aeterno</strong></span> <span class='ocrx_word' id='word_1_355' title='bbox 2194 2603 2280 2651; x_wconf 91' lang='lat' dir='ltr'><strong>per</strong></span> <span class='ocrx_word' id='word_1_356' title='bbox 2318 2590 2420 2649; x_wconf 79' lang='lat' dir='ltr'><strong>eJus</strong></span> 
     </span>
     <span class='ocr_line' id='line_1_31' title="bbox 263 2667 2420 2736; baseline -0.002 -20"><span class='ocrx_word' id='word_1_357' title='bbox 263 2668 528 2717; x_wconf 86' lang='lat' dir='ltr'><strong>bonitatem</strong></span> <span class='ocrx_word' id='word_1_358' title='bbox 558 2671 741 2736; x_wconf 88' lang='lat' dir='ltr'><strong>optime</strong></span> <span class='ocrx_word' id='word_1_359' title='bbox 776 2682 936 2719; x_wconf 88' lang='lat' dir='ltr'><strong>essent</strong></span> <span class='ocrx_word' id='word_1_360' title='bbox 960 2673 1201 2734; x_wconf 86' lang='lat' dir='ltr'><strong>ordinata,</strong></span> <span class='ocrx_word' id='word_1_361' title='bbox 1236 2683 1406 2720; x_wconf 87' lang='lat' dir='ltr'><strong>uttam</strong></span> <span class='ocrx_word' id='word_1_362' title='bbox 1435 2672 1561 2719; x_wconf 88' lang='lat' dir='ltr'><strong>bene</strong></span> <span class='ocrx_word' id='word_1_363' title='bbox 1594 2671 1780 2735; x_wconf 88' lang='lat' dir='ltr'><strong>singula</strong></span> <span class='ocrx_word' id='word_1_364' title='bbox 1810 2668 2074 2735; x_wconf 86' lang='lat' dir='ltr'><strong>procedere</strong></span> <span class='ocrx_word' id='word_1_365' title='bbox 2097 2667 2238 2714; x_wconf 89' lang='lat' dir='ltr'><strong>vellet</strong></span> <span class='ocrx_word' id='word_1_366' title='bbox 2262 2682 2420 2730; x_wconf 89' lang='lat' dir='ltr'><strong>quan-</strong></span> 
     </span>
     <span class='ocr_line' id='line_1_32' title="bbox 264 2746 2419 2818; baseline -0.001 -22"><span class='ocrx_word' id='word_1_367' title='bbox 264 2759 367 2796; x_wconf 85' lang='lat' dir='ltr'><strong>tum</strong></span> <span class='ocrx_word' id='word_1_368' title='bbox 405 2761 668 2816; x_wconf 86' lang='lat' dir='ltr'><strong>oporteret.</strong></span> <span class='ocrx_word' id='word_1_369' title='bbox 713 2753 837 2800; x_wconf 88' lang='lat' dir='ltr'><strong>Huic</strong></span> <span class='ocrx_word' id='word_1_370' title='bbox 874 2770 974 2800; x_wconf 91' lang='lat' dir='ltr'><strong>non</strong></span> <span class='ocrx_word' id='word_1_371' title='bbox 1015 2754 1280 2818; x_wconf 87' lang='lat' dir='ltr'><strong>incongrue</strong></span> <span class='ocrx_word' id='word_1_372' title='bbox 1325 2752 1445 2799; x_wconf 90' lang='lat' dir='ltr'><strong>illud</strong></span> <span class='ocrx_word' id='word_1_373' title='bbox 1482 2751 1696 2816; x_wconf 89' lang='lat' dir='ltr'><strong>Apostoli</strong></span> <span class='ocrx_word' id='word_1_374' title='bbox 1729 2766 2000 2798; x_wconf 88' lang='lat' dir='ltr'><strong>consonare</strong></span> <span class='ocrx_word' id='word_1_375' title='bbox 2035 2748 2246 2808; x_wconf 87' lang='lat' dir='ltr'><strong>videtur,</strong></span> <span class='ocrx_word' id='word_1_376' title='bbox 2285 2746 2419 2810; x_wconf 89' lang='lat' dir='ltr'><strong>quod</strong></span> 
     </span>
     <span class='ocr_line' id='line_1_33' title="bbox 264 2833 2415 2901; baseline -0.001 -21"><span class='ocrx_word' id='word_1_377' title='bbox 264 2833 487 2898; x_wconf 87' lang='lat' dir='ltr'><strong>perhibet</strong></span> <span class='ocrx_word' id='word_1_378' title='bbox 517 2835 922 2901; x_wconf 90' lang='lat' dir='ltr'><strong>philosophorum</strong></span> <span class='ocrx_word' id='word_1_379' title='bbox 948 2836 1187 2900; x_wconf 88' lang='lat' dir='ltr'><strong>quosdam</strong></span> <span class='ocrx_word' id='word_1_380' title='bbox 1212 2836 1402 2896; x_wconf 82' lang='lat' dir='ltr'><strong>dixisse,</strong></span> <span class='ocrx_word' id='word_1_381' title='bbox 1436 2835 1570 2899; x_wconf 91' lang='lat' dir='ltr'><strong>quod</strong></span> <span class='ocrx_word' id='word_1_382' title='bbox 1599 2835 1647 2881; x_wconf 93' lang='lat' dir='ltr'><strong>in</strong></span> <span class='ocrx_word' id='word_1_383' title='bbox 1681 2835 1810 2881; x_wconf 77' lang='lat' dir='ltr'><strong>Deo⁸</strong></span> <span class='ocrx_word' id='word_1_384' title='bbox 1841 2833 2104 2892; x_wconf 84' lang='lat' dir='ltr'><strong>«vivimus,</strong></span> <span class='ocrx_word' id='word_1_385' title='bbox 2142 2846 2415 2889; x_wconf 78' lang='lat' dir='ltr'><strong>movemur,</strong></span> 
     </span>
     <span class='ocr_line' id='line_1_34' title="bbox 263 2910 2418 2980; baseline -0.002 -18"><span class='ocrx_word' id='word_1_386' title='bbox 263 2923 312 2962; x_wconf 87' lang='lat' dir='ltr'><strong>et</strong></span> <span class='ocrx_word' id='word_1_387' title='bbox 342 2931 532 2975; x_wconf 89' lang='lat' dir='ltr'><strong>sumus,</strong></span> <span class='ocrx_word' id='word_1_388' title='bbox 558 2934 581 2959; x_wconf 87' lang='lat'>»</span> <span class='ocrx_word' id='word_1_389' title='bbox 613 2932 670 2963; x_wconf 90' lang='lat' dir='ltr'><strong>ac</strong></span> <span class='ocrx_word' id='word_1_390' title='bbox 701 2916 740 2963; x_wconf 91' lang='lat' dir='ltr'><strong>si</strong></span> <span class='ocrx_word' id='word_1_391' title='bbox 775 2916 903 2964; x_wconf 88' lang='lat' dir='ltr'><strong>hanc</strong></span> <span class='ocrx_word' id='word_1_392' title='bbox 937 2917 1149 2964; x_wconf 89' lang='lat' dir='ltr'><strong>animam</strong></span> <span class='ocrx_word' id='word_1_393' title='bbox 1185 2915 1354 2963; x_wconf 90' lang='lat' dir='ltr'><strong>mundi</strong></span> <span class='ocrx_word' id='word_1_394' title='bbox 1387 2917 1544 2980; x_wconf 90' lang='lat' dir='ltr'><strong>ipsum</strong></span> <span class='ocrx_word' id='word_1_395' title='bbox 1578 2914 1898 2979; x_wconf 86' lang='lat' dir='ltr'><strong>intelligerent</strong></span> <span class='ocrx_word' id='word_1_396' title='bbox 1931 2916 2105 2960; x_wconf 90' lang='lat' dir='ltr'><strong>Deum.</strong></span> <span class='ocrx_word' id='word_1_397' title='bbox 2133 2910 2279 2970; x_wconf 91' lang='lat' dir='ltr'><strong>Quod</strong></span> <span class='ocrx_word' id='word_1_398' title='bbox 2303 2926 2418 2958; x_wconf 88' lang='lat' dir='ltr'><strong>vero</strong></span> 
     </span>
     <span class='ocr_line' id='line_1_35' title="bbox 264 2992 2415 3060; baseline -0.002 -18"><span class='ocrx_word' id='word_1_399' title='bbox 264 2995 380 3043; x_wconf 87' lang='lat' dir='ltr'><strong>dicit</strong></span> <span class='ocrx_word' id='word_1_400' title='bbox 414 2998 571 3043; x_wconf 92' lang='lat' dir='ltr'><strong>Deum</strong></span> <span class='ocrx_word' id='word_1_401' title='bbox 607 2997 900 3060; x_wconf 85' lang='lat' dir='ltr'><strong>excogitasse</strong></span> <span class='ocrx_word' id='word_1_402' title='bbox 931 2998 1126 3044; x_wconf 91' lang='lat' dir='ltr'><strong>tertium</strong></span> <span class='ocrx_word' id='word_1_403' title='bbox 1157 2996 1329 3044; x_wconf 87' lang='lat' dir='ltr'><strong>animae</strong></span> <span class='ocrx_word' id='word_1_404' title='bbox 1360 3013 1529 3060; x_wconf 90' lang='lat' dir='ltr'><strong>genus,</strong></span> <span class='ocrx_word' id='word_1_405' title='bbox 1568 2995 1703 3060; x_wconf 88' lang='lat' dir='ltr'><strong>quod</strong></span> <span class='ocrx_word' id='word_1_406' title='bbox 1735 2995 1946 3042; x_wconf 90' lang='lat' dir='ltr'><strong>animam</strong></span> <span class='ocrx_word' id='word_1_407' title='bbox 1989 2993 2159 3041; x_wconf 91' lang='lat' dir='ltr'><strong>mundi</strong></span> <span class='ocrx_word' id='word_1_408' title='bbox 2191 2992 2415 3049; x_wconf 78' lang='lat' dir='ltr'><strong>dicimuS,</strong></span> 
     </span>
     <span class='ocr_line' id='line_1_36' title="bbox 266 3062 2412 3146; baseline -0.002 -20"><span class='ocrx_word' id='word_1_409' title='bbox 266 3079 358 3127; x_wconf 83' lang='lat' dir='ltr'><strong>tale</strong></span> <span class='ocrx_word' id='word_1_410' title='bbox 389 3089 459 3127; x_wconf 91' lang='lat' dir='ltr'><strong>est</strong></span> <span class='ocrx_word' id='word_1_411' title='bbox 494 3096 549 3128; x_wconf 87' lang='lat' dir='ltr'><strong>ac</strong></span> <span class='ocrx_word' id='word_1_412' title='bbox 581 3062 619 3128; x_wconf 83' lang='lat' dir='ltr'><strong>si</strong></span> <span class='ocrx_word' id='word_1_413' title='bbox 648 3081 838 3128; x_wconf 88' lang='lat' dir='ltr'><strong>tertiam</strong></span> <span class='ocrx_word' id='word_1_414' title='bbox 866 3097 893 3129; x_wconf 92' lang='lat' dir='ltr'><strong>a</strong></span> <span class='ocrx_word' id='word_1_415' title='bbox 922 3083 1026 3128; x_wconf 90' lang='lat' dir='ltr'><strong>Deo</strong></span> <span class='ocrx_word' id='word_1_416' title='bbox 1063 3090 1110 3128; x_wconf 91' lang='lat' dir='ltr'><strong>et</strong></span> <span class='ocrx_word' id='word_1_417' title='bbox 1146 3084 1252 3146; x_wconf 87' lang='lat' dir='ltr'><strong>Noy</strong></span> <span class='ocrx_word' id='word_1_418' title='bbox 1286 3096 1544 3146; x_wconf 85' lang='lat' dir='ltr'><strong>personam</strong></span> <span class='ocrx_word' id='word_1_419' title='bbox 1573 3088 1755 3126; x_wconf 84' lang='lat' dir='ltr'><strong>astruat</strong></span> <span class='ocrx_word' id='word_1_420' title='bbox 1790 3095 1893 3126; x_wconf 89' lang='lat' dir='ltr'><strong>esse</strong></span> <span class='ocrx_word' id='word_1_421' title='bbox 1929 3078 2157 3144; x_wconf 87' lang='lat' dir='ltr'><strong>Spiritum</strong></span> <span class='ocrx_word' id='word_1_422' title='bbox 2193 3086 2412 3124; x_wconf 86' lang='lat' dir='ltr'><strong>sanctum</strong></span> 
     </span>
     <span class='ocr_line' id='line_1_37' title="bbox 266 3159 2416 3227; baseline -0.002 -21"><span class='ocrx_word' id='word_1_423' title='bbox 266 3159 314 3206; x_wconf 90' lang='lat' dir='ltr'><strong>in</strong></span> <span class='ocrx_word' id='word_1_424' title='bbox 344 3160 423 3208; x_wconf 92' lang='lat' dir='ltr'><strong>illa</strong></span> <span class='ocrx_word' id='word_1_425' title='bbox 448 3161 683 3226; x_wconf 87' lang='lat' dir='ltr'><strong>spirituali</strong></span> <span class='ocrx_word' id='word_1_426' title='bbox 706 3161 868 3209; x_wconf 86' lang='lat' dir='ltr'><strong>divina</strong></span> <span class='ocrx_word' id='word_1_427' title='bbox 895 3161 1179 3210; x_wconf 83' lang='lat' dir='ltr'><strong>substantia.</strong></span> <span class='ocrx_word' id='word_1_428' title='bbox 1211 3162 1493 3227; x_wconf 87' lang='lat' dir='ltr'><strong>Excogitare</strong></span> <span class='ocrx_word' id='word_1_429' title='bbox 1525 3160 1703 3208; x_wconf 85' lang='lat' dir='ltr'><strong>dicitur</strong></span> <span class='ocrx_word' id='word_1_430' title='bbox 1730 3163 1878 3222; x_wconf 88' lang='lat' dir='ltr'><strong>Deus,</strong></span> <span class='ocrx_word' id='word_1_431' title='bbox 1904 3159 2000 3212; x_wconf 81' lang='lat' dir='ltr'><strong>hoc</strong></span> <span class='ocrx_word' id='word_1_432' title='bbox 2036 3169 2105 3207; x_wconf 90' lang='lat' dir='ltr'><strong>est</strong></span> <span class='ocrx_word' id='word_1_433' title='bbox 2136 3175 2195 3206; x_wconf 88' lang='lat' dir='ltr'><strong>ex</strong></span> <span class='ocrx_word' id='word_1_434' title='bbox 2232 3159 2416 3220; x_wconf 89' lang='lat' dir='ltr'><strong>integro</strong></span> 
     </span>
    </p>
   </div>
   <div class='ocr_carea' id='block_1_3' title="bbox 320 3343 1959 3389">
    <p class='ocr_par' dir='ltr' id='par_1_3' title="bbox 320 3343 1959 3389">
     <span class='ocr_line' id='line_1_38' title="bbox 320 3343 1959 3389; baseline 0.001 -13"><span class='ocrx_word' id='word_1_435' title='bbox 320 3343 375 3376; x_wconf 81' lang='lat' dir='ltr'><strong>‘In</strong></span> <span class='ocrx_word' id='word_1_436' title='bbox 393 3343 528 3378; x_wconf 73' lang='lat' dir='ltr'><strong>Timoeo.</strong></span> <span class='ocrx_word' id='word_1_437' title='bbox 559 3363 597 3370; x_wconf 93' lang='lat'>—</span> <span class='ocrx_word' id='word_1_438' title='bbox 621 3347 633 3367; x_wconf 88' lang='lat'>²</span> <span class='ocrx_word' id='word_1_439' title='bbox 648 3345 683 3378; x_wconf 86' lang='lat' dir='ltr'><strong>In</strong></span> <span class='ocrx_word' id='word_1_440' title='bbox 699 3345 797 3380; x_wconf 78' lang='lat' dir='ltr'><strong>editis</strong></span> <span class='ocrx_word' id='word_1_441' title='bbox 813 3347 885 3380; x_wconf 77' lang='lat' dir='ltr'><strong>Rei.</strong></span> <span class='ocrx_word' id='word_1_442' title='bbox 903 3363 945 3378; x_wconf 55' lang='grc' dir='ltr'><strong>-ε-</strong></span> <span class='ocrx_word' id='word_1_443' title='bbox 958 3345 1091 3389; x_wconf 63' lang='lat' dir='ltr'><strong>Unam,</strong></span> <span class='ocrx_word' id='word_1_444' title='bbox 1107 3355 1179 3388; x_wconf 84' lang='lat' dir='ltr'><strong>cap.</strong></span> <span class='ocrx_word' id='word_1_445' title='bbox 1199 3355 1223 3387; x_wconf 82' lang='grc' dir='ltr'><strong>ι,</strong></span> <span class='ocrx_word' id='word_1_446' title='bbox 1237 3355 1268 3378; x_wconf 86' lang='lat' dir='ltr'><strong>v.</strong></span> <span class='ocrx_word' id='word_1_447' title='bbox 1287 3348 1317 3380; x_wconf 85' lang='grc'><strong>3.</strong></span> <span class='ocrx_word' id='word_1_448' title='bbox 1339 3361 1379 3371; x_wconf 88' lang='grc'>-</span> <span class='ocrx_word' id='word_1_449' title='bbox 1403 3348 1414 3367; x_wconf 84' lang='lat'>⁴</span> <span class='ocrx_word' id='word_1_450' title='bbox 1430 3346 1505 3380; x_wconf 78' lang='lat' dir='ltr'><strong>Act.</strong></span> <span class='ocrx_word' id='word_1_451' title='bbox 1524 3346 1657 3388; x_wconf 59' lang='lat' dir='ltr'><strong>Apost„</strong></span> <span class='ocrx_word' id='word_1_452' title='bbox 1681 3353 1754 3387; x_wconf 79' lang='lat' dir='ltr'><strong>cap.</strong></span> <span class='ocrx_word' id='word_1_453' title='bbox 1781 3353 1861 3386; x_wconf 85' lang='lat' dir='ltr'><strong>xvn,</strong></span> <span class='ocrx_word' id='word_1_454' title='bbox 1879 3353 1909 3377; x_wconf 82' lang='lat' dir='ltr'><strong>v.</strong></span> <span class='ocrx_word' id='word_1_455' title='bbox 1927 3345 1959 3377; x_wconf 86' lang='lat'><strong>8.</strong></span> 
     </span>
    </p>
   </div>
  </div>
 </body>
</html>
