2638 3866
821 197 1210 247 INTRODUCTIO
1246 198 1326 246 AD
1359 198 1766 248 THEOLOGIAM.
2303 207 2364 253 31

235 316 319 365 per
339 299 562 365 indignos
582 299 826 350 ministros
838 298 1007 363 gratiae
1029 314 1126 346 suae
1144 297 1276 347 dona
1299 315 1399 348 non
1424 299 1647 349 deserens
1662 338 1674 362 ,
1701 301 1918 366 quotidie
1946 314 2243 351 sacramenta
2274 308 2369 352 Ec-

231 380 384 429 clesiae
405 379 468 429 ad
491 379 847 430 invocationem
869 378 943 426 sui
962 378 1174 426 nominis
1200 379 1506 444 spiritualiter
1523 379 1717 428 conficit
1747 381 1796 429 in
1822 382 2023 431 salutem
2047 383 2365 432 credentitun.

233 462 359 509 Bene
394 469 554 508 autem
580 468 627 508 et
660 475 761 525 per,
780 458 1004 523 indignos
1033 459 1132 506 sive
1163 458 1381 508 infideles
1413 460 1620 508 maxima
1643 463 1773 509 Deus
1803 473 2055 527 operatur,
2096 464 2179 528 qui
2215 464 2369 512 verbis

230 537 348 587 asini
373 536 661 603 Prophetam
681 535 891 595 docuit¹,
919 551 979 583 ne
996 535 1034 582 si
1050 551 1138 601 per
1158 552 1359 601 magnos
1382 546 1569 585 tantum
1591 554 1765 602 magna
1783 550 2090 604 operaretur,
2116 540 2370 588 virtutibus

230 617 508 682 meritisque
542 616 799 675 hominum
830 616 980 680 magis
1002 631 1150 680 quam
1173 615 1348 664 divinae
1371 618 1529 681 gratiae
1559 616 1662 664 haec
1696 617 2039 668 tribuerentur.
2076 623 2144 669 Ne
2170 620 2369 684 quando

230 705 390 746 tamen
414 697 476 746 de
494 698 643 746 salute
663 696 885 746 omnium
909 695 1131 762 desperet
1151 696 1558 762 philosophorum
1576 733 1589 758 ‚
1615 706 1699 745 aut
1725 699 1945 746 omnium
1970 700 2115 747 vitam
2136 700 2370 748 existimet

229 777 506 843 reprobam,
535 779 616 844 qui
643 777 938 826 dominicam
961 777 1343 826 incarnationem
1370 784 1736 843 praecesserunt,
1772 777 1969 826 beatum
2003 779 2167 828 audiat
2200 780 2370 827 Hiero·

227 872 447 921 nymum‚
475 857 787 923 Evangelium
809 856 1016 904 Matthaei
1038 867 1379 922 exponentem.
1407 859 1482 905 Ait
1505 858 1684 923 quippe
1706 857 1774 906 sic
1793 858 1917 906 inter
1937 861 2114 906 cetera²
2136 877 2146 906 :
2175 880 2197 903 «
2222 862 2288 906 Ex
2310 876 2368 907 eo

227 938 361 1002 quod
382 939 535 987 malus
557 955 724 987 servus
745 953 890 986 ausus
913 937 973 985 sit
995 937 1178 985 dicere⁸
1203 957 1214 985 :
1241 956 1265 983 α
1294 939 1429 987 Metis
1467 938 1552 986 ubi
1579 955 1679 986 non
1713 938 1989 1000 seminasti,
2027 948 2075 986 et
2109 955 2370 1003 congregas

231 1038 252 1060 (ι
282 1016 368 1065 ubi
389 1035 490 1066 non
514 1018 744 1084 sparsisti,
762 1037 785 1062 »
806 1016 1127 1081 intelligamus
1150 1017 1295 1065 etiam
1320 1017 1570 1082 gentilium
1593 1017 1998 1083 philosophorum
2022 1018 2204 1066 bonam
2225 1019 2369 1066 vitam

226 1098 438 1164 recipere
472 1102 654 1158 Deum,
693 1098 830 1148 aliter
852 1097 1032 1146 habere
1061 1114 1145 1146 eos
1167 1098 1250 1162 qui
1270 1097 1397 1162 juste
1421 1108 1468 1146 et
1491 1098 1626 1147 aliter
1645 1115 1730 1146 eos
1752 1099 1835 1163 qui
1859 1099 2033 1163 injuste
2063 1109 2226 1162 agunt.
2262 1118 2285 1144 »
2323 1101 2368 1146 Si

225 1178 355 1227 enim
377 1179 750 1245 suprapositam
777 1178 838 1226 ab
874 1178 1105 1244 Apostolo
1132 1194 1327 1226 causam
1369 1177 1708 1241 discutiamus,
1743 1195 1839 1243 qua
1873 1179 2097 1228 videlicet
2134 1179 2368 1244 quosdam

225 1275 395 1308 eorum
419 1270 530 1326 post
551 1260 766 1309 divinam
790 1275 937 1324 quam
970 1259 1173 1307 assecuti
1210 1268 1324 1306 sunt
1355 1259 1599 1321 notitiam,
1634 1260 1684 1307 in
1720 1259 1985 1325 reprobum
2019 1276 2211 1308 sensum
2246 1259 2370 1307 tradi

224 1339 521 1399 meminerit,
547 1356 660 1388 cum
679 1340 728 1387 in
751 1339 848 1398 suis
871 1338 1051 1386 scilicet
1068 1348 1409 1387 evanescerent
1431 1339 1802 1403 cogitationibus
1820 1377 1832 1400 ,
1858 1339 2072 1387 dicentes
2098 1356 2149 1386 se
2171 1355 2272 1386 esse
2296 1356 2370 1386 sa-

223 1419 434 1484 pientes,
474 1419 525 1468 id
563 1430 636 1468 est
667 1436 804 1467 suam
840 1419 1129 1484 sapientiam
1163 1421 1364 1484 proprio
1388 1418 1550 1466 studio
1584 1418 1662 1466 vel
1691 1419 1885 1482 ingenio
1915 1419 2231 1478 ascribentes,
2268 1435 2366 1466 non

223 1498 395 1547 divinae
417 1500 576 1563 gratiae
595 1499 730 1547 dono
755 1498 1044 1558 tribuentes,
1083 1498 1379 1564 reperiemus
1406 1514 1491 1545 eos
1512 1499 1595 1563 qui
1619 1498 1847 1563 praecipui
1875 1497 2142 1558 habentur,
2171 1498 2368 1544 Omnem

221 1579 462 1645 praecipue
484 1579 845 1645 philosophiam
865 1578 1039 1626 divinae
1057 1577 1268 1626 tribuere
1295 1578 1478 1641 gratiae,
1516 1577 1666 1625 veluti
1697 1579 1942 1625 Socratem
1972 1578 2071 1624 sive
2103 1577 2363 1624 Platonem.

221 1659 468 1707 Socratem
502 1660 725 1724 quidem,
758 1658 842 1708 lib.
879 1661 942 1705 IX
970 1657 1030 1704 de
1055 1659 1191 1705 Civc'c.
1223 1660 1340 1718 Dei,
1375 1656 1545 1704 beatus
1578 1657 1866 1721 Augustinus
1889 1656 2065 1704 talibus
2093 1656 2228 1703 effert
2252 1673 2368 1720 prae-

222 1740 430 1788 coniis⁴:
454 1742 733 1802 «Socrates,
760 1739 988 1804 magister
1009 1739 1245 1798 Platonis,
1279 1738 1553 1786 universam
1579 1736 1940 1803 philosophiam
1968 1736 2031 1784 ad
2058 1736 2370 1800 corrigendos

219 1821 687 1887 componendosque
709 1837 870 1871 mores
899 1820 1107 1884 exegisse
1138 1828 1563 1868 commemoratur.
1597 1819 1685 1867 Hic
1707 1818 1925 1866 animum
1947 1817 2156 1866 intendit
2179 1818 2242 1865 ad
2274 1818 2370 1866 hoc

219 1901 354 1966 quod
377 1911 500 1950 esset
520 1901 670 1951 beatae
691 1903 799 1950 vitae
821 1901 1145 1950 necessarium
1161 1937 1174 1961 ,
1203 1902 1314 1966 per⁵
1347 1917 1496 1965 quam
1530 1916 1679 1948 unam
1713 1899 1933 1947 omnium
1966 1897 2369 1964 philosophorum

218 1977 490 2047 invigilasse
512 1999 569 2030 ac
592 1982 836 2032 laborasse
855 1981 1047 2029 videtur
1066 1980 1317 2028 industria.
1352 1978 1559 2028 Nolebat
1579 1979 1860 2027 immundos
1881 1979 2082 2027 terrenis
2103 1978 2371 2043 cupiditati·

218 2060 311 2110 bus
335 2063 524 2110 animos
547 2079 598 2110 se
620 2061 879 2112 extendere
900 2062 950 2110 in
975 2061 1138 2109 divina
1161 2060 1352 2122 conari,
1378 2058 1777 2125 quandoquidem
1809 2058 1871 2107 ab
1902 2058 1969 2106 eis
2004 2074 2171 2106 causas
2207 2074 2368 2105 rerum

218 2140 411 2191 videbat
440 2143 638 2206 inquiri,
665 2158 784 2206 quas
810 2142 990 2207 primas
1010 2150 1154 2205 atque
1182 2156 1411 2200 summas,
1444 2156 1546 2187 non
1568 2139 1661 2186 nisi
1683 2138 1733 2185 in
1770 2138 1913 2186 unius
1942 2139 1990 2185 vi
2007 2154 2063 2185 ac
2085 2138 2260 2185 summi
2282 2140 2368 2185 Dei

219 2220 469 2269 voluntate
497 2238 599 2269 esse
627 2220 873 2271 credebat.
901 2219 1040 2267 Unde
1073 2229 1122 2266 et
1156 2236 1257 2266 non
1296 2235 1375 2266 eas
1406 2218 1607 2284 putabat
1644 2217 1736 2265 nisi
1771 2216 2004 2265 mundata
2031 2226 2192 2264 mente
2229 2232 2368 2281 posse

217 2300 598 2365 comprehendi,
633 2310 682 2349 et
704 2300 816 2348 ideo
840 2298 1103 2366 purgandis
1126 2297 1270 2347 bonis
1298 2297 1516 2349 moribus
1552 2298 1659 2345 vitae
1695 2296 1921 2345 censebat
1955 2295 2230 2344 instandum
2251 2332 2264 2355 ‚
2316 2306 2367 2342 ut

217 2378 600 2445 deprimentibus
622 2381 907 2431 libidinibus
929 2389 1216 2428 exoneratus
1238 2380 1459 2439 animus,
1485 2377 1692 2426 naturali
1725 2378 1890 2441 vigore
1923 2376 1971 2424 in
2008 2386 2184 2424 aeterna
2218 2392 2269 2423 se
2301 2385 2368 2422 at-

216 2459 427 2522 tolleret,
475 2471 796 2527 naturamque
838 2460 1198 2527 incorporalem
1232 2468 1377 2525 atque
1409 2457 1818 2507 incommutabilis
1850 2456 2072 2517 luminis,
2110 2455 2195 2502 ubi
2218 2470 2367 2502 causae

217 2541 437 2588 omnium
470 2541 702 2591 factarum
724 2551 1005 2590 naturarum
1036 2541 1269 2589 stabiliter
1300 2540 1559 2601 uniuntur,
1595 2537 1916 2602 intelligentiae
1948 2537 2153 2602 puritate
2175 2535 2365 2599 conspi-

215 2629 361 2668 ceret.
388 2641 411 2665 n
433 2623 472 2669 A
493 2622 691 2671 Platone
714 2638 933 2687 quoque,
959 2622 1010 2669 in
1033 2621 1192 2686 primo
1208 2619 1266 2667 de
1289 2618 1562 2684 Republica,
1603 2633 1863 2683 personam
1893 2616 2101 2663 Socratis
2125 2624 2173 2662 et
2207 2614 2363 2660 Timaei

214 2699 498 2763 inducente,
535 2703 768 2767 scriptum
794 2712 866 2750 est
884 2702 972 2751 ita⁶
997 2720 1007 2750 :
1035 2722 1058 2747 α
1082 2704 1299 2750 Socrates
1327 2718 1337 2747 :
1369 2720 1391 2743 c<
1414 2702 1538 2763 Ergo
1562 2714 1666 2761 age,
1692 2698 1887 2755 Timaee,
1921 2695 2083 2743 deliba
2114 2703 2326 2759 coeptum
2344 2732 2357 2755 ‚

219 2798 241 2822 c<
267 2791 439 2829 vocata
453 2818 470 2841 ,.
499 2792 553 2830 ut
589 2799 697 2831 mos
731 2792 819 2844 est,
859 2783 907 2829 in
944 2782 1175 2830 auxilium
1197 2780 1446 2827 divinitate
1474 2797 1485 2825 ε
1514 2798 1537 2821 »
1562 2779 1780 2825 Timaeus.
1811 2778 1999 2834 «Vere,
2027 2775 2092 2822 mi
2121 2776 2358 2822 Socrates.

218 2879 241 2902 «
265 2861 384 2908 Nam
409 2877 521 2927 cum
545 2861 772 2910 omnibus
795 2877 901 2910 mos
922 2862 1005 2921 sit,
1041 2870 1089 2908 et
1111 2860 1247 2924 quasi
1268 2858 1490 2923 quaedam
1509 2857 1675 2921 religio
1694 2893 1707 2916 ,
1739 2856 1824 2920 qui
1843 2854 1905 2918 de
1926 2855 2144 2903 maximis
2170 2854 2247 2902 vel
2273 2856 2361 2902 mi·

218 2939 409 2987 «nimis
445 2940 589 2989 rebus
622 2940 806 3005 aliquid
839 2950 953 2989 sunt
992 2940 1176 3002 acturi,
1216 2938 1403 3004 precari
1439 2937 1671 2986 auxilium
1716 2935 2007 2997 divinitatis,
2055 2944 2239 3000 quanto
2268 2951 2358 2982 nos

218 3037 243 3063 «
267 3020 449 3084 aequius
481 3031 550 3069 est
569 3057 587 3081 ,
619 3021 704 3085 qui
747 3020 1070 3069 universitatis
1103 3028 1285 3068 naturae
1317 3018 1686 3082 substantiaeque
1722 3016 1962 3065 rationem
1995 3015 2247 3082 praestituri
2277 3031 2371 3061 sur

257 3219 397 3258 'Num.‚
421 3228 490 3260 cap.
520 3228 603 3259 xxn,
631 3229 661 3250 v.
684 3221 736 3256 28,
763 3218 930 3260 Scriptura
958 3220 1094 3251 ariolum
1130 3224 1243 3257 vocat,
1318 3225 1389 3256 cap.
1408 3225 1485 3255 xxv,
1502 3225 1533 3249 v.
1551 3217 1674 3249 24.—⁴
1691 3216 1761 3248 Lib.
1796 3213 1882 3254 vlu,
1915 3222 1986 3254 cap.
2022 3222 2068 3246 111.
2103 3212 2201 3254 opp„
2225 3217 2248 3244 t.
2279 3210 2352 3248 vn,

213 3279 277 3302 ‘¹⁰¹¹
289 3273 493 3312 prophetam.
507 3273 715 3314 —20pp.‚t.
731 3271 788 3314 IV,
804 3281 838 3314 p.
857 3276 884 3313 1,
902 3273 1245 3311 col-123.--³Matth.‚
1318 3273 1382 3306 col.
1403 3272 1472 3306 191.
1492 3289 1529 3295 —
1545 3271 1557 3291 ⁵
1574 3270 1658 3311 Lege
1677 3270 1848 3311 :Propter
1868 3276 1982 3308 quam.
2005 3284 2042 3291 -
2059 3267 2071 3287 ⁰
2093 3266 2134 3298 1η
2156 3266 2291 3298 Tim-To.
