2638 3866
860 229 1200 279 TRACTATUS
1233 229 1312 278 DE
1348 230 1810 279 INTELLECTlBUS.
2317 231 2402 278 741

867 376 966 436 Qui
994 376 1095 436 uni,
1132 377 1219 441 qui
1249 375 1535 441 multiplices
1568 375 1847 424 intellectus.

340 494 472 539 Unos
485 500 646 540 autem
660 490 864 539 dicimus
887 490 1156 540 intellectus
1181 492 1472 558 quicumque
1498 492 1737 559 simplices
1759 503 1887 555 sunt,
1914 493 1989 541 vel
2012 495 2051 542 si
2070 503 2182 542 sunt
2206 510 2408 560 compo-

270 572 364 634 siti,
401 572 452 620 in
485 588 586 621 una
619 571 964 636 conjunctione
1003 572 1079 619 vel
1115 572 1351 623 divisione
1390 591 1474 622 seu
1512 574 1832 639 disjunctione
1862 575 2147 622 consistunt.
2185 575 2413 640 Multipli-

269 668 376 700 cem
399 662 560 700 autem
595 651 892 700 intellectum
919 669 946 700 e
975 654 1218 701 contrario
1254 655 1532 720 accipimus,
1557 654 1654 703 hoc
1683 665 1754 703 est
1786 655 2076 720 quicumque
2098 655 2273 703 horum
2302 656 2411 703 nul·

269 732 372 780 lum
395 732 558 781 habet.
596 735 703 781 Una
728 742 891 781 autem
915 742 986 781 est
1009 734 1288 797 conjunctio
1313 735 1385 783 vel
1416 734 1589 782 divisio
1614 735 1712 783 sive
1745 734 2001 799 disjunctio
2038 735 2303 783 intellectus
2326 753 2412 803 per

267 829 417 878 quam
441 813 631 862 animus
654 813 884 862 continue
907 831 964 862 ex
988 831 1088 862 uno
1111 815 1285 863 mentis
1308 815 1518 881 impulsu
1540 815 1861 881 progreditur,
1887 824 1934 863 et
1956 831 2052 863 una
2075 815 2294 879 dirigitur
2329 817 2411 863 in-

269 894 511 956 tentione,
543 910 632 959 per
662 911 811 959 quam
837 895 882 943 ei
913 894 1048 960 quod
1082 895 1295 961 primum
1323 895 1616 944 intellectum
1653 905 1724 943 est
1750 895 1933 961 aliquid
1967 896 2307 961 conjungendo
2335 896 2410 945 vel

266 973 608 1039 disjungendo,
633 976 711 1024 vel
733 976 859 1024 inter
880 976 1040 1042 ipsum
1064 985 1112 1024 et
1134 975 1266 1024 aliud
1288 975 1626 1041 disjungendo,
1654 992 1850 1024 cursum
1876 976 2088 1041 quodam
2110 977 2260 1024 modo
2284 978 2413 1024 ince-

266 1063 406 1119 ptum
436 1054 549 1103 sine
568 1056 921 1123 interruptione
945 1065 1269 1104 consummat.
1295 1059 1428 1104 Tunc
1451 1066 1611 1104 autem
1632 1072 1782 1104 unam
1804 1055 2082 1121 hujusmodi
2110 1057 2411 1121 conjunctio-

266 1151 381 1183 nem
415 1138 604 1185 animus
622 1137 788 1199 habet,
816 1155 928 1186 cum
953 1139 1021 1186 sic
1039 1137 1200 1203 aliqua
1223 1154 1309 1204 per
1333 1139 1684 1187 successionem
1713 1138 1942 1201 attendit,
1967 1148 2022 1186 ut
2039 1155 2095 1186 ea
2117 1139 2183 1186 sic
2206 1139 2410 1186 invicem

265 1226 419 1282 aptet,
458 1227 511 1265 ut
546 1235 634 1283 per
668 1235 724 1267 ea
757 1218 1074 1268 discurrendo
1111 1235 1260 1267 unam
1293 1218 1517 1267 conficiat
1550 1220 1820 1279 essentiam,
1859 1228 1906 1268 et
1939 1220 2136 1286 insuper
2160 1219 2408 1284 quotiens-

264 1313 474 1363 cumque
507 1297 571 1346 ad
601 1299 700 1347 vim
723 1300 867 1348 unius
899 1299 1233 1348 affirmationis
1263 1316 1572 1365 quocumque
1604 1299 1752 1348 modo
1785 1300 1945 1365 aliqua
1976 1300 2182 1347 invicem
2218 1299 2409 1362 colligat

264 1377 362 1426 sive
396 1394 485 1444 per
517 1378 908 1444 praedicationem
941 1381 1040 1429 sive
1074 1397 1161 1446 per
1194 1380 1489 1429 conditionis
1515 1381 1590 1429 vel
1621 1380 1851 1446 temporis
1883 1381 2293 1445 conjunctionem,
2333 1378 2407 1427 vel

263 1458 482 1523 quolibet
504 1459 598 1509 alio
632 1461 799 1525 modo,
824 1461 943 1510 dum
963 1461 1060 1510 hoc
1082 1461 1320 1524 videlicet,
1347 1471 1400 1510 ut
1424 1478 1570 1528 supra
1598 1461 1880 1525 generaliter
1901 1461 2403 1520 commemoravimus,

264 1554 366 1587 uno
390 1541 566 1588 mentis
599 1541 811 1607 impulsu
842 1543 1072 1591 continue
1108 1542 1207 1591 fiat.
1247 1542 1338 1590 Sed
1373 1542 1474 1591 haec
1507 1559 1612 1607 quae
1644 1542 1884 1607 tetigimus
1906 1543 2070 1607 paucis
2109 1541 2407 1589 declaremus

263 1621 493 1687 exemplis
529 1640 540 1669 ε
568 1640 681 1670 cum
705 1623 841 1684 dico,
872 1623 1094 1672 «animal
1127 1624 1380 1685 rationale,
1401 1642 1425 1668 »
1451 1624 1491 1671 si
1513 1623 1742 1671 continue
1773 1639 1830 1671 ea
1860 1621 2080 1688 profero,
2115 1621 2308 1669 auditor
2342 1621 2408 1668 ita

262 1701 438 1749 animal
476 1712 524 1750 et
563 1703 934 1752 rationalitatem
968 1704 1208 1770 concipit,
1248 1714 1302 1751 ut
1342 1719 1492 1751 unam
1531 1720 1635 1751 rem
1672 1720 1730 1751 ex
1768 1702 1962 1751 animali
2005 1712 2053 1750 et
2091 1700 2407 1749 rationalitate

262 1782 522 1831 constituat
549 1783 686 1847 quod
708 1794 779 1832 est
800 1784 977 1833 animal
1008 1784 1260 1833 rationale.
1288 1787 1386 1832 Nec
1416 1784 1579 1832 minus
1608 1800 1720 1831 eum
1746 1782 1857 1831 dico
1886 1803 1909 1826 «
1926 1783 2103 1830 animal
2134 1799 2235 1829 non
2260 1782 2408 1829 ratio-

261 1861 389 1923 nale,
411 1883 434 1907 >2
463 1864 531 1911 sic
555 1874 601 1912 et
627 1865 804 1912 animal
835 1875 883 1912 et
903 1882 1005 1913 non
1039 1865 1272 1913 rationale
1295 1864 1596 1925 demonstro,
1631 1874 1684 1912 ut
1708 1873 1896 1912 tantum
1925 1863 1987 1911 ad
2012 1879 2156 1911 unam
2186 1862 2407 1910 substan-

261 1941 377 1990 tiam
400 1960 458 1992 ea
478 1944 722 2011 copulem,
748 1945 878 1994 idem
898 1945 1121 1994 videlicet
1140 1955 1239 1994 tam
1261 1947 1441 1995 animal
1463 1963 1610 2011 quam
1634 1961 1735 1992 non
1759 1933 1991 1991 rationale
2014 1960 2114 1991 esse
2136 1944 2400 1990 insinuans.

260 2022 332 2070 Fit
367 2024 529 2089 itaque
565 2025 662 2074 hoc
696 2025 825 2088 loco,
861 2043 973 2074 cum
1005 2027 1180 2074 dicitur
1213 2027 1464 2086 rationale,
1491 2025 1712 2091 quaedam
1745 2034 1793 2071 et
1823 2025 2102 2088 conjunctio
2133 2033 2179 2071 et
2208 2023 2399 2083 divisio,

260 2104 541 2168 conjunctio
564 2106 743 2154 scilicet
771 2126 793 2152 «
815 2123 916 2154 non
939 2107 1174 2155 rationale
1198 2126 1222 2151 »
1259 2106 1321 2154 ad
1351 2127 1374 2150 c<
1392 2106 1596 2164 animal,
1627 2126 1649 2150 >2
1685 2113 1732 2152 et
1764 2105 1935 2152 divisio
1957 2104 2053 2151 hoc
2090 2113 2160 2151 est
2197 2104 2403 2150 remotio

261 2184 524 2233 rationalis.
564 2189 662 2234 Nec
690 2186 834 2234 refert
856 2185 918 2234 ad
948 2187 1282 2252 conceptionis
1310 2186 1515 2234 modum
1536 2186 1614 2234 vel
1641 2186 1872 2233 unitatem
1903 2184 2002 2231 sive
2026 2184 2075 2230 in
2099 2199 2150 2230 re
2175 2183 2239 2230 ita
2265 2184 2322 2230 sit
2350 2194 2402 2230 ut

259 2265 533 2330 coneipitur
555 2266 654 2314 sive
680 2283 799 2329 uon,
825 2266 910 2314 sed
933 2266 994 2315 ad
1017 2277 1281 2333 conceptus
1312 2266 1623 2315 solummodo
1645 2266 1911 2314 veritatem.
1939 2267 2092 2329 AEque
2123 2264 2252 2311 enim
2276 2280 2401 2310 unus

260 2354 332 2392 est
358 2345 626 2394 intellectus
656 2367 678 2391 ε(
701 2347 824 2413 lapis
849 2347 1095 2395 rationalis
1119 2366 1143 2392 »
1171 2358 1218 2395 et
1241 2368 1263 2392 α
1291 2347 1503 2396 chimera
1527 2346 1637 2395 alba
1664 2366 1686 2390 >2
1715 2344 1966 2410 quomodo
2004 2365 2027 2389 <c
2055 2344 2232 2392 animal
2256 2344 2400 2390 ratio-

259 2423 369 2473 nale
383 2446 405 2470 »
428 2427 505 2475 vel
525 2427 720 2475 «homo
744 2427 900 2477 albus.
921 2447 946 2474 »
968 2427 1108 2476 Unde
1131 2437 1179 2476 et
1199 2427 1479 2492 hujusmodi
1502 2427 1744 2475 orationes
1765 2442 1900 2491 aeque
1923 2441 2041 2473 unas
2058 2423 2268 2471 reddunt
2290 2440 2399 2489 pro-

258 2505 538 2570 positiones,
565 2508 816 2573 quomodo
845 2519 893 2557 et
919 2509 1010 2556 illae
1035 2509 1289 2558 transitivae
1316 2525 1512 2573 quoque
1543 2506 1915 2571 conjunctionis,
1951 2505 2219 2552 intellectus
2243 2505 2372 2551 enim
2388 2510 2398 2528 ¹

257 2585 490 2635 unitatem
530 2589 742 2637 essentiae
780 2606 881 2636 non
910 2589 1128 2656 respicit,
1167 2605 1279 2636 cum
1314 2588 1537 2636 videlicet
1569 2588 1743 2636 dicitur
1767 2586 1975 2634 «domus
2009 2585 2238 2641 Socratis,
2265 2604 2286 2628 »
2326 2584 2397 2630 vel

261 2683 284 2709 «
305 2666 474 2715 similis
495 2669 696 2730 Socrati,
715 2689 736 2713 »
762 2669 840 2717 'vel
876 2689 899 2715 «
917 2686 1148 2717 accusans
1181 2671 1451 2729 Socratem,
1467 2688 1491 2714 »
1530 2669 1606 2716 vel
1633 2689 1655 2712 α
1674 2678 1812 2715 utens
1834 2668 2046 2713 Socrate.
2070 2684 2092 2709 υ
2121 2665 2249 2711 Licet
2269 2663 2398 2710 enim

256 2748 526 2812 suppositio
551 2749 738 2814 obliqui
757 2767 895 2798 casus
918 2750 982 2798 ad
996 2749 1218 2797 eamdem
1236 2765 1494 2815 personam
1511 2765 1612 2796 non
1637 2747 1719 2795 flat
1734 2763 1846 2795 cum
1863 2744 2150 2811 praecedenti
2168 2743 2395 2803 dictione,

257 2835 309 2873 ut
331 2826 554 2876 videlicet
573 2829 743 2878 eadem
767 2847 842 2877 res
864 2830 1080 2894 subjecta
1098 2829 1290 2893 utrique
1316 2829 1517 2876 dictioni
1537 2829 1822 2887 insinuetur,
1846 2842 2049 2890 sequens
2072 2834 2230 2871 tamen
2251 2823 2398 2870 dictio

256 2922 313 2954 ex
353 2909 594 2973 positione
628 2910 1000 2958 constructionis
1043 2910 1387 2976 proprietatem
1425 2907 1688 2973 quamdam
1723 2906 2012 2954 determinat
2047 2905 2097 2951 in
2135 2920 2188 2951 re
2226 2920 2399 2969 praece-

256 2986 413 3035 dentis
446 2988 694 3051 dictionis3
724 3006 782 3038 ex
817 3006 912 3055 qua
936 2989 1134 3055 quidem
1157 2991 1450 3056 proprietate
1484 3005 1595 3036 cum
1620 2987 1702 3036 illa
1728 3003 1780 3034 re
1811 2984 2115 3034 convenienti
2145 2999 2242 3031 una
2272 3000 2398 3047 quae-

254 3066 367 3115 dam
384 3085 459 3116 res
480 3079 732 3136 compacta
755 3070 1043 3136 concipitur.
1071 3072 1192 3118 Cum
1216 3070 1348 3118 enim
1370 3070 1544 3118 dicitur
1567 3068 1741 3116 domus
1763 3066 1995 3125 Socratis,
2020 3065 2121 3130 ipse
2144 3064 2394 3128 genitivus,

254 3158 425 3212 praeter
457 3151 705 3217 propriam
727 3151 1112 3199 nominationem
1141 3150 1203 3200 de
1227 3152 1420 3199 Socrate
1452 3150 1800 3216 possessionem
1823 3144 2086 3211 quamdam
2111 3143 2397 3193 determinat

297 3335 303 3352 ¹
322 3333 422 3366 Enim
436 3335 671 3377 supplevimus.
