2638 3866
810 242 1068 292 EPlTOME
1096 236 1461 292 THEOL‘OGlAE
1479 241 1882 291 scflmsTIANAE.
2331 241 2418 287 57⁴

284 346 406 389 tavit.
431 345 517 400 Qui
537 358 636 387 cum
659 353 855 404 peccaret
876 359 901 386 a
921 342 1102 387 domino
1124 353 1201 388 suo
1223 361 1301 406 per
1315 355 1542 406 peecatum
1564 353 1782 404 separatus
1804 353 1883 386 est.
1902 341 2033 386 Venit
2054 356 2157 403 ergo
2181 341 2260 384 Dei
2283 340 2429 394 Filius,

286 423 333 454 ut
362 426 578 471 congruus
603 408 818 453 mediator
838 409 1060 452 hominem
1087 425 1110 453 a
1132 420 1310 471 peccato
1337 411 1539 455 liberaret
1564 421 1608 454 et
1639 409 1914 453 dilectionem
1938 423 2058 452 suam
2089 408 2128 452 ei
2162 408 2429 451 immitteret.

286 478 402 521 Hoc
413 488 576 520 autem
590 476 708 531 facit,
736 475 962 519 hominem
984 491 1114 534 quem
1137 477 1332 520 assumsit
1349 477 1462 537 patri
1484 476 1734 532 offerendo,
1759 475 1806 519 id
1837 485 1923 530 est,
1947 475 2134 536 pretium
2154 489 2235 536 pro
2257 473 2433 516 homine

285 542 508 587 hominem
542 541 724 586 dando.
733 540 1006 585 Translative
1028 551 1174 585 tamen
1208 539 1394 602 pretium
1425 553 1714 603 nuncupatur.
1749 542 1853 584 Haec
1887 541 2014 602 igitur
2044 552 2160 585 certa
2190 551 2234 584 et
2259 538 2434 600 propria

287 608 566 653 redemtionis
587 624 730 662 causa,
755 622 892 668 quam
907 617 953 650 et
965 607 1196 667 Apostolus
1214 608 1274 652 ad
1287 610 1515 652 Romanos
1537 619 1580 652 et
1599 607 1815 652 Christus
1804 622 1849 650 ιιι
1869 606 2103 668 Evangelio
2129 606 2382 651 docuerunt.

1075 896 1077 898 v
1105 825 1382 898 ‚CAPUT
1407 825 1607 895 xxlv.

790 974 850 1010 De
873 970 1040 1011 duarum
1064 979 1292 1020 naturarum
1315 971 1358 1011 in
1379 984 1496 1013 unam
1520 983 1727 1027 personam
1749 970 1910 1012 unione.

349 1098 413 1142 De
437 1098 596 1142 unione
615 1096 779 1146 amodo
794 1096 978 1142 duarum
993 1094 1244 1142 naturarum
1259 1098 1304 1141 in
1327 1113 1462 1152 unam
1474 1108 1703 1158 personam
1718 1095 1954 1141 videndum
1977 1108 2055 1143 est.
2075 1096 2147 1154 Ad
2161 1112 2290 1157 quam
2310 1098 2440 1158 signi-

289 1163 504 1209 ficandam
517 1164 827 1227 expressiorem
847 1163 1170 1208 similitudinem
1184 1163 1313 1210 aliam
1326 1163 1479 1208 afferre
1501 1180 1591 1207 non
1611 1179 1852 1239 possumus,
1871 1179 2002 1223 quam
2014 1162 2132 1207 illam
2145 1163 2383 1207 notabilem
2396 1176 2440 1208 et

289 1230 568 1285 catholicam,
581 1246 711 1296 quam
728 1230 984 1274 Athanasius
1007 1229 1162 1274 attulit.
1188 1230 1307 1292 Sicut
1323 1245 1446 1293 caro,
1460 1231 1616 1292 inquit,
1629 1241 1674 1273 et
1689 1230 1832 1291 anima
1845 1230 2065 1284 rationalis
2080 1246 2192 1274 unus
2209 1241 2279 1273 est
2288 1231 2437 1284 homo,

288 1297 348 1339 ita
368 1297 484 1340 Deus
506 1306 550 1339 et
569 1290 704 1339 homo
727 1312 838 1339 unus
859 1307 923 1340 est
945 1284 1153 1354 ChristuS.
1173 1295 1288 1340 Nam
1309 1297 1418 1343 sieut
1436 1311 1536 1341 caro
1554 1307 1599 1339 et
1618 1297 1760 1341 anima
1782 1297 1828 1339 in
1849 1312 1936 1339 una
1956 1311 2142 1357 persona
2158 1298 2437 1352 conveniunt,

290 1362 349 1406 sic
381 1362 427 1405 in
457 1362 625 1405 Christo
651 1361 794 1406 divina
823 1373 867 1406 et
894 1364 1085 1405 humana
1108 1373 1277 1406 natura.
1300 1354 1509 1418 Quamvis
1531 1364 1648 1412 enim
1675 1363 1737 1406 ibi
1765 1364 1819 1406 sit
1833 1363 2048 1418 Verbum,
2073 1362 2192 1423 quod
2224 1374 2289 1407 est
2315 1365 2442 1408 tertia

290 1444 472 1488 persona
496 1428 542 1470 in
565 1428 769 1481 trinitate,
794 1445 884 1472 non
909 1440 1053 1474 tamen
1074 1428 1136 1472 ibi
1157 1439 1220 1472 est
1240 1444 1424 1489 persona
1445 1444 1530 1488 per
1544 1444 1605 1503 se,
1631 1430 1731 1488 quia
1752 1430 1811 1473 sic
1832 1445 2016 1489 persona
2034 1432 2125 1487 jam
2146 1440 2255 1472 esset
2279 1431 2324 1472 in
2345 1445 2442 1491 per-

290 1510 422 1550 sona,
449 1506 493 1538 et
514 1494 574 1537 ita
598 1494 695 1537 duae
716 1511 911 1555 personae
940 1506 1083 1541 essent
1102 1496 1148 1557 in
1166 1495 1352 1550 Christo,
1378 1495 1505 1555 sicut
1510 1495 1654 1538 anima
1675 1506 1870 1555 separata
1891 1511 1916 1539 a
1936 1511 2117 1556 corpore
2142 1511 2327 1555 persona
2347 1508 2439 1551 est,

291 1576 382 1604 non
416 1571 562 1603 tamen
595 1562 767 1621 corpori
793 1562 943 1618 juncta
973 1576 1160 1621 persona
1182 1572 1340 1636 -potest
1374 1560 1482 1616 dici,
1520 1561 1620 1636 quia
1652 1577 1752 1604 cum
1780 1577 1961 1622 corpore
1983 1562 2029 1604 in
2050 1576 2184 1604 unam
2214 1576 2443 1621 personam

291 1624 606 1669 conficiendam
628 1627 844 1671 convenit.
863 1626 1003 1682 Quod
1030 1638 1176 1689 autem
1196 1628 1243 1670 in
1269 1628 1438 1670 Christo
1460 1643 1551 1687 non
1575 1628 1659 1670 sint
1686 1627 1783 1671 duae
1805 1643 2023 1688 personae,
2048 1638 2093 1671 et
2121 1628 2232 1671 ratio
2257 1627 2442 1673 demon-

292 1703 397 1735 strat
414 1703 458 1735 et
480 1689 710 1736 auctoritas
723 1685 965 1748 confirmat,
987 1709 1088 1753 quae
1108 1705 1206 1736 est:
1222 1693 1431 1738 Α55ιιιιι5ιι
1446 1704 1662 1747 naturam,
1680 1705 1724 1737 et
1738 1709 1829 1737 non
1840 1709 2088 1754 personam.
2102 1694 2279 1737 Boetius
2295 1695 2442 1749 etiam,

293 1768 341 1800 ut
357 1759 449 1815 jam
468 1758 671 1813 diximus,
698 1757 917 1819 disputans
937 1770 1088 1802 contra
1107 1761 1303 1819 Eutycen
1318 1769 1369 1803 et
1390 1759 1641 1808 Nestorium
1660 1759 1886 1807 dicentes:
1910 1760 2027 1803 Duas
2048 1759 2111 1802 ibi
2132 1775 2222 1803 esse
2242 1776 2445 1820 personas

290 1834 337 1865 et
361 1823 421 1866 ita
443 1823 553 1867 duos
574 1824 785 1879 Christos,
817 1817 1007 1868 ostendit
1029 1824 1091 1867 ibi
1112 1841 1245 1868 unam
1266 1840 1498 1885 personam
1518 1835 1689 1868 tantum
1711 1841 1817 1880 esse,
1841 1826 2080 1869 secundum
2100 1827 2201 1878 hoc,
2226 1826 2355 1886 quod.
2366 1828 2445 1871 ho·

292 1889 399 1931 mini
421 1890 639 1945 convenit,
672 1905 901 1949 personam
931 1890 1145 1934 diffiniens
1167 1891 1367 1935 scilicet:
1395 1891 1583 1934 Persona
1606 1902 1669 1934 est
1692 1892 1928 1934 substantia
1957 1893 2176 1935 rationalis
2203 1892 2441 1936 individua.

291 1955 484 1998 Christus
508 1956 637 2015 igitur
665 1972 751 1998 una
774 1967 837 1999 est
860 1972 1061 2016 persona.
1087 1956 1367 2000 Individuum
1396 1957 1606 2016 siquidem
1634 1958 1704 2000 hic
1726 1959 1940 2018 accipiunt
1967 1974 2058 2000 non
2079 1974 2159 2017 pro
2184 1958 2446 2018 praedicabih'

293 2021 349 2063 de
372 2037 460 2064 uno
484 2022 593 2077 solo,
612 2022 689 2064 sed
711 2038 790 2081 pro
812 2021 998 2065 discreto
1015 2033 1058 2065 et
1077 2023 1132 2065 ab
1148 2022 1240 2086 aliis
1260 2033 1471 2085 separatO.
1493 2022 1680 2083 Per-&hoc
1703 2039 1823 2083 ergo,
1845 2023 1964 2083 quod
1978 2024 2172 2067 Verbum
2188 2040 2278 2067 non
2299 2036 2364 2067 est
2385 2026 2445 2067 ibi

295 2087 527 2130 discretum
555 2098 599 2130 et
620 2099 862 2147 separatum
893 2088 947 2131 ab
970 2089 1172 2142 homine,
1206 2090 1341 2131 immo
1373 2089 1509 2149 magis
1532 2104 1631 2131 cum
1659 2089 1836 2132 homine
1869 2105 2000 2131 unam
2032 2089 2260 2133 discretam
2291 2101 2333 2133 et
2357 2090 2445 2149 [ab]

295 2153 386 2195 aliis
408 2164 648 2212 separatam
676 2169 908 2213 personam
940 2153 1092 2207 efficit,
1115 2169 1194 2214 per
1214 2155 1324 2209 hoc,
1349 2155 1542 2213 inquam,
1574 2154 1782 2209 ostendit,
1813 2155 2028 2197 Christum
2049 2171 2179 2198 unam
2201 2156 2336 2199 solam
2356 2172 2445 2200 esse

295 2234 539 2278 personam.
557 2218 642 2261 Sed
664 2235 764 2262 cum
778 2220 894 2262 Deus
907 2220 952 2261 ιιι
969 2220 1124 2262 sanctis
1142 2219 1391 2262 hominibus
1407 2235 1496 2262 esse
1513 2218 1696 2273 dicatur,
1713 2230 1756 2262 et
1768 2220 1827 2262 sic
1840 2220 1970 2263 etiam
1983 2236 2088 2277 esse,
2107 2233 2155 2264 ut
2176 2238 2249 2264 eos
2264 2221 2442 2281 repleat,

296 2300 371 2328 eos
392 2284 605 2327 inhabitet
617 2317 629 2338 ,
655 2285 763 2328 solet
780 2286 934 2344 quaeri
946 2285 1169 2345 quomodo
1184 2286 1380 2330 Verbum
1404 2287 1541 2346 magis
1560 2285 1689 2329 fuerit
1714 2285 1776 2329 ibi
1794 2301 1871 2345 per
1892 2287 2116 2343 unionem,
2137 2303 2268 2347 quam
2287 2289 2335 2331 in
2355 2288 2446 2332 aliis

295 2349 450 2394 sanctis
463 2349 804 2394 hominibus.1n
826 2350 955 2394 beata
976 2366 1164 2411 namque
1181 2352 1346 2411 virgine
1367 2353 1428 2395 sic
1448 2351 1530 2394 fuit
1545 2351 1724 2411 Spiritus
1747 2363 1940 2403 sanctu5‚
1962 2353 2082 2411 quod
2102 2365 2239 2397 totam
2261 2369 2358 2396 eam
2379 2370 2448 2397 re-

297 2415 444 2475 plevit,
468 2426 512 2459 et
531 2415 578 2458 in
599 2401 744 2471 multis
759 2416 886 2478 aliis,
896 2433 950 2460 ex
971 2418 1122 2492 spiritu
1137 2433 1325 2476 quorum
1340 2428 1384 2461 et
1396 2418 1559 2477 Spiritu
1581 2419 1679 2473 Dei,
1704 2429 1754 2461 ut
1767 2419 1828 2461 ait
1847 2419 2095 2493 Apostolus,
2117 2435 2228 2463 unus
2251 2420 2444 2472 efficitur,

297 2493 341 2524 et
363 2482 423 2524 ita
437 2482 482 2524 in
508 2478 567 2525 eis
589 2468 769 2542 Spiritus
785 2475 955 2532 sanetus
976 2484 1084 2527 sicut
1105 2483 1156 2525 ιιι
1167 2483 1336 2539 Christo
1358 2484 1471 2526 uniri
1483 2483 1668 2536 videtur
1691 2484 1858 2528 Verum
1874 2486 2066 2544 quamvis
2083 2486 2262 2545 Spiritus
2278 2496 2447 2529 sanctus

297 2558 467 2591 sanctos
487 2548 687 2592 homines
709 2541 875 2610 replere
907 2559 950 2592 et
972 2536 1212 2592 inhabitare
1237 2537 1420 2602 dicatur,
1445 2560 1591 2593 tamen
1613 2565 1886 2609 nequaquam
1908 2550 1993 2594 ‹lici
2013 2551 2101 2596 ullo
2124 2551 2261 2594 modo
2281 2563 2444 2611 potest,

298 2614 418 2672 quod
451 2629 550 2658 cum
581 2615 640 2657 eis
661 2616 867 2670 uniatur,
881 2630 979 2660 cum
1001 2631 1082 2659 nec
1103 2616 1150 2658 in
1171 2631 1402 2675 personam
1426 2615 1739 2664 conficiendam
1764 2633 1862 2660 cum
1894 2617 1954 2660 eis
1978 2617 2230 2671 conveniat,
2260 2628 2304 2660 et
2329 2618 2364 2660 si
2391 2618 2449 2661 ad

299 2691 466 2738 tempus
499 2679 675 2754 aliquod
696 2692 940 2737 remaneat,
977 2682 1033 2724 ab
1063 2682 1123 2725 eis
1150 2680 1339 2733 recedat.
1363 2680 1495 2735 Quod
1521 2692 1667 2725 autem
1686 2682 1876 2735 recedat,
1912 2683 1957 2725 in
1986 2683 2449 2742 prophetisevidenter

300 2745 550 2804 {pparebat,
569 2746 642 2803 qui
658 2746 792 2791 modo
809 2762 909 2800 eum
924 2747 1162 2801 habebant,
1185 2745 1326 2799 modo
1335 2746 1532 2805 profecto
1544 2762 1606 2793 eo
1615 2747 1836 2795 carebant.
1861 2748 1993 2802 Quod
2002 2764 2105 2792 vero
2128 2750 2186 2791 ait
2197 2749 2446 2808 Apostolus,

300 2810 436 2873 quod
434 2826 534 2856 cum
542 2810 721 2874 spiritu
728 2827 880 2868 eorum
900 2812 1079 2871 Spiritus
1101 2812 1183 2856 Dei
1204 2827 1314 2855 unus
1336 2811 1549 2866 efficitur,
1557 2813 1687 2861 unius
1699 2812 1928 2859 intellexit
1933 2814 2181 2870 voluntatis,
2204 2815 2273 2857 ita
2282 2826 2445 2871 tamen,

303 2876 424 2936 quod
450 2867 778 2936 quodcunque
786 2868 910 2920 aliud
941 2877 1095 2920 volunt
1127 2888 1172 2920 et
1201 2887 1431 2937 appetunt,
1428 2877 1507 2920 vel
1529 2889 1708 2952 contra,
1735 2879 1916 2938 Spiritus
1942 2891 2124 2923 sanctus
2143 2880 2259 2925 nolle
2278 2881 2452 2934 velleve

301 2942 495 2986 suadeat.
528 2942 665 2985 Aliter
697 2958 816 3002 ergo
812 2942 1053 2996 Verbum
1042 2960 1088 2986 ιιι
1110 2943 1278 2987 Christo
1301 2942 1415 2998 fuit,
1423 2943 1530 3002 ,qnia
1553 2944 1624 2991 sic
1640 2943 1735 2992 fuit
1748 2944 1811 2988 illi
1838 2945 2013 2989 homini
2037 2946 2234 3001 unitum,
2262 2947 2415 3007 quod
2404 2964 2449 2990 ιιι

302 3024 435 3060 unam
454 3023 686 3068 personam
706 3024 806 3052 cum
825 3008 903 3065 illo·
921 3010 1141 3065 conuenit,
1156 3019 1218 3064 ,et-
1230 3008 1366 3067 quod,
1379 3009 1500 3056 ,sieut
1521 3011 2033 3068 mmmmm-subjecta
2047 3022 2126 3064 est,
2151 3013 2274 3072 quod
2283 3013 2449 3058 nullum

302 3069 489 3128 motum,
511 3073 675 3120 nullam
701 3075 1000 3138 operationem
1020 3075 1186 3132 nisiah
1200 3075 1353 3130 ,anima
1372 3075 1535 3123 habere.
1558 3086 1705 3139 potest
1719 3092 1738 3120 :2
1750 3077 1814 3122 sic
1833 3077 1980 3122 anima>
1993 3077 2071 3121 illa
2088 3078 2239 3122 Narbo
2260 3079 2450 3137 subjecta

303 3151 414 3195 erat,
433 3139 552 3199 quod
568 3140 736 3189 nullum
754 3152 923 3190 motum
941 3141 1193 3200 illicorpori
1206 3141 1646 3216 attribuerepotenat,
1657 3142 1967 3205 ιιιὶειφιιειιιιιιιιι
1983 3144 2177 3188 Verbum
2197 3146 2446 3205 inspirabat.

304 3205 358 3248 Et
380 3198 601 3249 sciendum
615 3206 733 3265 quod
755 3208 858 3249 unio
882 3206 952 3249 illa
968 3208 1028 3250 sic
1050 3207 1163 3249 facta
1182 3218 1259 3260 est,
1284 3206 1417 3265 q‚uod
1442 3207 1550 3250 sicut
1570 3207 1675 3250 dicit
1690 3209 1841 3252 beatus
1859 3210 2127 3264 Ambrosius,
2146 3211 2262 3254 nulla
2284 3211 2449 3253 illarum

306 3281 555 3314 naturarum
583 3272 629 3314 in
661 3272 789 3315 aliam
818 3283 982 3316 mutata
1003 3284 1082 3316 est.
1113 3272 1279 3327 Quod
1269 3289 1314 3314 ιιι
1343 3273 1519 3316 homine
1544 3289 1715 3332 quoque
1747 3273 1913 3333 liquido
1943 3278 2173 3319 monstrari
2196 3287 2348 3336 potest.
2382 3276 2448 3319 Sic

306 3335 423 3379 enim
456 3337 598 3380 anima
625 3350 667 3381 et
690 3354 845 3398 corpus
867 3339 911 3381 in
934 3354 1063 3381 unam
1088 3354 1317 3398 personam
1338 3339 1621 3394 conveniunt,
1657 3339 1787 3397 quod
1797 3347 2014 3383 neutrum'
2028 3342 2184 3385 horum
2206 3342 2385 3384 vertitur
2406 3343 2448 3383 in
