2638 3866
951 262 1295 311 THEOLOGlA
1339 262 1707 311 CHRlSTlANA.
2310 260 2404 309 523

263 363 561 411 existentiam
589 361 775 410 mundo
797 362 1068 410 nullatenus
1088 381 1206 417 esse.
1236 366 1315 412 Est
1338 373 1385 411 et
1407 363 1605 428 quidam
1625 379 1795 411 eorum
1817 363 2041 428 patriota,
2066 363 2192 412 inter
2216 362 2405 410 divinos

263 443 603 492 celeberrimus
625 443 894 508 magistros,
921 444 1003 508 qui
1026 444 1074 491 in
1104 454 1287 493 tantam
1309 446 1531 510 prorupit
1554 444 1806 504 insaniam,
1832 453 1883 491 ut
1904 459 2082 510 corpus
2105 444 2405 492 dominicum

263 524 480 588 ejusdem
511 524 828 589 longitudinis
856 540 937 571 seu
970 525 1302 589 grossitudinis
1334 526 1383 573 in
1416 536 1554 574 utero
1578 526 1785 590 Virginis
1815 525 1957 573 fuisse
1980 535 2175 585 astruat,
2202 525 2340 589 cujus
2362 535 2409 573 et

264 607 313 654 in
341 616 570 672 provecta
588 616 723 654 aetate
746 605 914 654 extitit.
941 605 1037 653 Sed
1059 623 1149 654 nec
1172 605 1330 654 adhuc
1353 606 1483 655 illam
1506 622 1746 655 summam
1766 606 2147 654 controversiam
2171 606 2232 655 de
2255 622 2410 655 sacra-

268 697 432 735 mento
455 688 638 747 altaris,
676 695 842 734 utrum
864 685 1086 734 videlicet
1110 688 1246 753 panis
1269 687 1347 735 ille
1370 689 1454 754 qui
1477 688 1683 749 videtur,
1712 686 1864 752 figura
1887 697 2075 735 tantum
2099 688 2157 735 sit
2180 687 2411 735 dominici

266 768 500 833 corporis,
540 784 603 815 an
639 767 784 815 etiam
818 766 990 814 veritas
1023 766 1298 815 substantiae
1321 768 1469 834 ipsius
1500 768 1755 816 dominicae
1786 769 1968 827 carnis,
1996 768 2142 816 finem
2173 769 2412 834 accepisse

266 858 453 896 certum
488 858 587 910 est;
625 858 671 896 et
707 849 985 896 innumeras
1009 848 1125 903 alias
1155 848 1203 895 in
1234 865 1441 913 quarum
1472 849 1766 913 quotidianis
1801 848 2113 896 relationibus
2141 849 2414 914 frequenter

267 928 670 994 obstupescimus,
715 946 820 994 quae
854 945 944 976 nec
987 944 1071 994 per
1110 928 1334 976 incendia
1369 946 1539 977 eorum
1580 930 1663 994 qui
1699 945 1725 977 a
1759 930 1943 995 populo
1983 929 2416 993 deprehenduntur

267 1011 510 1076 compesci
536 1019 756 1076 possunt.
789 1012 899 1057 Haec
930 1009 998 1056 illi
1020 1009 1297 1069 attendant,
1328 1011 1413 1075 qui
1438 1009 1500 1058 de
1528 1009 1625 1057 fide
1649 1010 1856 1076 amplius
1887 1010 2084 1058 minime
2107 1009 2416 1059 scribendum

269 1106 371 1137 esse
400 1100 675 1151 autumant,
708 1107 822 1141 cum
846 1089 1004 1151 mille,
1041 1100 1095 1137 ut
1117 1091 1277 1150 aiunt,
1302 1090 1399 1138 hoc
1423 1099 1642 1156 tempore
1664 1089 1867 1138 haereses
1889 1089 2144 1156 pullulent,
2171 1092 2305 1156 quasi
2331 1092 2419 1157 ipsi

270 1172 491 1219 omnium
513 1172 829 1219 conscientias
852 1181 899 1219 et
922 1170 1071 1219 fidem
1094 1172 1430 1236 cognoverint.

339 1254 477 1299 Nunc
523 1252 586 1300 ad
631 1252 935 1318 propositum
975 1252 1228 1300 redeamus
1246 1289 1258 1313 ,
1300 1252 1361 1300 de
1398 1252 1705 1317 generatione
1752 1251 1910 1299 verbis
1948 1251 2125 1317 quibus
2167 1269 2421 1318 possumus

270 1331 567 1394 disserenda,
589 1333 652 1380 ad
676 1332 1052 1395 defendendam,
1078 1343 1131 1380 ut
1153 1332 1380 1392 diximus,
1407 1332 1554 1380 fidem
1579 1342 1813 1393 nostram,
1843 1349 1943 1380 non
1967 1332 2265 1394 docendam3
2285 1334 2420 1398 quod

270 1412 469 1477 quidem
501 1413 613 1461 ideo
646 1414 855 1462 maxime
888 1413 1162 1462 faciendum
1191 1431 1293 1462 esse
1326 1413 1540 1473 decrevi,
1570 1412 1705 1478 quod
1740 1412 2075 1461 similitudines
2107 1413 2197 1461 illae
2219 1430 2341 1478 quas
2362 1414 2422 1463 ad

271 1493 399 1541 hanc
423 1495 782 1557 generationem
813 1495 916 1542 Filii
943 1494 1018 1542 vel
1050 1495 1411 1560 processionem
1442 1494 1646 1559 Spiritus
1668 1493 2043 1553 defendendam,
2069 1511 2153 1542 seu
2179 1493 2240 1543 ad
2267 1494 2425 1542 diver-

271 1574 459 1621 sitatem
480 1591 799 1640 personarum
820 1575 1157 1640 assignandam
1181 1591 1210 1622 a
1232 1575 1407 1622 sanctis
1427 1573 1647 1621 Patribus
1672 1573 1946 1631 didicimus,
1975 1574 2136 1622 minus
2157 1575 2426 1623 satisfacere

273 1653 566 1719 quibusdam
606 1656 880 1718 videantur,
920 1656 1054 1721 quod
1088 1656 1138 1703 in
1177 1655 1269 1703 illis
1308 1655 1478 1714 rebus,
1516 1671 1622 1720 quae
1656 1671 1744 1720 per
1778 1654 1932 1702 simile
1969 1654 2283 1714 inducuntur,
2325 1673 2425 1704 non

273 1736 425 1800 possit
459 1737 600 1784 unius
636 1738 851 1785 essentioe
887 1737 1109 1784 identitas
1143 1736 1344 1796 servari3
1378 1735 1510 1783 unde
1541 1745 1590 1783 et
1620 1735 1884 1783 nonnullos
1909 1734 2125 1783 fidelium
2156 1738 2293 1800 quasi
2330 1738 2429 1786 irri-

274 1816 443 1864 dentes
481 1832 782 1865 murmurare
817 1834 942 1882 saepe
978 1816 1270 1878 audivimus,
1297 1834 1409 1864 cum
1433 1815 1494 1864 de
1530 1816 1606 1864 his
1642 1816 1704 1864 ad
1737 1815 1833 1866 hoc
1866 1815 2130 1866 similitudo
2162 1816 2423 1879 inducitur,

274 1912 380 1960 quae
404 1912 506 1943 non
529 1906 642 1944 sunt
670 1896 889 1961 ejusdem
921 1897 1154 1959 essentiae,
1186 1897 1336 1945 veluti
1369 1914 1484 1945 cum
1511 1897 1559 1944 in
1593 1896 1677 1944 illo
1703 1913 1928 1944 sermone
1952 1896 2129 1946 Natalis
2152 1899 2347 1945 Domini
2371 1902 2423 1945 B.

275 1977 581 2041 Augustinus,
609 1977 672 2026 ad
700 1977 1063 2026 defendendum
1087 1977 1221 2043 quod
1251 1977 1382 2025 solus
1411 1976 1555 2024 Filius
1583 1978 1643 2026 sit
1668 1978 1960 2038 incarnatus,
1994 1978 2357 2026 similitudinem
2380 1980 2427 2026 in

276 2058 462 2106 cithara
496 2068 544 2106 et
574 2060 673 2106 sole
709 2061 904 2120 sumsit,
935 2076 1023 2124 per
1053 2074 1200 2124 quam
1236 2058 1458 2106 videlicet
1491 2058 1752 2122 assignaret
1786 2074 1887 2105 non
1921 2074 2024 2105 esse
2056 2058 2358 2117 mirandum,
2391 2062 2429 2108 si

277 2155 390 2187 cum
425 2139 476 2186 in
510 2156 610 2188 una
643 2138 904 2187 divinitatis
929 2139 1194 2187 substantia
1218 2149 1314 2186 tres
1349 2155 1567 2204 personae
1600 2138 1915 2197 conveniant,
1949 2138 2034 2186 uni
2069 2148 2231 2186 tamen
2261 2156 2428 2188 earum

277 2230 531 2283 congruat,
558 2219 694 2284 quod
715 2220 851 2268 alteri
871 2237 973 2267 non
995 2219 1239 2278 convenit,
1262 2228 1431 2284 utpote
1462 2218 1551 2266 soli
1583 2218 1702 2266 Filio
1726 2218 1996 2266 incarnari:
2021 2219 2229 2279 «Sicuti,
2251 2221 2426 2285 inquit,

279 2301 327 2347 in
369 2317 466 2348 una
496 2300 870 2348 citharizationis
902 2301 1092 2348 actione
1129 2301 1219 2348 tria
1246 2300 1565 2360 conveniunt,
1597 2310 1649 2347 ut
1681 2299 1823 2347 simul
1854 2309 1996 2364 agant
2030 2316 2122 2357 ars,
2162 2317 2351 2362 manus,
2385 2313 2432 2350 et

278 2381 452 2450 corda3
491 2398 603 2428 cum
628 2392 789 2429 tamen
821 2381 1007 2429 diversa
1042 2391 1245 2445 agantur
1268 2396 1298 2428 a
1320 2380 1535 2445 singulis,
1572 2396 1686 2427 cum
1715 2379 1939 2428 videlicet
1962 2397 2038 2428 ars
2068 2381 2233 2443 dictet,
2259 2399 2431 2430 manus

280 2471 465 2526 tangat,
501 2461 649 2509 corda
682 2473 903 2519 resonet3
934 2464 983 2509 in
1018 2462 1119 2510 sole
1153 2462 1316 2523 etiam,
1351 2461 1526 2525 inquit,
1565 2460 1697 2509 calor
1719 2470 1766 2508 et
1788 2459 2018 2526 splendor
2049 2461 2235 2511 diversa
2265 2474 2427 2526 agunt,

279 2559 392 2590 cum
416 2542 550 2590 calor
569 2543 787 2603 exsiccet,
820 2542 1050 2609 splendor
1071 2543 1324 2590 illuminet.
1350 2562 1372 2585 ›>
1408 2541 1500 2590 Sed
1528 2541 1591 2590 ad
1621 2541 1721 2588 haec
1745 2541 1864 2606 quid
1883 2542 2108 2589 nonnulli
2130 2555 2433 2592 murmurent

281 2623 416 2682 novi,
447 2622 661 2670 dicentes
692 2623 890 2687 quidem
919 2623 1023 2671 haec
1044 2623 1166 2670 nihil
1188 2623 1391 2670 attinere
1427 2622 1491 2670 ad
1516 2623 1617 2669 vim
1640 2621 1941 2686 quaestioniS‚
1966 2639 2072 2686 quae
2099 2622 2160 2669 de
2182 2623 2430 2672 identitate

283 2703 425 2749 unius
455 2703 732 2751 substantiae
768 2705 818 2750 in
850 2704 1003 2751 tribus
1043 2705 1262 2769 personis
1293 2713 1400 2750 orta
1431 2712 1518 2749 est.
1559 2706 1711 2749 Nemo
1744 2702 1891 2759 enim,
1931 2702 2180 2766 inquiunt,
2222 2702 2426 2767 dubitat,

283 2782 401 2846 quin
435 2784 485 2829 in
521 2782 694 2830 eodem
721 2800 869 2848 opere
897 2783 1092 2831 diversae
1131 2801 1207 2830 res
1231 2783 1420 2830 diversa
1444 2792 1613 2846 agant,
1652 2792 1734 2829 aut
1769 2782 1819 2828 in
1855 2781 2023 2830 eadem
2059 2782 2325 2832 substantia
2360 2786 2432 2834 di-

284 2877 442 2910 versas
475 2861 687 2909 habeant
714 2863 838 2910 vires
865 2863 1063 2910 diversae
1086 2863 1336 2927 qualitates
1368 2880 1377 2909 :
1412 2862 1495 2910 sed
1529 2862 1641 2923 hoc,
1673 2861 1922 2925 inquiunt,
1956 2862 2203 2919 miramur,
2237 2881 2350 2912 cum
2374 2868 2433 2914 sit

286 2959 381 2990 una
406 2942 597 3007 penitus
625 2942 891 2991 substantia
921 2944 1019 2990 sive
1044 2943 1249 2991 essentia
1265 2943 1410 2990 trium
1438 2958 1772 3007 personarum,
1805 2958 1903 3007 qua
1933 2943 2119 2991 ratione
2151 2944 2253 2992 haec
2280 2946 2434 2996 incar-

287 3033 399 3071 nata
423 3023 609 3071 dicatur
634 3033 679 3070 et
699 3040 801 3071 non
829 3023 926 3085 illa,
958 3041 1071 3071 cum
1094 3025 1197 3089 ipsa
1221 3022 1481 3071 divinitatis
1502 3021 1769 3071 substantia
1797 3039 1994 3071 carnem
2025 3027 2302 3091 susceperit,
2328 3046 2433 3093 quoe

289 3120 388 3151 una
406 3114 453 3151 et
471 3103 640 3152 eadem
660 3105 858 3168 singulis
876 3121 1011 3169 aeque
1035 3105 1157 3151 inest
1180 3104 1414 3169 personis.
1438 3104 1546 3151 Fuit
1563 3114 1609 3152 et
1633 3103 1833 3169 quidam
1854 3104 2114 3153 novissime
2134 3109 2435 3172 temporibus

289 3185 482 3245 nostris,
520 3185 772 3232 Anselmus
800 3185 1013 3234 videlicet
1037 3184 1392 3232 Cantuariensis
1414 3184 1831 3249 metropolitanus,
1854 3185 1938 3249 qui
1958 3196 2143 3234 servata
2162 3187 2435 3237 substantiae

290 3266 490 3327 unitate,
511 3265 796 3314 validiorem
812 3267 942 3313 visus
962 3275 1031 3313 est
1051 3264 1413 3312 similitudinem
1430 3263 1491 3311 ad
1514 3264 1615 3311 haec
1634 3281 1739 3329 quae
1757 3264 1964 3312 diximus
1987 3266 2246 3315 induxisse.
2272 3269 2433 3332 Cujus,

291 3345 342 3391 ni
364 3345 867 3405 fallor,-similitudinis
887 3345 1253 3393 fundamentum
1276 3360 1305 3392 a
1333 3347 1382 3391 B.
1410 3345 1579 3391 sumsit
1599 3345 1863 3409 Augustino
1887 3345 2124 3394 scribente
2146 3347 2205 3394 ad
2234 3350 2439 3395 Lauren-
