2638 3866
975 240 1317 289 THEOLOGIA
1350 240 1719 291 CHRISTIANA.
2331 243 2384 288 5⁴
2397 242 2425 287 5

340 341 487 401 Quod
520 351 682 390 autern
715 340 846 389 solus
879 340 1025 390 Filius
1059 359 1159 390 non
1201 344 1347 392 etiam
1380 346 1520 392 Pater
1551 343 1629 392 vel
1670 342 1876 410 Spiritus
1914 351 2108 391 sanctus
2146 343 2423 392 incarnatus

273 420 466 483 dicitur,
487 438 600 470 cum
623 432 785 470 tamen
806 420 974 470 eadem
999 424 1202 471 essentia
1229 441 1336 490 quae
1368 427 1507 472 Pater
1529 434 1600 472 est
1628 425 1726 473 sive
1745 424 1889 472 Filius
1908 424 1984 472 vel
2004 424 2208 491 Spiritus
2233 435 2425 474 sanctus

273 502 334 550 sit
358 504 623 565 incarnata,
656 519 757 550 non
785 502 888 549 sine
909 519 1082 568 magna
1111 505 1295 552 ratione
1323 505 1552 553 traditum
1582 514 1669 552 est.
1697 507 1801 552 Hoc
1827 504 1957 552 enim
1981 505 2058 552 his
2082 505 2243 553 verbis
2266 516 2426 554 osten-

274 582 420 644 ditur,
449 599 562 631 cum
585 583 762 631 dicitur
781 581 967 630 «Filius
989 584 1077 631 Dei
1101 592 1171 631 est
1194 584 1486 645 incarnatus,
1509 604 1532 629 ³>
1557 585 1721 632 lumen
1739 584 1911 632 divinae
1928 585 2179 651 Sapientiae
2196 602 2283 651 per
2297 586 2424 634 hanc

274 663 659 713 incarnationem
690 663 963 711 carnalibus
986 663 1237 726 effulsisse,
1269 675 1413 731 atque
1443 666 1541 714 hoc
1565 665 1740 727 solum,
1765 665 1841 712 vel
1862 665 1959 713 hoc
1982 666 2248 731 specialiter
2269 666 2426 716 bene-

274 743 439 792 ficium
470 747 627 792 Deum
656 743 919 814 intendisse
941 744 990 791 in
1015 745 1122 810 ipso
1145 744 1315 793 habitu
1344 747 1501 794 carnis
1524 745 1667 793 nobis
1695 746 1958 811 impertire,
1983 762 2073 812 pro
2097 763 2195 811 quo
2220 747 2425 811 Angelus

274 828 464 876 consilii
487 827 586 876 sive
608 826 910 876 consiliarius
931 826 1088 876 dictus
1110 838 1198 889 est,
1224 828 1357 894 quod
1377 839 1423 877 et
1442 829 1686 878 lohannes
1705 828 1991 893 evangelista
2012 830 2421 894 innuens¹,«Vita,

274 906 447 972 inquit,
477 917 579 956 erat
611 908 693 956 lux
719 907 997 970 hominum,
1024 918 1071 957 et
1101 909 1184 956 lux
1214 910 1263 957 in
1297 910 1505 958 tenebris
1534 909 1681 968 lucet,
1713 919 1759 957 et
1790 908 2000 957 tenebrae
2030 925 2137 957 eam
2162 926 2261 957 non
2293 927 2426 960 com-

275 988 655 1053 prehenderunt.
681 1010 704 1033 >›
732 991 804 1037 De
827 1005 924 1054 qua
948 989 1092 1038 etiam
1111 989 1466 1038 illuminatione
1500 991 1731 1056 scriptum
1765 992 1885 1037 est²z
1916 1010 1938 1033 α
1957 991 2124 1054 Surge,
2157 989 2427 1041 illuminare

274 1069 556 1128 Jerusalem,
576 1069 689 1135 quia
702 1070 834 1118 venit
847 1070 1009 1117 lumen
1027 1076 1184 1119 tuu'm.
1200 1091 1223 1114 >2
1251 1073 1310 1118 Et
1334 1072 1475 1118 item³
1503 1090 1512 1117 :
1537 1090 1560 1116 «
1579 1069 1907 1118 Ambulabunt
1931 1079 2095 1133 gentes
2117 1070 2164 1116 in
2189 1070 2426 1120 lumine.»

277 1150 335 1195 Et
360 1149 663 1198 Psalmista⁴2
694 1171 718 1193 «
741 1153 794 1197 ln
818 1149 1001 1198 lumine
1033 1161 1116 1198 tuo
1147 1150 1419 1199 videbimus
1451 1151 1634 1199 lumen.
1662 1169 1683 1195 »
1710 1152 1769 1197 Et
1800 1150 1995 1197 Simeon
2019 1151 2034 1174 ⁵
2069 1167 2080 1197 ε
2111 1153 2336 1198 «Lumen
2366 1153 2428 1200 ad

276 1228 621 1278 revelationem
646 1231 879 1295 gentium.
899 1250 923 1277 »
948 1233 1005 1278 Et
1028 1232 1277 1294 Platonici,
1303 1232 1518 1280 Verbum
1544 1235 1675 1280 Deus
1699 1241 1770 1279 est
1791 1230 1957 1278 lumen
1984 1247 2154 1278 verum
2172 1269 2184 1293 ,
2210 1241 2302 1279 etc.
2334 1233 2428 1289 Qui

275 1309 422 1357 etiam
457 1326 486 1358 a
515 1310 690 1359 Judaeis
721 1312 978 1377 requisitus
1007 1312 1115 1377 quis
1141 1323 1287 1372 esset,
1321 1322 1372 1360 ut
1395 1313 1514 1378 quid
1539 1312 1811 1360 intenderet
1836 1310 2079 1372 audirent,
2114 1313 2388 1377 respondit⁸
2415 1331 2426 1361 z

280 1409 303 1433 α
324 1386 426 1454 Ego
457 1392 752 1458 principium
783 1393 866 1458 qui
890 1403 937 1440 et
960 1394 1137 1459 loquor
1159 1392 1299 1441 vobis
1321 1412 1331 1440 z
1355 1413 1378 1438 υ
1406 1411 1461 1442 ac
1493 1394 1532 1441 si
1563 1394 1743 1441 diceret
1767 1411 1777 1439 ε
1805 1395 1906 1456 Ego
1929 1391 2145 1440 Verbum
2169 1401 2281 1440 ante
2311 1402 2430 1440 tem·

275 1486 415 1541 pora,
450 1472 586 1536 quod
611 1490 699 1520 vos
729 1490 787 1520 ex
821 1483 1041 1539 tempore
1072 1474 1233 1522 verbis
1268 1475 1503 1523 instruere
1534 1475 1663 1536 veni,
1703 1491 1759 1522 ac
1792 1473 2052 1539 praedicare
2080 1489 2285 1536 regnum
2320 1474 2426 1521 Dei.

274 1550 386 1599 Tale
426 1561 496 1600 est
533 1569 649 1617 ergo
683 1554 978 1620 Sapientiam
1014 1555 1104 1602 Dei
1139 1555 1437 1603 incarnatam
1477 1571 1605 1615 esse,
1644 1570 1700 1602 ac
1732 1555 1771 1602 si
1807 1554 2010 1615 dicatur,
2046 1553 2108 1601 ad
2141 1554 2237 1600 hoc
2274 1556 2430 1601 Deum

275 1631 583 1680 incarnatum
619 1650 741 1694 esse,
779 1645 834 1682 ut
867 1651 979 1683 vere
1015 1635 1237 1683 doctrina
1267 1635 1458 1700 justitiae
1491 1647 1586 1683 nos·
1619 1635 1892 1695 instrueret,
1930 1644 2031 1681 tum
2068 1633 2428 1699 praedicatione,

275 1721 381 1759 tum
408 1713 553 1761 etiam
581 1714 804 1781 exemplo
834 1715 1100 1781 corporalis
1129 1716 1509 1763 conversationis
1545 1732 1656 1763 suae.
1686 1714 1826 1762 Unde
1857 1724 1904 1762 et
1927 1714 2136 1761 Isidorus
2157 1712 2216 1760 de
2238 1716 2433 1760 Summo

277 1791 398 1840 bono
407 1794 551 1859 primi
571 1794 684 1842 libri
709 1795 922 1861 capitulo
946 1810 1030 1842 ΧΠ
1052 1813 1062 1842 :
1083 1814 1107 1841 «
1131 1795 1263 1858 ldeo,
1288 1796 1463 1860 inquit,
1482 1799 1613 1844 Deus
1626 1796 1675 1843 in
1690 1795 1947 1842 hominem
1962 1794 2113 1854 venit,
2139 1793 2253 1858 quia
2275 1810 2363 1858 per
2383 1809 2432 1840 se

275 1873 440 1938 ipsum
459 1874 522 1922 ab
543 1875 829 1924 hominibus
846 1877 1075 1942 cognosci
1098 1893 1199 1925 non
1221 1877 1399 1943 potuit,
1428 1894 1639 1942 quorum
1662 1876 1885 1925 videlicet
1911 1876 2035 1923 ratio
2058 1875 2108 1922 in
2131 1884 2319 1922 tantum
2334 1874 2434 1938 jam

276 1954 588 2003 multitudine
609 1968 926 2023 peccatorum
952 1975 1182 2024 oppressa
1205 1967 1351 2024 atque
1374 1957 1692 2005 obtenebrata
1711 1967 1830 2018 erat,
1857 1967 1910 2005 ut
1926 1973 2215 2022 consurgere
2234 1955 2297 2004 ad
2313 1955 2435 2002 invi-

275 2034 432 2083 sibilia
448 2036 676 2084 minime⁷
693 2038 893 2099 valeret,
909 2039 1284 2087 nisivisibilibus
1296 2038 1588 2103 quibusdam
1596 2037 1790 2102 judiciis
1805 2037 2079 2085 duceretur.
2102 2056 2125 2080 >2
2142 2036 2434 2102 Sapientiam

275 2115 439 2180 itaque
459 2118 550 2165 Dei
573 2118 622 2165 in
644 2134 789 2167 carne
812 2136 915 2167 esse
942 2120 1037 2167 tale
1059 2129 1147 2180 est,
1174 2119 1407 2180 carnales,
1433 2119 1482 2166 id
1504 2129 1574 2167 est
1596 2119 1820 2166 homines
1841 2118 1933 2165 hac
1954 2117 2287 2165 incarnatione
2310 2131 2433 2162 verae

275 2197 520 2262 sapientiae
549 2200 714 2247 lumen
742 2200 1026 2266 suscepisse,
1060 2210 1109 2248 et
1132 2217 1239 2248 eam
1271 2210 1449 2247 nostrae
1481 2199 1783 2247 mortalitatis
1812 2208 1983 2246 testam
2014 2198 2123 2245 luce
2149 2213 2235 2244 sua
2262 2212 2435 2244 accen—

276 2275 421 2339 disse,
442 2278 833 2345 sicutscriptum
863 2283 978 2341 est⁸,
1009 2280 1272 2329 «Verbum
1300 2296 1415 2328 caro
1437 2280 1617 2328 sactum
1637 2290 1709 2328 est
1737 2289 1784 2327 et
1803 2279 2040 2327 habitavit
2064 2279 2112 2325 in
2144 2277 2309 2339 nobis3
2331 2297 2353 2322 ³>
2381 2292 2435 2325 ac

276 2358 318 2404 si
349 2369 513 2424 aperte
538 2359 738 2423 diceret,
767 2361 839 2408 Ad
864 2361 960 2409 hoc
982 2362 1085 2428 ipsa
1108 2362 1351 2428 Sapientia
1370 2362 1619 2410 incarnata
1646 2371 1735 2423 est,
1768 2371 1822 2408 ut
1845 2376 1935 2427 per
1955 2358 2357 2407 illuminationem
2384 2358 2433 2405 in

276 2438 422 2486 nobis
445 2440 683 2489 inhabitet
700 2458 826 2490 verae
851 2443 1023 2491 notitia
1053 2443 1335 2509 Sapientiae3
1366 2443 1450 2508 qui
1475 2443 1525 2490 in
1548 2443 1653 2508 ipsa
1686 2458 1831 2490 carne
1853 2456 2001 2505 quam
2023 2439 2264 2501 assumsit,
2297 2448 2399 2485 tum
2418 2476 2430 2499 ,

278 2529 332 2567 ut
365 2519 481 2583 dixi,
513 2523 884 2571 conversatione
908 2524 1031 2587 vitae,
1066 2534 1173 2572 tum
1204 2524 1350 2572 etiam
1374 2524 1598 2590 passione
1625 2523 1792 2571 mortis
1824 2538 1937 2584 suae,
1972 2522 2072 2569 sive
2106 2522 2250 2568 etiam
2286 2518 2434 2583 gloria

276 2603 644 2651 resurrectionis
681 2620 783 2651 suae
813 2604 891 2652 vel
923 2605 1213 2652 ascensionis
1247 2604 1456 2670 perfecte
1484 2621 1575 2652 nos
1614 2603 1840 2651 instruxit
1876 2612 1924 2650 et
1957 2602 2139 2649 docuit.
2180 2598 2432 2648 Moriendo

277 2681 477 2744 quidem
510 2683 679 2732 docuit
701 2695 939 2749 quantum
969 2703 1062 2733 nos
1085 2686 1328 2743 dilexerit,
1352 2685 1488 2749 juxta
1520 2685 1613 2732 hoc
1639 2684 1773 2748 quod
1800 2693 1847 2731 et
1878 2684 1980 2748 ipse
2000 2684 2090 2730 ait⁹
2117 2700 2128 2728 ε
2159 2702 2182 2725 α
2202 2683 2432 2745 Majorem

277 2757 370 2807 hac
392 2761 705 2810 dilectionem
731 2781 879 2812 nemo
903 2764 1068 2827 habet,
1096 2775 1147 2812 ut
1169 2765 1380 2812 animam
1404 2780 1540 2810 suam
1562 2774 1715 2828 ponat
1737 2763 1843 2827 quis
1865 2779 1956 2828 pro
1988 2762 2155 2811 amicis
2172 2762 2286 2822 suis,
2308 2780 2331 2804 n
2359 2769 2432 2807 at-

277 2854 375 2902 que
392 2840 444 2887 in
466 2840 565 2888 hoc
582 2843 689 2907 ipso
713 2843 856 2890 nobis
890 2860 1042 2908 usque
1061 2844 1123 2892 ad
1145 2854 1350 2891 mortem
1376 2859 1466 2908 pro
1489 2844 1595 2908 ipso
1613 2842 1830 2891 certandi
1859 2842 2132 2908 exemplum
2152 2840 2423 2907 proposuit.

281 2919 421 2968 Unde
461 2931 509 2968 et
544 2923 792 2988 apostolus
821 2926 988 2971 Petrus
1001 2926 1043 2985 ¹⁰,
1082 2923 1336 2971 «Christus
1356 2939 1521 2988 passus
1551 2933 1622 2970 est
1654 2940 1745 2989 pro
1779 2922 1940 2983 nobis,
1979 2921 2119 2970 vobis
2155 2921 2431 2986 relinquens

277 3001 573 3067 exemplum,
600 3012 653 3050 ut
675 3004 948 3068 sequamini
967 3004 1161 3067 vestigia
1184 3002 1343 3067 ejus.»
1377 3004 1686 3068 Resurgendo
1708 3013 1869 3051 autem
1890 3003 2038 3051 vitam
2062 3001 2429 3051 immortalitatis

275 3079 556 3152 exhibendo
589 3083 882 3150 praedicavit.
917 3083 1237 3132 Ascendendo
1262 3083 1433 3132 docuit
1450 3100 1540 3132 nos
1571 3084 1682 3132 illuc
1704 3084 1878 3132 milites
1901 3100 2003 3132 esse
2025 3082 2304 3142 trahendOS,
2330 3098 2428 3146 quo

327 3232 539 3276 ¹Joan.,cap.
552 3244 577 3276 1,
597 3245 628 3269 v.
645 3238 728 3270 4.-
744 3237 859 3277 ²1sai.,
878 3245 950 3278 cap.
970 3245 1025 3278 tx,
1043 3245 1074 3270 v.
1095 3236 1170 3270 1.-
1187 3236 1314 3276 ³Ibid.‚
1389 3238 1498 3279 deest,
1530 3238 1589 3270 sed
1609 3238 1759 3270 restituta
1781 3237 1843 3270 ruit
1865 3237 1906 3270 ab
1931 3237 2114 3270 editoribus
2134 3235 2366 3268 Benedictints.
2392 3250 2430 3259 --

281 3293 311 3318 v-
334 3288 365 3319 3.
384 3305 425 3312 -
448 3289 459 3309 ⁴
473 3288 606 3323 Psalm.
626 3299 730 3331 xxxv,
747 3300 778 3323 v.
797 3292 847 3324 10.
863 3309 903 3315 -—
920 3292 933 3312 ⁸
955 3290 1050 3332 Luc„
1064 3299 1137 3332 cap.
1156 3298 1194 3332 11,
1211 3299 1243 3323 v.
1261 3292 1314 3324 32.
1387 3292 1399 3312 ⁸
1422 3290 1516 3323 Joan.
1530 3315 1539 3332 ,
1563 3300 1637 3332 cap.
1660 3300 1691 3331 1,
1717 3301 1747 3325 v.
1774 3293 1824 3325 14.
1858 3309 1898 3315 —
1922 3292 1935 3313 ⁸
1955 3291 2071 3332 Joan.,
2088 3300 2161 3331 cap.
2183 3299 2244 3330 xv,
2269 3298 2299 3321 v.
2320 3290 2370 3323 13.
2387 3303 2429 3312 -··

281 3338 473 3384 -—⁶Joan.‚
490 3352 563 3384 cap.
590 3351 665 3385 vm,
685 3353 717 3377 v.
742 3346 794 3379 25.
814 3361 848 3369 -—
876 3346 887 3366 ⁷
901 3344 973 3378 Vox
991 3344 1134 3378 minime
1155 3345 1189 3378 in
1203 3345 1316 3378 codice
1393 3345 1413 3366 ¹⁸
1426 3344 1515 3378 Petr.
1534 3344 1564 3385 l,
1590 3354 1662 3387 cap.
1685 3354 1729 3386 n,
1746 3355 1776 3379 v.
1796 3346 1850 3380 21.
