2638 3866
930 142 1273 241 TfiEOLOGtA
1320 193 1684 243 CHRlSTlANA.
2283 196 2378 244 445

237 292 466 359 elephans
513 303 670 356 natat,
709 305 757 344 et
796 309 948 359 agnus
989 294 1238 344 ambulat?
1273 297 1421 360 Cujus
1461 296 1659 362 quidem
1699 295 2009 360 intelligentia
2051 297 2117 345 ita
2158 297 2377 346 omnium

237 374 577 422 alimentorum
614 385 661 423 et
697 375 976 423 deliciarum
1011 377 1162 441 copiis
1199 376 1456 438 exuberat,
1497 388 1550 426 ut
1587 377 1688 425 sola
1724 377 1826 443 ipsa
1862 377 2036 443 triplici
2078 378 2379 444 expositione

235 454 579 519 perfectionem
610 465 769 503 teneat
797 455 1046 516 doctrinae,
1080 456 1129 504 in
1161 473 1255 522 qua
1278 457 1505 522 quislibet
1528 467 1576 506 et
1602 457 1874 505 dictaminis
1897 458 2196 519 suavitatem,
2223 460 2376 508 multo

234 534 438 601 amplius
467 546 611 601 atque
643 536 841 597 facilius,
876 552 1022 601 quam
1053 537 1183 602 apud
1215 548 1383 603 poetas
1414 538 1700 595 addisceret,
1735 548 1782 586 et
1816 538 1958 586 simul
1993 555 2184 587 morum
2220 539 2377 589 hone-

233 624 422 676 statem,
447 627 492 664 et
516 616 884 665 aedificationem
899 618 1072 665 animae
1090 618 1232 683 plene
1250 619 1534 684 perciperet.
1552 619 1671 677 Quis
1683 619 1832 678 enim,
1849 636 1949 666 nou
1970 619 2080 667 dico
2102 630 2372 686 poetarum,

232 698 569 745 verumetiam
597 697 1002 764 philosophorum
1034 699 1310 747 maturitate
1342 699 1615 748 dictaminis
1644 699 1841 748 beatum
1873 700 2239 765 Hieronymum,
2268 704 2375 767 quis

230 776 278 823 in
318 778 550 826 suavitate
583 778 779 827 beatum
817 779 1134 843 Gregorium,
1173 781 1280 845 quis
1312 781 1362 827 in
1396 780 1657 828 subtilitate
1688 780 1884 828 beatum
1919 782 2180 847 aequiparet
2216 787 2374 848 Augu-

229 858 432 905 stinum?
476 862 524 906 ln
562 859 643 907 illo
679 859 879 925 quidem
917 860 1167 908 Ciceronis
1205 860 1556 926 eloquentiam,
1599 863 1648 909 in
1688 862 1788 910 istis
1826 863 1975 909 Boetii
2014 865 2294 912 suavitatem
2328 876 2375 913 et

231 938 490 987 Aristotelis
528 940 743 988 invenies
773 940 1113 1001 subtilitatem3
1148 951 1213 1003 et,
1252 943 1303 989 ni
1337 942 1694 1005 fallor‚vmulto
1733 942 1961 1009 ampliuS,
1997 944 2033 991 si
2073 945 2373 1009 singulorum

226 1019 445 1067 conferas
469 1021 661 1086 scripta.
690 1021 821 1080 Quid
844 1021 905 1071 de
931 1023 1209 1087 eloquentia
1230 1023 1458 1088 Cypriani
1484 1024 1581 1071 sive
1604 1023 1824 1087 Origenis
1846 1034 1894 1071 et
1915 1024 2120 1071 aliorum
2146 1025 2373 1073 innume-

227 1098 449 1147 rabilium
502 1101 933 1150 ecclesiasticorum
974 1102 1265 1162 doctorum,
1310 1113 1409 1150 tam
1444 1106 1723 1151 Graecorum
1771 1120 1919 1169 quam
1970 1104 2276 1167 Latinorum,
2320 1107 2370 1153 in

225 1180 451 1228 omnibus
487 1181 755 1230 liberalium
792 1183 968 1231 artium
1004 1184 1172 1232 studiis
1208 1184 1679 1232 eruditissimorum?
1702 1185 1997 1250 Cyprianum
2030 1186 2079 1232 in
2113 1185 2372 1235 dictamine

223 1277 392 1308 omnes
415 1263 766 1311 transcendisse
791 1264 1005 1328 gentiles,
1038 1266 1255 1330 ipsorum
1285 1281 1481 1330 quoque
1512 1265 1759 1328 gentilium
1779 1265 1983 1331 Judicio‚
2010 1265 2177 1314 beatus
2207 1269 2370 1315 asserit,

222 1342 527 1406 Augustinus.
573 1343 665 1391 Ubi
702 1345 923 1410 quaedam
970 1345 1098 1394 dicta
1135 1346 1386 1410 cujusdam
1433 1346 1644 1411 epistolae
1681 1346 1907 1412 Cypriani
1957 1345 2154 1394 inducta
2192 1357 2304 1395 sunt
2342 1366 2366 1396 a

221 1421 501 1471 Christianis
523 1425 570 1472 in
593 1425 751 1491 ipsum
774 1426 1047 1474 certaminis
1070 1427 1352 1474 conflictum
1377 1427 1503 1475 inter
1522 1427 1808 1474 christianos
1831 1436 1877 1474 et
1903 1426 2102 1490 gentiles
2125 1427 2362 1484 habitum,

221 1504 304 1567 qui
337 1503 399 1551 de
434 1522 605 1552 eorum
637 1506 920 1555 doctoribus
956 1509 1006 1554 in
1036 1506 1265 1555 dictando
1303 1507 1675 1573 praevaluissent.
1709 1510 1831 1555 Sunt
1855 1518 2016 1556 autem
2044 1508 2146 1556 haec
2175 1509 2254 1558 illa
2276 1512 2361 1574 Cy⁴

220 1585 374 1647 priani
411 1585 555 1633 verba
591 1586 794 1634 dicentis
828 1587 1044 1652 quodam
1079 1588 1226 1636 loco:
1267 1609 1290 1632 «
1314 1593 1534 1636 Petamus
1572 1588 1699 1636 hanc
1735 1588 1938 1636 sedem:
1974 1588 2092 1636 daut
2129 1606 2364 1637 secessum

220 1665 371 1713 vicina
406 1676 602 1727 secreta,
643 1666 727 1714 ubi
758 1666 877 1714 dum
908 1668 1096 1716 erratici
1128 1668 1381 1734 palmitum
1414 1669 1577 1733 lapsus
1608 1669 1832 1734 pendulis
1869 1668 2069 1716 nexibus
2105 1687 2191 1734 per
2220 1686 2364 1717 arun-

216 1745 353 1794 dines
375 1745 560 1810 bajulas
583 1757 777 1812 repunt,
806 1748 983 1795 viteam
1008 1749 1249 1814 porticum
1275 1749 1479 1798 frondea
1501 1759 1627 1797 tecta
1647 1749 1878 1797 fecerunt.
1898 1770 1920 1792 ι)
1946 1752 2017 1796 De
2040 1766 2139 1814 quo
2165 1750 2361 1814 quidem

214 1825 474 1874 verborum
506 1828 710 1874 istorum
745 1836 936 1889 ornatu,
958 1828 1128 1876 beatus
1150 1830 1438 1893 Augustinus
1467 1830 1517 1877 in
1546 1840 1719 1895 quarto
1757 1828 1816 1876 de
1838 1831 2075 1877 Doctrina
2099 1829 2363 1878 clamis-tiana

215 1907 451 1967 meminit,
475 1907 661 1955 dicens¹
689 1926 699 1954 :
728 1908 943 1972 «Exigua
966 1918 1014 1956 et
1033 1908 1214 1974 fragilia
1240 1909 1371 1958 bona
1396 1927 1599 1976 spumeo
1619 1909 1879 1958 verborum
1902 1909 2087 1958 ambitu
2108 1920 2358 1959 ornantur.

212 1988 293 2033 Est
326 1986 419 2034 tale
455 1987 635 2052 aliquid
671 1989 719 2035 in
755 1988 958 2054 epistola
994 1990 1241 2055 Cypriani.
1285 1991 1359 2038 Ait
1395 2008 1509 2055 ergo
1548 1990 1763 2056 quodam
1794 1990 1904 2039 loco
1940 2011 1951 2039 :
1984 1995 2204 2039 Petamus
2236 1991 2362 2039 hanc

210 2066 405 2126 sedem,
435 2078 527 2116 etc.
560 2089 584 2114 »
619 2069 764 2128 Quod
785 2070 895 2117 siin
918 2070 1056 2118 brevi
1095 2072 1283 2136 assequi
1314 2071 1449 2135 juvat
1480 2071 1768 2119 christianos
1804 2072 2009 2120 lectores
2046 2081 2145 2119 tam
2187 2088 2360 2136 genera

210 2149 627 2196 constructionum
667 2165 813 2213 quam
850 2160 1047 2197 ornatus
1077 2149 1363 2211 verborum,
1399 2151 1539 2217 plene
1569 2151 1620 2199 id
1643 2152 1911 2217 percipient
1933 2169 1990 2199 ex
2014 2153 2126 2218 ipsis
2147 2151 2354 2211 artibus,

209 2243 315 2290 quae
335 2230 423 2276 ista
448 2246 506 2276 ex
531 2230 717 2294 integro
740 2239 788 2277 et
810 2240 974 2295 aperte
998 2231 1215 2292 tradunt,
1239 2233 1549 2296 grammatica
1570 2232 1765 2293 scilicet,
1787 2232 2052 2292 dialectica,
2081 2233 2322 2282 rhetorica
2344 2254 2353 2280 :

210 2325 298 2356 nec
333 2326 456 2374 opus
488 2319 560 2357 est
588 2310 672 2357 diu
697 2310 900 2359 detineri
924 2312 974 2358 in
1002 2311 1232 2360 fabulosis
1260 2322 1531 2377 poetarum,
1560 2322 1612 2359 ut
1639 2312 1741 2360 haec
1764 2312 2017 2377 colligant,
2046 2331 2152 2379 quae
2184 2313 2254 2362 ibi
2278 2325 2359 2362 aut

207 2405 335 2450 raro,
368 2399 450 2437 aut
477 2389 700 2448 obscure,
728 2401 812 2439 aut
843 2392 1121 2458 imperfecte
1145 2402 1389 2441 notantur.
1416 2393 1554 2440 Unde
1582 2409 1672 2441 nec
1693 2393 1872 2441 Tullius
1895 2394 1945 2441 in
1971 2394 2222 2442 Rhetorica
2246 2412 2357 2442 cum

205 2470 266 2517 ‹le
304 2470 578 2518 elocutione
614 2471 758 2537 plene
794 2473 1069 2533 instrueret,
1106 2474 1307 2539 poeticis
1340 2474 1410 2521 uti
1441 2473 1594 2521 voluit
1632 2474 1877 2540 exemplis,
1920 2475 2004 2522 sed
2043 2476 2268 2542 propriis,
2307 2477 2355 2523 in

204 2550 379 2614 quibus
416 2551 622 2617 plenius,
652 2563 707 2600 ut
737 2554 940 2619 ipsemet
970 2555 1053 2615 ait,
1088 2570 1165 2602 ars
1199 2555 1448 2603 emineret.
1477 2553 1607 2612 Quid
1639 2571 1753 2619 ergo
1790 2556 2004 2621 episcopi
2035 2565 2082 2603 et
2114 2555 2355 2620 religionis

205 2630 473 2678 christianae
486 2627 720 2680 ¹doctores
739 2642 906 2699 poetas
928 2650 956 2681 a
980 2634 1170 2682 civitate
1193 2636 1281 2682 Dei
1303 2651 1403 2683 non
1427 2644 1609 2695 arcent,
1637 2651 1761 2699 quos
1781 2651 1810 2682 a
1832 2636 2019 2683 civitate
2038 2635 2196 2683 saeculi
2222 2636 2353 2683 Plato

203 2711 443 2759 inhibuit?
467 2716 620 2761 Immo
642 2714 760 2779 quid
779 2715 827 2761 in
854 2715 1153 2762 solemnibus
1177 2732 1464 2779 magnarum
1486 2716 1796 2764 festivitatum
1820 2716 2007 2776 diebus,
2037 2734 2142 2781 quae
2164 2718 2354 2782 penitus

203 2793 249 2838 in
274 2791 497 2840 laudibus
515 2795 604 2840 Dei
625 2794 831 2859 expendi
855 2794 1051 2855 debent,
1074 2795 1384 2858 joculatores,
1415 2795 1681 2855 saltatores,
1712 2797 2053 2858 incantatoreS,
2082 2807 2352 2846 cantatores

202 2873 415 2938 turpium
451 2874 641 2921 acciunt
677 2874 738 2921 ad
777 2892 1011 2934 mensam,
1049 2885 1199 2923 totam
1236 2875 1365 2923 diem
1399 2885 1447 2923 et
1482 2885 1676 2924 noctem
1716 2893 1826 2923 cum
1867 2877 1958 2924 illis
1995 2877 2184 2939 feriant,
2209 2888 2351 2944 atque

199 2953 516 3014 sabbatizant,
551 2955 736 3019 magnis
762 2954 1080 3020 postmodum
1107 2971 1190 3002 eos
1215 2966 1524 3004 remunerant
1555 2957 1779 3023 praemiis,
1807 2974 1913 3022 quae
1937 2957 1999 3005 de
2022 2957 2352 3008 ecclesiasticis
2386 3011 2392 3016 ⁸

200 3034 392 3099 rapiunt
432 3034 697 3098 beneficiis,
730 3035 791 3083 de
827 3034 1154 3083 oblationibus
1191 3038 1480 3102 pauperum,
1525 3046 1576 3084 ut
1618 3037 1872 3086 immolent
1900 3047 2036 3087 certe
2075 3038 2350 3088 daemoniis?

201 3116 332 3170 Qum
363 3132 482 3163 mnu
515 3125 626 3163 sunt
658 3115 775 3164 tales
807 3116 1081 3176 histriones,
1117 3116 1207 3163 nisi
1234 3133 1495 3182 praecones,
1530 3127 1576 3165 et
1615 3128 1666 3165 ut
1700 3118 1762 3165 ita
1799 3118 1977 3179 dicam,
2014 3120 2220 3184 apostoli
2252 3121 2349 3169 dae-

242 3304 247 3320 ¹
264 3300 402 3342 August.
423 3304 461 3336 de
476 3304 568 3337 Doct.
588 3304 733 3348 Christ.2
766 3306 808 3339 ib,
829 3304 886 3347 tv,
908 3314 978 3347 cap.
998 3314 1063 3337 xtr-
