2638 3866
971 271 1319 320 THEOLOGIA
1355 272 1703 321 CHRISTIANA
1713 307 1724 318 .
2331 273 2426 322 529

271 370 444 430 factuS,
484 369 597 434 quia
630 385 731 417 non
768 379 839 417 est
874 385 933 416 ex
968 369 1148 431 nihilo,
1185 371 1271 420 sed
1309 389 1366 420 ex
1404 375 1508 420 Deo
1549 375 1686 421 Patre
1720 382 1767 419 et
1802 375 1906 420 Deo
1942 372 2059 421 Filio
2092 375 2222 420 Deus
2257 389 2426 438 proce·

270 450 449 499 dens.»
484 453 552 497 Ex
580 450 655 497 bis
677 450 838 514 itaque
867 450 1150 498 testimoniis
1172 452 1357 500 clarum
1381 462 1452 500 est
1484 455 1675 500 Patrem
1702 454 1860 519 ipsum
1883 453 2086 501 aliarum
2111 469 2427 519 personarum

271 548 468 580 causam
489 531 588 579 sive
609 530 900 597 principium
923 531 1292 596 quodammodo
1317 532 1430 596 dici,
1458 533 1507 580 in
1531 550 1589 581 eo
1614 533 1791 582 scilicet
1813 534 1949 599 quod
1971 534 2074 583 aliae
2091 534 2196 583 duae
2213 552 2430 601 personae

274 628 333 659 ex
357 612 464 678 ipso
482 628 584 659 esse
607 611 790 659 habent
819 629 829 658 ε
856 612 1006 660 altera
1031 612 1229 676 quidem
1250 613 1515 675 nascendo,
1541 613 1602 661 de
1625 630 1721 679 qua
1745 613 1931 661 dictum
1954 625 2026 662 est
2051 634 2061 662 z
2089 616 2237 663 altera
2260 633 2429 682 proce·

271 692 458 754 dend0,
482 692 544 740 de
566 708 663 757 qua
684 691 948 740 dicendum
969 696 1083 741 est¹².
1109 696 1167 741 Et
1191 710 1280 742 nos
1303 694 1504 759 quidem
1526 711 1722 742 sensum
1745 704 2026 743 sanctorum
2049 696 2265 744 virorum
2291 714 2431 745 vene-

275 782 453 833 rantes,
492 771 637 821 verba
673 789 845 820 eorum
885 775 1046 821 minus
1083 791 1215 822 nunc
1252 774 1573 841 approbanda
1604 792 1705 824 esse
1742 792 2011 837 censemus,
2050 786 2104 824 ut
2127 776 2348 825 videlicet
2382 778 2428 826 id

272 852 493 900 dIcamus
526 852 708 901 habere
732 853 1028 919 principium
1053 854 1189 919 quod
1220 865 1292 902 est
1312 866 1563 918 aeternum,
1594 872 1650 904 ac
1673 872 1759 921 per
1786 855 1883 902 hoc
1919 856 2021 903 sine
2052 857 2291 922 principio
2316 868 2387 905 est
2417 877 2427 904 :

277 933 351 981 vel
383 933 434 981 id
468 933 687 981 dicamus
720 933 902 982 habere
937 951 1133 983 causam
1162 935 1298 1000 quod
1334 953 1436 984 non
1470 936 1699 984 convenit
1734 935 1959 983 effectum
1996 936 2114 996 dici,
2150 954 2260 985 cum
2299 938 2432 986 nullo

276 1013 426 1062 modo
452 1013 577 1062 effici
605 1015 682 1063 vel
706 1013 807 1062 fieri
828 1016 992 1081 possit,
1020 1016 1071 1063 id
1093 1016 1228 1082 quod
1251 1016 1387 1065 nullo
1416 1017 1565 1065 modo
1591 1034 1692 1065 non
1716 1033 1819 1064 esse
1842 1026 2019 1082 potest,
2047 1016 2133 1065 sed
2164 1018 2353 1083 penitus
2376 1036 2432 1066 ex

276 1096 556 1144 necessitate
592 1106 678 1144 est.
709 1096 902 1163 Quippe
935 1098 975 1145 si
1004 1097 1059 1146 fit
1087 1098 1288 1164 aliquid,
1327 1109 1383 1146 ut
1410 1100 1476 1146 ait
1510 1099 1611 1165 ipse
1643 1115 1842 1164 quoque
1871 1098 2168 1161 Aristoteles,
2210 1116 2309 1146 non
2343 1109 2429 1147 est.

276 1178 383 1242 Ipse
417 1178 563 1225 etiam
591 1178 884 1242 Augustinus
906 1196 995 1226 nec
1022 1180 1110 1227 ista
1133 1180 1280 1228 verba
1305 1197 1406 1228 sese
1433 1179 1705 1246 approbare
1729 1179 1842 1227 satis
1864 1179 2093 1240 insinuat,
2131 1179 2214 1227 ubi
2236 1197 2432 1228 omnem

276 1273 473 1305 causam
489 1258 718 1324 superius
749 1258 1042 1307 efficientem
1073 1260 1275 1323 dixerat,
1313 1271 1360 1308 et
1385 1261 1618 1325 majorem
1642 1277 1742 1308 esse
1778 1260 1949 1308 effectu
1976 1278 2065 1308 suo
2093 1279 2105 1308 ι
2138 1277 2194 1308 ac
2223 1278 2309 1326 per
2339 1260 2435 1308 hoc

277 1354 477 1385 omnem
513 1355 709 1387 causam
741 1356 771 1387 a
800 1340 1049 1389 voluntate
1082 1342 1172 1389 Dei
1206 1352 1440 1403 removet,
1478 1351 1530 1389 ut
1560 1341 1679 1389 nihil
1703 1340 1927 1388 videlicet
1952 1357 2096 1388 causa
2118 1351 2241 1389 esset
2263 1341 2436 1389 divinae

279 1418 556 1468 voluntatis.
586 1421 681 1479 Qui
706 1421 851 1469 etiam
875 1422 925 1469 in
955 1423 1061 1487 ipso
1086 1421 1210 1470 libro
1236 1421 1293 1469 de
1314 1424 1567 1483 Trim‘tate,
1597 1422 1681 1470 ubi
1705 1421 1972 1488 specialiter
1997 1421 2059 1469 de
2085 1422 2186 1488 ipsa
2210 1422 2436 1471 Trinitate

276 1498 479 1548 definire
518 1498 751 1564 intendit,
793 1502 1032 1550 incertum
1074 1503 1216 1552 nobis
1254 1504 1448 1569 reliquit
1483 1502 1618 1569 quod
1652 1519 1863 1550 asserere
1899 1518 2000 1549 non
2037 1512 2109 1549 est
2143 1518 2315 1562 ausus,
2353 1502 2438 1550 sed

282 1580 550 1629 dubitative
591 1583 795 1648 protulit
833 1599 889 1630 ac
921 1584 1011 1631 sub
1046 1585 1310 1650 quaestione
1346 1585 1558 1633 deseruit
1598 1600 1660 1631 an
1697 1582 1923 1632 videlicet
1960 1586 2099 1631 Pater
2141 1583 2436 1649 principium

277 1660 512 1709 dicendus
543 1663 603 1710 sit
627 1663 829 1711 aliarum
854 1681 1191 1730 personarum.
1222 1666 1298 1713 Ait
1317 1666 1500 1731 quippe
1522 1665 1591 1712 sic
1616 1664 1682 1711 ibi
1703 1664 1831 1711 libro
1851 1666 1912 1724 V,
1936 1663 2148 1729 capitulo
2168 1681 2249 1711 xm
2273 1683 2284 1711 z
2315 1684 2338 1706 «
2357 1664 2437 1711 Di-

277 1742 402 1789 citur
431 1743 627 1791 relative
656 1747 794 1792 Pater
827 1744 1053 1811 idemque
1082 1746 1278 1795 relative
1312 1746 1626 1812 principium.
1663 1744 1759 1792 Sed
1793 1747 1932 1792 Pater
1961 1745 2022 1792 ad
2047 1744 2218 1792 Filium
2243 1744 2434 1805 dicitur,

277 1823 574 1889 principium
606 1840 723 1871 vero
751 1824 814 1872 ad
850 1826 1015 1874 omnia
1044 1843 1150 1891 quae
1186 1826 1248 1874 ab
1285 1827 1389 1892 ipso
1423 1836 1552 1874 sunt.
1579 1846 1602 1870 >›
1630 1829 1750 1873 Item
1790 1843 1801 1871 ε
1838 1828 1940 1871 «Et
1970 1825 2264 1891 principium
2295 1825 2439 1874 Filius

276 1901 469 1950 dicitur.
496 1906 621 1951 Cum
656 1905 787 1952 enim
814 1905 1056 1954 diceretur
1078 1907 1123 1955 ei
1157 1926 1168 1955 ε
1194 1910 1283 1968 Tu,
1311 1908 1420 1973 quis
1443 1907 1528 1955 es?
1563 1905 1847 1972 Respondit¹
1881 1923 1892 1952 ε
1919 1906 2254 1972 «Principium
2284 1908 2369 1971 qui
2393 1917 2438 1955 et

277 1981 454 2048 loquor
476 1984 633 2032 vobis.
655 2005 678 2029 2>
707 1987 988 2034 Creatorem
1011 1989 1194 2055 quippe
1215 2005 1264 2036 se
1282 1988 1536 2036 ostendere
1558 1987 1729 2047 voluit,
1763 2003 1876 2033 cum
1899 2003 1949 2033 se
1972 1985 2147 2034 dixerit
2172 2003 2275 2034 esse
2300 1988 2440 2051 prin-

277 2064 485 2130 cipium3
522 2066 645 2113 sicut
681 2076 729 2114 et
764 2070 904 2115 Pater
928 2069 1222 2134 principium
1258 2081 1329 2117 est
1363 2079 1616 2129 creaturae,
1645 2066 1781 2132 quod
1815 2066 1876 2113 ab
1911 2067 2018 2131 ipso
2056 2077 2168 2114 sunt
2201 2068 2383 2115 omnia.
2411 2087 2434 2112 υ

278 2145 433 2192 Item:
465 2166 486 2191 ι(
511 2149 675 2194 Unum
706 2164 821 2211 ergo
852 2148 1150 2215 principium
1178 2149 1242 2196 ad
1273 2159 1546 2210 creaturam
1581 2148 1754 2195 dicitur
1776 2149 1923 2207 DeuS,
1962 2163 2063 2194 non
2095 2145 2215 2208 duo,
2243 2148 2319 2195 vel
2348 2148 2438 2197 tria

339 2304 353 2321 ⁸
382 2296 599 2341 Iohannes
615 2294 955 2358 'Chrysostomus
986 2316 1114 2361 super
1145 2301 1370 2361 epistolam
1399 2299 1523 2343 Pauli
1553 2298 1610 2343 ad
1642 2298 1851 2342 Hebraeos
1873 2298 2082 2341 Sermone
2113 2315 2159 2342 x1
2188 2315 2198 2342 ε
2231 2320 2247 2336 «
2270 2299 2438 2344 Sadech

272 2362 447 2418 justitiae
480 2363 651 2419 dicitur,
692 2365 862 2412 Melcha
894 2382 998 2410 vero
1029 2383 1122 2410 rex.
1172 2366 1492 2410 Melchisedech
1526 2382 1630 2427 ergo
1661 2380 1737 2408 rex
1764 2364 1953 2422 justitiae.
1999 2363 2233 2418 Quomodo
2269 2366 2439 2408 initium

279 2427 449 2471 dierum
493 2445 634 2489 neque
675 2430 807 2474 finem
837 2432 935 2475 vitae
968 2432 1147 2489 habuit,
1180 2433 1403 2493 quomodo
1438 2434 1484 2476 in
1524 2448 1576 2476 eo
1608 2448 1698 2475 non
1733 2441 1797 2474 est
1842 2440 2011 2473 narrata
2055 2431 2305 2490 genealogia
2321 2465 2332 2486 ,
2380 2433 2439 2474 sic

277 2504 323 2536 et
338 2495 507 2538 Christo
534 2496 625 2556 ipsa
648 2507 802 2540 natura
832 2499 896 2542 rei
918 2509 961 2542 et
980 2500 1071 2542 sine
1092 2500 1217 2542 initio
1246 2510 1291 2542 et
1312 2500 1403 2542 sine
1424 2496 1510 2541 fine
1532 2507 1611 2541 est.
1637 2497 1754 2540 Sicut
1776 2496 1894 2538 enim
1916 2495 2033 2538 istius
2055 2496 2266 2538 nescimus
2299 2512 2437 2555 neque

277 2560 448 2603 initium
475 2561 644 2606 dierum
677 2579 818 2623 neque
848 2564 980 2608 finem
1002 2566 1102 2608 vitae
1121 2598 1133 2621 ,
1159 2565 1279 2625 quod
1301 2580 1391 2608 non
1415 2565 1467 2607 sit
1488 2564 1692 2624 scriptum
1706 2595 1718 2616 ,
1740 2563 1799 2604 sic
1822 2571 1866 2603 et
1888 2561 2100 2603 nescimus
2122 2560 2218 2603 Filii
2245 2560 2312 2603 vel
2350 2563 2436 2604 ini-

278 2625 386 2668 tium
409 2627 478 2670 vel
497 2626 643 2672 finem.
661 2650 677 2667 n
709 2631 821 2672 Item
844 2645 854 2673 z
880 2651 897 2668 a
918 2632 1101 2674 Intueris
1122 2633 1213 2674 sine
1236 2632 1360 2674 initio
1382 2631 1556 2682 Filium,
1584 2645 1674 2672 non
1696 2628 1796 2687 quia
1819 2642 1908 2669 non
1931 2626 2064 2668 habet
2085 2641 2257 2668 causam
2276 2641 2331 2668 ex
2353 2643 2439 2685 qua

279 2692 357 2746 sit;
376 2693 461 2736 hoc
483 2694 599 2737 enim
622 2695 885 2756 impossibile
902 2709 980 2741 est.
1012 2697 1158 2741 Habet
1172 2713 1358 2757 namque
1379 2697 1568 2747 Patrem,
1591 2694 1783 2754 alioquin
1800 2691 2022 2752 quomodo
2046 2691 2204 2734 Filius?
2227 2691 2312 2734 Sed
2335 2693 2437 2751 quia

281 2773 371 2800 non
390 2759 583 2802 habebat
603 2761 778 2804 initium
798 2763 897 2805 vitae
913 2799 921 2815 ,
948 2779 1089 2823 neque
1110 2763 1257 2807 finem.
1293 2785 1309 2801 »

339 2823 405 2866 Ex
425 2824 537 2868 libro
553 2825 854 2880 Quaestionum
875 2829 1031 2871 Orosii.
1056 2829 1127 2871 Ad
1150 2829 1436 2889 Augustinum
1457 2826 1632 2869 Orosius
1650 2841 1659 2867 :
1684 2823 1919 2866 voluntate
1938 2824 2086 2883 genuit
2106 2823 2233 2866 Pater
2258 2823 2430 2876 Filium,

280 2904 337 2931 an
358 2890 642 2934 necessitate?
669 2893 946 2953 Augustinus.
973 2894 1064 2937 Nec
1090 2894 1329 2945 voluntate,
1357 2909 1438 2937 nec
1459 2892 1709 2935 necessitate
1737 2906 1746 2933 ε
1768 2890 1868 2948 quia
1892 2889 2119 2932 necessitas
2148 2890 2194 2932 in
2228 2891 2323 2933 Deo
2347 2907 2436 2934 non

279 2965 344 2997 est
361 2987 373 3010 ,
399 2956 550 3015 praeire
571 2956 770 3000 voluntas
795 2958 1048 3018 sapientiam
1071 2975 1160 3002 non
1189 2971 1347 3019 potest.
1382 2960 1517 3019 Igitur
1539 2957 1655 3017 prius
1676 2966 1740 2999 est
1763 2955 2077 2998 rationabiliter
2099 2971 2268 3014 sapere,
2306 2972 2436 3015 quam

279 3021 593 3065 rationabiliter
603 3022 730 3066 velle.
751 3024 865 3066 Nam
883 3024 1061 3083 quidam
1078 3036 1287 3079 nostrum,
1307 3041 1406 3068 cum
1426 3040 1526 3067 eum
1546 3023 1848 3082 interrogasset
1863 3021 2109 3072 haereticus,
2127 3031 2273 3064 utrum
2288 3021 2437 3065 volens

280 3101 337 3127 an
359 3086 510 3131 nolens
530 3090 724 3148 genuerit
739 3090 866 3133 Pater
878 3090 1060 3134 Filium?
1075 3091 1347 3135 laudabiliter
1367 3089 1637 3151 respondisse
1661 3088 1810 3137 fertur,
1838 3087 1933 3137 Dic,
1962 3087 2117 3146 inquit,
2146 3097 2190 3128 et
2212 3098 2274 3138 tu,
2299 3088 2436 3131 haere-

280 3150 383 3202 tice,
409 3153 526 3196 Deus
556 3153 683 3197 Pater
703 3155 953 3199 necessitate
983 3167 1045 3199 est
1066 3157 1204 3207 Deus,
1232 3172 1288 3199 an
1309 3155 1560 3199 voluntate?
1586 3154 1630 3197 Si
1665 3154 1839 3196 dixisset
1867 3153 2116 3196 necessitate
2132 3187 2141 3201 ‚
2180 3154 2436 3212 sequebatur

278 3217 453 3275 grandis
473 3218 711 3264 absurditas
738 3237 748 3264 :
767 3223 801 3265 si
816 3222 1052 3277 voluntate,
1069 3222 1413 3282 respondebatur
1430 3221 1491 3264 illi
1514 3237 1524 3264 z
1544 3221 1659 3281 Ergo
1685 3219 1904 3263 voluntate
1919 3230 1982 3261 est
1998 3219 2125 3267 Deus,
2151 3235 2241 3261 non
2261 3230 2427 3261 natura.

324 3385 332 3402 ¹
351 3381 461 3426 Joan„
477 3395 550 3428 cap.
569 3396 639 3427 vm.
657 3399 687 3424 v.
701 3392 754 3424 25.

444 3460 476 3484 11
2225 3451 2274 3486 67
