2638 3866
0 2680 74 2753 ,οἷς

827 179 1211 228 INTRODUCTIO
1245 177 1327 227 AD
1362 178 1755 229 THEOLOGIAM.
2309 183 2371 233 55

210 284 450 354 praedictis
468 283 780 350 Septuaginta
792 271 943 331 multa
958 281 1242 347 hujusmodi
1258 280 1467 340 reticeri,
1487 290 1541 328 ut
1557 290 1629 328 est
1643 280 1762 329 illud
1775 283 1788 306 ¹
1813 300 1825 329 z
1847 300 1871 327 «
1891 283 1959 329 Ex
1976 283 2185 347 AEgypto
2202 285 2371 332 vocavi

210 367 367 417 filium
383 382 567 428 meum,
593 374 687 413 etc.
703 382 727 410 »
749 365 817 412 Ex
837 379 938 429 quo
955 361 1196 429 liquidum
1210 372 1282 411 est
1299 361 1598 411 Platonicam
1612 371 1790 410 sectam
1807 361 1921 411 fidei
1939 372 2116 412 sanctae
2133 363 2373 413 Trinitatis

208 447 475 516 plurimum
509 462 699 512 semper
732 444 969 506 assentiri,
999 453 1046 492 et
1077 460 1184 492 eam
1219 443 1496 510 diligentius
1529 442 1711 491 caeteris
1747 443 1976 492 omnihus
2007 444 2310 511 philosophis
2341 463 2367 494 a

210 527 429 587 Platone,
455 536 503 574 et
525 525 813 592 sequacibus
840 525 943 590 ejus
963 525 1194 591 distingui
1219 541 1275 572 ac
1309 523 1535 573 describi.
1570 523 1708 572 Unde
1733 534 1782 572 et
1806 541 1905 572 non
1931 526 2171 574 immerito
2196 527 2243 574 in
2268 527 2371 591 ejus

208 609 404 658 laudem
428 606 645 656 Valerius
674 607 911 655 Maximus
942 606 1018 654 his
1047 597 1325 672 prorumpit
1357 605 1542 655 verbis*
1576 623 1587 653 ε
1619 606 1751 654 «Sed
1787 606 1988 655 Platone
2017 608 2221 673 parvulo
2255 608 2373 656 dor·

211 690 391 739 miente
412 690 462 737 in
487 688 642 750 cuniS,
670 687 765 736 mel
785 704 899 753 apes
930 687 1238 735 inseruerunt
1270 687 1372 750 ejus
1400 686 1555 735 labiis.
1588 689 1697 745 Qua
1725 687 1975 736 reaudita
1993 726 2005 747 ,
2037 689 2372 753 prodigiorum

210 771 495 836 interpretes
532 769 822 833 singularem
866 768 1047 834 eloquii
1088 768 1373 816 suavitatem
1418 785 1503 816 ore
1545 768 1646 832 ejus
1693 778 2027 816 emanaturam
2071 769 2312 818 dixerunt.
2344 792 2367 815 »

210 850 536 901 Excellentius
566 858 727 898 autem
755 860 803 898 et
825 846 1194 917 coffienientius
1224 849 1286 898 ad
1316 848 1736 916 interpretandum
1765 866 1868 897 esse
1896 867 1994 897 non
2021 849 2212 911 dubito,
2238 852 2277 898 si
2308 852 2369 900 ad

212 931 386 981 divinae
407 929 606 979 Deitatis
629 931 831 996 gloriam
853 930 951 980 hoc
977 930 1262 979 miraculum
1285 930 1536 991 reseratur,
1564 941 1616 979 ut
1639 930 1737 978 hoc
1760 931 1804 979 ei
1828 933 1958 978 Deus
1981 931 2167 995 insigne
2191 949 2367 997 praesa·

211 1013 275 1078 gii
304 1011 562 1074 conferret,
604 1013 687 1077 qui
712 1011 971 1060 divinitatis
1000 1029 1096 1059 suae
1131 1028 1219 1078 per
1248 1029 1359 1059 eum
1389 1011 1664 1076 diligentius
1694 1028 1871 1060 arcana
1902 1011 2199 1061 revelaturus
2227 1024 2365 1062 esset.

210 1092 481 1159 Oportebat
503 1093 702 1159 quippe,
732 1102 785 1140 ut
809 1109 1008 1141 summae
1024 1092 1236 1159 Sophiae,
1255 1110 1361 1158 quae
1373 1092 1592 1144 Christus
1615 1103 1702 1155 est,
1727 1093 1945 1141 Verbum
1970 1093 2193 1141 videlicet
2215 1104 2262 1142 et
2286 1096 2370 1143 Sa-

207 1174 390 1241 pientia
406 1174 495 1222 Dei
508 1175 677 1237 Patris,
696 1192 914 1223 summus
928 1174 1250 1241 philosophus
1269 1175 1467 1240 ejusque
1480 1191 1711 1240 sequaces
1725 1174 1990 1240 plurimum
2007 1184 2362 1224 attestarentur.

210 1255 352 1304 Unde
375 1265 422 1303 et
440 1255 576 1319 juxta
599 1257 935 1320 Augustinum,
962 1255 1215 1322 Apostolus
1238 1256 1608 1303 Atheniensibus
1640 1257 1871 1321 loquens,
1898 1267 1951 1304 ut
1975 1273 2119 1322 supra
2143 1258 2366 1305 memini-

207 1352 335 1397 mus,
361 1352 473 1383 cum
500 1352 604 1383 rem
627 1353 854 1401 magnam
876 1337 1087 1400 dixisset,
1112 1347 1158 1385 et
1182 1354 1287 1401 quae
1311 1354 1338 1384 a
1362 1338 1529 1403 paucis
1548 1347 1710 1403 posset
1730 1337 1947 1401 intelligi,
1970 1338 2105 1403 quod
2135 1358 2158 1382 «
2171 1339 2218 1385 in
2240 1339 2323 1386 illo
2339 1358 2362 1385 »

204 1416 403 1476 scilicet,
438 1417 699 1478 «vivimus,
727 1435 1000 1479 movemur,
1032 1429 1079 1466 et
1106 1436 1289 1478 sumus,
1310 1438 1333 1464 »
1364 1419 1555 1482 adjecit,
1586 1439 1608 1463 «
1625 1419 1747 1466 sicut
1770 1429 1816 1466 et
1841 1420 1987 1467 vestri
2012 1419 2211 1483 quidam
2231 1419 2365 1468 dixe-

204 1499 349 1546 runt³
369 1518 391 1542 >2
420 1497 673 1546 Platonem
696 1501 876 1565 quippe
893 1499 1235 1547 Atheniensem
1252 1499 1395 1554 fuisse
1411 1509 1613 1547 constat.
1635 1498 1761 1546 Illud
1780 1509 1940 1547 autem
1962 1501 2011 1547 in
2029 1517 2128 1565 quo
2145 1518 2247 1548 non
2268 1518 2369 1549 me-

207 1578 435 1627 diocriter
461 1595 641 1626 errasse
666 1579 801 1627 Plato
826 1589 874 1628 et
897 1580 1087 1629 videtur
1106 1590 1153 1628 et
1175 1580 1368 1642 dicitur,
1391 1580 1530 1642 illud,
1552 1580 1769 1645 inquam,
1797 1580 1933 1645 quod
1958 1582 2172 1629 animam
2195 1582 2366 1629 mundi

204 1658 380 1708 factam
403 1675 506 1707 esse
530 1658 664 1722 dicit,
695 1660 792 1708 hoc
817 1671 889 1709 est
917 1662 1110 1709 initium
1143 1660 1385 1722 habuisse,
1419 1671 1467 1707 et
1496 1660 1631 1725 quod
1656 1677 1801 1725 supra
1825 1661 2124 1722 Macrobius,
2159 1679 2272 1710 cum
2305 1662 2367 1711 de

204 1741 366 1789 anima
394 1740 567 1788 mundi
588 1740 889 1806 loqueretur,
919 1742 1118 1790 asseruit
1141 1745 1298 1789 Deum
1327 1752 1374 1789 et
1396 1744 1578 1805 qum⁶
1599 1742 1718 1789 citra
1740 1742 1955 1790 animam
1980 1760 2101 1803 esse,
2126 1744 2261 1808 quasi
2287 1761 2365 1791 su-

201 1821 416 1887 periores
448 1820 697 1885 dignitate,
728 1838 842 1870 cum
872 1833 1063 1872 constat
1088 1824 1211 1871 inter
1238 1823 1514 1871 Catholicos
1543 1833 1639 1871 tres
1661 1840 1892 1889 personas
1924 1825 1971 1871 in
1998 1824 2249 1873 divinitate
2279 1841 2366 1890 per

204 1903 368 1951 omnia
400 1901 493 1950 sibi
526 1903 732 1966 aequales
761 1913 807 1951 et
838 1914 1101 1952 coaeternas
1132 1904 1224 1953 sibi
1258 1922 1384 1966 esse,
1419 1906 1459 1952 si
1491 1904 1768 1969 diligentius
1800 1905 2076 1967 attendant,
2106 1923 2135 1954 a
2163 1907 2365 1954 veritate

202 1999 303 2031 non
342 1983 606 2046 exorbitat3
649 1985 771 2032 sicut
820 1986 1135 2051 postmodum
1181 1986 1492 2035 ostendemus
1529 1987 1589 2034 de
1623 1987 1932 2052 processione
1975 1988 2177 2053 Spiritus
2214 1987 2366 2044 sancti

203 2063 530 2113 disserentes⁵.
559 2069 667 2113 Non
693 2067 825 2114 enim
848 2069 951 2116 sine
974 2085 1118 2116 causa
1143 2067 1223 2116 hic
1243 2068 1566 2134 philosophus
1591 2085 1688 2133 prae
1711 2070 1888 2116 caeteris
1912 2068 2282 2117 commendatur
2300 2068 2364 2118 ab

203 2146 433 2194 omnibus
459 2157 557 2195 tam
586 2146 834 2208 fidelibus,
868 2159 1090 2215 utsupra
1118 2150 1460 2211 meminimus,
1478 2165 1628 2215 quam
1658 2148 1949 2197 infidelibus.
1981 2152 2102 2198 Cum
2126 2150 2287 2214 itaque
2309 2150 2359 2197 in

203 2225 339 2271 omni
357 2223 579 2273 doctrina
602 2225 925 2292 philosophiae
942 2228 1194 2276 Platonica
1216 2238 1344 2276 secta
1370 2228 1610 2287 enituerit,
1635 2228 1771 2292 juvat
1796 2229 1940 2276 etiam
1964 2229 2237 2293 aliquorum
2260 2228 2362 2274 Pla-

202 2305 481 2353 tonicorum
515 2308 792 2356 testimonia
816 2308 1011 2368 inferre,
1040 2326 1146 2374 quae
1166 2309 1296 2357 idem
1317 2319 1454 2375 pater
1480 2310 1769 2373 Augustinus
1791 2310 1842 2357 in
1866 2313 1949 2357 VII
1976 2308 2362 2374 Confessionam⁶

201 2398 550 2436 commemorat
583 2388 633 2436 in
667 2390 856 2455 scriptis
893 2407 942 2438 se
977 2407 1149 2438 eorum
1178 2392 1427 2456 reperisse.
1463 2393 1516 2437 In
1553 2390 1729 2456 quibus
1756 2391 1956 2456 quidem
1991 2391 2087 2439 fere
2118 2400 2218 2438 tota
2248 2389 2361 2437 fidei

200 2477 376 2515 nostrae
397 2484 588 2517 summa
621 2469 748 2518 circa
785 2470 1086 2519 divinitatem
1106 2471 1253 2519 Verbi
1277 2472 1576 2537 apertissima
1606 2473 1900 2532 continetur,
1937 2473 2059 2519 sicut
2089 2473 2191 2537 ipsa
2226 2480 2360 2536 post-

201 2548 405 2596 modum
439 2549 616 2598 tradita
639 2561 711 2598 est
746 2568 774 2599 a
807 2554 1009 2600 summis
1046 2553 1364 2620 scriptoribus
1398 2554 1514 2601 novi
1536 2555 1843 2615 Testamenti,
1880 2557 2067 2601 Joanne
2102 2551 2280 2600 scilicet
2312 2562 2360 2599 et

202 2629 350 2677 Paulo
367 2631 613 2695 apostolis.
637 2631 714 2679 Ait
730 2634 913 2699 quippe
934 2635 1224 2697 Augustinus
1246 2634 1427 2682 ibidem
1450 2635 1511 2683 ad
1534 2635 1761 2682 eumdem
1779 2651 2054 2682 sermonem
2075 2632 2354 2680 intendens:

153 2690 163 2801 ι
205 2729 228 2753 α
249 2712 523 2760 Procurasti
535 2713 654 2760 mihi
669 2730 756 2778 per
766 2714 1031 2779 quemdam
1042 2715 1296 2763 hominem
1310 2716 1661 2763 immanissimo
1678 2715 1826 2780 typho
1839 2714 2103 2778 turgidum,
2119 2713 2358 2778 quosdam

202 2789 566 2840 Platonicorum
587 2793 739 2842 libros
763 2812 820 2843 ex
849 2797 1015 2844 Graeca
1037 2796 1200 2860 lingua
1223 2797 1273 2843 in
1300 2796 1519 2842 Latinam
1542 2811 1726 2852 versos,
1752 2804 1799 2842 et
1825 2794 1891 2841 ibi
1911 2794 2003 2859 legi
2029 2811 2130 2841 non
2159 2795 2356 2859 quidem

200 2870 301 2918 istis
317 2870 491 2934 verbis,
513 2873 599 2920 sed
617 2873 714 2921 hoc
732 2874 864 2922 idem
881 2877 1085 2923 omnino
1104 2875 1267 2923 multis
1281 2885 1328 2923 et
1348 2874 1693 2940 multiplicibus
1710 2875 1902 2923 suaderi
1915 2874 2203 2934 rationibuS‚
2224 2876 2355 2940 quod

199 2949 249 2997 in
272 2952 511 3018 principio
535 2964 638 3002 erat
661 2955 902 3015 Verbum,
930 2965 978 3002 et
1006 2955 1216 3004 Verbum
1241 2966 1342 3004 erat
1378 2956 1510 3022 apud
1531 2959 1687 3003 Deum
1702 2994 1715 3019 ,
1744 2965 1791 3004 et
1815 2959 1944 3004 Deus
1976 2966 2078 3005 erat
2098 2955 2313 3004 Verbum
2340 2972 2351 3002 ε

245 3136 329 3169 ‘Ose
345 3147 418 3178 cap.
433 3147 482 3179 XI,
500 3148 533 3171 v..
553 3141 583 3173 1.
604 3157 641 3162 —
658 3140 752 3173 ²Lib.
773 3142 800 3181 l,
817 3150 888 3182 cap.
907 3150 957 3175 vl.
970 3142 1103 3175 —3Act
1117 3142 1247 3191 Apum,
1319 3142 1488 3181 subticuit,
1511 3147 1547 3173 ut
1570 3142 1692 3174 dictum
1720 3141 1868 3183 Apostoli
1895 3149 2007 3184 posset
2029 3145 2206 3177 attribuere
2231 3141 2355 3175 Platoni

201 3198 273 3230 cap.
288 3199 411 3231 xvl1‚v.
425 3195 477 3226 28.
487 3193 523 3225 ln
535 3194 672 3227 Actibus
680 3196 935 3237 Apostolorum,
947 3202 983 3228 ut
994 3202 1082 3228 recte
1099 3197 1247 3229 animad-
1317 3206 1415 3238 quem
1425 3196 1656 3228 Atheniensem
1668 3196 1822 3237 facit,sed
1833 3198 2081 3239 philosophum,
2092 3208 2156 3230 non
2171 3203 2355 3238 poetam.—

201 3245 299 3276 vertit
315 3245 408 3279 Edm.
428 3247 572 3280 Martene
585 3248 690 3289 (Thes.
701 3250 923 3290 Anecdot.‚v,
934 3260 967 3291 p.
989 3251 1105 3293 1192),
1126 3252 1245 3291 tegitur
1326 3252 1426 3284 ’Νοῦν
1438 3251 1654 3283 Amb.—⁵Sic
1671 3251 1782 3284 Theol.
1796 3251 1922 3284 Christ.
1934 3251 2148 3285 Cod.Vict.et
2158 3251 2244 3283 Edit.
2256 3251 2351 3282 Amh.

200 3302 389 3332 vestrorum
412 3305 613 3342 poetarum;
640 3304 698 3335 sed
716 3304 905 3337 Abaelardus
931 3310 1112 3347 poetarum
1130 3314 1243 3338 vocem
1316 3305 1511 3340 Dissentire.
1530 3324 1570 3330 —
1594 3306 1688 3339 ⁶Lib.
1713 3305 1787 3347 vn,
1810 3316 1882 3348 cap.
1904 3316 1955 3348 ix,
1976 3307 2081 3349 Opp„
2100 3311 2123 3339 t.
2143 3305 2173 3346 1,
2197 3307 2258 3338 col.
2281 3306 2352 3339 138.
