2638 3866
1125 343 1595 417 MAGISTRI

441 590 1069 752 PETRI
1179 579 2288 761 ABAELARDI
2409 635 2416 642 ’

524 932 812 994 ETHICA
839 935 977 995 SEU
1011 935 1241 1000 LIBER
1268 936 1575 1003 DICTUS:
1614 941 1828 1002 SCITO
1863 942 2215 1003 TEIPSUM.

347 1318 399 1360 In
422 1317 739 1363 Commentario
763 1315 818 1365 de
840 1323 1032 1383 Epistola
1055 1325 1173 1367 Beati
1195 1325 1318 1368 Pauli
1339 1327 1395 1370 ad
1417 1329 1654 1382 Romanos,
1674 1325 1928 1369 Abaelardus
1950 1325 2157 1370 lectorem
2174 1326 2293 1371 haud
2315 1330 2447 1373 semel

287 1384 467 1427 remittit
503 1384 559 1428 ad
590 1386 793 1430 Ethicam
818 1387 852 1443 ⁵,
877 1390 921 1431 in
961 1405 1046 1448 qua
1080 1392 1407 1450 quaestiunculas
1429 1393 1639 1453 quasdam
1662 1391 1718 1435 ad
1739 1392 2058 1452 philosophiam
2094 1393 2302 1436 moralem
2341 1411 2446 1438 con-

286 1450 592 1510 scientiamque
623 1454 900 1512 pertinentes,
924 1455 1076 1499 leviter
1098 1468 1266 1500 tantum
1288 1459 1333 1501 in
1356 1460 1519 1503 caeteris
1541 1460 1626 1503 suis
1649 1459 1851 1518 operibus
1882 1458 2111 1511 delibatas,
2141 1460 2310 1519 penitus
2348 1477 2448 1521 per-

288 1518 465 1559 scrutari
488 1518 719 1577 cogitabat.
744 1520 896 1579 Neque
921 1521 1102 1565 dubium
1134 1535 1197 1566 est
1226 1525 1329 1583 quin
1359 1525 1478 1569 idem
1507 1527 1559 1568 sit
1581 1525 1688 1568 illud
1718 1540 1851 1584 opus,
1892 1524 2011 1584 quod
2045 1525 2177 1568 Divus
2209 1526 2449 1570 Bernardus

287 1581 332 1624 in
354 1582 504 1625 litteris
522 1584 607 1626 suis
630 1584 686 1627 ad
709 1585 963 1630 Pontificem
986 1604 1201 1632 summum
1217 1591 1503 1635 Innocentem
1520 1591 1766 1651 frequenter
1786 1591 2088 1634 memoraverit
2110 1591 2190 1633 sub
2213 1591 2298 1635 hoc
2320 1592 2446 1635 titulo

286 1646 415 1690 Liber
435 1654 542 1691 seito
565 1654 759 1708 teipsum,
775 1651 934 1695 librum
958 1652 1232 1710 denuntians,
1251 1668 1299 1699 ut
1318 1678 1335 1695 «
1354 1669 1496 1718 segete
1519 1657 1841 1716 sacrilegiorum
1856 1667 1899 1699 et
1915 1671 2110 1699 errorum
2132 1656 2443 1710 silvescentem,

288 1711 343 1756 de
374 1724 585 1773 potestate
607 1715 771 1775 ligandi
802 1729 930 1777 atque
960 1719 1172 1776 solvendi,
1198 1721 1253 1764 de
1276 1723 1474 1781 originali
1495 1733 1672 1782 peccato
1686 1754 1697 1776 ,
1724 1721 1779 1764 de
1803 1722 2163 1781 concupiscentia,
2191 1721 2246 1766 de
2269 1734 2447 1783 peccato

288 1777 597 1835 delectationis,
620 1780 675 1825 de
691 1794 870 1842 peccato
892 1783 1168 1838 infirmitatis,
1195 1786 1249 1830 de
1271 1799 1448 1846 peccato
1470 1788 1742 1848 ignorantiae,
1770 1787 1825 1830 de
1848 1803 1977 1847 opere
2003 1789 2181 1847 peccati,
2210 1788 2265 1832 de
2287 1789 2446 1832 volun-

288 1854 374 1887 tate
403 1845 665 1904 peccandi².
706 1869 723 1886 »
755 1849 1025 1894 Memoratur
1047 1867 1218 1911 quoque
1240 1853 1368 1896 Liber
1395 1860 1503 1896 scito
1529 1859 1708 1913 teipsum
1741 1869 1766 1896 a
1796 1852 2027 1897 Guillelmo
2054 1854 2211 1897 abbate
2238 1854 2283 1898 S.
2304 1855 2449 1898 Theo-

288 1908 424 1953 dorici
443 1909 478 1962 ⁸,
511 1922 554 1954 et
579 1913 624 1955 in
648 1913 952 1973 Disputatione
981 1917 1148 1960 abbatis
1172 1917 1187 1940 ⁴
1215 1920 1420 1978 anonymi
1448 1936 1577 1979 quem
1604 1919 1863 1963 Gaufridum
1885 1918 2290 1963 Altissiodorensem
2322 1920 2447 1964 fuisse

288 1975 491 2031 credunt3
517 1994 597 2022 nec
629 1978 799 2023 dubitat
827 1982 944 2026 And.
992 1983 1285 2038 Quercetanus
1307 1985 1321 2007 ⁵
1361 1986 1464 2045 quin
1499 2001 1601 2029 eum
1635 1986 1765 2028 etiam
1793 1984 1962 2044 legisset
1997 2001 2237 2045 anonymus
2272 1986 2446 2045 quidam

287 2052 418 2100 poeta
460 2045 534 2103 qui
581 2046 744 2106 scripsit
793 2063 909 2091 anno
952 2052 1084 2101 1376,
1126 2049 1509 2110 definitionemque
1526 2051 1664 2094 vliberi
1696 2051 1859 2094 arbitrii
1893 2066 1946 2093 ex
1982 2051 2215 2095 Abaelardo
2242 2052 2301 2095 sic
2334 2068 2440 2111 pro-

287 2113 384 2156 tulit
405 2130 415 2157 z

913 2215 1046 2255 Pieri-e
1064 2216 1236 2256 Abalard
1256 2231 1304 2256 en
1327 2231 1382 2256 un
1398 2218 1573 2270 chapitre

910 2277 972 2314 oa
990 2276 1016 2314 il
1038 2277 1147 2329 parle
1166 2277 1214 2316 de
1235 2277 1515 2316 franc-arbitre

907 2338 1014 2375 Nous
1034 2336 1092 2375 dit
1108 2337 1206 2376 ainsi
1228 2351 1277 2376 en
1294 2337 1417 2376 verite

908 2397 993 2445 Que
1012 2398 1106 2435 c'est
1126 2410 1204 2436 une
1224 2397 1386 2436 habilite

905 2458 1035 2495 D’une
1053 2457 1240 2496 voulente
1258 2456 1505 2496 raisonnable

908 2516 990 2556 Soit
1009 2517 1058 2555 de
1075 2516 1167 2556 bien
1186 2531 1241 2557 ou
1259 2517 1308 2557 de
1327 2518 1403 2556 mal
1423 2517 1612 2570 prenable

907 2578 984 2614 Par
1002 2578 1116 2629 grace
1136 2585 1193 2616 est
1216 2579 1238 2616 a
1257 2577 1349 2616 bien
1368 2578 1465 2616 faire
1489 2577 1641 2616 encline

908 2637 955 2674 Et
974 2637 996 2675 a
1018 2637 1095 2676 mal
1114 2637 1245 2689 quand
1267 2637 1341 2676 elle
1361 2637 1548 2678 descline.

345 2734 510 2779 Verum
530 2737 625 2780 baec
645 2737 822 2792 Εἰῆἰεα,
849 2741 1041 2798 quamvis
1064 2740 1384 2800 diligentissime
1415 2741 1671 2800 perquisita,
1703 2755 1728 2782 a
1756 2740 2044 2795 Quercetano‚
2074 2751 2121 2783 ut
2141 2741 2231 2800 ipse
2253 2740 2328 2794 ait,
2353 2755 2442 2783 non

285 2811 455 2859 reperta
477 2801 574 2856 fuit,
599 2802 758 2862 diuque
774 2805 874 2848 viris
898 2805 1034 2849 doctis
1057 2806 1296 2849 desiderata
1321 2817 1408 2860 est,
1435 2806 1540 2848 dum
1569 2821 1665 2849 eam
1695 2806 1858 2864 primus
1880 2821 1904 2849 e
1933 2805 2265 2850 membranaceo
2292 2804 2443 2849 codice

285 2861 671 2911 Emmerammensi
692 2869 766 2928 qui
783 2881 1083 2914 sexcentorum
1103 2872 1271 2916 circiter
1297 2887 1511 2914 annorum
1539 2882 1650 2924 erat,
1685 2871 1730 2913 in
1770 2871 1993 2914 Thesauro
2017 2872 2336 2915 Anecdotorum
2359 2887 2440 2915 no·

287 2936 477 2987 viss-imo,
501 2944 609 2977 tom.
634 2935 714 2989 ΠΙ,
739 2935 877 2979 edidit
891 2937 941 2979 B.
963 2937 1128 2981 Pezius.
1152 2937 1196 2979 Si
1218 2938 1311 2996 quis
1331 2948 1475 2980 autem
1491 2953 1515 2981 e
1538 2937 1701 2980 caeteris
1723 2936 1942 2980 Abaelardi
1971 2937 2173 2998 operibus
2209 2937 2444 2995 conjecerit

285 2997 537 3057 scriptorem
566 3000 612 3042 in
639 3000 859 3062 principiis
887 3017 1032 3045 rerum
1071 3018 1120 3045 ac
1154 3003 1443 3046 fundamentis
1466 3002 1776 3047 constituendis
1798 3002 2024 3058 audacem,
2061 3005 2106 3047 in
2131 3003 2444 3064 consequentiis

284 3077 388 3107 vero
422 3064 679 3126 indagandis
699 3067 895 3111 ubertate
917 3067 1105 3128 quadam
1138 3084 1188 3112 ac
1209 3069 1253 3112 vi
1273 3069 1451 3112 rationis
1478 3079 1776 3130 praestantem,
1804 3070 1899 3130 pari
1932 3071 2241 3114 sententiarum
2274 3084 2440 3114 sermo·—

327 3206 335 3225 ⁸
351 3203 434 3238 Vide
450 3215 561 3247 supra,
585 3216 659 3248 pag.
673 3210 750 3248 213,
767 3210 841 3248 327,
858 3210 933 3250 336,
944 3214 1007 3242 etc.
1026 3227 1069 3234 —
1088 3211 1101 3229 ²
1119 3210 1153 3244 S.
1170 3209 1327 3244 Bernardi
1401 3212 1480 3252 sier,
1496 3209 1682 3244 Bouosonte
1700 3209 2018 3250 1660-16691n-r01.‚
2034 3210 2122 3250 t.1v‚
2139 3220 2178 3261 p:
2195 3211 2316 3245 113.-—
2332 3211 2440 3245 ⁴Bib1.

286 3267 406 3303 opera,
424 3260 556 3294 Parisiis
573 3263 668 3303 1690,
686 3263 810 3303 in-sol.‚
838 3269 862 3296 t.
886 3263 927 3305 11,
951 3264 1056 3306 Epist.
1075 3266 1147 3300 188.
1164 3264 1204 3298 G.
1221 3266 1327 3307 Epist.
1401 3270 1493 3309 patr.
1513 3267 1720 3307 cist.,ihid.‚
1733 3275 1767 3308 p.
1781 3268 1857 3300 259.
1876 3283 1915 3290 -
1939 3266 1953 3287 ⁸
1967 3267 2010 3299 In
2027 3266 2127 3300 Notis
2141 3266 2188 3299 ad
2204 3266 2334 3300 Hister.
2351 3265 2442 3300 cala-

290 3314 434 3346 taz—³
446 3314 661 3351 Bibliotheca
672 3320 818 3361 patrum
829 3317 1118 3361 cisterciensium,
1132 3328 1189 3361 op.
1206 3319 1244 3352 B.
1260 3319 1330 3354 Tis-
1404 3321 1520 3355 mitat.
1538 3320 1612 3355 Vid.
1631 3319 1724 3354 Tom.
1745 3319 1771 3354 1.
1789 3321 1927 3362 hujusce
1941 3320 2109 3362 editionis,
2131 3328 2166 3361 p.
2185 3321 2240 3354 53.

448 3388 482 3414 11
2226 3381 2278 3418 75
