2638 3866
202 158 301 204 692
1012 153 1184 200 PETRI
1220 152 1538 200 ABAELARDI

200 273 391 308 summa
421 267 515 317 est,
548 266 598 302 ut
631 256 755 315 dixi,
795 254 1122 317 cujuscunque
1141 262 1372 300 creaturae
1405 253 1595 300 miseria
1626 252 1701 300 vel
1729 269 1872 318 poena
1903 270 1992 319 pro
2028 254 2204 301 meritis
2242 269 2343 302 sus-

204 348 358 402 cepta.
398 339 648 383 Summum
690 343 849 381 autem
886 333 1098 380 hominis
1132 333 1312 380 malum
1346 349 1664 398 quoscunque
1696 333 1950 382 hominum
1984 334 2051 382 ibi
2097 335 2336 383 cruciatus

203 435 292 482 pro
315 417 493 463 meritis
516 423 763 479 susceptos
786 429 1138 478 nuncupamus.

1065 552 1128 594 De
1151 567 1319 595 summo
1342 552 1474 595 malo.

264 652 534 696 CHRISTIAN.
559 651 805 706 Quantum
829 648 1069 713 percipio,
1095 657 1192 694 tam
1217 665 1462 695 summum
1486 647 1665 695 malum
1688 663 1835 712 quam
1860 663 2103 694 summum
2126 646 2343 694 hominis

199 729 378 776 malum
403 746 503 776 non
529 728 620 775 nisi
642 744 810 793 poenas
833 727 979 775 futuri
999 729 1162 787 seculi,
1188 745 1282 793 pro
1302 728 1481 776 meritis
1504 727 1730 788 redditas,
1757 726 2014 790 intelligis?

265 813 453 856 PH1Los.
482 812 551 855 Ita
578 809 761 872 utique.

262 892 532 937 Cnmsnffl.
562 892 619 935 At
641 889 858 953 profecto
886 905 1038 953 poenae
1070 888 1159 936 illae
1182 905 1277 954 pro·
1296 889 1476 936 meritis
1500 888 1683 936 collatae
1706 886 1870 951 utique
1900 886 2037 950 justae
2061 895 2172 933 suut
2187 921 2203 947 ,
2227 887 2344 950 quia

190 971 375 1033 justum
410 980 480 1017 est
515 971 581 1017 sic
614 986 695 1016 eos
718 970 919 1034 punire,
950 970 1030 1034 qui
1066 979 1364 1017 meruerunt.
1391 967 1640 1031 Quidquid
1663 983 1779 1015 vero
1808 966 1994 1031 justum
2025 975 2119 1027 es't,
2154 965 2343 1014 bonum

195 1067 296 1097 esse
331 1059 535 1097 constat.
570 1053 722 1096 Poenae
755 1049 915 1113 itaque
950 1049 1053 1108 illae,
1087 1065 1206 1114 quas
1233 1066 1477 1096 summum
1510 1048 1718 1108 malum,
1744 1046 1820 1094 vel
1850 1063 2096 1094 summum
2131 1046 2344 1094 hominis

196 1130 380 1177 malum
415 1145 688 1193 nuncupas,
719 1130 824 1176 sine
855 1129 1006 1176 dubio
1044 1130 1183 1177 bonae
1218 1140 1345 1177 sunt.
1377 1128 1499 1176 Vide
1535 1144 1648 1192 ergo
1686 1144 1747 1175 an
1782 1127 1833 1174 id
1872 1126 2007 1191 quod
2042 1126 2232 1174 bonum
2273 1136 2343 1174 est

198 1211 355 1273 potius
391 1225 537 1274 quam
575 1207 781 1268 malum,
808 1209 1075 1257 concedere
1101 1209 1303 1258 videaris
1336 1226 1438 1256 esse
1469 1225 1714 1257 summum
1743 1207 1948 1255 malum.
1978 1209 2086 1264 Qua
2117 1207 2248 1254 enim
2276 1222 2346 1254 ra-

196 1290 328 1336 tione
363 1305 609 1336 summum
645 1288 825 1336 malum
858 1290 931 1337 vel
965 1306 1209 1337 summum
1244 1289 1456 1336 hominis
1491 1288 1671 1336 malum
1703 1287 1856 1347 dicas,
1894 1286 2028 1350 quod
2064 1286 2339 1343 nullatenus

199 1370 379 1416 malum
404 1370 480 1431 sit,
508 1386 608 1416 non
635 1369 797 1416 video.

267 1453 455 1497 Pinnos.
482 1451 753 1497 Meminisse
778 1460 822 1497 te
845 1459 1053 1515 oportet,
1081 1465 1109 1498 a
1132 1461 1184 1499 te·
1203 1451 1309 1517 ipso
1332 1450 1552 1517 superius
1581 1459 1679 1498 tam
1702 1459 1979 1497 nostrorum
2000 1465 2148 1513 quam
2167 1455 2345 1495 vestro-

199 1547 307 1576 rum
351 1530 635 1577 testimoniis
675 1531 892 1590 ostendi,
939 1547 1136 1578 omnem
1183 1547 1377 1596 quoque
1418 1531 1727 1579 afflictionem
1766 1529 1948 1578 malum
1985 1529 2146 1594 potius
2195 1542 2342 1591 quam

198 1609 386 1656 honum
422 1627 540 1657 esse.
577 1611 682 1659 Non
710 1620 867 1657 tamen
901 1611 1011 1658 ideo
1038 1627 1235 1658 omnem
1263 1628 1363 1659 esse
1395 1611 1571 1659 malam
1603 1609 1971 1659 concedendum
1995 1608 2228 1666 arbitror3
2256 1606 2346 1655 fre-

198 1700 401 1753 quenter
436 1690 615 1754 quippe
654 1707 883 1754 generum
921 1692 1208 1756 permutatio
1244 1692 1293 1738 in
1327 1692 1573 1756 adjectivis
1606 1690 1885 1739 nominibus
1929 1705 2122 1736 sensum
2160 1687 2341 1747 variat,

199 1779 251 1815 ut
275 1769 404 1816 aliud
431 1768 662 1832 significet
693 1786 887 1834 poenam
915 1787 1015 1818 esse
1039 1771 1240 1830 bonam,
1267 1781 1312 1818 et
1341 1771 1471 1819 aliud
1506 1772 1667 1819 dicere
1686 1787 1881 1836 poenam
1914 1786 2014 1817 esse
2049 1768 2262 1827 bonum,
2297 1766 2346 1814 id

199 1858 267 1894 est
302 1865 404 1895 rem
440 1848 637 1895 bonam.
674 1850 805 1896 Sicut
836 1850 966 1897 aliud
1002 1860 1072 1897 est
1106 1850 1264 1897 dicere
1298 1850 1424 1898 hanc
1458 1867 1629 1898 aeream
1654 1859 1859 1897 statuam
1892 1865 1994 1895 esse
2026 1857 2342 1912 perpetuam,

200 1927 334 1992 quod
361 1927 534 1975 falsum
553 1937 646 1987 est,
677 1929 807 1976 aliud
832 1946 937 1978 eam
968 1947 1070 1978 esse
1104 1940 1417 1995 perpetuum,
1443 1930 1494 1978 id
1523 1939 1595 1978 est
1622 1946 1724 1977 rem
1753 1928 1966 1992 aliquam*
1988 1944 2095 1992 quae
2116 1935 2347 1992 perpetua

199 2007 278 2066 sit,
305 2007 439 2072 quod
460 2024 630 2054 verum
653 2019 740 2070 est,
763 2020 931 2074 utpote
954 2012 1114 2075 ipsum
1136 2026 1198 2057 aes
1219 2011 1355 2074 cujus
1379 2027 1549 2076 perpes
1572 2020 1620 2058 et
1640 2008 1919 2057 indeficiens
1942 2017 2013 2055 est
2038 2016 2227 2054 natura.
2251 2006 2346 2053 Sed

199 2098 246 2134 et
269 2104 380 2135 cum
409 2088 567 2134 omnis
594 2089 860 2153 propositio
883 2090 1207 2155 compositum
1229 2090 1478 2154 quoddam
1501 2091 1579 2151 sit,
1610 2107 1709 2136 non
1742 2098 1900 2136 tamen
1930 2103 2127 2134 omnem
2150 2103 2349 2151 compo-

198 2168 337 2214 sitam
374 2167 596 2228 dicimus,
623 2168 708 2215 sed
734 2168 863 2217 illam
897 2181 1101 2228 tantum,
1129 2187 1234 2235 quae
1263 2171 1618 2236 propositiones
1641 2170 1689 2218 in
1714 2167 1931 2235 partibus
1955 2167 2103 2215 habet
2123 2204 2134 2226 ,
2159 2166 2255 2214 hoc
2278 2177 2349 2214 est

198 2247 589 2312 hypotheticam,
627 2263 717 2294 nec
753 2265 950 2297 omnem
993 2250 1256 2298 dictionem
1301 2252 1621 2316 compositam
1656 2251 1887 2310 dicimuS‚
1925 2264 2072 2313 quam
2106 2263 2207 2294 esse
2243 2263 2346 2294 rem

200 2327 518 2391 compositam
554 2328 748 2389 scimus,
775 2346 865 2376 nec
900 2346 1098 2378 omnem
1130 2348 1276 2396 quam
1309 2332 1576 2397 simplicem
1602 2346 1859 2389 vocamus,
1898 2345 2000 2376 esse
2033 2343 2135 2375 rem
2163 2327 2349 2392 simpli-

199 2423 305 2453 cem
338 2406 680 2454 concedemuS.
718 2409 794 2455 Sic
824 2410 967 2474 igitur
1007 2421 1055 2458 et
1089 2429 1199 2459 cum
1233 2428 1430 2477 poenam
1464 2412 1674 2476 aliquam
1705 2411 1881 2474 justam
1912 2418 1995 2455 aut
2032 2407 2213 2454 honam
2247 2423 2349 2454 esse

199 2487 419 2548 dicimus,
456 2503 514 2534 eo
546 2487 724 2535 scilicet
759 2490 893 2554 quod
920 2491 1102 2554 justum
1135 2493 1194 2538 sit
1224 2502 1307 2539 aut
1341 2491 1553 2551 bonum,
1590 2508 1702 2538 eum
1737 2489 1905 2553 affligi,
1943 2487 2028 2552 qui
2070 2494 2342 2550 torquetur,

201 2583 298 2613 non
338 2578 497 2615 tamen
538 2566 648 2614 ideo
688 2585 795 2616 eam
837 2587 938 2618 esse
972 2589 1075 2618 rem
1110 2572 1292 2635 justam
1324 2581 1407 2619 aut
1446 2571 1629 2619 bonam
1666 2568 1933 2618 concedere
1972 2567 2207 2630 cogi-mur.
2249 2567 2348 2612 Vos

200 2662 393 2710 quoque
419 2663 529 2693 cum
568 2664 765 2695 omnem
794 2660 1062 2699 creaturam
1095 2651 1278 2700 bonam
1310 2668 1411 2699 6556
1444 2651 1661 2716 ponatis,
1695 2666 1754 2697 eo
1778 2647 2028 2707 videlicet,
2062 2645 2196 2709 quod
2228 2645 2349 2692 nihil

201 2741 255 2770 ex
289 2726 533 2773 creatione
555 2728 639 2774 Dei
668 2745 767 2775 non
802 2729 988 2777 bonum
1030 2733 1105 2793 sit,
1139 2749 1229 2780 nec
1264 2732 1409 2780 etiam
1446 2731 1698 2779 hominem
1734 2738 2003 2776 creaturam
2038 2742 2139 2773 esse
2171 2725 2352 2789 negetis

203 2814 250 2851 et
276 2822 360 2868 per
383 2805 476 2852 hoc
500 2823 611 2853 eum
636 2809 719 2870 qui
749 2810 903 2857 malus
941 2822 1035 2871 est,
1064 2829 1166 2859 esse
1190 2822 1293 2860 rem
1315 2812 1496 2860 bonam
1523 2809 1763 2868 annuatis,
1789 2824 1890 2855 non
1914 2817 2075 2855 tamen
2099 2805 2211 2852 ideo
2237 2821 2348 2852 eum

203 2900 304 2930 esse
336 2884 585 2932 hominem
617 2886 804 2935 bonum
827 2891 1053 2955 recipitis.
1094 2894 1246 2939 Nemo
1281 2893 1459 2957 quippe
1491 2891 1748 2938 hominum
1777 2904 1880 2936 esse
1915 2886 2074 2934 bonus
2116 2883 2351 2932 dicendus

201 2973 296 3021 est,
336 2964 425 3009 nisi
455 2966 537 3028 qui
564 2966 705 3014 bonis
727 2969 985 3018 adornatus
1008 2981 1078 3018 est
1102 2971 1338 3019 moribus.
1372 2976 1506 3020 Bona
1535 2981 1696 3019 autem
1731 2986 1806 3017 res
1838 2968 1938 3015 sive
1970 2966 2101 3014 bona
2130 2975 2347 3012 creatura

202 3042 297 3088 dici
323 3052 479 3106 potest
502 3046 642 3092 etiam
654 3083 665 3105 ,
695 3065 800 3111 quae
818 3050 1104 3098 irrationalis
1123 3062 1193 3098 est
1212 3063 1258 3098 et
1277 3053 1555 3100 inanimata.
1578 3050 1673 3098 Sed
1692 3065 1806 3097 cum
1827 3046 1993 3095 omnia
2013 3049 2142 3092 Deus
2162 3059 2347 3091 creasse

201 3121 335 3168 bona
374 3122 579 3183 dicatur,
612 3135 659 3172 et
681 3125 760 3173 hic
782 3129 1007 3191 parvulus
1036 3130 1187 3177 homo
1212 3132 1289 3178 vel
1313 3149 1465 3196 equus
1489 3132 1550 3179 ab
1583 3148 1642 3178 eo
1668 3131 1769 3193 jam
1798 3137 1985 3175 creatus
2017 3127 2101 3185 sit,
2129 3124 2348 3187 quamvis

199 3218 273 3248 res
295 3201 426 3248 bona
450 3213 636 3250 creatus
666 3206 742 3266 sit,
770 3223 867 3253 non
893 3217 1051 3255 tamen
1082 3209 1241 3258 bonus
1266 3210 1416 3258 homo
1441 3211 1517 3259 vel
1539 3210 1697 3258 bonus
1719 3224 1872 3272 equus
1899 3207 1996 3270 jam
2021 3212 2208 3252 creatus
2231 3210 2301 3249 est
2332 3234 2344 3258 ,
