2638 3866
1003 240 1343 293 THEOLOGIA
1395 242 1764 294 CHRISTIANA.
2360 250 2459 299 467

317 343 580 408 ingenitum
607 340 736 406 large
766 356 856 407 pro
882 357 979 389 non
1013 344 1174 407 genito
1205 344 1364 394 dicere
1391 361 1404 394 ι
1440 345 1532 394 nisi
1554 345 1678 394 forte
1700 346 1902 412 diligens
1928 347 2080 396 lector
2100 346 2198 397 hoc
2218 348 2278 397 ad
2303 349 2459 417 hypo·

316 421 490 471 thesim
513 438 601 489 per
618 437 909 470 consensum
931 424 1091 488 potius
1112 424 1353 488 deflectat,
1377 443 1525 491 quam
1546 425 1609 476 ad
1622 427 1831 476 veritatis
1853 428 2185 490 assertionem,
2205 439 2274 489 ut,
2298 447 2462 497 quem-

316 502 584 551 admodum
621 517 766 568 supra
791 501 892 567 jam
924 501 1273 568 adstruximus,
1306 508 1448 555 Pater
1481 516 1530 555 et
1562 509 1811 556 Generans
1842 509 1965 557 sicut
2000 510 2244 574 Ingenitus
2273 520 2460 560 tantum

332 584 394 632 de
413 582 519 632 solo
543 586 680 631 Patre
694 582 789 631 dici
808 582 997 646 liceat¹3
1020 600 1120 631 non
1146 586 1289 633 etiam
1302 603 1403 634 non
1422 587 1611 652 genitus
1623 586 1685 635 de
1698 587 1803 636 solo
1815 588 1953 648 Filio,
1969 590 2227 655 etSpiritus
2236 592 2456 654 Sanctus,

315 681 404 714 seu
433 663 703 712 Procedens
727 679 756 712 a
779 666 916 711 Patre
940 673 987 712 et
1009 665 1146 728 Filio,
1177 665 1239 715 de
1258 666 1362 715 solo
1391 668 1571 735 Spiritu
1590 669 1784 718 Sanct0.
1814 672 1869 717 At
1892 686 2006 718 vero
2030 673 2176 730 Deus,
2202 672 2456 731 Dominus,

316 748 533 805 Creator,
559 745 898 810 Omnipotens,
933 747 1218 808 immensus,
1248 750 1489 809 AEternus,
1517 747 1829 815 Principium,
1868 750 2001 812 Vita,
2028 753 2230 812 Lumen,
2263 761 2312 799 et
2333 769 2461 817 quae·

319 840 527 890 cumque
558 825 621 873 ad
644 823 818 872 divinae
843 834 1024 873 naturae
1052 825 1332 892 dignitatem
1362 829 1582 891 attinent,
1619 846 1720 877 non
1751 828 1811 877 ad
1843 845 2159 895 personarum
2191 831 2460 894 significan·

318 905 453 967 tiam,
483 915 584 953 tam
617 904 678 953 de
704 905 908 970 ¹singulis
935 907 1172 971 personis,
1208 923 1354 973 quam
1387 908 1448 956 de
1476 910 1545 956 eis
1567 909 1711 957 simul
1737 909 1942 958 dicenda
1967 919 2096 957 sunt.
2116 910 2317 958 Trinitas
2346 928 2459 959 vero

320 984 381 1034 de
412 985 569 1034 tribus
607 985 948 1034 tantummodo
976 987 1197 1053 personis
1230 988 1373 1036 simul
1412 998 1459 1036 et
1488 989 1787 1054 conjunctim
1816 989 2008 1053 dicitur,
2043 1007 2144 1038 non
2178 990 2369 1038 divisim
2401 992 2462 1040 de

322 1083 418 1114 una
446 1083 630 1127 earum,
663 1066 738 1114 vel
761 1066 823 1116 de
853 1067 1040 1116 duabus
1062 1085 1149 1135 per
1169 1086 1238 1128 se,
1270 1068 1355 1116 sed
1376 1068 1436 1116 de
1464 1068 1616 1117 tribus
1644 1078 1850 1117 tantum.
1878 1072 2041 1135 Neque
2073 1071 2204 1118 enim
2235 1073 2371 1118 Pater
2393 1081 2463 1119 est

320 1147 538 1209 Trinitas,
571 1147 669 1196 hoc
704 1157 776 1195 est
811 1156 905 1196 tres
935 1165 1152 1214 personae
1187 1149 1346 1207 simul,
1379 1165 1478 1198 una
1511 1159 1729 1210 tantum3
1769 1153 1899 1199 Deus
1929 1160 2117 1199 tantum
2144 1151 2245 1217 ipse
2262 1152 2463 1199 Trinitas

321 1236 408 1291 est,
441 1238 489 1276 et
522 1230 651 1277 Deus
679 1229 781 1295 ipse
816 1232 968 1291 Pater,
1003 1246 1093 1278 nec
1128 1239 1289 1278 tamen
1319 1229 1431 1277 ideo
1465 1232 1602 1278 Pater
1634 1240 1703 1278 est
1723 1231 1942 1279 Trinitas.
1976 1232 2053 1279 Sic
2086 1248 2176 1278 nec
2203 1232 2347 1279 Filius
2374 1248 2463 1279 nec

318 1309 523 1374 Spiritus
546 1312 748 1358 Sanctus
769 1310 973 1358 Trinitas
995 1309 1091 1357 dici
1109 1320 1284 1376 potest,
1309 1310 1392 1358 sed
1417 1327 1514 1359 una
1540 1320 1727 1359 tantum
1750 1312 1799 1359 in
1823 1312 2048 1359 Trinitate
2070 1327 2295 1377 persona.
2328 1315 2463 1359 Pater

320 1390 481 1455 itaque
517 1401 563 1438 et
600 1390 743 1438 Filius
773 1400 821 1439 et
852 1391 1054 1457 Spiritus
1079 1379 1279 1439 Sanctus
1313 1391 1509 1457 propria
1538 1400 1650 1439 sunt
1680 1392 1879 1440 nomina
1913 1392 2206 1456 singularum
2236 1407 2463 1457 persona-

322 1486 457 1531 rum3
490 1481 538 1519 et
565 1472 768 1519 Trinitas
801 1472 946 1519 trium
974 1471 1116 1519 simul
1149 1472 1401 1538 proprium
1434 1479 1504 1519 'est
1534 1488 1749 1536 nomen3
1777 1475 1907 1520 Deus
1935 1489 2051 1519 vero
2079 1481 2124 1520 et
2149 1472 2385 1520 Dominus
2417 1482 2464 1520 et

322 1561 493 1599 caetera
525 1553 830 1618 supraposita
862 1552 1140 1600 eommunia
1174 1563 1288 1600 sunt
1317 1562 1415 1601 tam
1445 1552 1641 1616 singulis
1675 1553 1908 1619 personis,
1946 1568 2092 1618 quam
2119 1552 2208 1599 toti
2227 1552 2459 1600 Trinitati.

324 1634 486 1680 Unum
508 1649 625 1680 vero
652 1649 833 1680 nomen
864 1642 936 1680 est
964 1632 1097 1698 quod
1132 1633 1329 1698 singulis
1356 1633 1579 1699 personis
1607 1642 1654 1680 et
1677 1649 1779 1680 non
1809 1633 1877 1680 eis
1909 1632 2051 1680 simul
2084 1648 2344 1679 commune
2376 1641 2462 1691 est,

320 1713 419 1761 boc
439 1713 662 1761 videlicet
678 1716 1105 1776 nomeanersona,
1133 1713 1267 1779 quod
1286 1715 1335 1761 in
1359 1713 1538 1761 caeteris
1560 1713 1758 1761 minime
1775 1714 1998 1779 reperieS.
2019 1716 2126 1760 Non
2150 1728 2265 1775 ergo
2290 1712 2466 1759 mirum

322 1794 362 1841 si
392 1803 439 1842 et
474 1792 523 1842 id
555 1794 764 1842 solitarie
797 1793 895 1841 hoc
927 1810 1108 1842 nomen
1143 1793 1411 1860 possideat,
1445 1802 1501 1841 ut
1527 1793 1689 1859 ipsum
1722 1792 1880 1841 solum
1903 1809 1961 1840 ex
1995 1791 2336 1840 communibus
2362 1808 2467 1858 per-

323 1889 554 1922 sonarum
579 1873 858 1922 nominibus
890 1874 1138 1940 pluraliter
1170 1874 1412 1923 efferatur.
1449 1873 1614 1922 Plures
1643 1874 1825 1940 quippe
1847 1890 2076 1939 personas
2104 1873 2323 1935 dicimus,
2357 1873 2468 1937 quia

322 1964 419 2003 tres
451 1971 682 2021 personas
704 1954 1049 2022 praedicamus;
1075 1955 1156 2003 sed
1192 1972 1293 2002 non
1316 1954 1479 2022 plures
1501 1957 1629 2003 Deos
1647 1964 1729 2002 aut
1751 1955 2006 2015 Dominos,
2032 1953 2143 2001 licet
2168 1970 2467 2018 unaquaeque

323 2035 468 2083 trium
504 2048 823 2102 personarum
853 2036 903 2083 in
928 2053 979 2084 se
1002 2036 1105 2102 ipsa
1134 2039 1264 2083 Deus
1288 2038 1345 2083 sit
1368 2045 1414 2083 et
1437 2036 1704 2096 Dominus,
1731 2052 1821 2083 nec
1844 2034 1943 2082 ullo
1965 2033 2115 2081 modo
2140 2050 2237 2080 una
2263 2049 2469 2098 persona

324 2116 383 2164 sit
405 2115 513 2164 alia.
547 2116 709 2163 Plures
738 2116 901 2181 itaque
930 2133 1147 2181 personae
1176 2116 1420 2176 dicuntur,
1446 2115 1532 2163 sed
1553 2115 1826 2163 diversitate
1849 2114 2214 2180 proprietatum,
2246 2128 2364 2177 quas
2387 2130 2469 2160 su-

320 2197 487 2260 perius
515 2196 714 2261 singulis
743 2197 962 2262 personis
986 2197 1346 2261 assignavimus.
1376 2195 1540 2242 Plures
1571 2204 1733 2244 autem
1756 2198 1883 2242 Deos
1904 2203 1987 2242 aut
2010 2193 2246 2241 Dominos
2275 2193 2314 2240 si
2336 2192 2466 2240 dice·

326 2291 504 2336 remus,
547 2287 629 2324 aut
659 2286 828 2325 caetera
855 2277 1072 2338 nomina,
1105 2293 1211 2341 quae
1239 2274 1610 2323 substantialiter
1644 2275 1793 2339 magis
1827 2273 1888 2322 de
1917 2275 2021 2322 Deo
2044 2273 2287 2334 dicuntur,
2322 2289 2466 2338 quam

325 2356 540 2416 relative,
562 2356 660 2404 hoc
684 2366 754 2404 est
773 2356 836 2405 ad
860 2358 1069 2423 seipsum
1090 2367 1138 2404 et
1158 2372 1260 2403 non
1282 2355 1345 2403 ad
1370 2355 1539 2415 alium,
1564 2355 1687 2402 sicut
1705 2365 1775 2403 est
1797 2356 2014 2419 Magnus,
2049 2358 2230 2416 Bonus,
2257 2363 2305 2400 et
2326 2352 2468 2400 simul

324 2436 573 2501 pluraliter
602 2437 879 2485 efferremus
912 2437 1269 2485 multitudinem
1303 2436 1604 2484 diversarum
1634 2453 1797 2484 rerum
1831 2446 1879 2484 et
1912 2451 2167 2484 numerum
2191 2433 2470 2482 substantia·

326 2534 434 2565 rum
473 2518 782 2566 essentialiter
817 2518 1141 2581 diversarum,
1183 2534 1390 2582 quarum
1426 2533 1726 2582 unaquaeque
1757 2519 1886 2564 Deus
1917 2526 1963 2563 et
1986 2515 2223 2562 Dominus
2258 2523 2394 2573 esset,
2420 2523 2468 2560 et

329 2614 504 2662 magna
526 2599 623 2646 sive
645 2597 778 2646 bona
802 2599 1166 2664 explicaremus.
1188 2597 1328 2645 Unde
1351 2597 1641 2661 Augustinus
1659 2596 1716 2643 de
1747 2598 1980 2644 Trz'm'tate
1997 2595 2081 2643 lib.
2103 2598 2163 2656 V,
2189 2609 2295 2658 cap.
2316 2595 2425 2639 vm’
2452 2611 2462 2639 ε

332 2698 353 2721 «
373 2681 680 2744 Quapropter
700 2678 818 2726 illud
835 2680 1073 2744 praecipue
1095 2688 1360 2739 teneamus,
1382 2676 1621 2742 quidquid
1643 2676 1705 2723 ad
1728 2692 1777 2723 se
1801 2675 1973 2722 dicitur
1997 2675 2162 2721 diviua
2181 2672 2465 2732 sublimitas,

329 2756 701 2806 substantialiter
730 2759 823 2806 dici
851 2779 862 2806 :
892 2759 1026 2823 quod
1055 2769 1215 2807 autem
1239 2757 1301 2804 ad
1331 2756 1530 2821 aliquid,
1570 2772 1669 2803 non
1700 2755 2087 2814 substantialiter,
2125 2752 2211 2801 sed
2238 2753 2463 2814 relative3

329 2846 609 2902 tantamque
641 2839 740 2885 vim
774 2855 875 2885 esse
906 2839 1122 2902 ejusdem
1154 2837 1430 2885 substantiae
1458 2836 1507 2882 in
1534 2838 1672 2882 Patre
1695 2844 1741 2882 et
1773 2834 1890 2882 Filio
1914 2844 1962 2881 et
1993 2834 2167 2899 Spiritu
2195 2842 2379 2895 sancto,
2417 2844 2469 2880 ut

330 2916 568 2982 quidquid
597 2917 659 2964 de
690 2917 887 2982 singulis
914 2918 976 2965 ad
1002 2918 1184 2983 seipsos
1215 2917 1406 2978 dicitur,
1438 2932 1538 2963 non
1565 2914 1810 2981 pluraliter
1829 2915 1888 2961 in
1915 2930 2119 2975 summa,
2153 2913 2238 2962 sed
2260 2915 2467 2979 singula-

330 2998 445 3044 riter
466 2998 744 3063 accipiatur.
765 3017 786 3042 »
812 3001 930 3045 item
956 3017 968 3044 :
1000 2996 1283 3061 «Quidquid
1307 3013 1420 3061 ergo
1446 2996 1509 3044 ad
1526 2996 1737 3061 seipsum
1759 2994 1932 3043 dicitur
1956 2997 2100 3055 Deus,
2116 3004 2164 3042 et
2186 2993 2247 3042 de
2269 2994 2467 3058 singulis

330 3079 645 3143 personaliter
664 3078 855 3140 dicitur,
889 3088 936 3126 et
969 3077 1109 3126 simul
1141 3078 1202 3126 de
1229 3079 1333 3144 ipsa
1359 3077 1602 3139 Trinitate,
1637 3093 1736 3124 non
1765 3075 2028 3142 pluraliter,
2056 3074 2140 3122 sed
2171 3075 2469 3138 singulariter

374 3286 382 3307 ¹
398 3284 457 3319 Hic
472 3287 601 3319 videtur
616 3286 740 3327 aliquid
753 3287 882 3328 deesse,
907 3294 1086 3328 sensusque
1103 3285 1245 3328 postulat
1264 3289 1300 3318 ut
1314 3285 1441 3319 dicatur
1459 3284 1528 3318 «sic
1546 3285 1645 3317 ettam
1659 3281 1761 3316 Filius
1777 3286 1809 3316 et
1828 3282 1957 3323 genitus
1972 3282 2014 3315 de
2031 3281 2101 3314 ⁸010
2117 3279 2217 3323 Filio,
2229 3292 2248 3309 ι
2272 3284 2328 3313 aut
2343 3278 2466 3319 aliqum

331 3342 444 3374 simile.
467 3359 504 3366 —
522 3343 534 3363 ²
547 3343 647 3386 Opp„
665 3349 687 3375 t.
706 3341 791 3375 vm.
