2638 3866
821 209 1086 257 EPlTOME
1121 210 1487 259 THEOLOG1AE
1521 211 1904 260 CHRISTIANAE.
2345 213 2440 261 585

287 309 539 353 Notandum
572 317 738 361 autem,
765 308 885 367 quod
917 308 1062 352 Sancti
1086 309 1362 354 diffinitiones
1392 311 1598 354 virtutum
1620 327 1643 355 a
1668 311 1934 372 philosophis
1958 313 2118 373 positas
2146 324 2189 356 et
2215 313 2443 357 divisiones

287 390 365 435 per
396 375 556 435 species
586 389 676 417 non
706 384 1006 428 mutaverunt,
1042 375 1119 419 sed
1155 391 1227 419 eas
1258 377 1312 419 ab
1354 377 1415 420 eis
1450 388 1646 437 acceptas
1686 377 1914 438 diligenter
1944 390 2234 439 exposuerunt
2262 391 2305 423 et
2337 381 2441 423 reti-

288 452 490 485 nuerunt.
522 439 759 483 Videamus
793 440 921 500 igitur
954 439 1283 494 diffinitionem,
1321 442 1544 500 quomodo
1577 443 1630 486 sit
1670 443 1966 503 intelligenda.
2003 445 2148 489 Virtus
2180 456 2244 489 est
2275 445 2445 489 habitus

288 507 459 563 mentis,
482 506 529 550 id
551 517 631 562 est,
651 506 772 549 bona
794 505 993 549 voluntas
1010 508 1167 551 mentis
1190 508 1249 550 sic
1270 507 1316 550 in
1335 508 1534 551 habitum
1559 524 1637 568 per
1658 510 1790 552 animi
1815 510 2145 570 applicationem
2166 527 2303 566 versa,
2326 513 2444 571 quod

288 574 361 616 vix
386 584 460 618 aut
483 588 707 632 nunquam
726 572 915 632 separari
929 573 1078 632 possit.
1099 574 1195 616 Hoc
1212 573 1329 616 enim
1346 584 1523 617 notatur
1546 590 1624 634 per
1639 576 1742 630 hoc,
1773 575 1891 634 quod
1911 575 2066 619 dicitur
2082 578 2254 621 habitus
2271 579 2442 622 mentis.

287 638 402 682 Nam
427 650 525 682 sunt
553 639 702 698 aliqui,
731 638 805 698 qui
835 653 935 681 cum
959 637 1094 681 modo
1126 639 1317 682 habeant
1340 639 1608 683 voluntatem
1637 641 1790 700 cuique
1813 641 2026 684 reddendi
2060 642 2179 701 quod
2207 660 2331 687 suum
2360 656 2444 695 est,

289 704 412 748 facile
439 716 586 748 tamen
614 706 697 748 hac
723 714 1042 764 permutantur.
1068 703 1272 747 Similiter
1303 707 1349 747 in
1375 705 1466 748 aliis
1491 705 1640 750 videre
1669 706 1803 750 licet:
1834 718 1883 750 ut
1910 718 1974 751 est
2001 708 2176 767 aliquis,
2211 710 2284 768 qui
2311 710 2445 753 modo

287 769 556 815 voluntatem
576 771 716 814 carnis
742 770 999 830 restringere
1025 781 1223 825 conatur,
1249 786 1349 813 cum
1367 781 1514 814 tamen
1539 787 1636 814 eam
1657 771 1786 832 paulo
1806 772 1992 832 pleniter
2014 785 2227 819 exerceat.
2247 776 2307 818 Ut
2331 777 2445 819 enim

286 836 420 879 virtus
439 836 508 891 sit,
533 852 587 881 ex
610 836 744 879 animi
766 834 1052 896 applicatione
1071 836 1218 879 venire
1245 836 1391 879 debet.
1415 836 1543 880 Unde
1566 837 1815 882 Aristoteles
1833 839 1985 882 :Tales
2006 840 2121 882 enim
2142 851 2240 883 sunt
2261 842 2447 884 scientiae

287 912 332 944 et
361 902 556 946 virtutes.
585 902 699 958 Quia
728 917 833 945 vero
861 912 960 944 sunt
989 901 1208 955 nonnulli,
1244 902 1318 961 qui
1346 903 1523 945 virtutes
1539 903 1815 947 continentiae
1831 903 1899 947 vel
1915 905 2044 948 etiam
2059 906 2227 965 pietatis
2247 906 2447 950 affectum

287 982 388 1028 erga
399 968 505 1012 alios
514 968 695 1023 habent,
718 967 796 1011 sed
822 983 912 1010 non
925 979 1102 1028 propter
1117 968 1272 1022 Deum,
1291 967 1391 1011 ideo
1414 985 1505 1012 non
1531 969 1645 1012 valet
1654 970 1714 1012 eis
1734 969 1791 1012 ad
1812 969 2008 1024 salutem,
2032 971 2132 1014 ideo
2149 972 2445 1032 subjungitur:

286 1034 499 1094 Optimus,
523 1034 571 1078 id
593 1046 657 1079 est
682 1034 793 1089 talis,
825 1033 900 1093 qui
923 1035 1060 1094 prosit
1087 1034 1144 1078 ad
1169 1034 1303 1078 vitam
1329 1035 1537 1094 optimam
1557 1035 1626 1078 vel
1647 1036 1692 1078 in
1722 1051 1809 1095 quo
1838 1037 2039 1080 meritum
2070 1038 2284 1082 consistat.
2316 1038 2446 1091 Nota,

287 1100 408 1158 quod
443 1101 609 1155 David,
645 1115 782 1160 quum
809 1099 1130 1143 concumbebat
1161 1116 1261 1144 cum
1292 1101 1555 1154 Beffisabee,
1593 1117 1683 1144 non
1722 1101 1914 1144 habebat
1948 1102 2223 1146 dilectionem
2263 1105 2448 1164 proximi

286 1165 333 1208 in
365 1166 650 1210 exhibitione.
687 1165 902 1226 Scriptum
931 1177 995 1209 est
1025 1167 1142 1210 enim
1174 1182 1184 1210 z
1211 1165 1394 1210 Dilectio
1420 1167 1610 1227 proximi
1643 1167 1806 1211 malum
1836 1184 1927 1210 non
1959 1179 2179 1228 operatur.
2216 1169 2329 1212 Nam
2359 1186 2448 1212 non

287 1230 573 1288 adulterabis,
614 1243 699 1277 etc.
739 1232 866 1275 Salva
898 1233 1027 1293 igitur
1058 1233 1311 1276 auctoritate
1344 1233 1442 1288 ista,
1482 1233 1676 1276 dicemus
1698 1233 1818 1292 quod
1852 1233 2059 1294 diligebat
2090 1235 2241 1277 Uriam
2272 1235 2446 1289 affeetu,

286 1297 363 1341 sed
395 1314 486 1342 non
519 1299 692 1343 effectu.
719 1300 824 1342 Haec
854 1315 958 1343 vero
988 1300 1218 1343 auctoritas
1249 1299 1303 1342 de
1327 1299 1558 1343 dilectione
1589 1301 1635 1342 in
1667 1299 1826 1343 effectu
1854 1299 2119 1360 intelligitur.

345 1364 474 1407 Nunc
510 1365 566 1409 de
609 1364 833 1425 speciebus
865 1366 1033 1409 virtutis
1066 1366 1288 1410 videamus
1308 1399 1319 1420 ,
1349 1382 1453 1424 quas
1488 1366 1666 1425 quidam
1701 1366 1745 1408 in
1782 1367 1958 1423 majori,
1997 1366 2174 1425 quidam
2209 1367 2254 1409 in
2293 1368 2450 1411 minori

286 1446 469 1474 numero
492 1432 822 1475 constituerunt.
848 1431 1044 1475 Socrates
1066 1433 1183 1475 enim
1207 1432 1285 1475 sub
1304 1433 1460 1486 virtute
1486 1432 1759 1492 prudentiam
1785 1433 2048 1475 constituens
2075 1443 2259 1491 quatuor
2286 1433 2451 1476 virtutis

286 1497 447 1556 species
494 1512 584 1540 esse
630 1496 801 1548 docuit,
833 1497 1068 1553 justitiam,
1116 1497 1415 1542 fortitudinem
1431 1531 1442 1550 ,
1480 1498 1827 1558 temperantiam.
1870 1498 1990 1541 Dixit
2024 1499 2141 1541 enim
2176 1498 2449 1558 prudentiam

287 1561 591 1607 discretionem
613 1579 703 1607 6556
733 1563 950 1606 bonarum
973 1564 1043 1607 vel
1071 1565 1283 1607 malarum
1298 1580 1446 1607 rerum
1473 1580 1573 1607 cum
1601 1575 1758 1607 ornatu
1783 1579 1971 1607 morum.
1997 1563 2147 1607 Talem
2175 1564 2450 1623 prudentiam

285 1629 457 1672 vocavit
485 1630 709 1673 scientiam
733 1629 802 1672 vel
833 1629 1105 1689 sapientiam.
1127 1631 1193 1673 De
1217 1630 1300 1673 hac
1326 1630 1540 1673 rhetorica
1566 1629 1753 1673 multum
1780 1629 2053 1688 eloquentiae,
2079 1646 2235 1689 parum
2265 1630 2451 1673 scientiae

285 1693 353 1737 vel
375 1696 610 1754 sapientiae.
636 1695 888 1753 Aristoteles
906 1706 1049 1739 autem
1074 1712 1098 1739 a
1117 1695 1345 1739 virtutibus
1367 1711 1465 1739 eam
1488 1696 1717 1756 separavit,
1741 1695 1817 1738 ubi
1838 1695 1947 1739 dixit
1968 1711 1978 1739 t
1999 1695 2125 1739 Tales
2143 1707 2243 1739 sunt
2265 1696 2451 1739 scientia:

286 1770 331 1807 et
367 1761 561 1805 virtutes.
600 1761 850 1804 Aristoteles
884 1776 989 1804 vero
1015 1761 1155 1804 noluit
1188 1761 1257 1805 vel
1294 1763 1427 1804 etiam
1459 1777 1550 1804 non
1590 1761 1759 1820 putavit
1790 1777 1881 1805 esse
1912 1762 2137 1816 virtutem,
2179 1761 2300 1821 qnod
2331 1779 2451 1821 aeque

285 1825 411 1869 bonis
438 1837 480 1869 et
511 1826 635 1871 malis
654 1828 788 1870 habet
809 1828 1056 1871 convenire.
1089 1827 1339 1871 Secundum
1367 1827 1645 1870 Aristotelem
1674 1828 1803 1887 igitur
1833 1839 1918 1871 tres
1946 1838 2045 1871 sunt
2072 1828 2234 1888 species
2268 1830 2450 1884 virtutis,

279 1892 443 1946 justitia
468 1893 643 1947 scilicet,
676 1893 978 1953 temperantia,
1012 1893 1241 1937 fortitudo.
1275 1894 1490 1936 Justitiam
1516 1909 1620 1937 vero
1649 1893 1709 1937 sic
1741 1892 1952 1937 definiunt
1976 1893 2224 1953 philosophi
2249 1910 2259 1937 ι
2283 1895 2305 1936 J
2309 1896 2451 1938 ustitia

285 1967 348 1999 est
378 1958 552 2001 habitus
591 1959 724 2002 animi
758 1959 946 2003 reddens
980 1960 1211 2019 unicuique
1244 1959 1364 2018 quod
1393 1975 1520 2002 suum
1557 1971 1642 2012 est,
1681 1960 1903 2003 communi
1931 1959 2113 2002 utilitate
2141 1971 2322 2004 servata.
2357 1961 2452 2004 Hoc

285 2022 405 2067 idem
435 2025 697 2068 Justinianus
728 2026 894 2069 notavit
922 2042 998 2068 sua
1027 2026 1303 2078 diffinitione,
1335 2041 1435 2068 cum
1465 2025 1627 2068 diceret
1654 2026 1714 2068 sic
1736 2040 1746 2068 ε
1766 2026 1788 2067 J
1793 2026 1934 2068 ustitia
1966 2036 2029 2068 est
2059 2036 2259 2068 constans
2289 2038 2334 2069 et
2354 2043 2452 2087 per-

284 2100 415 2147 petua
440 2091 655 2145 voluntas,
685 2102 770 2134 etc.
802 2092 885 2135 Per
912 2092 998 2135 1106
1020 2093 1153 2147 6111111,
1186 2092 1306 2150 quod
1329 2092 1388 2133 ait
1413 2106 1423 2134 :
1443 2102 1643 2134 constans
1661 2102 1705 2134 et
1725 2102 1933 2151 perpetua
1954 2090 2174 2142 voluntas,
2201 2091 2449 2149 qualitatem

285 2156 440 2199 mentis
471 2158 718 2200 venientem
752 2173 806 2200 ex
841 2157 1126 2217 applicatione
1156 2169 1200 2200 et
1232 2157 1406 2201 difficile
1439 2157 1649 2200 mobilem
1689 2157 1868 2199 notavit.
1906 2157 1989 2199 Per
2019 2157 2104 2199 hoc
2145 2156 2264 2215 quod
2297 2158 2407 2201 dixit
2437 2176 2446 2201 :

285 2215 411 2263 suum
432 2222 664 2281 unicuique
691 2225 760 2279 jus
786 2222 996 2276 tribuens,
1023 2224 1238 2283 optimum
1265 2222 1443 2266 notavit.
1479 2222 1613 2265 Suum
1634 2233 1777 2282 potest
1802 2222 1952 2265 referri
1982 2233 2071 2265 tam
2095 2222 2150 2265 ad
2171 2223 2450 2283 accipientem

285 2301 418 2343 quam
434 2287 490 2330 ad
509 2288 788 2331 tribuentem.
814 2288 858 2330 Si
874 2287 930 2331 ad
949 2289 1233 2349 accipientem
1246 2289 1472 2341 referatur,
1501 2298 1602 2331 tunc
1626 2287 2005 2331 determinandum
2024 2289 2244 2331 communi
2269 2289 2449 2333 utilitate

285 2362 467 2395 servata.
497 2353 519 2395 J
523 2354 677 2396 ustitiae
700 2354 912 2413 siquidem
941 2365 1005 2397 est
1026 2355 1175 2398 omnia
1194 2354 1250 2398 ad
1271 2370 1552 2398 communem
1572 2353 1801 2396 utilitatem
1818 2353 1994 2397 referre.
2019 2354 2088 2397 Sic
2113 2353 2242 2413 igitur
2259 2354 2303 2397 in
2324 2371 2451 2415 repu-

285 2416 399 2460 blica
427 2419 605 2477 quidem
635 2419 726 2463 fieri
754 2420 907 2475 debet,
937 2431 986 2463 ut
1019 2436 1119 2464 cum
1148 2420 1299 2480 aliquis
1330 2431 1499 2463 tantum
1526 2420 1733 2463 meruerit
1766 2420 2033 2463 remunerari
2067 2419 2135 2463 vel
2170 2430 2288 2463 tanta
2323 2437 2449 2481 poena

284 2484 443 2541 puniri,
475 2485 753 2538 deliberetur,
791 2502 846 2528 an
876 2487 911 2529 si
936 2497 1107 2530 tantum
1132 2487 1360 2546 praemium
1390 2487 1430 2530 ei
1459 2485 1586 2529 detur
1601 2496 1675 2529 aut
1692 2496 1811 2528 tanta
1839 2502 1966 2545 poena
1995 2486 2272 2540 multaretur,
2303 2489 2447 2547 reipu-

284 2548 409 2593 blicae
431 2551 750 2611 praejudicetur.
771 2553 960 2595 Tantum
991 2553 1108 2596 enim
1128 2564 1274 2612 posset
1301 2553 1396 2611 quis
1420 2552 1688 2595 remunerari
1707 2567 1782 2594 seu
1814 2553 1945 2594 etiam
1976 2551 2138 2611 puniri,
2166 2552 2284 2609 quod
2306 2568 2451 2612 respu-

243 2658 246 2661 .
284 2616 458 2673 publica
486 2633 694 2677 magnum
727 2618 1038 2662 detrimentum
1069 2618 1173 2661 inde
1205 2629 1440 2678 pateretur.
1473 2617 1589 2660 Sicut
1621 2628 1685 2660 est
1712 2617 1757 2659 in
1788 2617 2026 2676 republica,
2067 2618 2127 2660 516
2164 2619 2217 2660 511
2248 2619 2377 2661 etiam
2406 2620 2449 2661 in

285 2680 490 2725 Ecclesia.
517 2683 586 2725 Sic
605 2683 739 2740 judex
759 2684 938 2743 quisque
960 2683 1166 2728 discretus
1189 2695 1278 2726 tam
1297 2684 1500 2727 secularis
1525 2699 1655 2742 quam
1678 2681 1984 2726 ecclesiasticus
2007 2693 2165 2739 totum,
2186 2683 2306 2743 quod
2331 2684 2448 2739 facit,

287 2745 344 2788 ad
371 2762 650 2791 communem
675 2749 905 2792 utilitatem
933 2750 1181 2809 reipublicae
1205 2760 1280 2792 aut
1301 2749 1431 2792 etiam
1458 2748 1675 2808 parochiae
1701 2764 1789 2790 suae
1816 2747 1976 2790 referre
2001 2747 2148 2792 debet.
2180 2749 2249 2792 Sic
2279 2764 2449 2807 quoque

286 2826 562 2855 communem
594 2813 823 2856 utilitatem
854 2814 899 2856 in
927 2831 1006 2857 suo
1033 2815 1199 2872 judicio
1228 2826 1471 2858 conservat.
1502 2813 1634 2868 Quod
1661 2813 1776 2856 enim
1802 2814 1918 2855 hunc
1949 2813 2008 2856 516
2036 2825 2304 2868 remunerat,
2328 2813 2448 2856 illum

286 2876 349 2920 sic
364 2878 506 2936 punit,
524 2878 630 2922 alios
645 2878 801 2922 divinae
819 2878 1022 2938 [justitiae]
1046 2881 1182 2940 magis
1196 2880 1410 2922 obnoxios
1423 2879 1584 2922 reddit.
1610 2879 1654 2922 Si
1671 2889 1816 2922 autem
1843 2894 1968 2921 51111111
1985 2879 2041 2922 ad
2057 2881 2319 2923 tribuentem
2339 2880 2452 2923 refe-

284 2951 420 2995 ratur,
449 2960 540 2986 non
570 2944 812 3002 adjectione
835 2961 944 3004 opus
967 2955 1046 2988 est.
1081 2946 1149 2988 Sic
1172 2946 1289 2988 enim
1317 2946 1444 3005 punit
1461 2956 1505 2988 et
1526 2955 1774 2987 remunerat
1791 2943 1943 3001 judex,
1971 2955 2020 2987 ut
2042 2960 2087 2989 se
2113 2944 2238 2989 decet
2265 2958 2310 2990 61
2331 2947 2449 3005 quod

285 3006 462 3065 quidem
488 3009 568 3051 sibi
595 3010 740 3062 debet,
765 3021 814 3052 ut
838 3010 957 3069 quod
985 3011 1148 3067 justitia
1179 3011 1310 3054 debet
1338 3026 1450 3066 6556,
1487 3009 1717 3054 crudelitas
1750 3009 1818 3053 vel
1845 3007 2068 3054 dissolutio
2103 3028 2193 3054 non
2223 3012 2302 3065 sit,
2332 3013 2449 3071 quod

284 3083 410 3127 65561,
431 3073 500 3116 vel
527 3075 561 3117 si
583 3091 674 3117 non
697 3075 933 3119 remitteret
952 3091 1008 3119 ex
1031 3074 1159 3136 parte’
1171 3077 1241 3120 vel
1258 3093 1312 3119 ex
1331 3087 1423 3120 toto
1449 3076 1704 3119 remitteret.
1733 3076 1829 3118 Hoc
1853 3076 1982 3119 etiam
2005 3077 2086 3120 sibi
2110 3076 2244 3121 debet
2256 3089 2449 3122 terrenus

280 3137 433 3194 judex,
462 3151 510 3182 ut
536 3140 638 3184 inde
660 3141 1049 3185 commendabilior
1076 3154 1119 3185 et
1145 3143 1320 3199 majoris
1346 3142 1612 3186 auctoritatis
1642 3141 1698 3185 ad
1725 3141 1970 3186 faciendam
1990 3144 2199 3200 justitiam
2224 3144 2446 3187 reddatur.

286 3202 488 3248 Similiter
522 3206 641 3265 quod
670 3208 786 3250 Deus
812 3208 928 3250 hunc
952 3208 1077 3267 punit
1099 3209 1239 3251 minus
1258 3224 1389 3266 quam
1417 3207 1639 3262 meruerit,
1657 3207 1725 3252 vel
1742 3207 1864 3250 illum
1888 3220 2134 3253 remunerat
2162 3211 2296 3270 magis
2321 3226 2448 3268 quam

285 3270 484 3314 meritum
510 3273 665 3333 exigit,
692 3289 778 3316 suae
800 3274 974 3331 justitiae
1000 3279 1087 3329 est',
1122 3273 1168 3317 id
1197 3285 1281 3328 est,
1320 3274 1377 3318 ad
1399 3274 1607 3331 justitiam
1633 3274 1697 3317 sui
1726 3273 1948 3318 reddentis
1973 3276 2174 3335 pertinet.
2201 3276 2305 3319 Haec
2333 3276 2447 3318 bona

454 3362 487 3388 ιι
2237 3357 2286 3393 74
