2638 3866
313 226 407 274 320
1113 220 1284 268 PETRI
1320 219 1635 269 ABAELARDI

316 326 452 374 Unde
474 324 591 373 alius
614 323 728 371 dicit
748 322 1002 388 Apostolus
1017 323 1051 367 ¹:
1074 320 1201 379 «Qui
1221 321 1351 367 enim
1367 320 1643 386 proximum
1666 335 1820 384 quem·
1833 319 1963 368 videt
1982 338 2080 370 non
2100 323 2269 388 diligit,
2286 328 2441 374 Deum

314 423 457 471 quem
475 422 574 453 non
586 403 732 465 videt,
743 402 994 468 quomodo
1007 411 1164 468 potest
1178 400 1399 464 diligere?
1414 419 1439 446 »
1453 403 1564 458 Quo
1583 401 1712 448 enim
1727 410 1901 449 natura
1911 404 2062 468 magis
2077 420 2244 453 sumus
2256 406 2438 466 affines,

312 486 517 552 amplius
541 485 641 550 ipsa
663 500 754 531 nos
780 482 841 531 ad
865 482 1174 530 dilectionem
1196 481 1379 528 invitat.
1420 479 1568 539 Adeo,
1595 480 1809 545 inquam,
1840 500 1864 527 «
1891 498 2002 529 curn
2033 484 2259 533 omnibus
2277 502 2444 551 pacem

313 565 559 626 habentes,
582 582 605 609 »
622 573 675 611 ut
689 565 726 611 si
751 562 959 627 aliquem
982 560 1278 609 offendendo
1293 560 1601 620 excesseritis,
1625 581 1649 604 α
1665 577 1766 608 non
1789 563 2108 629 vosmetipsos
2121 563 2404 626 defendatis,
2419 586 2442 610 n

313 645 360 691 id
393 654 463 693 est
486 645 706 710 proprias
729 643 892 709 culpas
926 642 1176 703 excusetis,
1205 659 1229 686 «
1249 640 1334 688 sed
1369 639 1479 688 date
1513 640 1675 688 locum
1711 641 1810 703 irae,
1830 660 1853 687 »
1878 641 1928 690 id
1961 653 2032 691 est
2062 643 2216 692 cedite
2246 645 2368 694 irato
2400 655 2449 692 et

313 723 497 771 offenso
532 724 660 774 fratri
687 724 944 790 patienter,
969 722 1147 770 scilicet
1177 722 1278 785 ejus
1308 721 1429 768 iram
1461 721 1685 783 ferentes,
1716 738 1816 769 non
1845 723 2157 772 eumiterum
2184 742 2272 791 per
2302 741 2443 774 excu-

313 805 547 852 sationem
580 813 788 852 vestram
821 811 1197 851 commoventes
1234 804 1268 848 T
1273 818 1367 848 unc
1398 802 1527 848 enim
1558 802 1639 849 irae
1672 802 1773 866 ejus
1797 802 2139 867 resisteremus,
2168 815 2220 853 ut
2242 806 2446 873 amplius

313 894 545 942 aestuaret,
569 885 643 933 vel
667 885 716 932 in
738 901 796 932 eo
815 892 1097 943 remaneret,
1124 899 1225 930 non
1247 881 1526 929 cederemus
1545 891 1597 929 ut
1620 880 1682 929 ab
1705 898 1765 928 eo
1785 883 2020 931 transiret.
2266 941 2269 943 ,

383 985 406 1010 «
427 965 667 1031 Scriptum
686 974 756 1013 est
775 965 922 1024 enim,
944 984 967 1008 -n
984 963 1159 1011 scilicet
1179 963 1227 1010 in
1242 961 1505 1009 Proverbiis·
1518 964 1549 1023 ⁹,
1571 980 1595 1006 α
1612 961 1731 1009 mihi
1746 961 2022 1012 vindictam.
2045 982 2069 1009 »
2092 967 2156 1012 Ac
2174 965 2215 1012 si
2236 963 2417 1013 diceret
2436 985 2445 1013 :

316 1045 429 1093 Ideo
455 1063 569 1094 cum
603 1045 845 1094 offenditis
875 1045 1019 1106 alios,
1055 1043 1239 1092 debetis
1276 1042 1486 1090 offensos
1519 1042 1756 1107 patienter
1783 1042 2006 1107 tolerare,
2041 1054 2088 1092 et
2127 1061 2299 1093 eorum
2328 1045 2449 1095 iram

315 1136 547 1190 quantum
590 1125 804 1191 poteritis
841 1124 1019 1183 lenire,
1063 1124 1178 1189 quia
1212 1123 1356 1171 etiam
1392 1123 1430 1170 si
1463 1122 1525 1169 ab
1566 1122 1633 1170 eis
1676 1122 1845 1170 offensi
1877 1125 2057 1183 essetis,
2101 1125 2322 1174 hortatur
2365 1142 2451 1174 vos

313 1206 550 1254 Dominus
581 1222 644 1252 ne
679 1221 766 1252 vos
799 1204 915 1252 inde
951 1203 1238 1252 vindicetis:
1271 1203 1355 1251 sed
1393 1203 1436 1251 ei
1468 1201 1730 1250 vindictam
1759 1205 2008 1252 reservetis
2044 1205 2221 1253 dicenti
2249 1222 2260 1252 :
2293 1205 2458 1253 «Mihi-

314 1285 595 1347 vindictam,
616 1304 638 1330 »
661 1285 867 1332 subaudi
903 1294 1165 1345 reservate,
1199 1304 1221 1327 «
1238 1293 1284 1332 et
1312 1299 1401 1347 ego
1427 1281 1689 1330 retribuam
1709 1303 1732 1327 »
1767 1283 1924 1344 illam,
1951 1295 2004 1332 ut
2026 1285 2203 1333 scilicet
2230 1285 2447 1334 ulciscar.

315 1364 591 1413 Notandum
625 1364 757 1430 quod
795 1365 834 1412 si
862 1364 959 1412 hoc
990 1364 1280 1429 intelligatur
1316 1362 1587 1410 exhortatio
1625 1363 1688 1411 ad
1722 1363 2070 1429 perfectionem
2099 1367 2262 1431 potius
2300 1381 2449 1431 quam

314 1445 386 1492 lex
427 1456 474 1493 et
512 1446 855 1511 praeceptum³‚
896 1444 1017 1491 sicut
1051 1453 1100 1491 et
1147 1443 1279 1509 quod
1313 1443 1496 1490 Veritas
1534 1442 1601 1490 ait
1619 1444 1650 1504 ¹⁵,
1693 1463 1717 1487 c<
1742 1446 1800 1491 Et
1828 1454 1908 1492 tua
1945 1461 2008 1493 ne
2049 1455 2236 1511 repetas
2263 1464 2274 1492 ε
2300 1464 2323 1489 »
2361 1462 2464 1512 ρον

316 1534 406 1572 test
422 1535 470 1572 et
496 1525 615 1572 illud
640 1525 772 1590 quod
795 1523 977 1572 dictum
1001 1534 1071 1572 est
1092 1524 1329 1590 superius,
1361 1543 1384 1567 «
1403 1540 1503 1570 non
1527 1523 1866 1589 nosmetipsos,
1897 1534 2013 1584 etc„
2035 1546 2058 1569 2>
2091 1526 2157 1574 ita
2181 1524 2451 1574 exhortatio

317 1601 623 1669 perfectionis
662 1604 857 1668 intelligi
885 1643 896 1664 ‚
954 1614 1006 1653 ut
1061 1621 1173 1652 cum
1220 1621 1249 1652 a
1293 1602 1682 1670 persecutoribus
1733 1603 1993 1652 defendere
2043 1622 2134 1653 nos
2179 1605 2417 1672 possimus
2435 1643 2468 1667 ,.

316 1685 571 1750 perfectius
595 1695 755 1732 tamen
787 1684 915 1732 dicat
944 1701 1045 1736 esse
1078 1685 1279 1732 omnino
1309 1700 1407 1730 non
1444 1683 1701 1731 defendere
1715 1698 1734 1747 ,·
1759 1683 1844 1732 sed
1875 1685 2036 1752 potius
2057 1686 2279 1750 injuriam
2312 1683 2453 1734 nobis

318 1763 494 1811 illatam
527 1765 841 1822 sustinenteS,
877 1780 1022 1828 quam
1061 1763 1366 1812 desendendo
1403 1779 1579 1828 corpus
1621 1764 1831 1811 animam
1869 1776 2083 1812 nostram
2119 1762 2450 1825 vulnerantes,

319 1861 429 1892 eum
464 1845 684 1892 videlicet
708 1861 802 1910 per
832 1844 949 1891 iram
982 1843 1338 1901 interficiendo,
1373 1860 1400 1890 a
1429 1859 1527 1908 quo
1569 1843 1765 1892 fortasse
1788 1859 1879 1891 nos
1912 1843 2046 1892 aliter
2068 1844 2326 1893 defendere
2349 1862 2463 1892 non

320 1941 602 1990 possumus.
640 1924 733 1973 Sed
774 1925 895 1972 sicut
931 1934 979 1971 et
1000 1923 1119 1972 illud
1150 1925 1369 1989 superius
1405 1940 1495 1989 pro
1527 1934 1766 1989 praecepto
1801 1926 2127 1991 exposuimus,
2161 1935 2319 1991 potest
2352 1925 2456 1972 sor-

319 2005 438 2052 sitan
494 2015 540 2052 et
575 2005 670 2052 hoc
716 2020 806 2070 pro
853 2013 1092 2070 praecepto
1140 2004 1371 2067 intelligi:
1423 2002 1593 2051 «Mihi,
1621 2004 1915 2063 vindictam,
1967 2015 2059 2054 etc.
2090 2026 2114 2050 ³>
2157 2006 2288 2054 Sicut
2326 2006 2455 2053 enim

312 2084 459 2148 judex
479 2101 592 2132 cum
616 2084 718 2148 lege
739 2083 814 2132 vel
830 2100 995 2132 amore
1012 2084 1098 2131 Dei
1119 2084 1203 2149 qui
1224 2083 1378 2147 legem
1399 2084 1602 2132 instituit
1619 2086 1920 2147 constrictuS‚
1942 2102 2078 2134 reum
2095 2084 2337 2144 interficit,
2355 2101 2454 2132 non

319 2174 503 2213 tantum
535 2166 636 2231 ipse
670 2164 766 2212 hec
797 2152 951 2226 facere
986 2164 1164 2212 dicitur
1198 2180 1345 2229 quam
1378 2165 1455 2212 lex
1488 2165 1563 2212 vel
1598 2167 1727 2213 Deus
1762 2162 1875 2230 ipse⁴
1899 2166 1984 2231 qui
2016 2165 2113 2214 hoc
2149 2166 2300 2213 facere
2335 2181 2468 2231 prae-v

318 2246 462 2310 cipit,
510 2255 555 2292 et
589 2244 651 2292 ad
691 2244 786 2291 hoc
834 2242 1109 2292 faciendum
1152 2254 1384 2309 tanquam
1422 2244 1742 2292 instrumento
1785 2245 1951 2307 utitur,
2003 2246 2068 2294 ita
2108 2254 2155 2294 et
2200 2261 2312 2293 cum
2355 2244 2456 2292 zelo
2502 2269 2504 2271 >

314 2324 503 2387 justitiae
537 2324 610 2372 vel
644 2340 811 2372 amore
844 2323 1058 2372 vindicta
1093 2334 1165 2371 est
1201 2324 1500 2390 imputanda.
1538 2326 1682 2383 Quod
1725 2325 1887 2389 itaque
1922 2326 2135 2391 praecipit
2174 2327 2332 2387 Deus,
2367 2324 2470 2373 sibi,

319 2404 581 2452 vindictam
602 2405 854 2465 reservari,
886 2413 939 2451 ut
967 2405 1069 2470 ipse
1098 2403 1226 2451 illam
1254 2404 1409 2463 saciat,
1442 2403 1535 2451 tale
1563 2414 1633 2451 est
1652 2413 1705 2451 ut
1730 2421 1876 2452 nemo
1911 2406 2155 2453 vindicare
2182 2414 2452 2470 praesumat,

320 2484 447 2546 nisi⁵‚
478 2494 529 2532 ut
551 2484 734 2532 (lictum
752 2493 840 2542 est,
865 2486 995 2531 Deus
1015 2483 1109 2530 hoc
1134 2500 1219 2549 per
1244 2484 1400 2548 ipsum
1428 2492 1557 2547 agat,
1587 2484 1671 2548 qui
1694 2485 1783 2531 ait⁶
1810 2502 1820 2530 :
1851 2503 1874 2528 α
1896 2487 1995 2548 Ego
2019 2484 2236 2533 occidam
2252 2521 2265 2544 ,
2291 2494 2339 2531 et
2367 2499 2456 2547 ego

322 2565 477 2612 vivere
496 2565 662 2612 faciam
671 2601 681 2611 .
706 2583 729 2609 υ
745 2563 884 2611 Unde
898 2566 1185 2628 Augustinus
1203 2565 1523 2624 Quaestionum
1538 2565 1587 2609 in
1600 2565 1850 2611 Levz'ticum
1860 2580 1966 2629 cap.
1981 2581 2090 2612 Lxxt
2111 2583 2122 2611 ε
2140 2567 2296 2612 «Cum
2307 2563 2472 2611 homo-

316 2645 440 2706 juste
454 2645 706 2705 occiditur,
724 2644 797 2691 lex
809 2660 923 2691 eum
934 2643 1127 2704 occidit,
1142 2659 1244 2691 non
1257 2652 1326 2690 tu.
1345 2662 1369 2688 υ
1384 2643 1514 2690 ldem
1524 2641 1583 2690 de
1598 2644 1797 2690 Civitate
1807 2643 2052 2691 Βει“1ἰ]).1”’
2066 2661 2077 2690 ε
2094 2663 2117 2689 «
2130 2647 2236 2692 Non
2248 2643 2455 2702 occides⁷

323 2724 395 2771 his
412 2726 618 2790 exceptis
631 2741 755 2789 quos
768 2727 898 2771 Deus
918 2723 1073 2771 occidi
1091 2722 1246 2787 jubet.
1261 2726 1367 2770 Non
1385 2733 1544 2770 autem
1563 2723 1665 2788 ipse
1685 2714 1861 2772 occidit
1876 2725 1959 2793 qui
1979 2724 2295 2772 ministerium
2315 2722 2458 2771 debet

319 2802 535 2864 jubenti,
562 2805 742 2852 scilicet
770 2804 1118 2853 adminiculum
1143 2802 1302 2868 gladio
1337 2803 1503 2850 utenti.
1530 2805 1664 2851 Tunc
1686 2804 1846 2868 itaque
1872 2803 2025 2851 homo
2055 2803 2233 2851 occidit
2255 2819 2368 2851 cum
2400 2819 2457 2849 ex

323 2888 371 2927 se
405 2883 471 2943 id,
505 2901 604 2931 non
640 2901 697 2932 ex
726 2888 831 2933 Deo
863 2885 975 2947 agit.
1004 2886 1126 2931 Cum
1152 2899 1265 2930 vero
1292 2899 1351 2930 ex
1378 2883 1542 2931 divina
1563 2884 1861 2932 institutione
1892 2884 1966 2931 vel
1986 2884 2201 2948 jussione
2230 2883 2282 2931 id
2315 2882 2454 2943 facit,

330 2963 456 3007 Deus
480 2958 639 3026 potius
654 2973 882 3028 tanquam
907 2964 1280 3010 inst-rumentum
1302 2963 1352 3009 id
1374 2962 1501 3023 facit,
1523 2980 1670 3028 quam
1687 2963 1839 3012 homo
1856 2964 1974 3030 ipse.
1998 2964 2074 3011 Sic
2093 2964 2271 3029 quippe
2291 2978 2458 3027 quem·

331 3039 445 3087 libet
466 3052 712 3105 potentem
735 3042 917 3106 aliquid
940 3041 1174 3088 aedificare
1197 3041 1271 3089 vel
1294 3042 1447 3090 facere
1470 3042 1690 3104 dicimuS,
1714 3060 1825 3091 cum
1852 3043 1912 3092 ad
1934 3043 2047 3107 ejus·
2063 3043 2316 3108 imperium
2340 3040 2457 3089 illud

366 3237 495 3272 =1Joan
510 3262 522 3278 ,
539 3248 611 3279 cap.
628 3248 673 3280 iv,
691 3249 720 3271 v.
738 3242 790 3273 20.
807 3242 992 3282 —2Prov.‚
1013 3251 1083 3282 cap.
1104 3250 1166 3274 xxv
1178 3251 1232 3282 ,1.
1251 3244 1304 3275 21.
1318 3261 1355 3266 —
1431 3246 1481 3277 30.
1497 3245 1556 3280 -έ
1573 3245 1745 3278 Διηὶ).Νεε
1760 3253 1821 3285 pro
1835 3244 1938 3278 Nisi..
1954 3246 2013 3281 -,-⁶
2025 3244 2138 3284 Βοιώ,
2154 3253 2225 3285 cap.
2242 3252 2344 3284 xxxu,
2362 3253 2392 3277 v·
2406 3245 2458 3279 39.

323 3293 438 3326 ’Amb.
456 3294 565 3333 Quam
585 3303 653 3327 vos.
685 3294 722 3325 Et
742 3299 959 3337 praeceptum.
982 3312 1021 3319 —
1039 3298 1049 3317 ⁴
1061 3295 1151 3337 Luc„
1168 3305 1239 3337 cap.
1265 3306 1308 3339 vi,
1326 3306 1354 3330 v.
1429 3298 1581 3340 -2Cap.
1597 3307 1674 3338 1¹¹3
1693 3298 1800 3341 opp„
1814 3304 1836 3332 t.
1857 3297 1926 3339 vn,
1944 3300 2008 3332 col.
2027 3301 2077 3335 31.
