2638 3866
298 189 358 237 80
1092 180 1251 230 PETRI
1286 177 1592 227 ABAELARDI

308 291 491 348 «tiam,
523 308 545 332 ι)
578 297 625 334 et
655 286 743 351 ipsi
765 283 979 331 sciebant
1011 282 1128 346 quid
1165 281 1397 328 dicerent.
1426 297 1448 322 n
1491 264 1643 324 Item:
1687 275 1996 335 «Quomodo
2025 277 2262 342 sapienter
2298 281 2414 325 Pro-

298 369 469 433 phetae,
497 366 558 415 ad
586 366 731 413 instar
753 363 1008 417 brutorum
1029 361 1325 419 animalium,
1352 357 1467 421 quid
1491 356 1722 417 dicerent,
1748 355 2067 419 ignorabant?
2096 377 2117 399 >a
2141 357 2263 404 Hinc
2285 367 2354 405 est
2373 367 2419 404 et

298 446 416 494 illud
437 446 671 509 Origenis,
693 441 954 507 Epistolam
975 440 1107 487 Pauli
1131 440 1191 487 ad
1213 441 1454 485 Romanos
1484 437 1768 501 exponentis
1789 453 1800 483 ε
1826 455 1848 480 «
1870 435 2148 485 Secundum
2170 435 2418 489 revelatio-

298 543 409 573 nem
429 524 636 589 mysterii
650 522 836 569 aeternis
854 520 1151 585 temporibus
1171 517 1315 578 taciti,
1331 525 1422 563 etc.
1448 515 1541 563 Sed
1563 515 1908 580 requirendum
1928 525 1997 563 est
2019 525 2178 564 utrum
2195 515 2415 563 id-dieam

299 606 347 652 in
365 604 550 652 silentio
565 601 805 662 habitum,
824 611 876 648 ut
895 600 1094 647 omnino
1110 597 1268 644 nullus
1284 595 1550 660 agnoverit,
1570 611 1729 660 neque
1748 596 1839 660 ipsi
1855 595 2051 660 quidem
2068 596 2152 660 qui
2164 595 2420 644 annuntia·

298 683 411 730 bant
432 682 696 748 Prophetae.
726 681 841 728 Mihi
864 679 1059 744 quidem
1081 676 1218 732 valde
1237 675 1498 738 absurdum
1523 675 1730 734 videtur,
1756 685 1808 723 ut
1835 675 2050 723 dicamus
2072 675 2334 740 Prophetas
2358 676 2422 723 ita

297 757 514 822 scripisse
537 755 597 804 de
616 754 922 803 sacramentis
945 752 1132 808 divinis,
1156 760 1209 797 ut
1228 766 1327 797 non
1344 749 1662 797 intellexerint
1681 766 1786 815 quae
1799 748 2040 812 dicebant,
2055 751 2168 797 c‘um
2180 750 2423 815 Scriptura

298 834 424 884 dicat
451 853 461 882 :
494 855 516 880 c<
544 835 739 900 Sapiens
773 832 988 895 intelligit
1020 846 1124 895 quae
1154 829 1216 877 de
1238 845 1322 877 ore
1342 831 1443 894 ejus
1465 829 1755 896 procedunt,
1782 838 1829 876 et
1851 829 1906 876 -in
1931 828 2070 877 labiis
2099 838 2261 895 portat
2282 829 2421 877 intel—

302 937 323 958 «
343 915 534 963 lectum.
566 934 589 960 »
615 915 663 961 Si
686 930 798 961 vero
820 928 915 959 non
934 908 1251 957 intellexerint
1270 925 1375 973 quae
1394 908 1456 957 de
1475 926 1558 957 ore
1580 911 1778 976 proprio
1802 908 2128 975 proferebant,
2153 924 2254 957 non
2285 918 2422 957 erant

298 995 552 1059 sapientes.
575 992 711 1040 Unde
730 993 768 1039 si
790 991 983 1038 stultum
1007 998 1077 1037 est
1102 988 1364 1055 Prophetas
1386 1005 1560 1054 negare
1584 989 1821 1055 sapientes
1843 988 2004 1051 fuisse,
2042 998 2185 1037 restat
2207 998 2261 1036 ut
2284 988 2422 1036 intel-

299 1075 497 1122 lexerint
518 1089 622 1138 quae
644 1070 963 1137 proferebant.
1004 1068 1174 1116 Paulus
1196 1068 1312 1117 dicit
1340 1069 1602 1117 audivisse¹
1629 1089 1651 1115 «
1676 1068 1821 1118 verba
1851 1086 1955 1134 quae
1976 1085 2075 1117 non
2097 1068 2208 1117 licet
2233 1067 2421 1116 homini

302 1174 324 1198 «
344 1154 495 1218 loqui,
518 1173 540 1196 »υ
568 1168 666 1199 non
690 1149 820 1215 quod
845 1150 945 1214 ipse
966 1150 1155 1213 ignoret
1177 1148 1314 1215 quod
1336 1148 1559 1212 audierit,
1585 1149 1670 1198 sed
1693 1149 1826 1215 quod
1848 1148 1951 1197 aliis
1974 1148 2188 1215 pandere
2211 1165 2315 1213 quae
2332 1147 2423 1196 sibi

298 1242 408 1279 sunt
431 1231 653 1291 indicata,
674 1246 770 1277 non
796 1230 972 1276 liceret.
994 1231 1060 1276 lta
1082 1245 1196 1294 ergo
1219 1239 1377 1294 potest
1396 1239 1443 1278 et
1463 1229 1685 1277 hocloco
1702 1229 1885 1278 dictum
1901 1228 2053 1277 videri
2073 1237 2423 1277 sacramentum

296 1312 342 1357 in
369 1311 552 1358 silentio
576 1309 809 1370 habitum,
832 1307 971 1374 quod
995 1308 1170 1357 scirent
1194 1308 1394 1374 quidem
1415 1308 1682 1374 Prophetae,
1705 1307 1789 1357 sed
1812 1308 2090 1356 hominibus
2114 1307 2163 1356 id
2191 1318 2262 1356 est
2278 1308 2423 1373 vulgo

297 1407 393 1438 non
418 1390 837 1450 manifestaverint,
866 1387 950 1436 sed
974 1389 1196 1451 texerint,
1221 1389 1487 1437 secundum
1503 1399 1796 1455 praeceptum
1821 1389 1927 1450 Dei,
1958 1405 2208 1454 usquequo
2232 1399 2424 1454 tempus

297 1467 496 1526 adesset,
522 1477 568 1514 et
590 1466 801 1526 Verbum
824 1482 936 1513 caro
960 1464 1112 1513 fieret.
1135 1466 1269 1514 Adeo
1287 1473 1483 1531 quoque
1503 1481 1802 1531 quaecunque
1814 1465 2151 1533 praedicantur‚
2176 1467 2241 1514 ita
2262 1465 2355 1514 dici
2371 1476 2425 1513 ut

295 1546 486 1611 intelligi
510 1548 694 1611 possint
729 1545 983 1612 Apostolus
1010 1545 1163 1611 jubet,
1196 1556 1250 1594 ut
1284 1548 1487 1594 omnino
1522 1562 1550 1595 a
1586 1546 1923 1612 praedicatione
1956 1545 2302 1611 quiescendum
2323 1563 2431 1594 esse*

297 1630 551 1695 praecipiat,
581 1631 619 1676 si
641 1630 688 1676 in
716 1629 791 1676 his
814 1646 918 1689 quae
939 1628 1243 1695 praedicanda
1264 1639 1376 1677 sunt
1397 1629 1520 1678 desit
1535 1630 1617 1695 qui
1640 1629 1931 1696 prophetare
1957 1629 2126 1690 valeat,
2154 1628 2251 1677 hoc
2276 1639 2346 1678 est
2369 1646 2427 1688 ea

298 1725 400 1772 quae
419 1708 642 1756 dicuntur
664 1725 918 1775 exponere,
944 1719 990 1757 et
1012 1725 1183 1758 eorum
1205 1710 1565 1775 intelligentiam
1590 1710 1791 1775 aperire.
1823 1709 1961 1756 Unde
1993 1709 2092 1774 ipse
2117 1725 2207 1756 nos
2238 1707 2301 1757 ad
2327 1709 2424 1775 spi-

298 1789 538 1836 ritualium
555 1789 795 1837 donorum
819 1789 1110 1838 desiderium
1130 1789 1390 1839 exhortans
1405 1791 1456 1838 in
1477 1790 1634 1856 prima
1654 1789 1716 1838 ad
1735 1789 2009 1838 Corinthios
2022 1788 2232 1855 Epistola
2245 1788 2361 1837 dicit
2374 1792 2388 1814 ²
2408 1808 2418 1835 :

302 1887 322 1911 «
352 1867 653 1916 AEmulamini
684 1870 964 1935 spiritualia,
985 1871 1133 1936 magis
1169 1881 1331 1919 autem
1367 1880 1420 1918 ut
1444 1869 1759 1937 prophetetis,
1786 1890 1809 1914 ι)
1845 1869 1941 1917 hoc
1971 1879 2219 1935 estsuper
2258 1878 2424 1917 caetera

297 1948 497 2012 Spiritus
519 1951 668 1997 sancti
691 1949 836 2013 dona,
857 1950 951 1998 hoc
979 1952 1184 2000 maxime
1206 1952 1491 2015 desiderate,
1508 1961 1562 2001 ut
1579 1967 1687 2017 quae
1703 1950 1863 2016 lingua
1890 1951 2216 2016 proferuntur,
2235 1947 2332 1997 hoc
2355 1959 2425 1996 est

298 2027 342 2073 in
368 2028 522 2076 verbis
545 2040 731 2091 sonant,
759 2048 845 2096 per
867 2031 1230 2097 intelligentiam
1251 2031 1404 2080 videri
1431 2031 1629 2094 faciatis,
1654 2041 1702 2080 et
1723 2047 1963 2097 exponere
1989 2030 2198 2096 possitis·
2215 2029 2341 2089 Quia
2355 2039 2426 2077 et-

297 2108 423 2154 enim
447 2109 695 2174 Prophetae
718 2131 740 2155 «
763 2111 978 2160 videntes
1001 2133 1023 2156 »
1048 2113 1314 2178 antiquitus
1336 2111 1637 2172 dicebantur,
1672 2110 1768 2160 hoc
1788 2111 1899 2159 loco
1935 2109 2188 2177 Apostolus
2215 2108 2426 2176 prophe-

296 2196 395 2234 tare
415 2187 544 2250 dicit,
575 2191 727 2237 visum
745 2191 1062 2256 intelligentiae
1082 2194 1371 2242 ministrare.
1401 2213 1423 2238 >a
1460 2193 1557 2252 Qui
1578 2192 1725 2241 etiam
1747 2191 1904 2240 statim
1927 2205 2225 2258 prosequens
2246 2199 2429 2254 quanta

296 2266 355 2312 sit
379 2267 555 2315 utilitas
573 2270 910 2335 prophetandi,
930 2282 978 2319 et
993 2289 1136 2336 quam
1162 2272 1470 2321 excellentius
1507 2273 1566 2319 sit
1590 2270 1881 2338 prophetare
1917 2285 2065 2336 quam
2096 2269 2230 2335 loqui
2265 2269 2428 2334 lingua

297 2346 415 2408 sola,
449 2347 499 2394 id
523 2358 591 2395 est
611 2350 755 2397 verba
787 2369 1025 2417 exponere
1059 2355 1208 2420 magis
1238 2370 1385 2419 quam
1420 2353 1628 2400 formare
1652 2371 1662 2398 ε
1696 2372 1719 2395 (ι
1746 2352 1840 2411 Qui
1862 2353 1991 2399 enim
2009 2351 2224 2416 loquitur
2244 2349 2422 2414 lingua,

299 2427 466 2490 inquit,
493 2445 593 2476 non
616 2429 893 2479 hominibus
911 2432 1143 2498 loquitur,
1164 2434 1248 2482 sed
1272 2436 1395 2481 Deo.
1414 2453 1436 2476 ³>
1461 2435 1613 2480 Nemo
1640 2433 1770 2480 enim
1793 2431 1943 2490 audit,
1969 2430 2065 2478 hoc
2091 2439 2161 2478 est
2186 2429 2421 2493 intelligit.

299 2507 452 2563 Quem
490 2509 882 2566 etiamauditum
917 2515 1154 2562 Dominus
1195 2514 1395 2578 requirit
1429 2512 1620 2560 dicens⁸
1645 2530 1654 2558 :
1686 2532 1709 2556 (ι
1731 2512 1825 2570 Qui
1855 2510 2001 2558 habet
2032 2526 2169 2558 aures
2199 2508 2427 2557 audiendi

299 2584 472 2634 audiat.
503 2606 525 2631 υ
564 2591 683 2636 Item
714 2593 962 2655 Apostolus
991 2593 1054 2641 de
1089 2592 1290 2640 utilitate
1326 2590 1669 2658 prophetandi,
1703 2591 1961 2655 subjecit⁸:
1993 2611 2015 2634 «
2039 2593 2158 2637 Nam
2195 2589 2280 2653 qui
2311 2604 2426 2653 pro-

301 2663 461 2727 phetat
476 2666 768 2731 hominibus,
790 2671 1001 2736 loquitur
1016 2672 1079 2720 ad
1091 2673 1476 2721 aedificationem.
1493 2691 1515 2715 n
1543 2659 1607 2718 Et
1616 2671 1790 2718 iterum
1804 2672 1843 2716 ³:
1868 2690 1891 2714 <‹
1909 2670 2003 2728 Qui
2021 2658 2424 2734 loquiturlingua,

299 2747 598 2809 semetipsum
622 2749 843 2813 aedificat3
874 2754 958 2817 qui
992 2764 1153 2801 autem
1187 2753 1444 2819 prophetat
1470 2751 1732 2799 Ecclesiam
1754 2750 1972 2799 aedificat.
2000 2751 2124 2799 Volo
2156 2758 2318 2797 autem
2342 2764 2428 2796 vos

300 2838 466 2870 omnes
482 2824 811 2892 loquilinguis,
826 2833 974 2895 magis
995 2843 1157 2880 autem
1174 2832 1482 2899 prophetare.
1505 2835 1625 2879 Nam
1637 2831 1791 2896 major
1802 2841 1874 2879 est
1889 2831 1974 2896 qui
1992 2829 2265 2897 prophetat,
2280 2844 2428 2894 quam

300 2902 382 2965 qui
409 2903 618 2967 loquitur
645 2907 831 2972 linguiS,
855 2912 943 2958 nisi
973 2912 1096 2960 sorte
1133 2913 1472 2978 interpretetur
1496 2921 1549 2959 ut
1577 2911 1786 2960 Ecclesia
1812 2909 2177 2958 aedificationem
2207 2908 2423 2974 accipiat.

301 2982 435 3028 Nunc
451 2994 627 3045 autem,
655 2986 835 3047 fratres,
859 2990 896 3036 si
920 3007 1098 3039 venero
1122 2992 1183 3039 ad
1206 3008 1292 3040 vos
1313 2992 1487 3056 linguis
1509 2991 1728 3055 loquens,
1752 2990 1871 3056 quid
1889 2989 2026 3038 vobis
2048 2986 2294 3054 prodero?
2312 3007 2335 3031 ι»
2354 2988 2427 3033 De

344 3187 592 3277 2¹11b53ff3172·2
595 3199 666 3284 εἰ
685 3200 744 3234 ²¹¹1,
762 3201 789 3226 v.
813 3197 843 3228 4.
859 3212 895 3218 -
913 3195 947 3228 ²1
966 3197 1137 3239 Corinth„
1155 3208 1225 3241 cap.
1242 3209 1311 3241 xiv,
1328 3209 1358 3234 v.
1372 3204 1401 3234 1.
1413 3217 1453 3225 —
1465 3201 1477 3221 ³
1489 3198 1703 3241 Matth.‚eap.
1723 3208 1769 3239 iv,
1787 3207 1816 3232 r.
1834 3196 2155 3240 15.—⁴lcorinth.,
2168 3203 2240 3236 cap.
2258 3203 2325 3234 xiv,
2344 3203 2373 3227 v.
2394 3196 2425 3227 3,

301 3258 338 3264 -
452 3265 476 3282 .‚
517 3268 523 3275 .
664 3269 670 3275 .
