2638 3866
966 203 1313 254 THEOLOGIA
1348 204 1718 254 cflfflsTlANA.
2327 199 2423 247 547

279 305 466 366 effecta,
503 320 616 352 cum
651 302 768 351 dicit
795 302 982 364 datum,
1020 305 1171 368 magis
1199 322 1347 370 quam
1379 304 1649 354 secundum
1686 303 1954 352 naturalem
1992 318 2088 350 suae
2122 299 2426 365 benignitatis

278 386 522 435 affectum.
550 383 690 432 Unde
722 383 847 432 bene
877 383 1145 432 secundum
1169 386 1354 448 effecta,
1380 389 1518 434 Pater
1539 396 1588 434 et
1610 385 1754 433 Filius
1769 385 1955 451 priores
1976 383 2156 449 Spiritu
2180 381 2424 440 dicuntur,

279 476 327 514 et
349 466 490 532 quasi
518 464 819 531 principium
850 463 971 527 ejuS,
998 465 1112 528 quia
1139 482 1196 513 ex
1216 467 1450 534 potentia,
1472 466 1756 514 moderante
1777 463 2025 531 sapientia,
2050 463 2249 512 effectus
2270 462 2429 528 gratiae

280 546 546 595 descendit.
580 549 648 594 Ex
683 562 783 611 quo
820 545 1023 611 Spiritus
1054 547 1198 594 etiam
1228 547 1324 596 hoc
1362 548 1472 596 loco
1508 548 1796 615 appellatur,
1837 556 1885 594 et
1916 546 2050 612 prius
2079 544 2347 610 potentiam
2383 553 2430 591 et

282 627 565 694 sapientiam
600 643 702 675 esse
733 634 944 691 oportet,
980 635 1035 673 ut
1070 637 1236 692 postea
1272 628 1453 693 aliquid
1485 630 1534 676 in
1561 628 1786 676 effectum
1820 627 2039 675 ducatur.
2070 625 2181 674 Tale
2212 634 2282 673 est
2315 640 2430 689 ergo

283 711 471 757 Patrem
503 718 551 756 et
574 708 747 756 Filium
778 724 880 755 esse
915 707 1211 773 principium
1242 709 1446 774 Spiritus
1476 710 1664 768 Sancti,
1704 725 1760 756 ac
1794 708 1834 755 si
1868 707 2085 755 dicamus
2115 706 2345 772 Spiritum
2374 723 2431 754 ex

282 788 524 837 ambobus
555 805 643 854 per
673 788 901 836 effectum
926 788 1213 854 procedere,
1240 789 1337 837 hoc
1365 799 1438 837 est
1473 790 1740 838 Potentiam
1762 789 1869 847 Dei,
1909 786 2194 835 moderante
2226 787 2328 851 ejus
2364 801 2433 833 ra·

283 870 433 931 tione,
464 869 528 917 ad
555 879 720 917 actum
748 869 965 935 perduci.
995 872 1054 916 Et
1073 869 1170 917 hoc
1189 870 1386 934 quidem
1409 869 1559 918 modo
1588 871 1628 917 si
1651 869 1758 934 quis
1780 885 1960 916 nomen
1986 868 2189 933 Spiritus
2210 867 2429 932 accipiat,

283 949 554 998 secundum
589 949 768 998 scilicet
801 967 898 998 suae
927 951 1088 1014 gratiae
1111 950 1304 1013 effecta,
1339 967 1442 998 non
1471 961 1598 998 recte
1633 950 1806 998 dicitur
1839 949 2042 1015 Spiritus
2066 957 2288 1008 aeternus,
2315 946 2435 994 sicut

284 1047 375 1079 nec
407 1031 646 1078 Dominus
663 1066 675 1090 ,
713 1041 797 1079 aut
826 1041 1014 1079 creator
1042 1050 1052 1078 :
1081 1032 1218 1096 quia,
1247 1041 1303 1079 ut
1333 1031 1567 1091 diximus,
1592 1047 1693 1079 non
1723 1046 1914 1095 semper
1943 1029 2147 1094 Spiritus
2169 1026 2436 1075 secundum

285 1111 457 1160 effecta
490 1112 672 1160 extitit.
699 1111 840 1159 Unde
865 1122 914 1160 et
941 1111 1068 1160 bene
1093 1113 1394 1176 Evangelista
1427 1115 1638 1160 Joannes
1665 1110 1727 1159 ab
1751 1110 2012 1158 aeternitate
2045 1109 2134 1157 Dei
2167 1107 2404 1156 inchoans
2421 1144 2433 1167 ,

285 1209 399 1240 cum
423 1191 635 1240 Verbum
674 1191 804 1258 apud
837 1195 995 1240 Deum
1029 1193 1314 1241 aeternaliter
1346 1210 1449 1242 esse
1478 1193 1777 1253 ostenderet,
1813 1191 2004 1239 dicens¹
2030 1208 2041 1236 :
2075 1192 2166 1236 «In
2198 1189 2437 1255 principio

285 1283 389 1321 erat
409 1273 650 1335 Verbum,
686 1283 734 1321 et
756 1273 970 1321 Verbum
1000 1284 1102 1322 erat
1131 1274 1265 1340 apud
1295 1277 1470 1334 Deum,
1497 1284 1546 1323 et
1575 1277 1705 1322 Deus
1727 1282 1831 1321 erat
1855 1271 2094 1329 Verbum,
2130 1269 2228 1318 hoc
2264 1279 2367 1317 erat
2390 1270 2437 1316 in

286 1354 531 1419 principio
555 1353 687 1419 apud
706 1357 882 1401 Deum.
902 1355 1080 1402 Omnia
1106 1372 1194 1420 per
1215 1355 1374 1420 ipsum
1398 1355 1522 1403 facta
1551 1365 1681 1416 sunt,
1697 1363 1814 1411 etc.‚
1835 1374 1857 1398 υ
1877 1353 2060 1400 nullam
2074 1351 2280 1417 Spiritus
2301 1365 2439 1398 men-

288 1436 472 1482 tionem
497 1433 723 1482 habuisse
744 1434 955 1495 videtur,
978 1451 1075 1499 qua
1089 1452 1202 1482 eum
1220 1445 1453 1483 aeternum
1476 1452 1578 1484 esse
1597 1444 1846 1496 astrueret,
1871 1450 1984 1482 cum
2002 1433 2064 1481 de
2085 1436 2188 1480 Deo
2211 1441 2259 1479 et
2281 1431 2440 1478 Verbo

288 1514 391 1578 ejus
419 1514 643 1579 loquens,
672 1516 800 1562 Patri
832 1525 880 1563 et
902 1514 1064 1563 Verbo
1097 1515 1408 1564 solummodo
1437 1517 1749 1565 aeternitatem
1783 1514 2039 1575 adscribit,
2066 1512 2262 1560 dicens:
2295 1513 2441 1559 «Hoc

286 1604 389 1642 erat
419 1595 470 1642 in
501 1595 742 1661 principio
769 1596 900 1661 apud
934 1598 1110 1644 Deum.
1136 1618 1159 1641 n
1197 1597 1294 1655 Qui
1326 1598 1378 1644 in
1415 1614 1475 1645 eo
1502 1597 1701 1645 fortasse
1736 1595 1872 1661 quod
1903 1594 2151 1658 subjunxit
2175 1594 2234 1641 de
2270 1592 2442 1640 effectu

290 1692 496 1741 operum
530 1676 714 1739 diceus,
755 1698 778 1721 «
799 1678 978 1725 Omnia
1010 1695 1099 1744 per
1132 1678 1290 1743 ipsum
1324 1678 1447 1726 facta
1484 1688 1613 1737 sunt,
1634 1698 1656 1722 ι)
1689 1677 1921 1743 Spiritum
1953 1675 2227 1739 designasse
2253 1673 2446 1720 videtur

288 1755 560 1805 secundum
583 1757 752 1805 effecta
774 1758 879 1824 ipsa
899 1775 1007 1823 quae
1030 1775 1116 1807 sua
1138 1762 1268 1806 Deus
1286 1758 1507 1806 condidit
1530 1758 1771 1818 bonitate,
1798 1755 2068 1804 secundum
2092 1772 2221 1820 quae,
2249 1763 2302 1802 ut
2324 1753 2446 1801 dixi-

290 1854 418 1897 mus,
437 1847 646 1885 aeternus
670 1855 772 1886 non
798 1849 869 1886 est
897 1840 1119 1905 Spiritus,
1145 1839 1196 1887 id
1220 1849 1291 1887 est
1313 1840 1472 1899 datus,
1495 1840 1618 1887 sicut
1639 1855 1730 1887 nec
1752 1839 1915 1886 anima
1945 1836 2118 1884 mundi
2142 1852 2290 1901 quam
2310 1834 2444 1883 Plato

287 1917 426 1976 dicit.
477 1921 575 1967 Nec
609 1920 790 1967 mirum
825 1919 992 1968 locum
1026 1921 1337 1985 Evangelistae
1368 1922 1577 1969 maxime
1621 1937 1734 1968 cum
1768 1920 1968 1966 Platone
2001 1917 2287 1979 convenire,
2334 1933 2446 1963 cum

291 2008 443 2047 totam
467 1998 729 2047 verborum
745 2000 949 2048 istorum
966 2002 1253 2049 sententiam
1272 2003 1322 2049 in
1346 2001 1481 2049 libris
1504 2001 1862 2048 Platonicorum
1890 1999 2199 2064 Augustinus,
2226 2006 2280 2045 ut
2301 2012 2448 2062 supra

292 2079 632 2139 meminimus,
671 2080 927 2129 invenerit.
955 2083 1077 2128 Sunt
1098 2091 1263 2129 autem
1295 2082 1518 2129 nonnulli
1550 2081 1634 2146 qui
1664 2081 1912 2128 caritatem
1943 2080 2030 2126 Dei
2061 2095 2163 2126 non
2198 2078 2356 2125 solum
2383 2076 2447 2124 ad

292 2169 535 2208 creaturas
567 2160 749 2225 porrigi
771 2161 947 2221 velint,
986 2179 1157 2209 verum
1182 2163 1327 2210 etiam
1360 2162 1422 2210 ab
1450 2178 1548 2209 una
1580 2177 1789 2226 persona
1818 2161 1867 2207 in
1896 2160 2123 2216 alteram,
2150 2167 2205 2205 ut
2225 2156 2448 2205 videlicet

294 2256 432 2287 amor
461 2240 613 2287 Patris
642 2241 788 2288 etiam
820 2242 870 2289 in
904 2241 1078 2289 Filium
1106 2242 1184 2290 vel
1215 2242 1318 2289 Filii
1348 2243 1397 2290 in
1425 2246 1618 2290 Patrem
1649 2241 1852 2307 Spiritus
1875 2241 1978 2306 ipse
2007 2239 2082 2293 sit,
2107 2237 2254 2297 Quod
2285 2247 2447 2303 aperte

295 2320 586 2384 Augustinus
618 2321 669 2368 in
702 2324 787 2368 XV
817 2321 875 2368 de
902 2324 1138 2370 Trinitate
1168 2323 1337 2370 astruit
1373 2323 1447 2370 his
1475 2322 1661 2371 verbis'
1696 2340 1707 2369 :
1737 2341 1761 2367 α
1779 2321 2001 2384 Denique
2036 2320 2073 2367 si
2107 2320 2158 2366 in
2183 2318 2325 2367 donis
2360 2319 2448 2365 Dei

296 2400 417 2448 nihil
437 2401 594 2465 majus
617 2411 690 2449 est
714 2402 928 2465 caritate,
951 2413 1000 2451 et
1018 2403 1207 2451 nullum
1230 2414 1300 2452 est
1323 2403 1480 2468 majus
1508 2404 1697 2451 donum
1725 2403 1815 2450 Dei
1836 2417 1986 2466 quam
2008 2400 2212 2467 Spiritus
2234 2409 2444 2457 sanctus,

295 2481 414 2546 quid
437 2483 830 2547 consequentius,
858 2500 1005 2548 quam
1031 2494 1084 2531 ut
1106 2485 1208 2550 ipse
1231 2485 1292 2532 sit
1313 2485 1504 2545 caritas,
1530 2501 1638 2549 quae
1661 2483 1841 2531 dicitur
1863 2485 1993 2530 Deus
2016 2491 2064 2529 et
2085 2497 2143 2528 ex
2168 2480 2306 2529 Deo?
2330 2483 2388 2526 Et
2410 2480 2448 2526 si

295 2562 486 2622 caritas,
517 2563 632 2628 quia
658 2566 797 2611 Pater
819 2563 973 2630 diligit
1002 2563 1202 2625 Filium,
1234 2575 1283 2612 et
1312 2568 1500 2612 Patrem
1533 2564 1689 2631 diligit
1708 2563 1877 2625 Filius,
1904 2561 2207 2610 ineffabiliter
2228 2576 2448 2607 commu-

296 2644 498 2691 nionem
524 2643 786 2692 amborum
811 2645 1137 2705 demonstrat3
1163 2646 1282 2711 quid
1307 2646 1692 2706 convenientiuS,
1715 2661 1862 2710 quam
1880 2654 1934 2691 ut.
1952 2644 2030 2691 ille
2049 2643 2245 2708 proprie
2264 2641 2450 2688 dicatur

298 2724 496 2785 caritas,
537 2725 623 2789 qui
659 2725 862 2790 Spiritus
897 2737 970 2774 est
1006 2727 1281 2774 communis
1318 2726 1588 2775 ambobus?
1609 2746 1632 2770 >2
1660 2725 1784 2772 Hinc
1821 2734 1867 2772 et
1906 2723 2025 2771 illud
2063 2733 2133 2770 est
2172 2721 2449 2786 Hieronymi

299 2819 444 2867 super
473 2820 572 2851 xvn
595 2804 838 2868 psalmum
873 2824 884 2852 :
914 2826 937 2851 ι(
956 2807 1160 2872 Spiritus
1187 2808 1390 2854 Sanctus
1417 2823 1508 2854 nec
1542 2809 1680 2853 Pater
1710 2815 1781 2852 est
1803 2821 1894 2852 nec
1927 2804 2100 2862 Filius,
2135 2802 2221 2851 sed
2256 2802 2449 2850 dilectio

299 2899 446 2947 quam
479 2883 628 2932 habet
664 2887 802 2933 Pater
836 2887 886 2934 in
919 2887 1058 2948 Filio,
1095 2897 1143 2935 et
1179 2887 1323 2934 Filius
1355 2887 1403 2934 in
1439 2890 1593 2935 Patre.
1620 2906 1643 2931 »
1679 2885 1826 2944 Quod
1860 2885 2071 2933 fortassis
2101 2883 2214 2931 ideo
2243 2884 2450 2931 maxime

301 2962 565 3012 dicendum
587 2964 782 3013 videtur
814 2975 862 3014 et
889 2967 1181 3028 tenendum,
1217 2977 1270 3014 ut
1293 2967 1517 3015 videlicet
1545 2983 1684 3016 amor
1702 2982 1900 3031 quoque
1931 2966 2080 3013 Patris
2107 2965 2157 3012 in
2182 2964 2355 3012 Filium
2375 2963 2451 3011 vel

301 3043 406 3093 Filii
423 3046 473 3093 in
494 3049 685 3094 Patrem
714 3046 902 3094 dicatur
921 3048 1124 3113 Spiritus
1145 3057 1355 3107 sanctus,
1379 3058 1428 3096 et
1445 3064 1548 3096 non
1570 3057 1760 3095 tantum
1779 3063 1917 3095 amor
1948 3046 2011 3094 ad
2033 3055 2291 3105 creaturas,
2318 3044 2452 3110 quod

303 3125 514 3174 fortassis
533 3126 670 3175 aliter
697 3127 943 3176 videretur
965 3129 1168 3194 Spiritus
1198 3138 1389 3177 sanctus
1411 3146 1552 3195 posse
1574 3145 1674 3176 non
1701 3144 1821 3190 esse,
1846 3143 1903 3176 ac
1930 3144 2017 3193 per
2042 3127 2141 3175 hoc
2164 3142 2264 3174 non
2286 3141 2451 3173 neces·

349 3309 464 3343 'Joam
478 3337 486 3352 ‚
507 3321 580 3354 cap.
599 3322 626 3355 ι,
647 3321 678 3346 v.
702 3316 713 3346 t
735 3318 768 3346 et
786 3322 838 3355 sq.
867 3331 902 3338 —-
922 3316 933 3333 ²
951 3315 999 3347 De
1023 3314 1162 3355 Trina„
1186 3315 1246 3347 lib.
1268 3313 1344 3356 XV,
1368 3321 1440 3355 cap.
1469 3322 1539 3355 xix,
1558 3314 1643 3356 opp.
1660 3318 1681 3345 t.
1703 3311 1787 3345 Vlll.
