2638 3866
212 265 307 313 468
1014 260 1181 307 PETRI
1217 259 1547 309 ABAELARDI.
1563 305 1565 307 .
1587 267 1589 269 ’

211 364 400 412 dicitur.
435 363 676 422 Quoniam
709 362 887 427 quippe
922 378 1023 414 non
1055 371 1125 409 est
1155 361 1284 409 aliud
1308 365 1412 410 Deo
1441 378 1558 424 esse,
1595 370 1643 408 et
1674 362 1804 409 aliud
1838 377 2219 427 magnumesse,
2256 364 2340 413 sed

207 445 304 492 hoc
338 443 468 491 idem
499 443 566 489 illi
597 452 667 489 est
701 458 802 489 esse
833 441 964 505 quod
1001 443 1227 506 magnum
1262 455 1384 490 esse.'
1404 432 1691 508 'Propterea‘
1717 443 1838 507 sicut
1873 459 1974 490 non
2010 442 2225 491 dicimus
2248 453 2342 492 tres

207 524 448 582 essentias,
484 522 551 568 sic
584 538 685 569 non
715 521 918 569 dicimus
948 531 1042 569 tres
1061 522 1443 585 'magnitudines
1467 541 1490 567 υ
1515 522 2057 588 Una'quippe'tantum
2093 532 2140 569 et
2159 522 2341 571 'eadem

205 612 383 651 res'est
408 603 461 648 *in
481 601 690 665 'singulis
716 602 949 666 personis·
966 603 1063 649 una
1085 611 1132 648 et
1159 602 1410 650 individua
1440 602 1630 668 penitus
1655 601 1936 660 substantia,
1971 611 2113 667 atque
2139 603 2340 650 omnino

205 683 402 748 simplex
432 682 652 743 essentia,
684 683 762 729 cui
799 688 894 729 tres
925 681 1016 729 illae
1037 674 1202 730 insunt
1232 683 1572 748 proprietates,
1593 682 2002 748 secundum'quas
2025 699 2340 748 personarum

204 763 416 810 consistit
437 761 700 824 diversitas,
726 779 826 810 non
850 763 1044 827 aliqua
1033 767 1080 809 in
1103 779 1178 810 rer
1182 780 1262 809 um
1285 779 1487 811 numero
1514 763 1790 823 multitudo,
1818 780 1931 810 cum
1953 764 2012 810 sit
2034 779 2130 810 una
2153 772 2354 821 tantum,

204 859 277 890 res
299 841 549 906 singularis
585 852 728 907 atque
753 844 956 890 omnino
990 843 1309 890 indivisibilis
1336 842 1476 891 Unde
1499 853 1714 908 sanctam
1740 853 1787 890 et
1809 843 2107 890 individuam
2137 842 2340 916 dicimus

202 922 503 984 7-Ιίἰιιὶωιῖιέῐῐ1,
538 939 651 970 cum
683 922 850 970 nulla'
839 926 887 970 m
913 940 969 970 ea
991 924 1049 970 sit
1071 923 1329 971 multitudo
1364 941 1553 982 rerum,
1589 923 1674 970 sed
1706 923 1808 970 sola
1843 923 2090 970 diversitas
2123 924 2341 988 proprie-

203 1012 372 1052 tatum.
393 1005 591 1050 Constat
610 1004 770 1067 itaque
789 1007 882 1050 tres
900 1008 1128 1069 personas
1143 1003 1233 1051 sibi
1259 1021 1345 1069 per
1367 1004 1531 1051 omnia
1553 1003 1833 1067 coaequales,
1867 1003 1989 1050 sicut
2010 1012 2056 1049 et
2081 1012 2340 1052 coaeternas

203 1099 318 1141 esse,
350 1083 465 1148 quia
500 1083 679 1130 nullam
710 1082 955 1146 dignitatis
995 1083 1311 1131 differentiam
1344 1083 1523 1131 habere
1563 1087 1781 1148 possunt,
1816 1087 2018 1147 quarum
2051 1082 2220 1130 eadem
2254 1075 2346 1148 pe?

201 1162 329 1210 nit'us'
356 1164 555 1210 essentia
578 1163 827 1227 singularis
857 1173 905 1210 et
927 1163 1190 1212 individua.
1218 1167 1415 1211 Constat
1436 1181 1493 1211 ex
1514 1163 1609 1210 hoc
1634 1180 1828 1227 quoque
1851 1162 2031 1210 nullam
2056 1163 2200 1210 trium
2222 1179 2339 1228 per-

201 1258 429 1290 sonarum
465 1243 526 1290 ab
558 1243 659 1290 alia'
679 1242 1050 1291 substantialiter
1075 1261 1176 1291 esse
1207 1244 1464 1304 diversam,
1498 1243 1572 1292 vel
1606 1244 1749 1291 etiam
1782 1242 2047 1290 secundum
2081 1259 2338 1306 numerum

201 1339 362 1370 rerum
388 1339 488 1370 esse
511 1322 782 1385 discretam,
808 1322 1253 1371 sed'tantummodo
1287 1324 1576 1389 proprietate
1605 1339 1690 1371 sua
1720 1323 1957 1371 diversam
1981 1339 2081 1370 esse
2106 1331 2258 1370 unam
2275 1322 2336 1371 ab

201 1401 318 1464 alia,
357 1420 457 1449 non
488 1404 649 1450 autem
681 1403 955 1450 substantia
974 1402 1249 1451 dissimilem
1282 1413 1364 1451 aut
1401 1420 1621 1462 numero,
1650 1412 1705 1450 ut
1725 1403 1875 1451 'Arius
1909 1412 2059 1467 putat.
2104 1402 2243 1471 Unde
2267 1412 2339 1451 est

201 1481 320 1530 illud
355 1482 595 1530 Ambrosii
633 1483 690 1530 de
725 1482 841 1530 Fide
866 1483 936 1530 vad
973 1484 1258 1531 Gratianum
1290 1484 1415 1531 libro
1452 1487 1491 1530 ll
1533 1502 1544 1531 :
1597 1483 1898 1549 “Apostolus
1931 1483 2044 1530 dicit
2080 1483 2335 1547 imaginem

202 1563 359 1610 Patris
387 1564 487 1611 esse
520 1564 777 1611 Christum.
822 1564 958 1610 Arius
989 1563 1104 1611 dicit
1134 1581 1235 1612 esse
1267 1563 1567 1624 dissimilem}
1605 1574 1651 1612 et
1685 1563 1786 1612 vult
1813 1573 1864 1611 ut
1895 1573 2031 1628 pater
2057 1562 2336 1632 *dissimilem

201 1644 414 1705 genuerit
449 1645 546 1703 sui,
587 1645 722 1709 quasi
747 1645 985 1709 impotens
1019 1645 1109 1709 qui‘
1135 1645 1473 1708 generare‘sibi
1506 1644 1709 1692 similem
1744 1661 1845 1691 non
1876 1643 2102 1709 potuerit.
2145 1646 2331 1691 «Itemz

205 1743 226 1765 ι(
250 1723 410 1786 Imago
434 1723 577 1771 docet
604 1740 705 1771 non
730 1728 836 1771 'esse
860 1723 1155 1771 dissimilem.
1175 1745 1198 1768 »
1223 1728 1329 1771 Non
1351 1732 1421 1772 est
1441 1726 1600 1789 itaque
1626 1728 1763 1772 Pater
1782 1723 1912 1772 aliud
1933 1740 2079 1788 quam
2096 1723 2239 1770 Filius
2260 1723 2335 1770 vel

209 1803 412 1868 Spiritus
434 1805 650 1863 Sanctus,
681 1813 762 1850 aut
779 1804 923 1851 Filius
948 1820 1091 1868 quam
1117 1805 1319 1869 Spiritus
1341 1807 1558 1866 Sanctus,
1592 1822 1682 1851 nec
1704 1805 1753 1851 in
1779 1820 1982 1851 numero
2005 1804 2333 1856 divisus-Non

202 1893 290 1942 est,
325 1884 550 1949 inquam,
592 1883 720 1931 aliud
756 1885 805 1931 in
841 1888 1029 1946 natura,
1068 1901 1177 1931 cum
1216 1901 1515 1950 unaquaeque
1550 1885 1694 1931 trium
1728 1899 2043 1951 personarum
2075 1884 2133 1929 sit
2166 1882 2334 1930 eadem

200 1964 390 2028 penitus
422 1963 903 2026 divina'substantia5
941 1964 1025 2012 scd
1063 1965 1181 2011 alius
1211 1974 1281 2012 est
1307 1965 1355 2012 in
1387 1981 1610 2030 persona,
1644 1964 1762 2011 alter
1796 1962 1857 2011 ab
1892 1961 2059 2022 altero,
2099 1962 2148 2008 id
2183 1971 2253 2009 est
2284 1962 2332 2009 in

198 2045 489 2108 proprietate
520 2062 606 2092 sua
635 2044 851 2092 diversus
876 2044 937 2091 ab
966 2044 1080 2107 alio,
1110 2062 1222 2092 cum
1254 2044 1333 2092 hic
1367 2062 1467 2092 non
1498 2045 1557 2091 sit
1589 2044 1665 2091 hic
1693 2043 1905 2109 qui‘ille,
1936 2042 2021 2090 sed
2052 2041 2147 2089 hoc
2176 2034 2334 2108 ipsum

198 2123 330 2187 quod
356 2125 458 2184 ille3
490 2142 577 2172 nec
604 2125 721 2171 alter
749 2126 940 2172 alterius
968 2125 1310 2190 proprietatem
1346 2125 1692 2184 communicet,
1709 2134 1781 2193 ⁴ut
1807 2139 1953 2189 supra
1985 2111 2293 2170 meminimus
2319 2140 2329 2168 :

197 2203 409 2269 alioquin
443 2221 673 2270 personas
699 2205 789 2252 sibi
820 2204 1153 2270 permiscendo
1186 2204 1609 2252 confunderemus.
1644 2204 1737 2252 Sed
1768 2221 1857 2252 nec
1883 2206 2100 2251 Socrates
2130 2219 2243 2250 cum
2276 2203 2335 2249 sit

197 2299 226 2330 a
263 2285 458 2332 Platone
498 2303 701 2333 numero
734 2285 976 2345 diversus,
1013 2285 1124 2332 hoc'
1143 2295 1213 2333 est
1247 2303 1307 2333 ex
1340 2286 1627 2333 discretione
1658 2285 1860 2351 propriae
1891 2271 2101 2332 essentiae
2131 2282 2193 2331 ab
2228 2272 2332 2348 ipso

196 2363 331 2425 alius,
354 2365 469 2412 'ullo
503 2365 650 2412 modo
683 2365 792 2412 ideo
829 2366 1019 2431 abipso
1054 2365 1184 2413 aliud
1220 2366 1412 2427 dicitur,
1447 2365 1542 2412 hoc
1578 2375 1647 2412 est
1680 2364 2052 2412 substantialiter
2086 2363 2329 2422 differens,

199 2459 310 2489 cum
334 2444 477 2491 ambo
504 2446 599 2492 sint
624 2445 837 2509 ejusdem
859 2455 1037 2492 naturae
1062 2446 1330 2492 secundum
1350 2445 1566 2509 ejusdem
1582 2446 1755 2510 speciei
1778 2444 2180 2501 convenientiam,
2207 2445 2254 2489 in
2274 2459 2331 2489 eo

199 2523 378 2570 scilicet
411 2524 544 2588 quod
582 2534 781 2589 uterque
808 2526 1023 2590 ipsorum
1063 2524 1214 2589 homo
1249 2535 1347 2585 est;
1381 2535 1523 2589 atque
1556 2524 1667 2571 ideo
1701 2523 1832 2571 nulla
1863 2521 2160 2570 substantiali
2195 2521 2331 2568 diffe-

200 2605 351 2652 tentia
385 2605 606 2669 disjuncti
639 2615 767 2665 sunt,
806 2616 856 2652 ut
878 2605 957 2652 hic
992 2604 1120 2651 aliud
1147 2605 1205 2651 sit
1236 2621 1380 2669 quam
1410 2604 1486 2651 ille
1510 2621 1567 2650 ex
1596 2603 1791 2651 diversoe
1819 2603 1995 2668 speciei
2023 2601 2325 2648 substantia:

200 2683 283 2729 sed
306 2684 453 2746 aliud,
480 2695 531 2732 ut
561 2685 742 2732 dictum
768 2695 854 2746 est,
883 2686 930 2732 in
954 2701 1185 2750 persona,
1218 2701 1274 2731 ex
1304 2684 1590 2731 discretione
1611 2684 1790 2731 scilicet
1812 2683 2016 2749 propriae
2039 2681 2327 2728 substantiae.

198 2763 346 2810 Multo
378 2765 538 2812 minus
567 2782 680 2830 ergo
703 2765 861 2830 aliqua
885 2765 1031 2812 trium
1055 2781 1368 2829 personarum
1393 2782 1498 2829 quae
1520 2765 1569 2811 in
1595 2767 1697 2811 Deo
1725 2773 1854 2823 sunt,
1881 2750 2088 2810 dicenda
2109 2771 2179 2809 est
2201 2760 2331 2808 aliud

201 2841 260 2887 ab
302 2844 407 2903 alia,
449 2848 653 2909 quatum
686 2846 827 2893 unica
858 2855 926 2893 est
958 2845 1146 2910 penitus
1179 2844 1445 2892 substantia
1481 2844 1749 2907 singularis,
1787 2843 1969 2890 nullam
2004 2842 2213 2907 partium
2249 2849 2330 2887 aut

202 2920 461 2970 formarum
492 2925 812 2972 diversitatem
844 2925 1097 2990 recipiens.
1125 2926 1316 2990 Quippe
1344 2924 1477 2989 quod
1502 2924 1714 2990 partibus
1745 2933 1947 2982 constat,
1977 2923 2090 2988 ipsis
2115 2920 2330 2994 partibus

201 3004 477 3052 naturaliter
506 3009 741 3071 posterius
765 3009 834 3055 est
863 3026 918 3055 ex
951 3008 1124 3072 quibus
1148 3009 1469 3067 constituitur,
1496 3018 1543 3055 et
1573 3007 1635 3055 ad
1662 3024 1763 3055 esse
1792 3006 2087 3072 perducitur,
2113 3015 2160 3052 et
2188 3019 2328 3050 suum

201 3099 303 3130 esse
333 3085 589 3133 contrahit.
626 3089 827 3134 Hilarius
859 3105 1001 3153 super
1032 3089 1269 3154 psalmum
1298 3092 1371 3134 De
1394 3087 1655 3153 proficndis
1687 3106 1700 3133 .·
1737 3107 1759 3131 «
1779 3086 1904 3134 Nulli
1939 3087 2082 3133 etiam
2096 3082 2325 3132 fidelium

202 3162 403 3211 dubium
446 3181 544 3210 esse
590 3165 808 3227 arbitror,
854 3167 1066 3214 divinam
1103 3168 1414 3216 substantiam
1456 3169 1577 3214 sicut
1619 3167 1824 3232 partium
1862 3165 2226 3222 constitutione,
2260 3150 2325 3209 ita

202 3249 344 3298 etiam
375 3249 435 3297 ab
463 3250 594 3296 omni
623 3251 923 3315 proprietatis
944 3252 1282 3301 informatione
1311 3254 1533 3313 alienam,
1572 3262 1624 3299 ut·
1654 3252 1913 3299 videlicet
1901 3269 1951 3298 m
1982 3267 2038 3298 ea
2072 3248 2190 3296 nihil
2220 3263 2322 3295 esse

199 3333 347 3395 possit
371 3332 503 3397 quod
537 3348 636 3379 non
659 3333 716 3378 sit
744 3333 861 3397 ipsa.
889 3353 910 3377 »
944 3334 1082 3381 Unde
1105 3335 1388 3397 Augustinus
1419 3335 1467 3381 in
1490 3337 1552 3380 Xt
1576 3332 1634 3379 de
1661 3334 1859 3380 Ciuitate
1878 3335 1971 3381 Dei
1988 3332 2234 3397 disputans
2257 3328 2316 3377 de
