2638 3866
1147 174 1468 224 APPENDlX.
1803 215 1811 221 .
2284 176 2382 227 795

234 271 347 315 riam
389 269 649 330 pervenisse.
681 290 700 310 υ
737 270 855 327 Quid
881 272 1040 316 mirum
1067 272 1197 334 igitur
1224 274 1259 318 si
1287 274 1357 318 isti
1394 289 1503 334 quos
1533 288 1604 318 me
1635 274 1783 318 asseris
1815 274 1972 332 injuste
2000 284 2297 335 persecutum,
2336 276 2381 319 in

230 349 446 409 aliquibus
470 349 538 394 vel
567 348 692 394 dictis
712 351 780 395 vel
802 351 924 396 factis
945 351 1178 412 aliquando
1207 354 1348 398 minus
1368 353 1549 415 provide
1571 365 1773 415 egerunt,
1802 354 1875 414 qui
1897 355 2189 416 superioribus
2212 354 2383 401 duobus

230 429 387 473 sanctis
408 428 658 473 doctoribus
679 441 723 474 et
745 431 1002 491 martyribus
1023 447 1297 493 nequaquam
1317 435 1558 494 superiores
1580 434 1844 479 extiterunt?

288 509 390 554 Vidi
420 511 538 554 enim
578 510 823 555 dominum'
842 512 1081 556 Robertum
1115 513 1294 558 feminas
1336 530 1362 558 a
1401 515 1502 559 viris
1522 515 1607 559 suis
1629 515 1863 575 fugientes,
1894 516 2115 576 virisippis
2137 516 2381 560 reclaman-

229 589 345 634 tibus
360 623 373 647 ,
419 592 628 652 recepisse
670 601 738 645 et,
778 591 980 652 episcopo
1001 592 1319 654 Andegaviensi
1349 605 1401 639 ut
1433 610 1508 639 eos
1529 595 1732 640 redderet
1759 597 2055 657 praecipiente,
2080 597 2382 648 inobedienter

228 686 364 730 usque
389 670 448 714 ad
477 682 665 715 mortem
691 670 960 715 obstinanter
986 673 1187 717 tenuisse.
1222 674 1354 729 Quod
1381 675 1542 719 factum
1573 691 1703 735 quam
1732 676 2022 720 irrationabile
2049 677 2103 720 sit
2134 677 2376 724 considera.

227 750 274 794 Si
299 751 416 794 enim
445 767 557 795 uxor
577 752 670 794 viro
698 750 894 795 debitum
918 763 1068 813 negat,
1094 763 1138 796 et
1166 753 1224 797 ob
1245 754 1331 798 hoc
1351 753 1422 798 ille
1451 756 1655 799 moechari
1682 756 1973 816 compellitur,
1998 758 2137 814 major
2162 757 2286 817 culpa
2316 769 2381 803 est

227 830 525 890 compellentis
565 846 695 890 quam
725 832 904 892 agentis.
940 833 1031 875 Rea
1056 847 1167 893 ergo
1197 833 1396 877 adulterii
1430 844 1493 878 est
1525 834 1686 879 femina
1718 835 1858 878 virum
1890 834 2110 881 dimittens
2139 848 2291 896 postea
2326 854 2378 882 ex

227 911 480 954 necessitate
501 922 770 971 peccantem.
795 912 1031 967 Quomodo
1053 928 1158 973 ergo
1181 928 1276 956 eam
1306 915 1494 973 retinens
1520 925 1564 958 et
1593 914 1744 959 fovens
1763 915 1967 959 immunis
1989 926 2034 959 et
2053 931 2144 960 non
2166 918 2379 979 particeps

227 990 420 1048 ejusdem
440 992 630 1036 criminis
652 992 762 1036 erit?
783 993 861 1036 Illa
883 994 1000 1037 enim
1021 1009 1294 1054 nequaquam
1309 995 1395 1038 hoc
1417 995 1597 1050 faceret,
1619 995 1703 1039 nisi
1723 995 1798 1055 qui
1809 1010 1907 1039 eam
1927 997 2131 1040 retineret
2150 997 2376 1043 inveniret.

226 1071 343 1114 Audi
371 1071 550 1116 beatum
590 1073 878 1134 Augustinum
914 1073 1062 1117 durius
1090 1072 1402 1134 inloquentem.
1438 1076 1513 1118 Ait
1550 1075 1667 1119 enirn
1702 1090 1713 1118 ε
1752 1095 1770 1112 α
1786 1076 1985 1133 Dimissa,
2017 1077 2053 1119 si
2089 1092 2166 1137 per
2193 1077 2379 1123 inconti-

226 1152 420 1196 nentiam
449 1154 618 1214 cogitur
646 1154 772 1198 alicui
794 1154 1010 1215 copulari,
1033 1155 1120 1199 hoc
1148 1165 1212 1198 est
1231 1156 1454 1199 moechari.
1483 1154 1616 1211 Quod
1636 1155 1672 1198 si
1693 1155 1766 1199 illa
1789 1171 1878 1199 non
1903 1156 2071 1211 fecerit,
2103 1157 2174 1201 ille
2202 1167 2346 1202 tamen
2363 1191 2375 1212 ‚

223 1243 436 1292 quantum
462 1234 509 1277 in
533 1250 586 1278 eo
609 1245 694 1289 est,
718 1234 857 1279 facere
879 1235 1112 1295 compulit,
1134 1242 1179 1279 et
1199 1235 1300 1279 ideo
1323 1236 1408 1299 hoc
1428 1236 1490 1279 illi
1512 1248 1736 1296 peccatum
1758 1238 1888 1292 Deus,
1915 1238 1993 1280 etsi
2028 1237 2100 1281 illa
2131 1248 2242 1282 casta
2276 1254 2375 1298 per-

223 1324 423 1368 maneat,
448 1314 697 1374 imputabit.
729 1315 773 1358 Si
800 1316 930 1376 igitur
950 1331 1049 1360 reus
1071 1326 1135 1359 est
1165 1316 1354 1360 criminis
1373 1316 1439 1359 vir
1459 1333 1641 1360 uxorem
1662 1328 1811 1377 postea
1840 1333 1929 1360 non
1949 1329 2199 1377 peccantem
2228 1317 2379 1363 dimit-

216 1398 347 1449 tens,
365 1405 528 1453 quanto
561 1396 696 1456 magis
737 1397 771 1439 si
813 1396 884 1439 illa
907 1396 1174 1457 peccaverit?
1191 1418 1209 1435 »ι
1239 1396 1356 1440 Audi
1399 1398 1531 1441 etiam
1565 1398 1743 1442 beatum
1775 1398 2033 1458 Gregorium
2061 1398 2119 1442 ad
2145 1398 2378 1458 quemdam

218 1473 431 1518 'abbatem
463 1476 762 1536 inloquentem
785 1476 839 1520 de
865 1477 1058 1537 quodam
1081 1479 1337 1538 conjugato,
1373 1494 1503 1538 quem
1526 1479 1586 1521 ita
1609 1478 1926 1539 suscipiendum
1949 1479 2174 1539 cognovit,
2207 1480 2242 1524 si
2268 1496 2380 1525 uxor

224 1555 315 1610 ejus
336 1556 530 1600 similiter
561 1558 752 1600 converti
773 1558 973 1602 voluerit.
1001 1558 1115 1601 Nam
1150 1574 1250 1601 cum
1278 1574 1415 1601 unum
1445 1559 1668 1617 utriusque
1702 1575 1855 1619 corpus
1883 1559 2070 1618 conjugii
2103 1560 2377 1619 copulatione

223 1635 279 1677 sit
308 1635 493 1692 factum,
528 1636 733 1682 indecens
766 1649 830 1682 est
859 1650 1025 1699 partem
1057 1639 1250 1682 converti
1281 1649 1325 1682 et
1353 1649 1521 1698 partem
1546 1638 1650 1682 inde
1679 1640 1725 1682 in
1751 1639 1898 1683 seculo
1932 1654 2119 1682 manere.
2155 1639 2245 1682 Aut
2274 1655 2377 1705 ergo

223 1725 404 1775 uterque
464 1717 658 1762 discedat
694 1730 769 1762 aut
815 1729 994 1779 uterque
1036 1730 1275 1762 remaneat.
1313 1718 1400 1762 Sed
1439 1719 1495 1762 de
1546 1719 1725 1763 domino
1771 1719 1977 1776 Anselmo
2028 1719 2374 1780 archiepiscopo,

222 1812 356 1856 quem
392 1809 436 1842 et
466 1799 565 1842 vitae
594 1801 795 1844 sanctitas
826 1800 1037 1853 honorat,
1055 1810 1119 1849 ‚et
1154 1799 1361 1843 doctrinae
1398 1800 1667 1861 singularitas
1702 1799 1815 1843 ultra
1848 1815 2124 1845 communem
2150 1800 2376 1849 hominum

212 1893 470 1931 (mensuram
503 1879 694 1933 extollit,
733 1880 839 1938 quid
868 1879 1036 1922 dicam?
1058 1880 1133 1922 Ait
1163 1880 1280 1922 enim
1308 1881 1353 1922 in
1381 1880 1493 1923 libro
1535 1896 1663 1940 quem
1698 1880 1790 1923 Cur
1823 1881 1941 1923 Deus
1974 1879 2130 1925 homo?
2163 1880 2372 1936 intitulat,

223 1957 346 2001 aliter
366 1959 508 2002 Deum
533 1974 623 2002 non
646 1975 772 2019 posse
798 1960 997 2003 homines
1019 1959 1203 2011 salvare,
1232 1961 1312 2003 nisi
1334 1961 1443 2003 sicut
1464 1961 1579 2014 fecit,
1603 1961 1649 2004 id
1670 1970 1733 2004 est
1751 1960 1831 2003 nisi
1855 1961 1987 2002 homo
2005 1959 2141 2012 fieret,
2168 1971 2211 2003 et
2229 1962 2375 2004 omnia

218 2037 293 2080 illa
328 2054 425 2097 quae
458 2054 605 2098 passus
637 2050 701 2082 est
731 2050 967 2098 pateretur.
997 2040 1098 2095 Ejus
1129 2040 1386 2082 sententiam
1418 2051 1666 2083 sanctorum
1697 2040 1923 2083 doctorum
1937 2071 1948 2090 ,
1973 2054 2156 2098 quorum
2178 2039 2374 2084 doctrina

220 2117 358 2178 fulget
392 2118 584 2171 ecclesia,
619 2117 734 2161 dicta
761 2120 1041 2174 vehementer
1071 2119 1343 2179 impugnant.
1370 2120 1444 2162 Ait
1474 2120 1588 2162 enim
1625 2117 1794 2163 sanctus
1828 2120 1916 2162 Leo
1945 2134 1956 2162 :
1989 2140 2005 2157 α
2032 2120 2140 2162 Cum
2164 2120 2204 2163 ei
2238 2120 2373 2165 multa

221 2198 305 2241 alia
329 2208 604 2258 suppeterent
627 2198 684 2242 ad
705 2198 1010 2243 redimendum
1032 2215 1168 2259 genus
1188 2199 1448 2250 humanum,
1477 2200 1591 2243 hanc
1617 2200 1885 2260 potissimum
1907 2199 2035 2259 elegit
2059 2201 2189 2253 viam,
2212 2211 2260 2243 ut
2281 2217 2372 2245 non

219 2279 376 2322 virtute
410 2280 632 2339 potentiae,
673 2279 749 2324 sed
779 2280 947 2324 ratione
974 2284 1166 2323 uteretur
1193 2280 1382 2336 justitiae.
1404 2301 1423 2318 u
1460 2279 1576 2323 Audi
1613 2279 1790 2322 beatum
1819 2280 2106 2340 Augustinum
2135 2281 2189 2323 de
2222 2281 2374 2324 Trini-

221 2369 308 2403 tate
324 2376 339 2403 .·
363 2380 382 2398 «
401 2361 487 2403 Cur
500 2376 606 2418 non,
622 2361 870 2421 postpositis
891 2359 1278 2404 innumerabilibus
1306 2360 1446 2403 modis
1469 2360 1623 2420 quibus
1645 2359 1702 2403 ad
1725 2375 1804 2403 nos
1823 2359 2210 2414 redimendumvti
2230 2372 2373 2420 posset

208 2442 512 2501 omnipotens,
525 2457 642 2485 mors
653 2442 743 2498 ejus
763 2441 1031 2501 potissimum
1054 2440 1310 2501 eligeretur?
1331 2462 1348 2479 »
1371 2443 1481 2484 Item
1503 2456 1513 2485 ε
1539 2462 1555 2479 «
1570 2442 1657 2484 Eos
1673 2441 1745 2500 qui
1759 2439 1910 2483 dicunt
1928 2456 1938 2484 ι
1959 2442 2114 2484 «Itane
2129 2440 2266 2484 defuit
2277 2441 2371 2484 Deo

224 2541 244 2560 α
272 2522 430 2565 modus
454 2521 576 2577 alter,
602 2537 689 2581 quo
708 2521 912 2565 liberaret
930 2521 1127 2565 homines
1156 2537 1179 2564 a
1200 2521 1370 2565 miseria
1392 2521 1663 2565 mortalitatis
1683 2522 1834 2579 hujus,
1858 2532 1905 2564 ut
1934 2521 2213 2581 Unigenitum
2236 2520 2371 2564 filium

223 2603 252 2640 α’
271 2618 397 2646 suum
417 2603 643 2646 hominem
664 2603 757 2646 fieri
778 2613 1049 2662 mortemque
1071 2603 1238 2662 perpeti
1267 2601 1424 2645 vellet?
1438 2623 1456 2640 »ι
1482 2617 1636 2661 parum
1665 2611 1728 2644 est
1760 2601 1820 2643 ita
1850 2600 2064 2655 refellere,
2097 2611 2145 2643 ut
2179 2599 2371 2644 dicamus

219 2682 401 2727 modum
430 2684 561 2726 istum
581 2683 751 2726 bonum
772 2699 879 2739 esse,
903 2699 990 2743 quo
1013 2698 1092 2726 nos
1112 2698 1190 2742 per
1212 2682 1496 2727 mediatorem
1525 2683 1706 2727 liberare
1736 2681 1934 2742 dignatus
1963 2692 2047 2736 est,
2070 2696 2220 2724 verum
2240 2681 2371 2725 etiam

220 2775 269 2807 ut
298 2763 576 2807 ostendamus
607 2779 697 2807 non
733 2763 864 2807 alium
885 2763 1067 2807 modum
1091 2763 1337 2823 possibilem
1355 2764 1458 2818 *Deo
1490 2762 1696 2817 defuisse,
1721 2764 1840 2820 cujus
1861 2762 2061 2822 potestati
2090 2772 2243 2805 cuncta
2266 2761 2370 2805 sub-

215 2845 382 2902 jacent,
406 2843 482 2888 sed
505 2843 708 2888 sanandae
729 2847 887 2887 nostrae
910 2844 1092 2887 miseriae
1116 2843 1512 2887 convenientiorem
1543 2843 1724 2887 modum
1751 2842 1882 2886 alium
1909 2858 2000 2886 non
2028 2842 2153 2886 fuisse
2184 2853 2259 2885 aut
2280 2857 2371 2886 esse

219 2926 477 2985 oportuisse.
494 2946 513 2964 »
532 2926 643 2969 Item
670 2941 714 2969 z«
729 2926 907 2969 Poterat
927 2926 1075 2984 utique
1097 2926 1213 2969 Deus
1232 2925 1456 2969 hominem
1479 2923 1652 2968 aliunde
1674 2924 1907 2984 suscipere,
1931 2923 2004 2982 qui
2026 2933 2135 2967 esset
2157 2922 2372 2967 mediator

219 3006 301 3049 Dei
334 3017 379 3049 et
403 3006 648 3061 hominum,
673 3022 764 3050 non
786 3022 840 3050 ex
860 3021 1017 3066 genere
1039 3005 1150 3049 illius
1171 3005 1337 3060 Adam,
1363 3006 1473 3050 sicut
1500 3006 1641 3065 ipsum
1663 3019 1792 3063 quem
1814 3003 2002 3064 primum
2024 3003 2185 3046 creavit
2206 3018 2295 3046 non
2317 3001 2371 3046 de

219 3102 376 3148 genere
399 3087 561 3130 creavit
590 3086 789 3145 alicujus,
819 3097 992 3147 poterat
1014 3086 1081 3130 vel
1107 3086 1168 3130 sic
1200 3086 1270 3130 vel
1305 3102 1394 3146 quo
1428 3085 1555 3130 vellet
1586 3085 1671 3129 alio
1690 3084 1847 3139 modo,
1881 3100 2025 3128 creare
2047 3099 2182 3128 unum
2208 3083 2337 3127 alium
2354 3114 2367 3138 ,

219 3184 308 3227 quo
340 3168 582 3212 vinceretur
614 3168 753 3212 victor
783 3168 954 3228 prioris.
988 3165 1075 3211 Sed
1108 3165 1260 3210 melius
1284 3166 1495 3224 judicavit
1517 3165 1572 3210 de
1595 3166 1688 3227 ipso
1713 3166 1787 3226 qui
1812 3166 1948 3209 victus
1979 3165 2116 3209 fuerat
2147 3164 2370 3208 hominem

220 3263 451 3293 assumere.
470 3270 490 3287 »
516 3247 643 3292 Idem
663 3248 717 3292 de
737 3249 889 3308 Agone
909 3247 1148 3292 christiano
1174 3263 1186 3291 ι
1217 3267 1238 3285 α
1256 3247 1382 3291 Stulti
1402 3258 1503 3291 sunt
1524 3247 1600 3307 qui
1628 3246 1778 3290 dicunt
1803 3261 1814 3290 ι
1844 3266 1864 3285 ι
1891 3246 2035 3302 Quare
2062 3249 2157 3288 'non
2200 3252 2368 3304 poterat
