2638 3866
821 207 1214 258 INTRODUCTIO
1250 210 1330 258 AD
1362 208 1773 258 THEOLOGIAM.
2311 214 2373 260 37

229 311 460 377 genitum.
487 310 584 369 Qui
605 326 695 359 nec
717 308 921 376 Spiritus
942 308 1095 357 sancti
1111 324 1367 374 personam
1389 309 1745 375 praetermisisse
1765 309 1990 358 videntur
2003 345 2016 371 ,
2034 325 2147 358 cum
2163 311 2373 360 animam

229 390 399 440 mundi
422 406 525 439 esse
543 398 847 439 astruxerunt
862 388 1052 437 tertiam
1066 405 1094 436 a
1107 391 1212 437 Deo
1233 399 1281 437 et
1293 391 1405 438 νοῦν1
1428 405 1706 456 personam.
1735 391 1878 448 Quod
1904 408 2020 439 vero
2050 390 2179 439 Plato
2202 403 2375 440 sanctae

228 471 465 521 Trinitatis
483 470 632 520 fidem
653 487 756 519 non
776 469 935 518 solum
951 468 1198 532 docuerit,
1224 468 1310 518 sed
1338 480 1388 518 et
1415 471 1479 518 ita
1503 486 1607 519 esse
1636 471 1924 534 convicerit,
1948 471 2239 520 Claudianus
2261 474 2375 520 Prae-

229 552 430 602 fectorio
458 552 661 619 patricio
673 587 687 613 ‚
713 551 775 600 de
791 559 920 600 statu
933 551 1206 599 animarum
1223 550 1437 599 scribens
1451 586 1464 611 ‚
1480 550 1555 599 his
1567 552 1736 599 astruit
1752 551 1911 600 verbis
1934 571 1946 601 ε
1977 573 2000 599 α
2023 553 2153 602 Plato
2167 591 2181 616 ,
2199 554 2371 618 inquit,

229 632 466 699 procedat·
482 633 534 680 in
558 631 802 693 medium,
829 631 914 697 qui
939 631 1082 680 tantis
1103 631 1329 696 equidem
1357 630 1530 680 seculis
1554 641 1666 679 ante
1688 634 2002 698 puerperium
2026 634 2238 698 virginiS,
2264 644 2375 683 ante

228 713 611 762 incarnationem
644 713 763 774 Dei,
795 722 907 761 ante
939 711 1218 779 praedictam
1254 729 1454 760 summae
1486 712 1727 761 Trinitatis
1759 714 1808 760 in
1847 713 2069 778 gentibus
2099 716 2372 776 veritatem,

228 793 534 843 ineffabiliter
572 810 726 841 unum
741 830 755 855 ,
789 802 885 841 tres
928 794 979 841 in
1016 791 1267 841 divinitate
1301 788 1554 859 stonas,
1592 792 1802 840 mirabili
1841 793 2036 858 ingenio
2050 830 2065 854 ,
2095 794 2375 843 immutabili

230 874 430 940 eloquio
449 874 685 939 quaesivit,
705 873 890 923 invenit
902 910 916 936 ,
935 872 1154 940 prodidit
1174 892 1185 922 :
1207 877 1398 922 Patrem
1413 853 1569 922 beum
1582 909 1594 933 ,
1615 882 1965 939 paternamque
1979 883 2218 936 mentem,
2235 876 2378 923 actio-

228 971 342 1004 nem
385 955 486 1003 sive
521 954 890 1018 consilium,=et
923 955 1173 1020 utriusque
1215 954 1394 1003 horum
1426 970 1645 1003 amorem
1678 963 1930 1014 mutuum,
1957 971 2105 1004 unam
2138 972 2374 1005 summam

228 1052 361 1101 aequc
393 1045 580 1084 ternam
615 1034 869 1085 indivisam
892 1035 1220 1096 divinitatem,
1247 1051 1350 1083 non
1383 1034 1542 1083 solum
1566 1035 1632 1083 ita
1659 1034 1792 1083 credi
1820 1045 2047 1102 oportere
2080 1035 2270 1095 docuit,
2294 1038 2376 1085 sed

227 1116 297 1165 ita
310 1132 416 1164 esse
436 1117 699 1165 convincit.
730 1137 754 1161 2»
781 1115 1113 1176 Quodautem
1132 1115 1426 1165 Claudianus
1447 1125 1670 1164 mutuum
1691 1131 1906 1164 amorem
1932 1115 2204 1165 adinvicem
2231 1120 2379 1166 Patris

227 1205 275 1244 et
300 1196 404 1245 Filii
426 1195 617 1258 dixerit,
633 1213 735 1245 non
758 1196 1026 1262 incongrue
1045 1197 1258 1245 animam
1278 1195 1475 1258 mundi,
1495 1195 1547 1244 id
1565 1205 1636 1244 est
1650 1197 1988 1245 universorum
2003 1196 2217 1245 fidelium
2233 1199 2375 1246 vitam
2447 1194 2449 1196 ’

227 1285 371 1341 atque
404 1276 607 1325 salutem
623 1313 635 1335 ‚
668 1277 802 1326 Plato
827 1278 1115 1326 nominavit.
1141 1279 1226 1325 In’
1247 1294 1348 1343 quo
1376 1276 1601 1325 videlicet
1625 1292 1792 1324 amorc
1826 1278 1936 1337 Dei,
1965 1277 2190 1343 quaelibet
2215 1279 2374 1326 anima

228 1366 418 1406 mortua
434 1357 580 1422 jacet.
606 1360 678 1425 De
701 1374 798 1423 qua
829 1357 1030 1423 quidem
1064 1358 1226 1406 anima
1255 1358 1426 1406 mundi
1462 1374 1520 1406 ea
1553 1357 1805 1422 diligenter
1827 1357 2191 1406 consideremus
2221 1375 2327 1423 quae
2348 1376 2375 1406 a

229 1436 427 1486 Platone
446 1437 573 1487 dicta
595 1447 735 1496 sunt,
763 1454 793 1487 a
816 1455 916 1503 quo
935 1438 1094 1487 caeteri
1113 1454 1312 1503 quoque
1335 1437 1615 1504 philosophi
1634 1435 1767 1502 quod
1785 1437 1847 1485 de
1868 1437 2030 1485 anima
2046 1437 2150 1504 ipsa
2170 1437 2376 1487 dixerint

227 1516 454 1567 habuisse
474 1518 758 1568 creduntur.
791 1522 928 1567 Hanc
959 1517 1376 1583 itaque=videlicet
1397 1517 1568 1565 mundi
1590 1517 1826 1580 animam,
1851 1517 1987 1581 quasi
2009 1519 2200 1566 tertiam
2219 1535 2246 1567 a
2271 1521 2374 1567 Deo

229 1607 276 1645 et
297 1608 386 1646 νοῦν
411 1615 671 1664 personam
693 1599 1016 1664 distinguens,
1042 1597 1293 1665 prolixiori
1317 1614 1374 1646 ac
1397 1596 1687 1661 diligentiori
1709 1597 2033 1663 descriptione
2054 1614 2372 1663 prosequens,

229 1693 336 1726 eam
361 1688 460 1726 tam
484 1679 534 1726 in
558 1695 611 1727 se
634 1679 788 1744 ipsam
810 1695 958 1745 quam
992 1678 1043 1727 in
1072 1678 1255 1727 effectis
1292 1678 1400 1726 suis<
1424 1677 1732 1742 integerrima
1766 1677 2097 1742 designatione
2135 1677 2370 1739 declarat,

222 1757 359 1821 Juxta
380 1774 530 1824 quam
550 1767 600 1806 et
627 1775 719 1809 nos
739 1759 971 1825 Spiritum
1001 1742 1239 1807 sanctum·
1255 1759 1406 1806 modo
1441 1757 1711 1806 secundum
1743 1758 1912 1806 effecta
1947 1774 2151 1823 operum
2177 1775 2373 1807 suorum

228 1837 389 1888 dicere
407 1840 639 1902 solemus,
669 1839 821 1888 modo
841 1839 1114 1889 secundum
1139 1839 1410 1888 naturalem
1433 1839 1664 1887 bonitatis
1688 1839 1790 1903 ejus
1808 1839 2067 1900 affectum,
2085 1855 2229 1904 quem
2253 1841 2302 1887 in
2326 1858 2376 1888 se

228 1920 332 1984 ipso
351 1919 414 1969 ab
435 1929 615 1969 aeterno
639 1919 834 1983 habuit,
863 1922 987 1969 sicut
1015 1920 1292 1986 diligentius
1315 1919 1631 1986 postmodum
1652 1919 2018 1984 distinguemus.
2048 1923 2184 1967 Nunc
2214 1931 2373 1968 autem

228 1997 305 2048 illa
336 1999 548 2049 Platonis
570 2000 717 2050 verba
732 1999 806 2049 ·de
836 2001 998 2050 anima
1029 1999 1204 2049 mundi
1236 2000 1490 2066 diligenter
1525 1999 1842 2060 excutiamus,
1869 2010 1923 2048 ut
1957 2001 2007 2048 in
2048 2001 2116 2048 eis
2148 2002 2373 2066 Spiritum

228 2089 449 2128 sanctum
474 2081 780 2146 integerrime
811 2081 1113 2147 designatum
1136 2097 1239 2130 esse
1258 2097 1595 2146 agnoscamus.
1623 2081 1750 2129 Dicit
1775 2081 1935 2146 itaque
1957 2080 2090 2130 Plato
2112 2081 2238 2129 hanc
2266 2091 2374 2129 ante

229 2160 400 2218 mundi
430 2161 829 2210 constitutionem
865 2161 1040 2210 factam
1082 2161 1181 2211 sive
1218 2162 1428 2226 genitam
1459 2178 1488 2210 a
1523 2165 1627 2210 Deo
1657 2178 1785 2220 esse,
1807 2162 1856 2209 in
1879 2178 1978 2227 quo
2001 2163 2203 2227 Spiritus
2224 2163 2373 2209 sancti

228 2250 513 2306 perpetuam
525 2242 887 2307 processionem
901 2279 914 2304 ,
934 2258 1033 2308 qua
1050 2259 1110 2290 ex
1131 2245 1236 2290 Deo
1260 2245 1399 2290 Patre
1422 2252 1509 2302 est,
1529 2242 1672 2290 nobis
1687 2277 1699 2300 ‚
1721 2243 1773 2290 ni
1790 2242 1951 2302 fallor,
1969 2243 2195 2290 insinuat.
2212 2242 2373 2290 Solent

229 2321 409 2388 quippe
430 2321 712 2388 philosophi
735 2322 914 2371 factum
936 2339 993 2372 ex
1015 2325 1121 2372 Deo
1143 2323 1243 2371 sive
1271 2323 1486 2387 genitum
1511 2322 1672 2371 dicere
1686 2358 1698 2382 ,
1725 2339 1872 2371 omne
1895 2322 2028 2388 quod
2052 2338 2081 2371 a
2104 2325 2208 2370 Deo
2230 2322 2373 2370 hahet

228 2417 349 2450 esse.
377 2401 517 2450 Unde
541 2412 590 2450 et
616 2405 818 2452 Hermes
842 2403 1090 2470 superius,
1115 2402 1270 2451 filium
1293 2403 1382 2451 Dei
1407 2404 1585 2451 factum
1617 2419 1644 2451 a
1675 2405 1780 2451 Deo
1815 2403 1961 2463 dixit,
1990 2402 2261 2451 secundum
2280 2402 2374 2450 hoc

228 2478 364 2543 quod
387 2479 449 2527 ab
472 2480 578 2546 ipso
601 2479 747 2528 habet
768 2496 871 2528 esse
895 2490 1127 2546 tanquam
1153 2479 1440 2529 aeternaliter
1469 2482 1657 2545 genitus
1671 2518 1683 2540 ,
1710 2497 1809 2530 non
1835 2481 2162 2547 temporaliter
2184 2480 2246 2528 ab
2268 2482 2371 2544 ipso

231 2557 384 2608 factus
402 2571 484 2608 aut
503 2570 708 2608 creatus.
739 2560 873 2609 Plato
895 2578 1096 2627 quoque
1111 2577 1259 2609 omne
1277 2560 1413 2626 quod
1437 2577 1466 2609 a
1488 2564 1592 2610 Deo
1618 2561 1761 2610 habet
1783 2577 1886 2608 esse
1902 2598 1915 2620 ‚
1942 2561 2155 2624 genitum
2179 2561 2293 2608 dicit
2314 2576 2371 2606 ex

226 2638 359 2703 ipso,
386 2655 486 2687 non
510 2649 670 2689 tamen
690 2640 803 2689 ideo
822 2656 970 2690 omne
992 2640 1129 2707 quod
1151 2656 1181 2689 a
1199 2643 1303 2688 Deo
1326 2650 1414 2702 est,
1439 2640 1591 2689 lilium
1607 2641 1709 2705 ejus
1736 2651 1871 2698 esse,
1898 2640 2029 2689 velut
2053 2640 2209 2705 ipsum
2235 2656 2373 2687 mun-

230 2716 347 2769 dum
366 2728 415 2767 et
439 2729 597 2768 cetera
623 2719 725 2785 ejus
749 2737 915 2787 opera.
944 2721 1019 2769 Ait
1039 2729 1203 2770 autem
1231 2720 1323 2780 sic,
1355 2736 1467 2768 curn
1494 2721 1556 2768 de
1583 2720 1770 2767 mundo
1796 2729 1935 2767 antea
1956 2719 2147 2767 locutus
2175 2719 2236 2767 ad
2265 2722 2368 2767 ani-

230 2812 360 2845 mam
381 2799 589 2847 venisset
618 2800 813 2848 mundi‘
839 2819 850 2849 z
877 2820 902 2847 «
925 2803 1022 2849 Nec
1045 2810 1233 2860 tamen,
1259 2799 1440 2863 inquit,
1469 2815 1529 2846 eo
1561 2815 1661 2863 quo
1684 2815 1775 2846 nos
1807 2798 1870 2847 ad
1892 2814 2100 2864 praesens
2126 2798 2370 2865 loquimur

230 2870 400 2925 ordine
422 2888 584 2927 ortum
605 2880 777 2927 animae
798 2883 929 2929 Deus
953 2880 1124 2928 annuit
1141 2915 1154 2939 ,
1177 2879 1514 2943 minoremque
1537 2895 1594 2926 ac
1620 2879 1937 2944 posteriorem
1958 2878 2246 2944 corporibus
2269 2880 2373 2928 fecit

230 2972 366 3018 eam;
395 2974 554 3024 neque
594 2959 726 3006 enim
762 2958 1116 3009 decebat‘rem
1145 2958 1469 3023 antiquiorem
1508 2975 1537 3007 a
1572 2968 1682 3024 post
1718 2960 1878 3022 genita
1915 2959 2032 3023 regi.
2061 2979 2084 3004 ι)
2127 2962 2372 3025 Itemque:

234 3051 256 3074 α
284 3033 411 3080 Deus
434 3041 531 3080 tani
549 3032 611 3081 ab
627 3033 911 3098 antiquitate
927 3050 1075 3099 quam
1095 3032 1354 3081 virtutibus
1370 3033 1537 3099 praeire
1554 3033 1765 3080 animam
1780 3043 1963 3081 naturae
1976 3035 2194 3099 corporis
2205 3032 2341 3099 jussit
2360 3072 2371 3094 ,

231 3111 576 3177 dominamque
610 3129 716 3161 eam
753 3123 800 3161 et
834 3113 1086 3180 principali
1123 3113 1232 3179 jure
1269 3113 1422 3161 voluit
1452 3129 1582 3172 csse,
1617 3113 1743 3160 circa
1776 3112 1825 3160 id
1851 3113 1986 3178 quod
2011 3123 2239 3162 tueretur.
2274 3135 2294 3158 ›>
2323 3118 2373 3160 ln

274 3296 280 3313 ¹
297 3293 350 3326 Sic
371 3294 452 3328 Cod.
475 3295 555 3329 Vict.
584 3314 622 3320 -
648 3297 659 3315 ²
676 3298 725 3330 Sic
745 3298 841 3329 Amb.
862 3297 936 3337 Leg.
958 3298 1040 3331 Sine
1056 3306 1134 3339 quo.
1154 3316 1193 3323 —
1210 3297 1276 3330 ‘ln
1296 3299 1430 3331 Timoeu.
1453 3299 1515 3321 —⁴
1533 3297 1586 3330 Sic
1608 3281 1789 3330 codsvm.
1810 3295 1953 3329 Docebat
1970 3296 2068 3328 Δηὼ.
