<?xml version="1.0" encoding="UTF-8"?>
<!DOCTYPE html PUBLIC "-//W3C//DTD XHTML 1.0 Transitional//EN"
    "http://www.w3.org/TR/xhtml1/DTD/xhtml1-transitional.dtd">
<html xmlns="http://www.w3.org/1999/xhtml" xml:lang="en" lang="en">
 <head>
  <title>
</title>
<meta http-equiv="Content-Type" content="text/html;charset=utf-8" />
  <meta name='ocr-system' content='tesseract 3.04.00' />
  <meta name='ocr-capabilities' content='ocr_page ocr_carea ocr_par ocr_line ocrx_word'/>
</head>
<body>
  <div class='ocr_page' id='page_1' title='image "./operahactenusseo00abeluoft_0130.png"; bbox 0 0 2638 3866; ppageno 0'>
   <div class='ocr_carea' id='block_1_1' title="bbox 385 198 1706 253">
    <p class='ocr_par' dir='ltr' id='par_1_1' title="bbox 385 198 1706 253">
     <span class='ocr_line' id='line_1_1' title="bbox 385 198 1706 253; baseline -0.004 -3"><span class='ocrx_word' id='word_1_1' title='bbox 385 206 400 250; x_wconf 85' lang='grc'>1</span> <span class='ocrx_word' id='word_1_2' title='bbox 415 208 475 253; x_wconf 87' lang='grc'><strong>20</strong></span> <span class='ocrx_word' id='word_1_3' title='bbox 1184 199 1355 246; x_wconf 75' lang='lat' dir='ltr'>PETR!</span> <span class='ocrx_word' id='word_1_4' title='bbox 1389 198 1706 247; x_wconf 73' lang='lat' dir='ltr'><strong>ABAELARDI</strong></span> 
     </span>
    </p>
   </div>
   <div class='ocr_carea' id='block_1_2' title="bbox 364 297 2551 3343">
    <p class='ocr_par' dir='ltr' id='par_1_2' title="bbox 367 297 2551 2055">
     <span class='ocr_line' id='line_1_2' title="bbox 382 297 2513 370; baseline -0.002 -17"><span class='ocrx_word' id='word_1_5' title='bbox 382 306 582 370; x_wconf 88' lang='lat' dir='ltr'><strong>amplius</strong></span> <span class='ocrx_word' id='word_1_6' title='bbox 604 300 987 362; x_wconf 88' lang='lat' dir='ltr'><strong>commendatur,</strong></span> <span class='ocrx_word' id='word_1_7' title='bbox 1014 309 1062 348; x_wconf 92' lang='lat' dir='ltr'><strong>et</strong></span> <span class='ocrx_word' id='word_1_8' title='bbox 1084 316 1140 348; x_wconf 92' lang='lat' dir='ltr'><strong>ea</strong></span> <span class='ocrx_word' id='word_1_9' title='bbox 1160 315 1351 364; x_wconf 89' lang='lat' dir='ltr'><strong>semper</strong></span> <span class='ocrx_word' id='word_1_10' title='bbox 1370 300 1529 364; x_wconf 89' lang='lat' dir='ltr'><strong>potior</strong></span> <span class='ocrx_word' id='word_1_11' title='bbox 1551 309 1622 347; x_wconf 91' lang='lat' dir='ltr'><strong>est</strong></span> <span class='ocrx_word' id='word_1_12' title='bbox 1641 299 1766 346; x_wconf 84' lang='lat' dir='ltr'><strong>ratio</strong></span> <span class='ocrx_word' id='word_1_13' title='bbox 1784 314 1889 362; x_wconf 87' lang='lat' dir='ltr'><strong>quae</strong></span> <span class='ocrx_word' id='word_1_14' title='bbox 1910 298 1974 346; x_wconf 91' lang='lat' dir='ltr'><strong>ad</strong></span> <span class='ocrx_word' id='word_1_15' title='bbox 1994 297 2295 347; x_wconf 79' lang='lat' dir='ltr'><strong>honestatem</strong></span> <span class='ocrx_word' id='word_1_16' title='bbox 2308 301 2513 367; x_wconf 87' lang='lat' dir='ltr'><strong>amplius</strong></span> 
     </span>
     <span class='ocr_line' id='line_1_3' title="bbox 379 377 2509 453; baseline -0.001 -20"><span class='ocrx_word' id='word_1_17' title='bbox 379 400 525 450; x_wconf 87' lang='lat' dir='ltr'><strong>quam</strong></span> <span class='ocrx_word' id='word_1_18' title='bbox 553 382 614 432; x_wconf 90' lang='lat' dir='ltr'><strong>ad</strong></span> <span class='ocrx_word' id='word_1_19' title='bbox 636 380 963 430; x_wconf 85' lang='lat' dir='ltr'><strong>necessitatem</strong></span> <span class='ocrx_word' id='word_1_20' title='bbox 984 379 1153 443; x_wconf 83' lang='lat' dir='ltr'><strong>vergit,</strong></span> <span class='ocrx_word' id='word_1_21' title='bbox 1182 379 1443 444; x_wconf 68' lang='lat' dir='ltr'><strong>praesertim</strong></span> <span class='ocrx_word' id='word_1_22' title='bbox 1467 396 1577 427; x_wconf 92' lang='lat' dir='ltr'><strong>cum</strong></span> <span class='ocrx_word' id='word_1_23' title='bbox 1605 394 1712 444; x_wconf 86' lang='lat' dir='ltr'><strong>quae</strong></span> <span class='ocrx_word' id='word_1_24' title='bbox 1732 377 1937 426; x_wconf 87' lang='lat' dir='ltr'><strong>honesta</strong></span> <span class='ocrx_word' id='word_1_25' title='bbox 1954 387 2068 453; x_wconf 83' lang='lat' dir='ltr'><strong>sunt</strong></span> <span class='ocrx_word' id='word_1_26' title='bbox 2086 395 2173 445; x_wconf 88' lang='lat' dir='ltr'><strong>per</strong></span> <span class='ocrx_word' id='word_1_27' title='bbox 2192 395 2244 428; x_wconf 89' lang='lat' dir='ltr'><strong>se</strong></span> <span class='ocrx_word' id='word_1_28' title='bbox 2272 380 2509 447; x_wconf 79' lang='lat' dir='ltr'>placeant,</span> 
     </span>
     <span class='ocr_line' id='line_1_4' title="bbox 379 454 2508 528; baseline -0 -17"><span class='ocrx_word' id='word_1_29' title='bbox 379 473 522 528; x_wconf 90' lang='lat' dir='ltr'><strong>atque</strong></span> <span class='ocrx_word' id='word_1_30' title='bbox 546 478 636 510; x_wconf 88' lang='lat' dir='ltr'><strong>nos</strong></span> <span class='ocrx_word' id='word_1_31' title='bbox 668 461 828 509; x_wconf 88' lang='lat' dir='ltr'><strong>statim</strong></span> <span class='ocrx_word' id='word_1_32' title='bbox 850 476 937 507; x_wconf 89' lang='lat' dir='ltr'><strong>sua</strong></span> <span class='ocrx_word' id='word_1_33' title='bbox 955 459 1002 507; x_wconf 83' lang='lat' dir='ltr'><strong>vi</strong></span> <span class='ocrx_word' id='word_1_34' title='bbox 1029 458 1238 523; x_wconf 87' lang='lat' dir='ltr'><strong>quadam</strong></span> <span class='ocrx_word' id='word_1_35' title='bbox 1259 457 1485 506; x_wconf 82' lang='lat' dir='ltr'>alliciant.</span> <span class='ocrx_word' id='word_1_36' title='bbox 1512 461 1672 517; x_wconf 90' lang='lat' dir='ltr'><strong>Quam</strong></span> <span class='ocrx_word' id='word_1_37' title='bbox 1694 457 1954 506; x_wconf 86' lang='lat' dir='ltr'><strong>honestum</strong></span> <span class='ocrx_word' id='word_1_38' title='bbox 1976 474 2092 507; x_wconf 88' lang='lat' dir='ltr'><strong>vero</strong></span> <span class='ocrx_word' id='word_1_39' title='bbox 2122 458 2185 507; x_wconf 89' lang='lat' dir='ltr'><strong>sit</strong></span> <span class='ocrx_word' id='word_1_40' title='bbox 2207 475 2265 508; x_wconf 91' lang='lat' dir='ltr'><strong>ac</strong></span> <span class='ocrx_word' id='word_1_41' title='bbox 2300 454 2508 523; x_wconf 76' lang='lat' dir='ltr'><strong>salubre,</strong></span> 
     </span>
     <span class='ocr_line' id='line_1_5' title="bbox 381 537 2513 607; baseline -0 -17"><span class='ocrx_word' id='word_1_42' title='bbox 381 544 543 590; x_wconf 89' lang='lat' dir='ltr'><strong>omnia</strong></span> <span class='ocrx_word' id='word_1_43' title='bbox 553 541 614 590; x_wconf 91' lang='lat' dir='ltr'><strong>ad</strong></span> <span class='ocrx_word' id='word_1_44' title='bbox 628 557 781 589; x_wconf 91' lang='lat' dir='ltr'><strong>unum</strong></span> <span class='ocrx_word' id='word_1_45' title='bbox 802 540 1043 606; x_wconf 90' lang='lat' dir='ltr'><strong>optimum</strong></span> <span class='ocrx_word' id='word_1_46' title='bbox 1061 548 1155 586; x_wconf 83' lang='lat' dir='ltr'><strong>tam</strong></span> <span class='ocrx_word' id='word_1_47' title='bbox 1176 547 1413 587; x_wconf 85' lang='lat' dir='ltr'><strong>rectorem</strong></span> <span class='ocrx_word' id='word_1_48' title='bbox 1436 555 1583 602; x_wconf 90' lang='lat' dir='ltr'><strong>quam</strong></span> <span class='ocrx_word' id='word_1_49' title='bbox 1596 537 1899 586; x_wconf 83' lang='lat' dir='ltr'><strong>conditorem</strong></span> <span class='ocrx_word' id='word_1_50' title='bbox 1919 547 2150 604; x_wconf 87' lang='lat' dir='ltr'><strong>spectare,</strong></span> <span class='ocrx_word' id='word_1_51' title='bbox 2169 550 2217 587; x_wconf 91' lang='lat' dir='ltr'><strong>et</strong></span> <span class='ocrx_word' id='word_1_52' title='bbox 2234 549 2409 589; x_wconf 87' lang='lat' dir='ltr'><strong>cuncta</strong></span> <span class='ocrx_word' id='word_1_53' title='bbox 2421 558 2513 607; x_wconf 88' lang='lat' dir='ltr'><strong>po-</strong></span> 
     </span>
     <span class='ocr_line' id='line_1_6' title="bbox 379 618 2511 692; baseline -0 -22"><span class='ocrx_word' id='word_1_54' title='bbox 379 624 470 670; x_wconf 87' lang='lat' dir='ltr'><strong>tius</strong></span> <span class='ocrx_word' id='word_1_55' title='bbox 493 623 675 670; x_wconf 90' lang='lat' dir='ltr'><strong>ratione</strong></span> <span class='ocrx_word' id='word_1_56' title='bbox 694 637 841 687; x_wconf 86' lang='lat' dir='ltr'><strong>quam</strong></span> <span class='ocrx_word' id='word_1_57' title='bbox 867 637 978 668; x_wconf 91' lang='lat' dir='ltr'><strong>casu</strong></span> <span class='ocrx_word' id='word_1_58' title='bbox 1002 636 1086 667; x_wconf 90' lang='lat' dir='ltr'><strong>seu</strong></span> <span class='ocrx_word' id='word_1_59' title='bbox 1111 618 1230 679; x_wconf 78' lang='lat' dir='ltr'><strong>ficri,</strong></span> <span class='ocrx_word' id='word_1_60' title='bbox 1258 635 1343 667; x_wconf 91' lang='lat' dir='ltr'><strong>seu</strong></span> <span class='ocrx_word' id='word_1_61' title='bbox 1369 619 1485 683; x_wconf 85' lang='lat' dir='ltr'><strong>regi,</strong></span> <span class='ocrx_word' id='word_1_62' title='bbox 1513 619 1671 667; x_wconf 89' lang='lat' dir='ltr'><strong>nullus</strong></span> <span class='ocrx_word' id='word_1_63' title='bbox 1688 629 1760 667; x_wconf 89' lang='lat' dir='ltr'><strong>est</strong></span> <span class='ocrx_word' id='word_1_64' title='bbox 1776 619 1854 667; x_wconf 91' lang='lat' dir='ltr'><strong>cui</strong></span> <span class='ocrx_word' id='word_1_65' title='bbox 1888 620 2086 686; x_wconf 83' lang='lat' dir='ltr'>proprie</span> <span class='ocrx_word' id='word_1_66' title='bbox 2117 620 2239 668; x_wconf 90' lang='lat' dir='ltr'><strong>ratio</strong></span> <span class='ocrx_word' id='word_1_67' title='bbox 2269 636 2372 669; x_wconf 92' lang='lat' dir='ltr'><strong>non</strong></span> <span class='ocrx_word' id='word_1_68' title='bbox 2401 637 2511 692; x_wconf 61' lang='lat' dir='ltr'><strong>sug-⁴</strong></span> 
     </span>
     <span class='ocr_line' id='line_1_7' title="bbox 379 698 2551 767; baseline 0 -17"><span class='ocrx_word' id='word_1_69' title='bbox 379 712 507 767; x_wconf 83' lang='lat' dir='ltr'><strong>gerat</strong></span> <span class='ocrx_word' id='word_1_70' title='bbox 527 701 846 750; x_wconf 84' lang='lat' dir='ltr'><strong>conscientiae.</strong></span> <span class='ocrx_word' id='word_1_71' title='bbox 873 703 990 759; x_wconf 82' lang='lat' dir='ltr'><strong>Quae</strong></span> <span class='ocrx_word' id='word_1_72' title='bbox 1008 701 1135 748; x_wconf 91' lang='lat' dir='ltr'><strong>enim</strong></span> <span class='ocrx_word' id='word_1_73' title='bbox 1155 698 1426 747; x_wconf 87' lang='lat' dir='ltr'><strong>sollicitudo</strong></span> <span class='ocrx_word' id='word_1_74' title='bbox 1447 698 1697 748; x_wconf 90' lang='lat' dir='ltr'><strong>bonorum</strong></span> <span class='ocrx_word' id='word_1_75' title='bbox 1710 698 1853 747; x_wconf 91' lang='lat' dir='ltr'><strong>nobis</strong></span> <span class='ocrx_word' id='word_1_76' title='bbox 1874 715 2077 765; x_wconf 89' lang='lat' dir='ltr'><strong>operum</strong></span> <span class='ocrx_word' id='word_1_77' title='bbox 2092 701 2283 763; x_wconf 90' lang='lat' dir='ltr'><strong>inesset,</strong></span> <span class='ocrx_word' id='word_1_78' title='bbox 2304 701 2344 749; x_wconf 89' lang='lat' dir='ltr'><strong>si</strong></span> <span class='ocrx_word' id='word_1_79' title='bbox 2365 717 2510 767; x_wconf 87' lang='lat' dir='ltr'><strong>quem</strong></span> <span class='ocrx_word' id='word_1_80' title='bbox 2544 698 2551 700; x_wconf 44' lang='lat'><em>⁷</em></span> 
     </span>
     <span class='ocr_line' id='line_1_8' title="bbox 378 780 2512 849; baseline -0.001 -18"><span class='ocrx_word' id='word_1_81' title='bbox 378 799 507 831; x_wconf 90' lang='lat' dir='ltr'><strong>nunc</strong></span> <span class='ocrx_word' id='word_1_82' title='bbox 527 798 694 831; x_wconf 88' lang='lat' dir='ltr'><strong>amore</strong></span> <span class='ocrx_word' id='word_1_83' title='bbox 715 781 792 830; x_wconf 81' lang='lat' dir='ltr'><strong>vel</strong></span> <span class='ocrx_word' id='word_1_84' title='bbox 815 781 987 828; x_wconf 85' lang='lat' dir='ltr'><strong>timore</strong></span> <span class='ocrx_word' id='word_1_85' title='bbox 1018 796 1323 841; x_wconf 83' lang='lat' dir='ltr'><strong>veneremur,</strong></span> <span class='ocrx_word' id='word_1_86' title='bbox 1360 782 1517 827; x_wconf 90' lang='lat' dir='ltr'><strong>Deum</strong></span> <span class='ocrx_word' id='word_1_87' title='bbox 1551 780 1742 846; x_wconf 89' lang='lat' dir='ltr'><strong>penitus</strong></span> <span class='ocrx_word' id='word_1_88' title='bbox 1781 780 2093 844; x_wconf 82' lang='lat' dir='ltr'><strong>ignoremus?</strong></span> <span class='ocrx_word' id='word_1_89' title='bbox 2127 783 2245 840; x_wconf 87' lang='lat' dir='ltr'><strong>Quae</strong></span> <span class='ocrx_word' id='word_1_90' title='bbox 2287 799 2396 849; x_wconf 90' lang='lat' dir='ltr'><strong>spes</strong></span> <span class='ocrx_word' id='word_1_91' title='bbox 2429 791 2512 831; x_wconf 89' lang='lat' dir='ltr'><strong>aut</strong></span> 
     </span>
     <span class='ocr_line' id='line_1_9' title="bbox 377 858 2510 928; baseline 0 -18"><span class='ocrx_word' id='word_1_92' title='bbox 377 862 604 910; x_wconf 82' lang='lat' dir='ltr'><strong>malitiam</strong></span> <span class='ocrx_word' id='word_1_93' title='bbox 616 862 876 910; x_wconf 78' lang='lat' dir='ltr'><strong>refrenaret</strong></span> <span class='ocrx_word' id='word_1_94' title='bbox 900 869 1171 926; x_wconf 89' lang='lat' dir='ltr'><strong>potentum,</strong></span> <span class='ocrx_word' id='word_1_95' title='bbox 1199 859 1273 907; x_wconf 89' lang='lat' dir='ltr'><strong>vel</strong></span> <span class='ocrx_word' id='word_1_96' title='bbox 1296 859 1358 908; x_wconf 89' lang='lat' dir='ltr'><strong>ad</strong></span> <span class='ocrx_word' id='word_1_97' title='bbox 1375 858 1509 908; x_wconf 86' lang='lat' dir='ltr'><strong>bona</strong></span> <span class='ocrx_word' id='word_1_98' title='bbox 1535 876 1620 907; x_wconf 89' lang='lat' dir='ltr'><strong>eos</strong></span> <span class='ocrx_word' id='word_1_99' title='bbox 1639 859 1849 909; x_wconf 82' lang='lat' dir='ltr'><strong>alliceret</strong></span> <span class='ocrx_word' id='word_1_100' title='bbox 1867 876 2034 926; x_wconf 88' lang='lat' dir='ltr'><strong>opera,</strong></span> <span class='ocrx_word' id='word_1_101' title='bbox 2056 861 2094 908; x_wconf 91' lang='lat' dir='ltr'><strong>si</strong></span> <span class='ocrx_word' id='word_1_102' title='bbox 2117 862 2338 910; x_wconf 87' lang='lat' dir='ltr'><strong>omnium</strong></span> <span class='ocrx_word' id='word_1_103' title='bbox 2350 862 2510 928; x_wconf 86' lang='lat' dir='ltr'><strong>justis-</strong></span> 
     </span>
     <span class='ocr_line' id='line_1_10' title="bbox 375 939 2508 1009; baseline 0 -18"><span class='ocrx_word' id='word_1_104' title='bbox 375 943 522 991; x_wconf 89' lang='lat' dir='ltr'><strong>simus</strong></span> <span class='ocrx_word' id='word_1_105' title='bbox 551 958 607 991; x_wconf 89' lang='lat' dir='ltr'><strong>ac</strong></span> <span class='ocrx_word' id='word_1_106' title='bbox 635 941 994 1009; x_wconf 89' lang='lat' dir='ltr'><strong>potentissimus</strong></span> <span class='ocrx_word' id='word_1_107' title='bbox 1018 939 1190 988; x_wconf 83' lang='lat' dir='ltr'><strong>frustra</strong></span> <span class='ocrx_word' id='word_1_108' title='bbox 1210 939 1517 989; x_wconf 82' lang='lat' dir='ltr'><strong>crederetur?</strong></span> <span class='ocrx_word' id='word_1_109' title='bbox 1544 943 1786 988; x_wconf 86' lang='lat' dir='ltr'><strong>Ponamus</strong></span> <span class='ocrx_word' id='word_1_110' title='bbox 1807 940 1970 1006; x_wconf 89' lang='lat' dir='ltr'><strong>itaque</strong></span> <span class='ocrx_word' id='word_1_111' title='bbox 2001 951 2053 989; x_wconf 90' lang='lat' dir='ltr'><strong>ut</strong></span> <span class='ocrx_word' id='word_1_112' title='bbox 2084 940 2201 989; x_wconf 92' lang='lat' dir='ltr'><strong>dum</strong></span> <span class='ocrx_word' id='word_1_113' title='bbox 2230 941 2374 991; x_wconf 89' lang='lat' dir='ltr'><strong>bonis</strong></span> <span class='ocrx_word' id='word_1_114' title='bbox 2391 959 2508 1009; x_wconf 90' lang='lat' dir='ltr'><strong>pro-</strong></span> 
     </span>
     <span class='ocr_line' id='line_1_11' title="bbox 373 1020 2510 1088; baseline 0 -17"><span class='ocrx_word' id='word_1_115' title='bbox 373 1022 508 1071; x_wconf 88' lang='lat' dir='ltr'><strong>desse</strong></span> <span class='ocrx_word' id='word_1_116' title='bbox 529 1038 583 1071; x_wconf 91' lang='lat' dir='ltr'><strong>ac</strong></span> <span class='ocrx_word' id='word_1_117' title='bbox 607 1021 792 1088; x_wconf 88' lang='lat' dir='ltr'><strong>placere</strong></span> <span class='ocrx_word' id='word_1_118' title='bbox 810 1022 1081 1087; x_wconf 76' lang='lat' dir='ltr'><strong>quaerimuS,</strong></span> <span class='ocrx_word' id='word_1_119' title='bbox 1098 1020 1366 1068; x_wconf 90' lang='lat' dir='ltr'><strong>obstinatos</strong></span> <span class='ocrx_word' id='word_1_120' title='bbox 1383 1036 1555 1084; x_wconf 86' lang='lat' dir='ltr'><strong>cogere</strong></span> <span class='ocrx_word' id='word_1_121' title='bbox 1581 1037 1682 1068; x_wconf 90' lang='lat' dir='ltr'><strong>non</strong></span> <span class='ocrx_word' id='word_1_122' title='bbox 1703 1022 1960 1087; x_wconf 91' lang='lat' dir='ltr'><strong>possimus,</strong></span> <span class='ocrx_word' id='word_1_123' title='bbox 1983 1038 2096 1070; x_wconf 90' lang='lat' dir='ltr'><strong>cum</strong></span> <span class='ocrx_word' id='word_1_124' title='bbox 2111 1038 2196 1070; x_wconf 89' lang='lat' dir='ltr'><strong>ora</strong></span> <span class='ocrx_word' id='word_1_125' title='bbox 2218 1038 2388 1071; x_wconf 87' lang='lat' dir='ltr'><strong>eorum</strong></span> <span class='ocrx_word' id='word_1_126' title='bbox 2408 1039 2510 1072; x_wconf 90' lang='lat' dir='ltr'><strong>non</strong></span> 
     </span>
     <span class='ocr_line' id='line_1_12' title="bbox 373 1100 2510 1170; baseline 0 -19"><span class='ocrx_word' id='word_1_127' title='bbox 373 1102 648 1151; x_wconf 85' lang='lat' dir='ltr'><strong>necessariis</strong></span> <span class='ocrx_word' id='word_1_128' title='bbox 667 1101 972 1150; x_wconf 85' lang='lat' dir='ltr'><strong>obstruamus</strong></span> <span class='ocrx_word' id='word_1_129' title='bbox 992 1100 1311 1165; x_wconf 88' lang='lat' dir='ltr'><strong>argumentis;</strong></span> <span class='ocrx_word' id='word_1_130' title='bbox 1336 1118 1593 1168; x_wconf 86' lang='lat' dir='ltr'><strong>ponamus,</strong></span> <span class='ocrx_word' id='word_1_131' title='bbox 1622 1102 1837 1167; x_wconf 89' lang='lat' dir='ltr'><strong>inquam,</strong></span> <span class='ocrx_word' id='word_1_132' title='bbox 1858 1102 1956 1151; x_wconf 92' lang='lat' dir='ltr'><strong>hoc</strong></span> <span class='ocrx_word' id='word_1_133' title='bbox 1974 1102 2014 1151; x_wconf 88' lang='lat' dir='ltr'><strong>si</strong></span> <span class='ocrx_word' id='word_1_134' title='bbox 2035 1101 2223 1163; x_wconf 86' lang='lat' dir='ltr'><strong>volunt,</strong></span> <span class='ocrx_word' id='word_1_135' title='bbox 2251 1102 2510 1170; x_wconf 71' lang='lat' dir='ltr'><strong>sed-oppo-</strong></span> 
     </span>
     <span class='ocr_line' id='line_1_13' title="bbox 372 1182 2512 1249; baseline 0 -17"><span class='ocrx_word' id='word_1_136' title='bbox 372 1199 543 1232; x_wconf 84' lang='lat' dir='ltr'><strong>namus</strong></span> <span class='ocrx_word' id='word_1_137' title='bbox 562 1182 695 1249; x_wconf 91' lang='lat' dir='ltr'><strong>quod</strong></span> <span class='ocrx_word' id='word_1_138' title='bbox 718 1182 907 1245; x_wconf 90' lang='lat' dir='ltr'><strong>nolunt,</strong></span> <span class='ocrx_word' id='word_1_139' title='bbox 932 1199 1171 1230; x_wconf 89' lang='lat' dir='ltr'><strong>summam</strong></span> <span class='ocrx_word' id='word_1_140' title='bbox 1193 1198 1363 1230; x_wconf 88' lang='lat' dir='ltr'><strong>eorum</strong></span> <span class='ocrx_word' id='word_1_141' title='bbox 1385 1182 1734 1249; x_wconf 90' lang='lat' dir='ltr'><strong>impudentiam</strong></span> <span class='ocrx_word' id='word_1_142' title='bbox 1758 1193 2028 1249; x_wconf 87' lang='lat' dir='ltr'><strong>arguentes,</strong></span> <span class='ocrx_word' id='word_1_143' title='bbox 2049 1183 2090 1231; x_wconf 91' lang='lat' dir='ltr'><strong>si</strong></span> <span class='ocrx_word' id='word_1_144' title='bbox 2101 1182 2199 1232; x_wconf 89' lang='lat' dir='ltr'><strong>hoc</strong></span> <span class='ocrx_word' id='word_1_145' title='bbox 2213 1182 2512 1233; x_wconf 83' lang='lat' dir='ltr'><strong>calumnien-</strong></span> 
     </span>
     <span class='ocr_line' id='line_1_14' title="bbox 372 1262 2510 1331; baseline 0.001 -20"><span class='ocrx_word' id='word_1_146' title='bbox 372 1274 451 1312; x_wconf 89' lang='lat' dir='ltr'><strong>tur</strong></span> <span class='ocrx_word' id='word_1_147' title='bbox 473 1263 608 1328; x_wconf 86' lang='lat' dir='ltr'><strong>quod</strong></span> <span class='ocrx_word' id='word_1_148' title='bbox 631 1262 844 1312; x_wconf 83' lang='lat' dir='ltr'><strong>refellere</strong></span> <span class='ocrx_word' id='word_1_149' title='bbox 865 1262 1000 1311; x_wconf 92' lang='lat' dir='ltr'><strong>nullo</strong></span> <span class='ocrx_word' id='word_1_150' title='bbox 1035 1262 1186 1311; x_wconf 87' lang='lat' dir='ltr'><strong>modo</strong></span> <span class='ocrx_word' id='word_1_151' title='bbox 1209 1273 1431 1329; x_wconf 87' lang='lat' dir='ltr'><strong>possunt,</strong></span> <span class='ocrx_word' id='word_1_152' title='bbox 1462 1273 1511 1311; x_wconf 92' lang='lat' dir='ltr'><strong>et</strong></span> <span class='ocrx_word' id='word_1_153' title='bbox 1546 1263 1681 1329; x_wconf 92' lang='lat' dir='ltr'><strong>quod</strong></span> <span class='ocrx_word' id='word_1_154' title='bbox 1713 1264 1920 1331; x_wconf 90' lang='lat' dir='ltr'><strong>plurima</strong></span> <span class='ocrx_word' id='word_1_155' title='bbox 1941 1274 2041 1313; x_wconf 90' lang='lat' dir='ltr'><strong>tam</strong></span> <span class='ocrx_word' id='word_1_156' title='bbox 2080 1264 2332 1314; x_wconf 88' lang='lat' dir='ltr'><strong>honestate</strong></span> <span class='ocrx_word' id='word_1_157' title='bbox 2362 1280 2510 1331; x_wconf 89' lang='lat' dir='ltr'><strong>quam</strong></span> 
     </span>
     <span class='ocr_line' id='line_1_15' title="bbox 370 1342 2510 1411; baseline 0.001 -20"><span class='ocrx_word' id='word_1_158' title='bbox 370 1343 569 1392; x_wconf 87' lang='lat' dir='ltr'><strong>utilitate</strong></span> <span class='ocrx_word' id='word_1_159' title='bbox 595 1342 978 1392; x_wconf 88' lang='lat' dir='ltr'><strong>commendatur.</strong></span> <span class='ocrx_word' id='word_1_160' title='bbox 1019 1343 1322 1408; x_wconf 84' lang='lat' dir='ltr'><strong>Inquiramus</strong></span> <span class='ocrx_word' id='word_1_161' title='bbox 1349 1360 1456 1402; x_wconf 89' lang='lat' dir='ltr'><strong>eos,</strong></span> <span class='ocrx_word' id='word_1_162' title='bbox 1484 1361 1579 1411; x_wconf 91' lang='lat' dir='ltr'><strong>qua</strong></span> <span class='ocrx_word' id='word_1_163' title='bbox 1599 1345 1786 1394; x_wconf 88' lang='lat' dir='ltr'><strong>ratione</strong></span> <span class='ocrx_word' id='word_1_164' title='bbox 1814 1344 1983 1394; x_wconf 89' lang='lat' dir='ltr'><strong>malint</strong></span> <span class='ocrx_word' id='word_1_165' title='bbox 2008 1345 2198 1410; x_wconf 87' lang='lat' dir='ltr'><strong>eligere,</strong></span> <span class='ocrx_word' id='word_1_166' title='bbox 2227 1348 2384 1394; x_wconf 90' lang='lat' dir='ltr'><strong>Deum</strong></span> <span class='ocrx_word' id='word_1_167' title='bbox 2409 1360 2510 1394; x_wconf 91' lang='lat' dir='ltr'><strong>non</strong></span> 
     </span>
     <span class='ocr_line' id='line_1_16' title="bbox 370 1423 2514 1492; baseline 0.001 -21"><span class='ocrx_word' id='word_1_168' title='bbox 370 1441 470 1472; x_wconf 88' lang='lat' dir='ltr'><strong>esse</strong></span> <span class='ocrx_word' id='word_1_169' title='bbox 501 1441 646 1490; x_wconf 90' lang='lat' dir='ltr'><strong>quam</strong></span> <span class='ocrx_word' id='word_1_170' title='bbox 669 1441 797 1485; x_wconf 90' lang='lat' dir='ltr'><strong>esse,</strong></span> <span class='ocrx_word' id='word_1_171' title='bbox 827 1434 873 1472; x_wconf 90' lang='lat' dir='ltr'><strong>et</strong></span> <span class='ocrx_word' id='word_1_172' title='bbox 892 1441 1005 1472; x_wconf 91' lang='lat' dir='ltr'><strong>cum</strong></span> <span class='ocrx_word' id='word_1_173' title='bbox 1035 1423 1097 1473; x_wconf 91' lang='lat' dir='ltr'><strong>ad</strong></span> <span class='ocrx_word' id='word_1_174' title='bbox 1122 1433 1347 1473; x_wconf 88' lang='lat' dir='ltr'><strong>neutrum</strong></span> <span class='ocrx_word' id='word_1_175' title='bbox 1378 1425 1486 1489; x_wconf 85' lang='lat' dir='ltr'><strong>cogi</strong></span> <span class='ocrx_word' id='word_1_176' title='bbox 1521 1426 1789 1474; x_wconf 87' lang='lat' dir='ltr'><strong>necessario</strong></span> <span class='ocrx_word' id='word_1_177' title='bbox 1814 1427 2016 1492; x_wconf 88' lang='lat' dir='ltr'><strong>possint,</strong></span> <span class='ocrx_word' id='word_1_178' title='bbox 2042 1436 2091 1474; x_wconf 92' lang='lat' dir='ltr'><strong>et</strong></span> <span class='ocrx_word' id='word_1_179' title='bbox 2121 1426 2326 1475; x_wconf 85' lang='lat' dir='ltr'><strong>alterum</strong></span> <span class='ocrx_word' id='word_1_180' title='bbox 2348 1425 2514 1475; x_wconf 83' lang='lat' dir='ltr'><strong>multis</strong></span> 
     </span>
     <span class='ocr_line' id='line_1_17' title="bbox 369 1503 2511 1572; baseline 0.002 -21"><span class='ocrx_word' id='word_1_181' title='bbox 369 1504 733 1553; x_wconf 83' lang='lat' dir='ltr'><strong>commendetur</strong></span> <span class='ocrx_word' id='word_1_182' title='bbox 754 1503 1040 1566; x_wconf 88' lang='lat' dir='ltr'><strong>rationibus,</strong></span> <span class='ocrx_word' id='word_1_183' title='bbox 1065 1504 1272 1554; x_wconf 86' lang='lat' dir='ltr'><strong>alterum</strong></span> <span class='ocrx_word' id='word_1_184' title='bbox 1294 1504 1457 1565; x_wconf 90' lang='lat' dir='ltr'><strong>nullis,</strong></span> <span class='ocrx_word' id='word_1_185' title='bbox 1473 1505 1827 1572; x_wconf 89' lang='lat' dir='ltr'><strong>iniquissimam</strong></span> <span class='ocrx_word' id='word_1_186' title='bbox 1848 1523 2021 1555; x_wconf 90' lang='lat' dir='ltr'><strong>eorum</strong></span> <span class='ocrx_word' id='word_1_187' title='bbox 2042 1505 2399 1555; x_wconf 85' lang='lat' dir='ltr'><strong>confundamus</strong></span> <span class='ocrx_word' id='word_1_188' title='bbox 2418 1506 2511 1555; x_wconf 89' lang='lat' dir='ltr'><strong>im—</strong></span> 
     </span>
     <span class='ocr_line' id='line_1_18' title="bbox 370 1584 2512 1652; baseline 0.002 -20"><span class='ocrx_word' id='word_1_189' title='bbox 370 1584 668 1650; x_wconf 90' lang='lat' dir='ltr'><strong>pudentiam,</strong></span> <span class='ocrx_word' id='word_1_190' title='bbox 702 1584 859 1651; x_wconf 86' lang='lat' dir='ltr'><strong>quiid</strong></span> <span class='ocrx_word' id='word_1_191' title='bbox 893 1585 1028 1651; x_wconf 91' lang='lat' dir='ltr'><strong>quod</strong></span> <span class='ocrx_word' id='word_1_192' title='bbox 1051 1586 1295 1652; x_wconf 86' lang='lat' dir='ltr'><strong>optimum</strong></span> <span class='ocrx_word' id='word_1_193' title='bbox 1319 1603 1421 1635; x_wconf 88' lang='lat' dir='ltr'><strong>esse</strong></span> <span class='ocrx_word' id='word_1_194' title='bbox 1452 1603 1553 1635; x_wconf 92' lang='lat' dir='ltr'><strong>non</strong></span> <span class='ocrx_word' id='word_1_195' title='bbox 1592 1587 1832 1649; x_wconf 88' lang='lat' dir='ltr'><strong>dubitent,</strong></span> <span class='ocrx_word' id='word_1_196' title='bbox 1870 1586 2194 1652; x_wconf 89' lang='lat' dir='ltr'><strong>omnibusque</strong></span> <span class='ocrx_word' id='word_1_197' title='bbox 2233 1588 2378 1636; x_wconf 88' lang='lat' dir='ltr'><strong>etiam</strong></span> <span class='ocrx_word' id='word_1_198' title='bbox 2411 1597 2512 1636; x_wconf 87' lang='lat' dir='ltr'><strong>tam</strong></span> 
     </span>
     <span class='ocr_line' id='line_1_19' title="bbox 368 1661 2514 1734; baseline 0.002 -22"><span class='ocrx_word' id='word_1_199' title='bbox 368 1666 632 1714; x_wconf 89' lang='lat' dir='ltr'><strong>rationibus</strong></span> <span class='ocrx_word' id='word_1_200' title='bbox 644 1683 790 1732; x_wconf 90' lang='lat' dir='ltr'><strong>quam</strong></span> <span class='ocrx_word' id='word_1_201' title='bbox 804 1665 1164 1715; x_wconf 88' lang='lat' dir='ltr'><strong>auctoritatibus</strong></span> <span class='ocrx_word' id='word_1_202' title='bbox 1184 1661 1565 1716; x_wconf 89' lang='lat' dir='ltr'><strong>consentaneum</strong></span> <span class='ocrx_word' id='word_1_203' title='bbox 1583 1668 1737 1734; x_wconf 91' lang='lat' dir='ltr'><strong>sequi,</strong></span> <span class='ocrx_word' id='word_1_204' title='bbox 1762 1677 2005 1734; x_wconf 86' lang='lat' dir='ltr'><strong>respuant,</strong></span> <span class='ocrx_word' id='word_1_205' title='bbox 2026 1677 2074 1716; x_wconf 89' lang='lat' dir='ltr'><strong>et</strong></span> <span class='ocrx_word' id='word_1_206' title='bbox 2095 1667 2392 1716; x_wconf 88' lang='lat' dir='ltr'><strong>contrarium</strong></span> <span class='ocrx_word' id='word_1_207' title='bbox 2413 1682 2514 1716; x_wconf 89' lang='lat' dir='ltr'><strong>am·</strong></span> 
     </span>
     <span class='ocr_line' id='line_1_20' title="bbox 367 1746 2512 1816; baseline 0 -22"><span class='ocrx_word' id='word_1_208' title='bbox 367 1747 649 1812; x_wconf 83' lang='lat' dir='ltr'><strong>plectantur.</strong></span> <span class='ocrx_word' id='word_1_209' title='bbox 677 1747 822 1806; x_wconf 88' lang='lat' dir='ltr'><strong>Quod</strong></span> <span class='ocrx_word' id='word_1_210' title='bbox 843 1748 882 1795; x_wconf 92' lang='lat' dir='ltr'><strong>si</strong></span> <span class='ocrx_word' id='word_1_211' title='bbox 902 1746 962 1795; x_wconf 91' lang='lat' dir='ltr'><strong>de</strong></span> <span class='ocrx_word' id='word_1_212' title='bbox 985 1747 1184 1795; x_wconf 89' lang='lat' dir='ltr'><strong>occultis</strong></span> <span class='ocrx_word' id='word_1_213' title='bbox 1198 1763 1359 1796; x_wconf 87' lang='lat' dir='ltr'><strong>rerum</strong></span> <span class='ocrx_word' id='word_1_214' title='bbox 1376 1748 1575 1809; x_wconf 88' lang='lat' dir='ltr'><strong>naturis,</strong></span> <span class='ocrx_word' id='word_1_215' title='bbox 1593 1764 1648 1797; x_wconf 91' lang='lat' dir='ltr'><strong>ac</strong></span> <span class='ocrx_word' id='word_1_216' title='bbox 1667 1748 1729 1802; x_wconf 88' lang='lat' dir='ltr'><strong>de</strong></span> <span class='ocrx_word' id='word_1_217' title='bbox 1744 1748 1851 1816; x_wconf 89' lang='lat' dir='ltr'><strong>ipso</strong></span> <span class='ocrx_word' id='word_1_218' title='bbox 1864 1765 2060 1815; x_wconf 92' lang='lat' dir='ltr'><strong>quoque</strong></span> <span class='ocrx_word' id='word_1_219' title='bbox 2073 1765 2237 1804; x_wconf 23' lang='lat' dir='ltr'><strong>rerum*</strong></span> <span class='ocrx_word' id='word_1_220' title='bbox 2247 1747 2512 1797; x_wconf 86' lang='lat' dir='ltr'><strong>coelestium</strong></span> 
     </span>
     <span class='ocr_line' id='line_1_21' title="bbox 368 1827 2512 1894; baseline 0.001 -19"><span class='ocrx_word' id='word_1_221' title='bbox 368 1837 507 1889; x_wconf 85' lang='lat' dir='ltr'><strong>statu,</strong></span> <span class='ocrx_word' id='word_1_222' title='bbox 528 1844 646 1893; x_wconf 89' lang='lat' dir='ltr'><strong>quas</strong></span> <span class='ocrx_word' id='word_1_223' title='bbox 670 1828 1006 1894; x_wconf 76' lang='lat' dir='ltr'><strong>experimentis</strong></span> <span class='ocrx_word' id='word_1_224' title='bbox 1027 1844 1128 1876; x_wconf 91' lang='lat' dir='ltr'><strong>non</strong></span> <span class='ocrx_word' id='word_1_225' title='bbox 1155 1838 1359 1894; x_wconf 90' lang='lat' dir='ltr'><strong>possunt</strong></span> <span class='ocrx_word' id='word_1_226' title='bbox 1379 1827 1636 1889; x_wconf 83' lang='lat' dir='ltr'><strong>discutere,</strong></span> <span class='ocrx_word' id='word_1_227' title='bbox 1656 1839 1707 1878; x_wconf 91' lang='lat' dir='ltr'><strong>ut</strong></span> <span class='ocrx_word' id='word_1_228' title='bbox 1724 1829 1841 1878; x_wconf 90' lang='lat' dir='ltr'><strong>certi</strong></span> <span class='ocrx_word' id='word_1_229' title='bbox 1858 1829 1973 1878; x_wconf 89' lang='lat' dir='ltr'><strong>inde</strong></span> <span class='ocrx_word' id='word_1_230' title='bbox 1989 1828 2178 1878; x_wconf 88' lang='lat' dir='ltr'><strong>valeant</strong></span> <span class='ocrx_word' id='word_1_231' title='bbox 2198 1844 2319 1890; x_wconf 91' lang='lat' dir='ltr'><strong>esse,</strong></span> <span class='ocrx_word' id='word_1_232' title='bbox 2344 1838 2512 1878; x_wconf 86' lang='lat' dir='ltr'><strong>aucto-</strong></span> 
     </span>
     <span class='ocr_line' id='line_1_22' title="bbox 369 1905 2509 1973; baseline 0.001 -22"><span class='ocrx_word' id='word_1_233' title='bbox 369 1905 584 1954; x_wconf 82' lang='lat' dir='ltr'><strong>ritatibus</strong></span> <span class='ocrx_word' id='word_1_234' title='bbox 601 1905 855 1954; x_wconf 88' lang='lat' dir='ltr'><strong>hominum</strong></span> <span class='ocrx_word' id='word_1_235' title='bbox 876 1906 1105 1969; x_wconf 91' lang='lat' dir='ltr'><strong>credunt,</strong></span> <span class='ocrx_word' id='word_1_236' title='bbox 1122 1923 1210 1955; x_wconf 90' lang='lat' dir='ltr'><strong>cur</strong></span> <span class='ocrx_word' id='word_1_237' title='bbox 1223 1906 1284 1955; x_wconf 91' lang='lat' dir='ltr'><strong>de</strong></span> <span class='ocrx_word' id='word_1_238' title='bbox 1297 1916 1495 1956; x_wconf 90' lang='lat' dir='ltr'><strong>auctore</strong></span> <span class='ocrx_word' id='word_1_239' title='bbox 1507 1908 1840 1956; x_wconf 90' lang='lat' dir='ltr'><strong>omniumDeo</strong></span> <span class='ocrx_word' id='word_1_240' title='bbox 1854 1907 2034 1956; x_wconf 88' lang='lat' dir='ltr'><strong>eisdem</strong></span> <span class='ocrx_word' id='word_1_241' title='bbox 2050 1923 2150 1955; x_wconf 91' lang='lat' dir='ltr'><strong>non</strong></span> <span class='ocrx_word' id='word_1_242' title='bbox 2167 1907 2509 1973; x_wconf 86' lang='lat' dir='ltr'><strong>acquiescunt?</strong></span> 
     </span>
     <span class='ocr_line' id='line_1_23' title="bbox 367 1985 2458 2055; baseline 0.001 -22"><span class='ocrx_word' id='word_1_243' title='bbox 367 1985 459 2034; x_wconf 89' lang='lat' dir='ltr'><strong>Sed</strong></span> <span class='ocrx_word' id='word_1_244' title='bbox 473 1986 570 2035; x_wconf 85' lang='lat' dir='ltr'><strong>haec</strong></span> <span class='ocrx_word' id='word_1_245' title='bbox 582 1986 815 2035; x_wconf 88' lang='lat' dir='ltr'><strong>hactenus</strong></span> <span class='ocrx_word' id='word_1_246' title='bbox 830 1988 1058 2036; x_wconf 85' lang='lat' dir='ltr'><strong>adversus</strong></span> <span class='ocrx_word' id='word_1_247' title='bbox 1070 1987 1198 2036; x_wconf 87' lang='lat' dir='ltr'><strong>hanc</strong></span> <span class='ocrx_word' id='word_1_248' title='bbox 1214 1990 1419 2055; x_wconf 89' lang='lat' dir='ltr'><strong>primam</strong></span> <span class='ocrx_word' id='word_1_249' title='bbox 1438 1998 1486 2037; x_wconf 91' lang='lat' dir='ltr'><strong>et</strong></span> <span class='ocrx_word' id='word_1_250' title='bbox 1501 1990 1757 2038; x_wconf 88' lang='lat' dir='ltr'><strong>maximam</strong></span> <span class='ocrx_word' id='word_1_251' title='bbox 1781 1988 2049 2037; x_wconf 84' lang='lat' dir='ltr'><strong>infidelium</strong></span> <span class='ocrx_word' id='word_1_252' title='bbox 2066 1987 2458 2039; x_wconf 86' lang='lat' dir='ltr'><strong>obstinationem.</strong></span> 
     </span>
    </p>

    <p class='ocr_par' dir='ltr' id='par_1_3' title="bbox 364 2058 2517 2861">
     <span class='ocr_line' id='line_1_24' title="bbox 434 2058 2514 2140; baseline 0.002 -26"><span class='ocrx_word' id='word_1_253' title='bbox 434 2070 569 2115; x_wconf 87' lang='lat' dir='ltr'><strong>Nunc</strong></span> <span class='ocrx_word' id='word_1_254' title='bbox 592 2077 753 2116; x_wconf 89' lang='lat' dir='ltr'><strong>autem</strong></span> <span class='ocrx_word' id='word_1_255' title='bbox 775 2068 836 2116; x_wconf 90' lang='lat' dir='ltr'><strong>ab</strong></span> <span class='ocrx_word' id='word_1_256' title='bbox 862 2069 1040 2117; x_wconf 89' lang='lat' dir='ltr'><strong>unitate</strong></span> <span class='ocrx_word' id='word_1_257' title='bbox 1064 2068 1238 2118; x_wconf 87' lang='lat' dir='ltr'><strong>divinae</strong></span> <span class='ocrx_word' id='word_1_258' title='bbox 1264 2068 1735 2140; x_wconf 64' lang='lat' dir='ltr'><strong>substantiae‚3quam</strong></span> <span class='ocrx_word' id='word_1_259' title='bbox 1758 2070 1892 2135; x_wconf 86' lang='lat' dir='ltr'><strong>quasi</strong></span> <span class='ocrx_word' id='word_1_260' title='bbox 1917 2068 2285 2118; x_wconf 86' lang='lat' dir='ltr'><strong>fundamentum</strong></span> <span class='ocrx_word' id='word_1_261' title='bbox 2307 2058 2514 2135; x_wconf 79' lang='lat' dir='ltr'><strong>subjeci-</strong></span> 
     </span>
     <span class='ocr_line' id='line_1_25' title="bbox 367 2147 2512 2217; baseline 0.002 -23"><span class='ocrx_word' id='word_1_262' title='bbox 367 2163 500 2208; x_wconf 90' lang='lat' dir='ltr'><strong>mus,</strong></span> <span class='ocrx_word' id='word_1_263' title='bbox 527 2147 587 2196; x_wconf 93' lang='lat' dir='ltr'><strong>ad</strong></span> <span class='ocrx_word' id='word_1_264' title='bbox 611 2147 951 2198; x_wconf 84' lang='lat' dir='ltr'><strong>discretionem</strong></span> <span class='ocrx_word' id='word_1_265' title='bbox 975 2150 1120 2198; x_wconf 88' lang='lat' dir='ltr'><strong>trium</strong></span> <span class='ocrx_word' id='word_1_266' title='bbox 1145 2167 1487 2217; x_wconf 89' lang='lat' dir='ltr'><strong>personarum,</strong></span> <span class='ocrx_word' id='word_1_267' title='bbox 1515 2151 1621 2217; x_wconf 68' lang='lat' dir='ltr'><strong>quie</strong></span> <span class='ocrx_word' id='word_1_268' title='bbox 1663 2150 1822 2199; x_wconf 89' lang='lat' dir='ltr'><strong>eidem</strong></span> <span class='ocrx_word' id='word_1_269' title='bbox 1865 2151 2031 2198; x_wconf 91' lang='lat' dir='ltr'><strong>insunt</strong></span> <span class='ocrx_word' id='word_1_270' title='bbox 2059 2149 2361 2210; x_wconf 84' lang='lat' dir='ltr'><strong>substantiae,</strong></span> <span class='ocrx_word' id='word_1_271' title='bbox 2388 2151 2512 2199; x_wconf 90' lang='lat' dir='ltr'><strong>ordo</strong></span> 
     </span>
     <span class='ocr_line' id='line_1_26' title="bbox 366 2230 2514 2299; baseline 0.003 -25"><span class='ocrx_word' id='word_1_272' title='bbox 366 2238 435 2275; x_wconf 89' lang='lat' dir='ltr'><strong>est</strong></span> <span class='ocrx_word' id='word_1_273' title='bbox 456 2245 753 2291; x_wconf 85' lang='lat' dir='ltr'><strong>commeare,</strong></span> <span class='ocrx_word' id='word_1_274' title='bbox 777 2241 823 2278; x_wconf 88' lang='lat' dir='ltr'><strong>et</strong></span> <span class='ocrx_word' id='word_1_275' title='bbox 848 2230 909 2279; x_wconf 91' lang='lat' dir='ltr'><strong>de</strong></span> <span class='ocrx_word' id='word_1_276' title='bbox 931 2231 1094 2280; x_wconf 90' lang='lat' dir='ltr'><strong>divina</strong></span> <span class='ocrx_word' id='word_1_277' title='bbox 1116 2233 1332 2298; x_wconf 90' lang='lat' dir='ltr'><strong>potentia</strong></span> <span class='ocrx_word' id='word_1_278' title='bbox 1356 2249 1441 2281; x_wconf 89' lang='lat' dir='ltr'><strong>seu</strong></span> <span class='ocrx_word' id='word_1_279' title='bbox 1459 2233 1693 2299; x_wconf 87' lang='lat' dir='ltr'><strong>sapientia</strong></span> <span class='ocrx_word' id='word_1_280' title='bbox 1716 2231 1790 2280; x_wconf 90' lang='lat' dir='ltr'><strong>vel</strong></span> <span class='ocrx_word' id='word_1_281' title='bbox 1810 2231 2131 2296; x_wconf 87' lang='lat' dir='ltr'><strong>benignitate,</strong></span> <span class='ocrx_word' id='word_1_282' title='bbox 2150 2231 2285 2296; x_wconf 81' lang='lat' dir='ltr'><strong>juxta</strong></span> <span class='ocrx_word' id='word_1_283' title='bbox 2310 2247 2434 2296; x_wconf 86' lang='lat' dir='ltr'><strong>quae,</strong></span> <span class='ocrx_word' id='word_1_284' title='bbox 2460 2242 2514 2280; x_wconf 87' lang='lat' dir='ltr'><strong>ut</strong></span> 
     </span>
     <span class='ocr_line' id='line_1_27' title="bbox 367 2307 2514 2379; baseline 0.002 -24"><span class='ocrx_word' id='word_1_285' title='bbox 367 2307 546 2356; x_wconf 88' lang='lat' dir='ltr'><strong>dictum</strong></span> <span class='ocrx_word' id='word_1_286' title='bbox 570 2320 666 2370; x_wconf 88' lang='lat' dir='ltr'><strong>est,</strong></span> <span class='ocrx_word' id='word_1_287' title='bbox 703 2321 796 2359; x_wconf 90' lang='lat' dir='ltr'><strong>tres</strong></span> <span class='ocrx_word' id='word_1_288' title='bbox 825 2311 1190 2377; x_wconf 86' lang='lat' dir='ltr'><strong>distinguuntur</strong></span> <span class='ocrx_word' id='word_1_289' title='bbox 1213 2329 1431 2379; x_wconf 76' lang='lat' dir='ltr'><strong>persona:</strong></span> <span class='ocrx_word' id='word_1_290' title='bbox 1454 2313 1514 2361; x_wconf 88' lang='lat' dir='ltr'><strong>ad</strong></span> <span class='ocrx_word' id='word_1_291' title='bbox 1538 2313 1800 2379; x_wconf 86' lang='lat' dir='ltr'><strong>perfectam</strong></span> <span class='ocrx_word' id='word_1_292' title='bbox 1833 2322 1879 2360; x_wconf 91' lang='lat' dir='ltr'><strong>et</strong></span> <span class='ocrx_word' id='word_1_293' title='bbox 1913 2313 2147 2377; x_wconf 86' lang='lat' dir='ltr'><strong>integram</strong></span> <span class='ocrx_word' id='word_1_294' title='bbox 2181 2311 2359 2360; x_wconf 84' lang='lat' dir='ltr'><strong>summi</strong></span> <span class='ocrx_word' id='word_1_295' title='bbox 2393 2310 2514 2361; x_wconf 89' lang='lat' dir='ltr'><strong>boni</strong></span> 
     </span>
     <span class='ocr_line' id='line_1_28' title="bbox 366 2391 2513 2459; baseline 0.001 -23"><span class='ocrx_word' id='word_1_296' title='bbox 366 2391 853 2453; x_wconf 86' lang='lat' dir='ltr'><strong>commendationem,</strong></span> <span class='ocrx_word' id='word_1_297' title='bbox 880 2403 1096 2459; x_wconf 85' lang='lat' dir='ltr'><strong>superest</strong></span> <span class='ocrx_word' id='word_1_298' title='bbox 1118 2393 1333 2458; x_wconf 88' lang='lat' dir='ltr'><strong>diligenti</strong></span> <span class='ocrx_word' id='word_1_299' title='bbox 1345 2394 1701 2442; x_wconf 84' lang='lat' dir='ltr'><strong>examinatione</strong></span> <span class='ocrx_word' id='word_1_300' title='bbox 1720 2392 1952 2441; x_wconf 89' lang='lat' dir='ltr'><strong>disserere</strong></span> <span class='ocrx_word' id='word_1_301' title='bbox 1972 2410 1983 2439; x_wconf 71' lang='grc' dir='ltr'>ε</span> <span class='ocrx_word' id='word_1_302' title='bbox 2005 2401 2059 2439; x_wconf 91' lang='lat' dir='ltr'><strong>ut</strong></span> <span class='ocrx_word' id='word_1_303' title='bbox 2076 2408 2176 2456; x_wconf 92' lang='lat' dir='ltr'><strong>quo</strong></span> <span class='ocrx_word' id='word_1_304' title='bbox 2201 2391 2430 2458; x_wconf 89' lang='lat' dir='ltr'><strong>amplius,</strong></span> <span class='ocrx_word' id='word_1_305' title='bbox 2460 2402 2513 2440; x_wconf 89' lang='lat' dir='ltr'><strong>ut</strong></span> 
     </span>
     <span class='ocr_line' id='line_1_29' title="bbox 364 2467 2513 2540; baseline 0.002 -24"><span class='ocrx_word' id='word_1_306' title='bbox 364 2474 508 2535; x_wconf 85' lang='lat' dir='ltr'><strong>supra</strong></span> <span class='ocrx_word' id='word_1_307' title='bbox 542 2472 866 2534; x_wconf 78' lang='lat' dir='ltr'><strong>memiuiniuS‚</strong></span> <span class='ocrx_word' id='word_1_308' title='bbox 903 2473 1047 2538; x_wconf 89' lang='lat' dir='ltr'><strong>hujus</strong></span> <span class='ocrx_word' id='word_1_309' title='bbox 1081 2472 1201 2521; x_wconf 91' lang='lat' dir='ltr'><strong>boni</strong></span> <span class='ocrx_word' id='word_1_310' title='bbox 1230 2472 1461 2539; x_wconf 89' lang='lat' dir='ltr'><strong>perfectio</strong></span> <span class='ocrx_word' id='word_1_311' title='bbox 1494 2467 1686 2540; x_wconf 77' lang='lat' dir='ltr'><strong>cognita</strong></span> <span class='ocrx_word' id='word_1_312' title='bbox 1720 2473 1884 2534; x_wconf 91' lang='lat' dir='ltr'><strong>fuerit,</strong></span> <span class='ocrx_word' id='word_1_313' title='bbox 1923 2473 2070 2538; x_wconf 87' lang='lat' dir='ltr'><strong>magis</strong></span> <span class='ocrx_word' id='word_1_314' title='bbox 2096 2471 2157 2519; x_wconf 86' lang='lat' dir='ltr'><strong>ad</strong></span> <span class='ocrx_word' id='word_1_315' title='bbox 2190 2488 2406 2520; x_wconf 87' lang='lat' dir='ltr'><strong>amorem</strong></span> <span class='ocrx_word' id='word_1_316' title='bbox 2440 2474 2513 2521; x_wconf 89' lang='lat' dir='ltr'><strong>sui</strong></span> 
     </span>
     <span class='ocr_line' id='line_1_30' title="bbox 366 2551 2517 2621; baseline 0.002 -25"><span class='ocrx_word' id='word_1_317' title='bbox 366 2566 606 2615; x_wconf 90' lang='lat' dir='ltr'><strong>quemque</strong></span> <span class='ocrx_word' id='word_1_318' title='bbox 628 2551 823 2613; x_wconf 89' lang='lat' dir='ltr'><strong>alliciat,</strong></span> <span class='ocrx_word' id='word_1_319' title='bbox 849 2553 1110 2618; x_wconf 85' lang='lat' dir='ltr'><strong>praesertim</strong></span> <span class='ocrx_word' id='word_1_320' title='bbox 1133 2568 1247 2601; x_wconf 90' lang='lat' dir='ltr'><strong>cum</strong></span> <span class='ocrx_word' id='word_1_321' title='bbox 1273 2553 1435 2601; x_wconf 85' lang='lat' dir='ltr'><strong>multae</strong></span> <span class='ocrx_word' id='word_1_322' title='bbox 1461 2570 1605 2620; x_wconf 89' lang='lat' dir='ltr'><strong>super</strong></span> <span class='ocrx_word' id='word_1_323' title='bbox 1621 2553 1698 2602; x_wconf 89' lang='lat' dir='ltr'><strong>his</strong></span> <span class='ocrx_word' id='word_1_324' title='bbox 1721 2551 1935 2602; x_wconf 86' lang='lat' dir='ltr'><strong>fidelium</strong></span> <span class='ocrx_word' id='word_1_325' title='bbox 1958 2568 2154 2618; x_wconf 91' lang='lat' dir='ltr'><strong>quoque</strong></span> <span class='ocrx_word' id='word_1_326' title='bbox 2176 2551 2365 2600; x_wconf 87' lang='lat' dir='ltr'><strong>animos</strong></span> <span class='ocrx_word' id='word_1_327' title='bbox 2387 2551 2517 2621; x_wconf 18' lang='lat' dir='ltr'><strong>dim-¹</strong></span> 
     </span>
     <span class='ocr_line' id='line_1_31' title="bbox 367 2629 2510 2699; baseline 0.003 -23"><span class='ocrx_word' id='word_1_328' title='bbox 367 2629 475 2678; x_wconf 87' lang='lat' dir='ltr'><strong>ciles</strong></span> <span class='ocrx_word' id='word_1_329' title='bbox 503 2648 694 2680; x_wconf 88' lang='lat' dir='ltr'><strong>movere</strong></span> <span class='ocrx_word' id='word_1_330' title='bbox 730 2634 914 2698; x_wconf 89' lang='lat' dir='ltr'><strong>possint</strong></span> <span class='ocrx_word' id='word_1_331' title='bbox 947 2634 1258 2699; x_wconf 83' lang='lat' dir='ltr'><strong>quaestioneS,</strong></span> <span class='ocrx_word' id='word_1_332' title='bbox 1292 2644 1341 2682; x_wconf 92' lang='lat' dir='ltr'><strong>et</strong></span> <span class='ocrx_word' id='word_1_333' title='bbox 1363 2643 1498 2683; x_wconf 90' lang='lat' dir='ltr'><strong>tanto</strong></span> <span class='ocrx_word' id='word_1_334' title='bbox 1537 2635 1720 2683; x_wconf 86' lang='lat' dir='ltr'><strong>facilius</strong></span> <span class='ocrx_word' id='word_1_335' title='bbox 1757 2634 1917 2682; x_wconf 88' lang='lat' dir='ltr'><strong>minus</strong></span> <span class='ocrx_word' id='word_1_336' title='bbox 1949 2632 2165 2681; x_wconf 90' lang='lat' dir='ltr'><strong>eruditos</strong></span> <span class='ocrx_word' id='word_1_337' title='bbox 2202 2632 2264 2681; x_wconf 90' lang='lat' dir='ltr'><strong>ad</strong></span> <span class='ocrx_word' id='word_1_338' title='bbox 2302 2634 2510 2682; x_wconf 82' lang='lat' dir='ltr'><strong>maxima</strong></span> 
     </span>
     <span class='ocr_line' id='line_1_32' title="bbox 369 2709 2510 2781; baseline 0.003 -26"><span class='ocrx_word' id='word_1_339' title='bbox 369 2709 553 2759; x_wconf 86' lang='lat' dir='ltr'><strong>trahere</strong></span> <span class='ocrx_word' id='word_1_340' title='bbox 577 2713 798 2762; x_wconf 89' lang='lat' dir='ltr'><strong>scandala</strong></span> <span class='ocrx_word' id='word_1_341' title='bbox 820 2724 964 2779; x_wconf 88' lang='lat' dir='ltr'><strong>atque</strong></span> <span class='ocrx_word' id='word_1_342' title='bbox 988 2713 1206 2763; x_wconf 82' lang='lat' dir='ltr'><strong>infideles</strong></span> <span class='ocrx_word' id='word_1_343' title='bbox 1221 2714 1392 2780; x_wconf 87' lang='lat' dir='ltr'><strong>juvare</strong></span> <span class='ocrx_word' id='word_1_344' title='bbox 1407 2753 1420 2777; x_wconf 92' lang='lat'><strong>,</strong></span> <span class='ocrx_word' id='word_1_345' title='bbox 1443 2725 1626 2781; x_wconf 81' lang='lat' dir='ltr'><strong>quanto</strong></span> <span class='ocrx_word' id='word_1_346' title='bbox 1648 2713 1940 2764; x_wconf 85' lang='lat' dir='ltr'><strong>difficiliores</strong></span> <span class='ocrx_word' id='word_1_347' title='bbox 1962 2713 2329 2762; x_wconf 89' lang='lat' dir='ltr'><strong>ad&#39;solvendum</strong></span> <span class='ocrx_word' id='word_1_348' title='bbox 2346 2713 2510 2762; x_wconf 83' lang='lat' dir='ltr'><strong>viden·</strong></span> 
     </span>
     <span class='ocr_line' id='line_1_33' title="bbox 372 2793 1896 2861; baseline 0.005 -26"><span class='ocrx_word' id='word_1_349' title='bbox 372 2799 462 2836; x_wconf 87' lang='lat' dir='ltr'><strong>tur.</strong></span> <span class='ocrx_word' id='word_1_350' title='bbox 494 2794 556 2839; x_wconf 80' lang='lat' dir='ltr'><strong>Ac</strong></span> <span class='ocrx_word' id='word_1_351' title='bbox 579 2794 729 2856; x_wconf 89' lang='lat' dir='ltr'><strong>prima</strong></span> <span class='ocrx_word' id='word_1_352' title='bbox 751 2793 892 2842; x_wconf 91' lang='lat' dir='ltr'><strong>nobis</strong></span> <span class='ocrx_word' id='word_1_353' title='bbox 915 2794 976 2843; x_wconf 92' lang='lat' dir='ltr'><strong>de</strong></span> <span class='ocrx_word' id='word_1_354' title='bbox 1001 2795 1353 2861; x_wconf 91' lang='lat' dir='ltr'><strong>omnipotentia</strong></span> <span class='ocrx_word' id='word_1_355' title='bbox 1375 2797 1463 2844; x_wconf 91' lang='lat' dir='ltr'><strong>Dei</strong></span> <span class='ocrx_word' id='word_1_356' title='bbox 1482 2795 1801 2844; x_wconf 86' lang='lat' dir='ltr'><strong>consideratio</strong></span> <span class='ocrx_word' id='word_1_357' title='bbox 1821 2796 1896 2844; x_wconf 89' lang='lat' dir='ltr'><strong>sit.</strong></span> 
     </span>
    </p>

    <p class='ocr_par' dir='ltr' id='par_1_4' title="bbox 367 2871 2511 3343">
     <span class='ocr_line' id='line_1_34' title="bbox 434 2871 2507 2942; baseline 0.003 -26"><span class='ocrx_word' id='word_1_358' title='bbox 434 2871 754 2927; x_wconf 67' lang='lat' dir='ltr'><strong>Quaerendum</strong></span> <span class='ocrx_word' id='word_1_359' title='bbox 778 2875 935 2940; x_wconf 90' lang='lat' dir='ltr'><strong>itaque</strong></span> <span class='ocrx_word' id='word_1_360' title='bbox 958 2876 1116 2941; x_wconf 87' lang='lat' dir='ltr'><strong>primo</strong></span> <span class='ocrx_word' id='word_1_361' title='bbox 1141 2875 1348 2939; x_wconf 86' lang='lat' dir='ltr'><strong>videtur,</strong></span> <span class='ocrx_word' id='word_1_362' title='bbox 1375 2875 1628 2942; x_wconf 91' lang='lat' dir='ltr'><strong>quomodo</strong></span> <span class='ocrx_word' id='word_1_363' title='bbox 1647 2892 1763 2925; x_wconf 84' lang='lat' dir='ltr'><strong>vere</strong></span> <span class='ocrx_word' id='word_1_364' title='bbox 1778 2875 1964 2924; x_wconf 86' lang='lat' dir='ltr'><strong>dicatur</strong></span> <span class='ocrx_word' id='word_1_365' title='bbox 1987 2875 2320 2941; x_wconf 90' lang='lat' dir='ltr'><strong>omnipotens,</strong></span> <span class='ocrx_word' id='word_1_366' title='bbox 2346 2875 2386 2922; x_wconf 89' lang='lat' dir='ltr'><strong>si</strong></span> <span class='ocrx_word' id='word_1_367' title='bbox 2410 2890 2507 2922; x_wconf 89' lang='lat' dir='ltr'><strong>non</strong></span> 
     </span>
     <span class='ocr_line' id='line_1_35' title="bbox 371 2948 2511 3023; baseline 0.003 -28"><span class='ocrx_word' id='word_1_368' title='bbox 371 2950 520 3012; x_wconf 91' lang='lat' dir='ltr'><strong>possit</strong></span> <span class='ocrx_word' id='word_1_369' title='bbox 543 2953 706 2999; x_wconf 88' lang='lat' dir='ltr'><strong>omnia</strong></span> <span class='ocrx_word' id='word_1_370' title='bbox 728 2953 940 3017; x_wconf 85' lang='lat' dir='ltr'><strong>efficere,</strong></span> <span class='ocrx_word' id='word_1_371' title='bbox 966 2966 1048 3004; x_wconf 89' lang='lat' dir='ltr'><strong>aut</strong></span> <span class='ocrx_word' id='word_1_372' title='bbox 1068 2956 1320 3021; x_wconf 88' lang='lat' dir='ltr'><strong>quomodo</strong></span> <span class='ocrx_word' id='word_1_373' title='bbox 1341 2958 1505 3006; x_wconf 90' lang='lat' dir='ltr'><strong>omnia</strong></span> <span class='ocrx_word' id='word_1_374' title='bbox 1528 2957 1702 3023; x_wconf 89' lang='lat' dir='ltr'><strong>possit,</strong></span> <span class='ocrx_word' id='word_1_375' title='bbox 1725 2958 1764 3005; x_wconf 90' lang='lat' dir='ltr'><strong>si</strong></span> <span class='ocrx_word' id='word_1_376' title='bbox 1787 2948 2117 3023; x_wconf 44' lang='lat' dir='ltr'><strong>quaedam‘nos</strong></span> <span class='ocrx_word' id='word_1_377' title='bbox 2138 2970 2393 3021; x_wconf 86' lang='lat' dir='ltr'><strong>possumus</strong></span> <span class='ocrx_word' id='word_1_378' title='bbox 2405 2970 2511 3019; x_wconf 80' lang='lat' dir='ltr'><strong>quae</strong></span> 
     </span>
     <span class='ocr_line' id='line_1_36' title="bbox 370 3029 2511 3102; baseline 0.003 -28"><span class='ocrx_word' id='word_1_379' title='bbox 370 3029 470 3092; x_wconf 90' lang='lat' dir='ltr'><strong>ipse</strong></span> <span class='ocrx_word' id='word_1_380' title='bbox 494 3047 592 3077; x_wconf 82' lang='lat' dir='ltr'><strong>non</strong></span> <span class='ocrx_word' id='word_1_381' title='bbox 619 3034 767 3097; x_wconf 87' lang='lat' dir='ltr'><strong>possit</strong></span> <span class='ocrx_word' id='word_1_382' title='bbox 791 3053 801 3081; x_wconf 73' lang='grc' dir='ltr'>ι</span> <span class='ocrx_word' id='word_1_383' title='bbox 831 3052 1087 3100; x_wconf 87' lang='lat' dir='ltr'><strong>possumus</strong></span> <span class='ocrx_word' id='word_1_384' title='bbox 1108 3047 1269 3086; x_wconf 89' lang='lat' dir='ltr'><strong>autem</strong></span> <span class='ocrx_word' id='word_1_385' title='bbox 1293 3037 1541 3102; x_wconf 79' lang='lat' dir='ltr'><strong>quaedam,</strong></span> <span class='ocrx_word' id='word_1_386' title='bbox 1570 3047 1623 3085; x_wconf 92' lang='lat' dir='ltr'><strong>ut</strong></span> <span class='ocrx_word' id='word_1_387' title='bbox 1645 3036 1918 3098; x_wconf 87' lang='lat' dir='ltr'><strong>ambulare,</strong></span> <span class='ocrx_word' id='word_1_388' title='bbox 1945 3036 2103 3101; x_wconf 89' lang='lat' dir='ltr'><strong>loqui,</strong></span> <span class='ocrx_word' id='word_1_389' title='bbox 2129 3034 2330 3095; x_wconf 91' lang='lat' dir='ltr'><strong>sentire,</strong></span> <span class='ocrx_word' id='word_1_390' title='bbox 2357 3050 2464 3099; x_wconf 81' lang='lat' dir='ltr'><strong>quae</strong></span> <span class='ocrx_word' id='word_1_391' title='bbox 2482 3051 2511 3082; x_wconf 92' lang='lat' dir='ltr'><strong>a</strong></span> 
     </span>
     <span class='ocr_line' id='line_1_37' title="bbox 370 3103 2510 3179; baseline 0.003 -24"><span class='ocrx_word' id='word_1_392' title='bbox 370 3118 540 3157; x_wconf 90' lang='lat' dir='ltr'><strong>natura</strong></span> <span class='ocrx_word' id='word_1_393' title='bbox 563 3110 820 3161; x_wconf 82' lang='lat' dir='ltr'><strong>divinitatis</strong></span> <span class='ocrx_word' id='word_1_394' title='bbox 838 3116 1028 3179; x_wconf 87' lang='lat' dir='ltr'><strong>penitus</strong></span> <span class='ocrx_word' id='word_1_395' title='bbox 1043 3116 1197 3165; x_wconf 81' lang='lat' dir='ltr'><strong>aliena</strong></span> <span class='ocrx_word' id='word_1_396' title='bbox 1216 3127 1345 3179; x_wconf 89' lang='lat' dir='ltr'><strong>sunt,</strong></span> <span class='ocrx_word' id='word_1_397' title='bbox 1366 3134 1477 3165; x_wconf 90' lang='lat' dir='ltr'><strong>cum</strong></span> <span class='ocrx_word' id='word_1_398' title='bbox 1497 3118 1765 3166; x_wconf 90' lang='lat' dir='ltr'><strong>necessaria</strong></span> <span class='ocrx_word' id='word_1_399' title='bbox 1781 3117 1981 3165; x_wconf 86' lang='lat' dir='ltr'><strong>istorum</strong></span> <span class='ocrx_word' id='word_1_400' title='bbox 1998 3117 2316 3164; x_wconf 86' lang='lat' dir='ltr'><strong>instrumenta</strong></span> <span class='ocrx_word' id='word_1_401' title='bbox 2330 3103 2510 3163; x_wconf 87' lang='lat' dir='ltr'><strong>habere</strong></span> 
     </span>
     <span class='ocr_line' id='line_1_38' title="bbox 370 3188 2508 3262; baseline 0.004 -28"><span class='ocrx_word' id='word_1_402' title='bbox 370 3188 637 3238; x_wconf 88' lang='lat' dir='ltr'><strong>nullatenus</strong></span> <span class='ocrx_word' id='word_1_403' title='bbox 659 3192 941 3258; x_wconf 88' lang='lat' dir='ltr'><strong>incorporea</strong></span> <span class='ocrx_word' id='word_1_404' title='bbox 964 3207 1106 3260; x_wconf 87' lang='lat' dir='ltr'><strong>queat</strong></span> <span class='ocrx_word' id='word_1_405' title='bbox 1125 3198 1405 3246; x_wconf 85' lang='lat' dir='ltr'><strong>substantia.</strong></span> <span class='ocrx_word' id='word_1_406' title='bbox 1432 3197 1618 3256; x_wconf 89' lang='lat' dir='ltr'><strong>Quibus</strong></span> <span class='ocrx_word' id='word_1_407' title='bbox 1642 3196 2062 3262; x_wconf 56' lang='lat' dir='ltr'><strong>quidem10bjectis</strong></span> <span class='ocrx_word' id='word_1_408' title='bbox 2082 3195 2131 3244; x_wconf 91' lang='lat' dir='ltr'><strong>id</strong></span> <span class='ocrx_word' id='word_1_409' title='bbox 2151 3194 2508 3262; x_wconf 87' lang='lat' dir='ltr'><strong>praedicendum</strong></span> 
     </span>
     <span class='ocr_line' id='line_1_39' title="bbox 367 3267 2505 3343; baseline 0.003 -29"><span class='ocrx_word' id='word_1_410' title='bbox 367 3267 592 3335; x_wconf 86' lang='lat' dir='ltr'><strong>arbitror,</strong></span> <span class='ocrx_word' id='word_1_411' title='bbox 633 3272 763 3335; x_wconf 89' lang='lat' dir='ltr'><strong>quod</strong></span> <span class='ocrx_word' id='word_1_412' title='bbox 794 3272 925 3336; x_wconf 86' lang='lat' dir='ltr'><strong>juxta</strong></span> <span class='ocrx_word' id='word_1_413' title='bbox 962 3276 1091 3339; x_wconf 90' lang='lat' dir='ltr'><strong>ipsos</strong></span> <span class='ocrx_word' id='word_1_414' title='bbox 1121 3294 1317 3343; x_wconf 88' lang='lat' dir='ltr'><strong>quoque</strong></span> <span class='ocrx_word' id='word_1_415' title='bbox 1341 3275 1680 3343; x_wconf 82' lang='lat' dir='ltr'><strong>philosophos,</strong></span> <span class='ocrx_word' id='word_1_416' title='bbox 1708 3287 1754 3324; x_wconf 89' lang='lat' dir='ltr'><strong>et</strong></span> <span class='ocrx_word' id='word_1_417' title='bbox 1785 3277 2057 3325; x_wconf 83' lang='lat' dir='ltr'><strong>communis</strong></span> <span class='ocrx_word' id='word_1_418' title='bbox 2081 3275 2316 3324; x_wconf 89' lang='lat' dir='ltr'><strong>sermonis</strong></span> <span class='ocrx_word' id='word_1_419' title='bbox 2338 3291 2476 3322; x_wconf 91' lang='lat' dir='ltr'><strong>usum</strong></span> <span class='ocrx_word' id='word_1_420' title='bbox 2492 3311 2505 3334; x_wconf 91' lang='lat'><strong>,</strong></span> 
     </span>
    </p>
   </div>
  </div>
 </body>
</html>
