2638 3866
326 211 419 258 230
1128 205 1300 253 PETRI
1333 205 1650 255 ABAELARDI

324 313 362 358 si
383 319 539 375 potes.
557 310 615 354 Et
634 305 751 353 dixit
767 306 838 352 ei:
860 305 937 352 Sic
954 306 1043 352 erit
1065 320 1227 352 semen
1253 315 1410 353 tuum.
1425 305 1640 354 Credidit
1662 304 1921 367 Abraham,
1945 315 1993 354 et
2009 317 2286 373 reputatum
2304 320 2374 358 est
2386 311 2454 359 illi

323 389 384 437 ad
407 388 654 454 justitiam.
679 385 901 450 Dixitque
924 384 987 432 ad
1008 400 1149 432 eum:
1174 386 1549 449 Ego-Dominus,
1575 386 1658 451 qui
1680 386 1824 434 eduxi
1844 396 1891 434 te
1917 387 1978 435 de
2005 390 2071 434 Ur
2092 388 2450 454 Chaldaeorum,

321 479 373 516 ut
392 468 556 515 darem
579 464 667 513 tibi
689 474 865 512 terram
884 465 1041 526 istam,
1065 474 1112 513 et
1128 464 1399 530 possideres
1421 481 1546 514 eam.
1578 468 1636 514 At
1666 465 1745 514 ille
1766 466 1857 514 ait:
1899 468 2107 516 Domine
2121 505 2134 530 ,
2170 469 2302 517 unde
2335 472 2456 519 scire

318 563 513 612 possum
537 544 670 610 quod
691 561 997 610 possessurus
1027 561 1135 592 sum
1167 545 1315 593 eam?
1349 548 1409 592 Et
1438 544 1739 611 respondens
1768 547 2006 596 Dominus
2029 566 2041 596 :
2079 550 2244 608 Sume,
2278 549 2450 615 inquit,

315 626 434 674 mihi
455 642 651 674 vaccam
674 626 930 687 triennem,
954 634 1046 673 etc.
1069 644 1093 670 »
1119 628 1229 673 Haec
1245 627 1407 690 itaque
1427 624 1743 674 dubitationis
1771 626 1921 676 verba
1946 629 2136 692 signum
2165 630 2457 694 requirentia

315 707 376 755 ad
402 706 819 754 confirmationem
842 715 1143 771 posterorum
1172 706 1323 771 magis
1348 722 1496 771 quam
1522 722 1660 753 suam
1691 705 1929 756 Abraham
1963 709 2274 775 assumpsisse
2306 709 2457 758 credi·

318 804 442 835 mus.
476 787 608 835 Sicut
632 796 680 834 et
701 789 909 834 Joannes
933 787 1142 852 Baptista
1162 787 1427 835 Dominum
1452 803 1554 834 non
1573 785 1682 844 sihi,
1724 786 1809 834 sed
1841 787 2087 854 discipulis
2115 790 2362 855 requisivit
2383 790 2456 838 di-

319 870 453 916 cens1
469 886 479 914 ι
499 870 606 915 «Tu
625 884 674 915 es
689 867 774 932 qui
789 876 1018 915 venturus
1035 884 1102 930 es,
1119 877 1245 915 etc.»
1270 888 1292 911 κ
1311 867 1405 915 Sed
1421 866 1719 915 confortatus
1737 866 1884 930 fide,»
1904 867 1955 916 id
1971 878 2059 929 est,
2080 870 2452 935 exspectatione,

315 964 415 996 non
435 964 486 995 re
507 948 611 1013 ipsa
634 965 739 1012 quae
758 949 901 1012 longe
920 947 1096 996 scilicet
1119 958 1229 1015 post
1245 958 1452 996 mortem
1474 948 1575 1012 ejus
1600 957 1702 996 erat
1723 947 1901 1011 futura,
1938 948 2059 997 dans
2092 951 2295 1015 gloriam
2328 953 2451 1013 Deo,

315 1028 364 1075 id
387 1037 473 1090 est,
501 1037 653 1091 grates
676 1028 719 1075 ei
739 1044 828 1093 pro
850 1027 926 1076 his
944 1028 1170 1090 reserens,
1197 1045 1297 1076 non
1323 1029 1501 1077 meritis
1533 1029 1631 1076 suis
1659 1028 1928 1094 quidquam
1960 1030 2194 1079 tribuens.
2222 1050 2245 1074 α
2273 1030 2458 1078 Plenis-

315 1109 433 1156 sime
456 1093 627 1169 sciens,
649 1129 672 1153 n
699 1109 749 1156 id
772 1119 842 1157 est
863 1108 1065 1157 firmiter
1087 1110 1305 1158 credens.
1337 1130 1360 1156 «
1382 1110 1506 1168 Quia
1528 1126 1847 1176 quaecunque.
1865 1131 1888 1155 2>
1912 1111 2172 1159 Providam
2197 1111 2456 1176 repromis-

315 1190 501 1236 sionem
536 1188 746 1236 ostendit
772 1198 818 1236 et
853 1189 1205 1248 rationabilem,
1241 1190 1363 1238 nihil
1397 1190 1576 1238 scilicet
1607 1190 1930 1256 promittentis
1964 1191 2057 1239 nisi
2091 1190 2226 1255 quod
2256 1191 2457 1256 implere

315 1278 490 1333 potest,
517 1269 593 1316 vel
615 1269 760 1316 etiam
783 1268 944 1317 debet.
963 1273 1159 1318 Certum
1178 1271 1360 1337 quippe
1384 1281 1462 1319 est.
1477 1271 1591 1336 quia
1611 1288 1714 1319 non
1736 1281 1895 1338 potest
1917 1271 2073 1321 facere
2095 1273 2188 1320 nisi
2215 1271 2351 1337 quod
2368 1272 2453 1321 de·

312 1349 412 1408 bet,
435 1348 487 1396 id
511 1359 580 1397 est
599 1348 733 1414 quod
748 1350 976 1398 convenit
1000 1351 1060 1398 ei.
1095 1371 1118 1396 c<
1138 1351 1254 1399 Ideo
1274 1361 1550 1418 reputatum
1572 1362 1660 1415 est,
1683 1373 1705 1397 υ
1731 1353 1844 1418 quia
1865 1354 2044 1402 scilicet
2064 1353 2363 1416 confortatus
2386 1361 2458 1401 est

314 1429 427 1491 fide,
455 1429 575 1477 dans
601 1429 803 1494 gloriam
827 1433 950 1493 Deo,
971 1431 1247 1497 plenissime
1267 1433 1440 1496 sciens,
1470 1443 1562 1482 etc.
1587 1436 1692 1482 Hoc
1714 1443 1804 1496 est,
1827 1435 1972 1483 etiam
1992 1434 2095 1482 haec
2110 1434 2222 1482 fidei
2237 1433 2454 1495 firmitas,

313 1512 351 1557 si
380 1527 526 1575 opera
551 1520 790 1558 cessarent
813 1512 1066 1573 exteriora,
1092 1514 1356 1579 imputatur
1379 1514 1423 1563 ei
1441 1514 1695 1562 aDomino
1726 1531 1816 1580 pro
1841 1515 2040 1579 justitia,
2071 1525 2126 1562 ut
2142 1514 2374 1563 videlicet
2393 1513 2457 1563 ad

313 1607 423 1638 eum
441 1590 804 1655 justificandum
826 1591 1046 1641 sufficiat.
1403 1654 1407 1657 ι

382 1674 526 1720 «Non
543 1681 611 1719 est
625 1682 838 1720 autem.»
862 1675 1010 1732 Quasi
1026 1675 1135 1739 quis
1157 1675 1337 1724 diceret
1354 1694 1364 1723 ε
1383 1675 1513 1734 Quid
1536 1675 1598 1724 ad
1615 1691 1706 1722 nos
1722 1674 1891 1723 relatio
1904 1685 2048 1724 tantae
2059 1675 2215 1724 laudis
2223 1672 2456 1723 Abrahae?

315 1751 587 1817 Respondet
610 1752 744 1817 quod
766 1753 869 1801 haec
890 1753 994 1802 laus
1019 1755 1118 1818 ejus
1145 1774 1168 1800 «
1190 1772 1291 1804 non
1316 1765 1386 1803 est
1405 1756 1581 1821 scripta
1614 1765 1802 1803 tantum
1823 1765 2022 1821 propter
2039 1756 2217 1822 ipsum,
2237 1776 2261 1801 2>
2292 1755 2345 1803 id
2366 1765 2453 1816 est,

312 1833 375 1880 ad
392 1833 870 1882 commendationem
903 1835 1070 1900 ipsiuS,
1101 1836 1185 1884 sed
1221 1846 1269 1884 et
1301 1856 1324 1881 (ε
1347 1846 1548 1902 propter
1568 1853 1676 1896 nos,
1705 1854 1728 1881 »
1772 1835 1948 1901 quibus
1978 1835 2201 1884 videlicet
2234 1834 2456 1901 exemplo

313 1914 412 1977 ejus
433 1914 694 1976 instructis,
719 1915 771 1963 id
793 1925 879 1976 est,
903 1916 1201 1982 reputabitur
1217 1917 1279 1965 ad
1295 1917 1546 1982 justitiam.
1580 1916 1936 1965 «Credentibus
1971 1918 2022 1965 in
2060 1933 2191 1978 eum,
2223 1926 2317 1964 etc.
2350 1937 2374 1960 2>
2406 1915 2458 1964 id

314 2004 401 2056 est,
427 1996 467 2043 si
480 1995 726 2043 credendo
749 1996 799 2043 in
820 1999 978 2044 Deum
992 1997 1234 2046 Abraham
1249 1998 1510 2046 imitemur.
1533 2001 1588 2045 In
1605 2015 1717 2046 eum
1738 1998 1987 2060 dicit,non
2000 2014 2132 2059 eum,
2152 1996 2229 2045 vel
2247 1997 2311 2059 ei,
2336 1997 2458 2046 sicut

312 2077 530 2140 superius
555 2077 883 2142 exposuimus·
920 2096 951 2124 ⁴«
981 2079 1076 2136 Qui
1110 2079 1370 2140 suscitavit,
1401 2098 1426 2124 »
1460 2078 1511 2127 id
1532 2087 1619 2139 est,
1656 2079 1740 2144 qui
1769 2079 1870 2143 jam
1900 2078 2162 2144 complevit
2191 2078 2242 2125 in
2275 2078 2458 2126 semine

314 2154 512 2203 Abrahae
530 2173 617 2222 per
639 2157 885 2206 Christum
904 2159 1038 2222 quod
1057 2158 1298 2207 Abraham
1317 2158 1624 2225 exspectabat
1646 2159 1878 2221 futurum,
1913 2169 1961 2207 et
1992 2159 2124 2224 quod
2154 2158 2248 2206 sibi
2268 2158 2319 2205 in
2340 2174 2458 2224 pro-

315 2236 537 2284 missione
552 2247 687 2285 terrae
709 2239 784 2286 vel
807 2238 1149 2288 benedictione
1170 2240 1318 2306 ipsius
1332 2237 1527 2288 seminis
1539 2240 1834 2305 intelligebat
1849 2239 2124 2304 figuratum.
2143 2242 2262 2286 Tota
2277 2239 2458 2304 quippe

316 2317 562 2365 exsultatio
585 2318 785 2367 Abrahae
811 2320 872 2367 de
895 2319 1099 2386 figurato
1128 2323 1278 2383 Isaac,
1319 2321 1370 2368 id
1398 2330 1469 2368 est
1497 2321 1706 2384 Christe,
1745 2322 1907 2387 potius
1942 2337 2092 2386 quam
2116 2319 2179 2368 de
2202 2319 2457 2383 figurativo

314 2395 453 2444 fuisse
474 2397 766 2463 intelligitur.
811 2400 950 2449 Unde
985 2410 1033 2448 et
1059 2418 1146 2467 per
1178 2418 1227 2449 se
1259 2402 1413 2466 ipsam
1435 2402 1620 2450 Veritas
1649 2402 1774 2450 ait²:
1804 2421 1828 2446 ιε
1856 2400 2098 2450 Abraham
2126 2409 2264 2465 pater
2301 2408 2458 2447 vester

315 2477 565 2526 exsultavit
587 2490 641 2527 ut
661 2481 848 2529 videret
869 2481 1000 2529 diem
1021 2498 1212 2543 meum3
1242 2481 1364 2530 vidit
1380 2491 1445 2529 ·et
1471 2482 1658 2546 gavisus
1692 2491 1780 2529 est.
1813 2500 1837 2526 »
1862 2484 2033 2528 Totam
2048 2489 2210 2528 autem
2231 2478 2457 2527 humanae

315 2559 625 2622 reparationis
645 2571 691 2608 et
714 2562 877 2611 salutis
901 2579 1140 2611 summam
1170 2573 1269 2610 tam
1299 2564 1347 2610 in
1374 2563 1529 2628 capite
1551 2579 1698 2627 quam
1715 2562 1777 2610 'in
1814 2560 2044 2610 membris
2072 2559 2329 2626 Apostolus
2359 2559 2457 2607 hoc

315 2637 421 2684 loco
444 2641 608 2702 paucis
631 2642 1017 2708 comprehendit,
1041 2643 1206 2691 dicens
1226 2642 1449 2691 videlicet
1468 2634 1712 2691 Christum
1734 2643 2047 2690 resurrexisse
2061 2661 2084 2685 α
2099 2656 2128 2688 a
2146 2639 2349 2688 mortuis
2373 2641 2457 2704 qui

317 2717 516 2766 traditus
533 2731 620 2783 est,
641 2731 731 2769 etc.
758 2741 781 2768 »
808 2724 931 2771 Nota
952 2733 1116 2771 autem
1139 2723 1273 2788 quod
1309 2723 1428 2771 dum
1451 2724 1517 2772 ait
1539 2724 1797 2789 Apostolus
1818 2725 1976 2770 Deum
1996 2731 2185 2788 patrem
2210 2721 2458 2768 suscitasse

317 2789 573 2856 Christum,
600 2805 645 2843 et
672 2797 805 2859 quod
827 2798 1051 2863 potentiae
1070 2807 1140 2846 est
1156 2798 1423 2864 specialiter
1440 2801 1544 2846 Deo
1568 2798 1693 2864 patri
1715 2798 1939 2861 assignat,
1956 2796 2171 2844 divinam
2189 2794 2457 2861 potentiam

319 2869 380 2915 ad
401 2887 659 2935 personam
683 2878 833 2925 Patris
852 2879 1058 2926 maxime
1079 2880 1318 2945 pertinere
1337 2880 1565 2940 insinuat,
1601 2879 1724 2927 sicut
1753 2878 1970 2926 divinam
1997 2877 2280 2943 sapientiam
2299 2874 2363 2923 ad
2381 2875 2458 2922 Fi-

318 2947 454 3009 lium,
473 2962 520 2998 et
538 2952 709 3002 divinae
732 2958 890 3019 gratiae
912 2958 1184 3007 bonitatem
1205 2959 1267 3007 ad
1288 2960 1520 3025 Spiritum
1542 2969 1786 3019 sanctum;
1809 2958 1947 3024 quod
1966 2944 2154 3024 plenius
2166 2955 2457 3019 Theologiae⁸

319 3038 491 3077 nostrae
516 3041 673 3081 textus
697 3035 927 3086 edisserit.
961 3059 984 3084 «
1008 3043 1042 3088 A
1066 3041 1286 3101 mortuis,
1309 3061 1331 3084 >2
1348 3040 1399 3088 id
1417 3050 1488 3088 est
1503 3040 1564 3088 de
1586 3041 1711 3088 inter
1735 3041 1980 3087 mortuos⁴
2001 3054 2224 3103 corpore,
2245 3051 2456 3101 quorum

364 3182 369 3199 ¹
388 3181 482 3229 Luc„
500 3192 570 3223 cap.
592 3194 645 3223 vu,
674 3195 703 3218 v.
732 3190 778 3220 19.
798 3207 835 3213 —-
851 3192 861 3209 ²
879 3191 986 3231 Joan„
1009 3203 1079 3234 cap.
1099 3203 1167 3236 vm,
1187 3204 1218 3226 v.
1239 3196 1292 3228 56.
1311 3212 1353 3218 -
1420 3194 1509 3226 inter
1539 3199 1688 3227 mortuos
1719 3202 1780 3234 pro
1815 3194 1854 3225 de
1881 3191 2038 3224 mortuis.
2070 3191 2205 3223 Locutio
2238 3190 2355 3222 infimae
2386 3190 2456 3221 lati-

320 3237 330 3253 a
345 3234 426 3268 Vide
453 3237 581 3271 Introd.
610 3241 655 3271 ad
681 3241 833 3284 Theozoq.
863 3244 933 3278 Lib.
965 3246 996 3286 1,
1023 3257 1055 3287 p.
1087 3252 1123 3282 12
1152 3255 1185 3281 et
1208 3258 1295 3290 sqq.,
1321 3254 1355 3281 et
1421 3250 1541 3279 nitatis.
1570 3248 1643 3279 Vid.
1662 3248 1711 3280 Du
1737 3247 1857 3287 Gange,
1881 3245 2036 3283 Glossar,
2064 3245 2150 3277 med.
2176 3248 2207 3275 et
2229 3243 2293 3286 inf.
2312 3242 2438 3275 Latinit

322 3288 507 3331 Theoloyiae
534 3292 735 3327 Christianae
753 3296 825 3329 Lib.
852 3297 882 3330 1.
908 3307 979 3340 cap.
1001 3309 1036 3333 111
1060 3306 1092 3333 et
1114 3311 1185 3343 sqq.
1203 3320 1242 3327 -
1258 3305 1290 3337 4.
1308 3304 1355 3335 De
1427 3303 1464 3334 V.
1485 3302 1635 3334 Deinter.
