2638 3866
298 203 357 250 16
1097 204 1268 252 PETRI
1304 204 1618 254 ABAELARDI

293 318 484 350 necesse
514 301 688 349 habeat
709 302 770 350 ab
792 303 885 351 alio
910 320 1027 351 esse.
1055 306 1161 353 Non
1184 305 1342 353 minus
1365 314 1524 353 tamen
1548 315 1629 353 aut
1653 305 1826 354 Filium
1847 316 1929 354 aut
1949 307 2175 372 Spiritum
2200 317 2417 356 sanctum

293 383 670 448 omnipotentem
690 383 1000 448 praedicamus
1020 401 1164 448 quam
1187 388 1389 432 Patrem.
1414 388 1475 432 Ut
1501 386 1630 433 enim
1648 386 1815 434 beatus
1838 387 2058 434 meminit
2085 389 2408 452 Augustinus¹,

292 478 391 508 non
404 472 598 527 propter
613 462 741 509 aliud
759 464 1065 528 omnipotens
1078 465 1250 511 dicitur
1270 468 1415 524 Deus,
1437 465 1528 518 nisi
1543 467 1654 530 quia
1674 467 1910 532 quidquid
1928 468 2029 514 vult
2042 476 2198 531 potest
2212 467 2415 529 efficere,

292 550 344 588 ut
366 557 466 588 non
491 542 667 588 scilicet
688 543 737 589 in
758 542 917 607 aliquo
942 543 1194 591 efficiendo
1217 544 1367 591 ullum
1391 544 1491 608 ejus
1515 545 1751 594 voluntati
1773 547 2173 613 impedimentum
2198 547 2415 596 obsistat.

292 620 404 668 Ideo
427 631 583 668 autem
605 622 749 670 trium
765 639 1079 688 personarum
1107 623 1307 671 indivisa
1331 641 1476 688 opera
1493 662 1506 686 ,
1533 624 1583 673 id
1609 636 1678 673 est
1699 627 1977 674 communia
1996 626 2245 686 dicuntur,
2284 627 2418 692 quod

290 700 524 764 quidquid
543 702 755 766 potentia
776 703 969 766 geritur,
991 703 1041 750 id
1057 704 1286 768 sapientia
1305 703 1598 765 moderatur,
1622 714 1669 753 et
1684 705 1927 754 honitate2
1943 706 2187 754 conditur.
2210 706 2350 754 Unde
2372 717 2418 754 et

291 780 458 827 merito
481 781 530 827 in
554 780 629 828 his
649 799 751 846 quae
774 782 927 830 facere
953 787 1107 830 Deum
1131 800 1400 842 exoramus,
1427 786 1941 834 commemorationem
1961 786 2158 834 facimus
2178 787 2419 835 Trinitatis

288 859 523 908 dicentes:
544 880 566 906 «
577 863 630 908 In
645 863 842 909 nomine
855 873 1025 911 sanctae
1039 872 1086 910 et
1098 862 1355 910 individuae
1365 864 1653 924 Trinitatis‚·»
1668 865 1742 912 vel
1759 884 1769 913 t
1786 885 1807 911 «
1819 869 1873 912 In
1883 866 2083 914 nomine
2101 868 2247 915 Patris
2259 865 2419 915 etFilii

288 949 334 986 et
359 940 559 1004 Spiritus
580 942 743 988 sancti.
763 961 784 984 »
813 945 871 988 Ut
890 943 1009 989 sicut
1028 943 1172 989 trium
1195 959 1511 1007 personarum
1534 955 1602 992 est
1620 944 1824 993 indivisa
1847 947 2083 1011 operatio,
2101 947 2165 994 ita
2186 956 2234 994 et
2249 963 2418 994 eorum

287 1019 345 1065 sit
372 1019 696 1085 inseparabilis
727 1023 984 1083 invocatio,
1026 1033 1168 1087 atque
1201 1022 1298 1070 1100
1332 1023 1481 1071 111οό0
1507 1041 1618 1071 cum
1643 1024 1762 1072 fides
1789 1026 1893 1091 ipsa
1924 1027 2151 1091 postulati
2195 1026 2419 1074 beneficii

287 1107 547 1159 astruatur,
579 1110 736 1147 tamen
763 1102 864 1166 ipsa
883 1102 1040 1167 operis
1062 1102 1212 1149 divini
1235 1102 1445 1151 efficacia
1465 1105 1849 1153 commendetur.
1874 1105 2028 1154 Facile
2052 1107 2181 1153 enim
2208 1106 2421 1154 creditur

286 1177 495 1226 facturus
520 1197 620 1227 esse
643 1179 827 1228 bonum
853 1181 986 1246 quod
1006 1192 1217 1246 rogatur,
1247 1184 1330 1247 qui
1350 1192 1396 1230 et
1417 1184 1571 1231 facere
1592 1184 1659 1241 id,
1683 1185 1804 1232 sicut
1819 1185 2039 1244 voluerit,
2063 1195 2239 1250 potest,
2266 1194 2313 1232 et
2333 1185 2416 1234 be-

285 1257 586 1322 nignissimus
618 1277 719 1308 esse
753 1265 1075 1325 cognoscitur.
1107 1264 1310 1311 Nomine
1338 1280 1454 1311 vero
1479 1265 1648 1325 Patris,
1676 1274 1727 1311 ut
1751 1264 1933 1313 dictum
1955 1275 2043 1324 est,
2068 1266 2420 1330 omnipotentia

285 1338 388 1399 Dei,
414 1341 611 1389 nomine
633 1341 835 1406 Spiritus
857 1358 1045 1390 summa
1067 1343 1169 1407 ejus
1193 1343 1462 1407 benignitas
1488 1355 1913 1392 commemoratur.
1941 1348 2061 1392 Cum
2086 1355 2249 1392 autem
2273 1356 2321 1393 et
2346 1361 2418 1393 sa-

282 1419 467 1483 pientiae
491 1419 661 1468 divinae
680 1423 1076 1473 commemoratio
1100 1422 1311 1483 additur,
1334 1439 1440 1487 quae
1462 1424 1640 1471 scilicet
1662 1425 1863 1472 nomine
1884 1424 1987 1472 Filii
2010 1426 2308 1490 exprimitur,
2331 1442 2421 1491 per

283 1515 427 1562 quam
448 1499 498 1547 in
522 1501 746 1549 omnibus
766 1520 870 1568 quae
893 1503 1036 1554 efficit
1058 1503 1260 1550 modum
1283 1512 1446 1550 tenere
1465 1503 1671 1563 noverit,
1705 1505 1920 1568 egregius
1937 1505 2132 1552 effectus
2151 1505 2420 1553 ostenditur

283 1579 367 1643 qui
393 1579 456 1626 ab
479 1597 536 1628 eo
556 1583 827 1646 proveniat,
863 1584 947 1648 qui
972 1585 1137 1631 omnia
1158 1600 1264 1647 quae
1288 1582 1402 1630 velit
1420 1582 1575 1630 facere
1600 1592 1767 1647 queat,
1794 1593 1842 1631 et
1863 1583 1912 1630 in
1937 1584 2164 1631 omnibus
2188 1584 2420 1633 faciendis

282 1658 485 1707 modum
507 1663 622 1709 sciat
643 1679 847 1725 servare,
867 1674 913 1711 et
935 1664 1116 1729 optime
1136 1673 1307 1711 cuncta
1330 1662 1444 1711 velit
1470 1662 1590 1710 fieri.
1611 1666 1667 1710 At
1690 1680 1805 1711 vero
1824 1680 1936 1711 cum
1954 1679 2254 1728 unaquaeque
2272 1665 2417 1712 trium

282 1755 597 1803 personarum
630 1742 743 1790 inde
777 1745 1084 1810 omnipotens
1113 1744 1323 1804 dicatur,
1351 1743 1484 1808 quod
1508 1743 1745 1808 quidquid
1773 1760 1939 1791 earum
1974 1761 2275 1808 quaecunque
2305 1745 2419 1793 velit

284 1817 488 1882 efficere,
510 1823 660 1886 possit
679 1824 950 1889 complere;
975 1842 1075 1872 non
1097 1835 1255 1872 tamen
1279 1840 1472 1871 necesse
1494 1833 1565 1870 est
1589 1823 1763 1870 eodem
1788 1823 1937 1879 modo
1955 1839 2004 1871 se
2026 1824 2218 1888 penitus
2242 1823 2419 1871 habere

284 1915 429 1947 unam
460 1917 558 1964 quo
584 1902 805 1963 alteram,
844 1922 955 1952 cum
985 1921 1013 1952 a
1037 1922 1087 1952 se
1110 1906 1316 1952 invicem
1349 1906 1445 1951 suis
1468 1903 1867 1970 proprietatibus³
1900 1903 2098 1951 diversae
2130 1904 2242 1951 sint.
2279 1904 2420 1952 Solus

283 1980 460 2045 quippe
479 1985 615 2030 Pater
631 1995 787 2049 potest
806 2002 905 2032 esse
925 1989 1063 2033 Pater
1078 1986 1177 2034 sive
1197 1986 1452 2049 ingenitus,
1475 1994 1521 2032 et
1537 1984 1667 2031 solus
1687 1984 1831 2031 Filius
1850 1984 2055 2048 genitus,
2081 1984 2202 2030 sicut
2219 1993 2266 2030 et
2286 1983 2418 2031 solus

281 2061 482 2125 Spiritus
505 2075 696 2112 sanctus
724 2065 1010 2130 procedens.
1041 2066 1291 2130 Quidquid
1314 2067 1475 2129 itaque
1499 2081 1595 2111 una
1621 2080 1830 2130 persona
1854 2064 2011 2112 facere
2034 2073 2221 2130 potest,
2247 2073 2295 2110 et
2326 2063 2418 2111 alia

284 2150 453 2204 potest,
469 2153 517 2190 et
537 2144 647 2192 ideo
671 2162 967 2211 unaquaeque
986 2148 1292 2212 omnipotens
1311 2147 1501 2210 dicitur,
1519 2144 1602 2192 sed
1623 2161 1723 2191 non
1744 2143 1981 2209 quidquid
2002 2160 2099 2191 una
2118 2160 2218 2190 esse
2237 2153 2414 2209 potest,

281 2220 356 2268 vel
378 2223 512 2286 cujus
532 2225 679 2273 modo
702 2243 798 2273 una
820 2244 921 2274 esse
950 2237 1127 2293 potest,
1162 2244 1354 2274 necesse
1383 2236 1453 2273 est
1479 2227 1676 2273 alteram
1701 2242 1819 2272 esse.
1841 2228 1946 2272 Hoc
1968 2233 2147 2286 autem,
2170 2233 2290 2271 teste
2304 2224 2416 2272 Hie-

280 2317 502 2366 ronymo,
528 2305 635 2369 plus
657 2306 834 2354 habere
859 2311 995 2355 Pater
1018 2324 1044 2355 a
1066 2307 1183 2354 Filio
1204 2308 1461 2365 invenitur,
1485 2306 1619 2370 quod
1642 2305 1772 2353 solus
1794 2323 1820 2353 a
1843 2307 2000 2370 seipso
2023 2315 2109 2362 est,
2134 2303 2278 2351 Filius
2300 2321 2417 2352 vero

281 2397 307 2428 a
329 2398 379 2429 se
401 2400 500 2431 non
525 2395 610 2443 est,
629 2387 713 2434 sed
739 2404 765 2434 a
791 2391 928 2435 Patre
952 2399 1189 2452 tanquam·
1204 2388 1405 2451 genitus.
1439 2387 1514 2433 Sic
1533 2388 1712 2452 quippe
1736 2386 1800 2433 ait
1823 2385 2000 2433 Nicaeni
2030 2384 2239 2444 concilii,
2265 2400 2415 2449 expo·

281 2462 442 2510 nendo
465 2463 637 2526 fidem,
664 2467 962 2531 symbolum*
984 2487 994 2514 :
1026 2487 1047 2511 u
1078 2467 1206 2514 Absit
1228 2484 1341 2531 ergo
1364 2468 1413 2513 in
1437 2467 1556 2514 Filio
1580 2467 1668 2514 Dei
1695 2465 1826 2513 aliud
1853 2465 1962 2531 plus
1985 2465 2204 2512 minusve
2222 2501 2235 2526 ,
2259 2473 2343 2511 aut
2364 2464 2414 2511 in

282 2541 387 2589 1000
411 2554 493 2590 aut
512 2545 561 2591 in
582 2554 799 2612 tempore
815 2585 827 2606 ,
865 2557 946 2596 aut
968 2549 1018 2595 in
1040 2547 1256 2613 potentia
1273 2584 1285 2608 ,
1323 2557 1404 2594 aut
1426 2548 1473 2593 in
1499 2546 1695 2593 scientia
1709 2581 1722 2605 ‚
1757 2555 1840 2593 aut
1862 2546 1911 2592 in
1934 2544 2202 2610 aequalitate
2216 2581 2229 2605 ,
2264 2543 2415 2591 autin

282 2621 598 2687 subjectione,
633 2641 745 2673 cum
779 2626 952 2674 dicitur
977 2627 1075 2675 1100
1102 2637 1156 2675 ut
1187 2627 1422 2674 divinitati
1457 2627 1558 2690 ejus
1580 2625 1868 2687 ascribatur,
1901 2642 2002 2672 non
2026 2624 2176 2672 carni.
2209 2623 2259 2670 Si
2286 2623 2416 2671 enim

282 2699 389 2764 plus
413 2705 626 2752 minusve
645 2705 776 2754 aliud
800 2707 1060 2767 invenitur,
1087 2717 1287 2772 excepto
1309 2706 1406 2753 hoc
1425 2705 1559 2769 quod
1585 2706 1750 2769 genuit
1773 2709 1913 2753 Pater
1935 2705 2125 2763 Filium,
2152 2712 2198 2751 et
2215 2713 2418 2769 excepto

282 2777 375 2826 hoc
399 2783 529 2845 quod
551 2785 692 2833 Filius
715 2803 815 2834 non
841 2804 894 2834 ex
922 2788 1177 2853 semetipso
1201 2796 1341 2834 natus
1364 2795 1455 2846 est,
1480 2785 1564 2832 sed
1587 2784 1648 2832 de
1673 2788 1811 2832 Patre
1830 2795 1972 2833 natus
1994 2793 2088 2844 est,
2114 2783 2312 2848 proprie
2334 2793 2419 2833 aut

283 2858 498 2909 invidens
511 2874 591 2911 aut
607 2866 845 2930 impotens
864 2871 1018 2929 Pater,
1034 2868 1229 2933 insuper
1242 2867 1386 2914 etiam
1399 2864 1678 2930 temporalis
1691 2866 1982 2929 agnoscitur.
2005 2885 2028 2908 2>
2048 2867 2114 2910 Ex
2129 2863 2203 2910 his
2218 2862 2416 2926 quidem

284 2940 438 2987 verbis
462 2943 762 3008 Hieronymi,
788 2962 897 2993 cum
923 2946 1176 3012 profitetur
1199 2947 1267 2993 nil
1289 2945 1398 3011 plus
1427 2946 1475 2991 in
1503 2949 1638 2993 Patre
1663 2961 1809 3009 quam
1835 2946 1883 2991 in
1909 2944 2026 2990 Filio
2042 2979 2054 3002 ‚
2083 2942 2156 2989 vel
2181 2941 2342 2988 minus
2362 2941 2414 2988 in

285 3020 402 3068 Filio
423 3038 566 3087 quam
589 3025 637 3072 in
662 3028 797 3076 Patre
819 3027 1032 3094 reperiri,
1047 3036 1245 3095 excepto
1268 3025 1403 3094 quod
1418 3025 1562 3072 Filius
1583 3041 1610 3072 a
1633 3025 1789 3092 seipso
1811 3041 1910 3072 non
1931 3033 2018 3083 est,
2037 3023 2160 3069 sicut
2182 3030 2230 3068 et
2256 3023 2411 3080 Pater,

326 3239 584 3282 ‘Euchiridiom
601 3252 673 3285 cap.
688 3253 778 3279 xxiv.
795 3247 1074 3289 —²Bem·9nitate
1091 3247 1309 3282 Cod.Vict.-
1382 3248 1469 3288 plan.
1500 3246 1542 3278 ad
1560 3244 1683 3285 Cyn-in„
1703 3242 1805 3284 Opp„
1830 3246 1854 3274 t.
1882 3239 1923 3279 V,
1949 3240 2011 3272 cot.
2042 3239 2119 3277 125;
2144 3245 2227 3278 opus
2249 3235 2291 3267 ab
2316 3232 2410 3265 Hier-

310 3292 363 3325 Sic
374 3292 453 3328 Cod.
467 3294 547 3329 Vict.
567 3296 653 3329 Cum
667 3298 704 3331 in
713 3299 785 3331 suis
797 3299 1062 3343 proprietatibus
1080 3299 1309 3336 Amb.-⁴Ex-
1383 3309 1480 3342 nymo
1504 3299 1725 3339 conscriptum
1742 3305 1812 3329 esse
1832 3303 1897 3327 non
1911 3294 2049 3326 videtur.
