2638 3866
863 223 920 271 ΙΝ
957 219 1285 270 EPISTOLAM
1321 221 1401 270 AD
1436 218 1740 269 ROMANOS.
2281 217 2375 267 213

224 329 320 377 rius
351 326 488 394 quod
523 325 705 375 bonam
738 325 814 374 vel
849 324 1026 373 malam
1065 324 1368 372 voluntatem
1405 323 1637 389 sequitur,
1678 323 1901 370 meritum
1937 330 2137 387 augeat,
2180 330 2227 368 et
2264 338 2377 368 cuin

223 409 381 457 omnis
402 408 554 456 virtus
576 409 636 456 sit
661 408 828 466 animi,
855 416 902 455 et
925 407 975 454 in
999 407 1104 472 ipso
1129 405 1328 455 fundata
1350 405 1596 467 consistat,
1619 413 1783 452 utrum
1805 420 1950 451 omne
1974 411 2226 470 peccatum
2249 403 2376 450 simi·

221 490 328 538 liter
357 489 506 537 animi
536 489 624 550 sit,
658 498 706 538 et
728 488 846 554 quid
873 488 999 536 inter
1020 487 1191 535 vitium
1222 487 1372 535 animi
1404 497 1452 535 et
1472 494 1724 553 peccatum
1754 483 1958 547 disserat,
1988 494 2036 532 et
2060 493 2182 550 quot
2214 483 2374 531 modis

220 577 471 633 peccatum
495 568 698 616 dicatur.
726 567 820 616 Sed
848 567 963 633 quia
987 565 1083 614 hoc
1115 566 1322 614 maxime
1352 564 1412 613 ad
1437 564 1643 612 ethicam
1666 563 1873 628 pertinet
1898 562 2338 610 considerationem
2359 600 2370 620 ‚

220 657 267 696 et
299 644 480 697 diutius
513 650 561 697 in
602 648 678 696 his
717 646 1004 697 dirimendis
1042 645 1404 695 immorandum
1445 653 1594 706 esset,
1631 659 1778 709 quam
1814 642 2023 691 brevitas
2061 644 2375 709 expositionis

219 729 449 794 postulat,
475 739 651 778 nostrae
672 729 723 778 id
746 729 915 778 ethicae
934 727 1223 777 discussioni
1246 726 1591 775 reservemus¹.
1685 743 1707 764 ο

286 809 587 858 «Beatitudo
608 827 780 875 ergo.»
802 808 1014 869 Quando
1039 808 1240 874 quidem
1259 817 1506 856 ostensum
1519 814 1589 854 est
1603 814 1724 870 quot
1747 804 1906 852 modis
1919 803 2173 852 beatitudo
2188 804 2376 851 dicatur

216 889 315 938 sive
352 889 605 951 habeatur,
642 890 762 939 illud
791 892 936 939 etiam
967 888 1221 938 videamus
1258 905 1285 936 a
1320 887 1499 952 quibus
1530 885 1788 946 habeatur,
1827 884 1876 932 id
1908 894 2006 944 est,
2033 902 2061 933 a
2083 885 2376 932 circumcisis

216 979 424 1030 tantum,
451 988 513 1019 an
544 972 686 1020 etiam
707 988 736 1020 a
758 970 1068 1038 praeputiatis.
1104 972 1164 1018 Et
1185 968 1281 1017 hoc
1304 978 1391 1029 est,
1415 967 1551 1033 quod
1574 966 1837 1033 quaerendo
1861 967 1925 1014 ait
1950 985 1960 1013 :
1991 969 2115 1031 Ergo
2137 965 2240 1013 haec
2265 964 2376 1013 bea-

215 1051 391 1115 titudo,
423 1069 572 1118 quam
607 1052 832 1101 videlicet
861 1053 911 1100 in
944 1054 1103 1100 Deum
1131 1050 1433 1115 assequimur
1464 1049 1503 1096 si
1535 1065 1636 1096 non
1674 1047 1903 1115 operibus
1943 1048 2088 1095 etiam
2122 1047 2239 1112 legis
2273 1064 2376 1094 cre·

215 1131 403 1195 dendo,
435 1154 458 1178 «
488 1142 650 1182 manet
674 1134 724 1181 in
753 1133 1123 1182 circumcisione
1157 1141 1370 1193 tantum,
1396 1151 1418 1174 »
1446 1129 1497 1177 id
1522 1139 1593 1178 est
1623 1130 1673 1177 in
1708 1129 2019 1191 circumcisis,
2051 1146 2111 1177 an
2145 1128 2290 1176 etiam
2325 1130 2375 1176 in

213 1215 539 1281 praeputiatis?
566 1217 684 1273 Quae
707 1201 824 1263 vero
861 1214 920 1262 sit
946 1213 1050 1262 haec
1074 1212 1344 1270 beatitudo,
1371 1228 1519 1278 quam
1543 1210 1766 1259 videlicet
1789 1211 1838 1258 in
1863 1213 2021 1260 Deum
2045 1210 2371 1275 assequimur,

213 1292 520 1355 determinat,
555 1294 722 1343 dicens
753 1312 861 1344 eam
893 1312 996 1344 esse
1021 1310 1171 1361 quam
1201 1293 1759 1342 Abraham-consecutus
1794 1302 1881 1349 est,
1921 1309 2034 1339 cum
2069 1308 2123 1339 ex
2156 1290 2252 1338 fide
2288 1290 2377 1337 fuit

206 1374 512 1438 justificatus.
540 1379 600 1424 Et
620 1375 718 1424 hoc
736 1386 809 1424 est
833 1376 969 1443 quod
992 1375 1158 1424 subdit
1177 1394 1186 1423 :
1217 1395 1240 1421 «
1261 1375 1480 1422 Dicimus
1502 1373 1651 1434 enim,
1675 1392 1698 1416 υ
1725 1371 1771 1420 id
1797 1382 1884 1432 est,
1906 1389 1962 1420 ex
1979 1372 2232 1439 supposito
2254 1387 2374 1419 con·

210 1456 448 1504 vincimus
479 1458 778 1518 testimonio,
823 1458 979 1523 «quia
1011 1456 1209 1506 Abrahae
1241 1455 1362 1503 fides
1382 1492 1394 1516 ,
1417 1476 1440 1499 ³)
1469 1471 1581 1520 qua,
1617 1464 1669 1502 ut
1703 1454 1976 1520 expositum
2012 1463 2101 1515 est,
2137 1453 2186 1500 in
2218 1455 2375 1500 Deum

210 1537 432 1598 credidit,
460 1548 722 1604 «reputata
756 1548 827 1587 est
859 1539 904 1586 ei
935 1537 1068 1604 apud
1098 1539 1257 1598 Deum
1291 1536 1353 1584 ad
1379 1535 1630 1600 justitiam,
1659 1534 1754 1582 »id
1788 1543 1860 1582 est
1890 1536 2020 1582 Deus
2053 1549 2166 1581 eum
2190 1532 2375 1597 justum

210 1633 312 1665 esse
334 1620 591 1684 reputavit,
609 1629 658 1667 et
680 1620 1073 1667 remuneratione
1088 1618 1330 1682 justorum
1353 1616 1558 1681 dignum
1581 1614 1837 1680 judicavit.
1863 1614 1970 1662 Dixi
1989 1632 2001 1662 ε
2018 1616 2252 1679 Reputata
2276 1622 2371 1669 est3

210 1715 324 1762 ergo
359 1716 632 1763 quaeramus
665 1701 714 1748 in
752 1702 859 1766 ipso
893 1698 1137 1747 Abraham
1171 1719 1195 1743 α
1216 1697 1488 1764 quomodo,
1512 1715 1534 1742 >a
1568 1695 1619 1744 id
1646 1705 1717 1743 est
1747 1695 1948 1760 quando
1983 1695 2044 1743 sit
2076 1694 2121 1742 ei
2156 1703 2375 1759 reputata

209 1778 328 1827 fides
350 1780 452 1845 ejus
474 1780 537 1828 ad
559 1781 813 1845 justitiam,
850 1790 1015 1829 utrum
1039 1778 1265 1828 videlicet
1296 1787 1557 1843 antequam
1578 1775 2027 1837 circumcideretur,
2059 1774 2134 1823 vel
2165 1784 2293 1841 post,
2323 1785 2375 1821 ut

207 1876 294 1926 per
315 1877 426 1909 eum
450 1861 695 1922 videlicet,
724 1872 772 1910 et
796 1861 857 1910 de
889 1860 1072 1910 caeteris
1094 1859 1376 1915 hominibus
1394 1857 1616 1924 judicare
1639 1858 1896 1924 possimus,
1919 1867 2086 1905 utrum
2116 1855 2339 1903 videlicet
2359 1893 2370 1915 ‚

207 1942 297 1989 soli
319 1942 591 1990 circumcisi
615 1942 744 1992 hanc
769 1943 1122 1992 beatitudinem
1140 1942 1335 2007 justitiae
1358 1949 1695 2006 assequantur,
1720 1955 1782 1987 an
1806 1956 1925 1987 non.
1954 1942 2007 1985 Et
2029 1938 2126 1985 hoc
2146 1946 2216 1985 est
2239 1937 2373 2002 quod

206 2023 298 2071 ait:
317 2043 340 2067 α
358 2024 644 2086 Quomodo,
659 2043 682 2069 η
701 2024 881 2073 scilicet
898 2023 1195 2090 requirendo
1220 2032 1267 2070 et
1286 2023 1444 2070 statim
1468 2020 1717 2069 solvendo.
1747 2041 1769 2064 «
1794 2023 1846 2067 ln
1871 2019 2255 2079 circumcisione,
2277 2036 2302 2062 n
2322 2017 2372 2064 id

204 2113 294 2163 est,
333 2105 618 2170 priusquam
650 2106 963 2154 circumcisus
992 2105 1099 2152 fuit.
1138 2124 1162 2150 «
1181 2107 1233 2152 In
1258 2104 1513 2169 praeputio,
1538 2124 1560 2146 »
1589 2102 1638 2150 id
1659 2111 1747 2162 est,
1771 2110 2030 2165 antequam
2053 2098 2370 2147 circumcide-

205 2194 354 2247 retur,
389 2185 508 2233 dum
537 2186 698 2235 adhuc
733 2186 960 2234 videlicet
988 2186 1281 2252 praeputium
1311 2185 1555 2232 retineret.
1589 2204 1612 2227 tt
1637 2185 1692 2231 Et
1723 2183 1915 2247 signum
1950 2181 2151 2246 accepit.
2181 2199 2203 2223 ι)
2231 2182 2371 2226 Forte

205 2277 437 2330 quaereret
460 2266 631 2332 aliquis
661 2284 812 2333 quare
841 2267 1087 2334 superflue
1118 2266 1538 2315 circumcisionem
1561 2264 1802 2330 acceperit
1824 2262 2084 2318 Abraham,
2111 2278 2222 2311 cum
2257 2271 2370 2308 ante

200 2346 487 2411 justificatus
517 2347 673 2410 fuerit,
709 2348 929 2414 nihilque
949 2348 998 2395 in
1025 2364 1079 2396 ea
1101 2347 1455 2411 justificationis
1481 2345 1735 2412 acceperit.
1774 2347 1833 2391 Et
1857 2344 1969 2392 ideo
1991 2343 2120 2391 hanc
2142 2343 2366 2408 quaestio-

204 2443 316 2475 nem
350 2428 649 2494 praeveniens
672 2429 764 2491 ait,
791 2446 893 2476 non
924 2428 986 2477 ad
1003 2427 1403 2493 justificationem
1435 2428 1648 2493 aliquam
1680 2442 1791 2474 eum
1815 2425 1912 2473 hoc
1941 2426 2136 2490 signum
2161 2424 2367 2472 exterius

203 2504 484 2575 suscepisse,
514 2509 600 2557 sed
623 2509 684 2558 ad
716 2508 1148 2558 sanctificationem
1179 2519 1225 2557 et
1256 2509 1585 2557 ostensionem
1610 2507 1819 2571 justitiae,
1847 2523 1996 2571 quam
2023 2511 2124 2571 Jam
2156 2503 2367 2552 habebat

203 2589 250 2636 in
274 2599 437 2638 mente
460 2589 578 2637 dum
599 2590 760 2638 adhuc
785 2591 834 2637 in
858 2591 1094 2657 praeputio
1117 2599 1258 2638 esset.
1287 2593 1345 2637 Et
1370 2589 1469 2636 hoc
1491 2599 1561 2636 est
1583 2587 1719 2653 quod
1746 2587 1921 2635 dicitur
1941 2606 1950 2633 ε
1972 2591 2001 2632 ‘«
2017 2587 2210 2650 signum
2229 2601 2364 2632 acce-

203 2671 289 2735 pit,
323 2681 439 2731 etc.,
465 2691 486 2714 ³>
512 2670 563 2718 id
593 2681 664 2718 est
700 2672 1122 2719 circumcisionem
1159 2671 1343 2736 accepit
1369 2687 1459 2735 pro
1494 2670 1650 2733 signO,
1688 2676 1736 2716 et
1769 2668 1904 2732 cujus
1935 2669 2005 2715 rei
2034 2668 2173 2731 signo
2203 2667 2362 2713 statim

202 2753 436 2816 supponit
465 2770 474 2798 :
503 2772 526 2795 ε(
548 2753 886 2816 Signaculum,
912 2773 934 2796 n
962 2751 1013 2800 id
1044 2762 1114 2799 est
1139 2768 1231 2817 pro
1256 2750 1504 2814 signaculo
1526 2749 1575 2796 id
1600 2759 1672 2796 est
1704 2749 1841 2812 signo
1858 2786 1870 2807 ‚
1904 2769 1926 2792 «
1947 2749 2143 2795 Justitiae
2167 2746 2309 2808 fidei,
2335 2768 2358 2792 n

202 2847 309 2897 quae
331 2841 401 2879 est
423 2832 568 2878 etiam
594 2832 643 2878 in
673 2833 929 2898 praeputio,
966 2831 1015 2879 id
1039 2841 1135 2890 est,
1172 2832 1222 2877 in
1255 2829 1546 2896 praeputiatis
1567 2828 1884 2876 nihilominus
1907 2846 2054 2893 quam
2075 2829 2123 2875 in
2153 2829 2360 2876 circum-

203 2912 336 2974 cisis,
379 2922 431 2959 ut
467 2911 690 2960 videlicet
729 2912 812 2960 tali
847 2913 986 2977 signo
1024 2911 1259 2975 justitiam
1298 2910 1462 2976 potius
1499 2908 1772 2972 designaret
1808 2926 1955 2974 quam
1995 2909 2356 2975 adipisceretur.

202 2993 389 3040 Justitia
425 2991 539 3039 fidei
579 2992 771 3054 dicitur,
813 3009 920 3057 quae
954 3001 1027 3039 est
1061 2992 1109 3038 in
1149 2999 1343 3050 mente,
1387 2989 1450 3038 ad
1488 2989 1812 3038 differentiam
1850 2989 1977 3037 illius
2015 3005 2164 3055 quam
2204 2989 2361 3037 solent

202 3071 427 3121 homines
455 3073 688 3137 justitiam
715 3073 981 3139 appellare,
1011 3088 1159 3137 quam
1186 3071 1366 3118 scilicet
1399 3071 1606 3119 exterius
1631 3079 1855 3118 exercent
1887 3070 1935 3117 in
1965 3069 2177 3118 vindicta
2201 3071 2359 3117 malo-

205 3170 343 3216 rum,
370 3154 444 3201 vel
478 3155 527 3201 in
558 3153 806 3201 beneficiis
838 3152 1078 3218 aliquibus
1108 3152 1372 3217 exigendis.
1405 3150 1546 3199 Unde
1575 3151 1806 3216 scriptum
1830 3153 1925 3198 est²
1949 3168 1959 3197 ε
1982 3170 2006 3196 «
2025 3150 2263 3199 Attendite
2297 3166 2357 3195 ne

249 3328 349 3362 'Vide
370 3331 454 3363 infra
472 3340 555 3372 opus
574 3333 625 3363 cui
647 3332 760 3364 titulus
776 3331 897 3365 Ethica
915 3340 971 3364 seu
991 3331 1081 3364 Scito
1100 3331 1261 3373 teipsum,
1281 3331 1338 3364 tib.
1358 3330 1390 3370 1,
1407 3338 1479 3371 cap.
1496 3335 1553 3363 iet
1567 3338 1641 3371 sqq.
1658 3347 1698 3353 -
1713 3331 1724 3349 ²
1742 3328 1855 3361 Manli,
1871 3338 1945 3369 cap.
1959 3338 2004 3369 vi,
2023 3337 2052 3361 v.
2075 3330 2102 3361 1.
