2638 3866
878 232 938 281 lN
972 229 1305 279 ErlsTOLAM
1336 215 1420 277 'AD
1446 227 1750 277 ROMANos.
2298 225 2394 276 223

239 335 576 386 immaculatus
610 332 923 399 semetipsum
954 331 1079 398 patri
1114 330 1310 380 offerret
1338 330 1550 379 hostiam
1585 329 1818 391 ChristuS,
1852 329 1915 377 ita
1947 328 2093 377 etiam
2125 326 2287 375 multis
2309 328 2394 375 cir-

238 415 615 467 cumcisionibus
638 431 761 482 opus
791 414 896 477 fuit,
932 428 1187 479 quousque
1216 428 1316 461 una
1342 412 1392 460 in
1426 410 1619 460 Christo
1649 410 1951 459 circumcisio
1984 408 2214 458 omnibus
2237 407 2395 457 trade·

237 509 369 548 retur
395 517 407 546 :
434 507 482 547 et
505 497 770 547 multorum
793 494 1038 560 sanguinis
1064 493 1236 542 effusio
1258 493 1517 559 praecessit,
1545 508 1800 558 quousque
1826 508 1913 558 per
1935 491 2080 539 unius
2109 490 2394 555 sanguinem

238 581 460 628 omnium
485 577 755 645 redemptio
779 576 932 624 fieret.
959 593 984 620 »

303 660 583 709 Ambrosius
621 659 671 707 in
710 656 930 724 Epistola
968 654 1036 704 ad
1068 656 1404 703 Constantium
1438 654 1646 702 maxime
1683 653 1883 718 Origeni
1920 652 1970 700 in
2010 652 2296 719 supradictis
2332 651 2395 700 de

235 741 603 789 circumcisione
640 737 967 788 consentiens¹
1005 755 1015 784 :
1057 735 1396 801 «Plerosque,
1430 736 1612 802 inquit,
1650 743 1816 783 movet
1849 734 2048 799 quaestio
2067 771 2080 796 ,
2117 750 2212 798 qua
2251 749 2395 782 causa

236 821 539 869 circumcisio
558 830 605 869 et
617 820 803 868 Veteris
819 818 1110 867 Testamenti
1127 817 1414 866 auctoritate
1433 817 1572 883 quasi
1587 815 1716 864 utilis
1733 816 2016 881 imperetur,
2033 823 2081 862 et
2097 814 2220 861 Novi
2233 816 2394 862 Testa-

236 901 388 949 menti
410 901 687 966 magisterio
710 900 847 966 quasi
871 898 1054 947 inutilis
1081 897 1391 964 repudietur?
1418 897 1549 958 Quid
1575 913 1689 963 ergo
1713 896 1930 945 dicemus
1958 904 2177 943 secutum
2204 897 2395 943 Patrem

237 981 493 1044 Abraham,
521 992 574 1030 ut
596 982 648 1031 id
669 982 854 1049 primus
875 982 1154 1042 instrueret,
1175 979 1311 1046 quod
1335 980 1439 1045 ejus
1461 997 1564 1028 non
1583 988 1864 1045 sequeretur
1881 975 2168 1025 haereditas?
2185 996 2208 1020 >³
2236 979 2355 1023 Item
2379 992 2390 1023 :

239 1081 262 1108 «
281 1064 561 1130 Reperimus
577 1072 740 1112 autem
754 1063 804 1111 in
818 1061 1019 1110 historia
1028 1071 1247 1110 veterum
1263 1078 1366 1109 non
1384 1061 1544 1110 solum
1554 1061 1822 1127 AEgyptios,
1840 1058 1927 1108 sed
1947 1059 2094 1107 etiam
2108 1057 2394 1123 AEthiopum

235 1153 283 1191 et
305 1143 520 1193 Arabum
543 1154 591 1192 et
622 1143 910 1192 Phoenicum
932 1143 1123 1209 aliquos
1152 1142 1523 1191 circumcisione
1545 1159 1658 1208 erga
1683 1159 1798 1190 suos
1831 1157 1961 1189 usos.
1991 1143 2048 1187 Et
2069 1138 2197 1187 hanc
2222 1147 2395 1204 putant

234 1240 285 1272 se
318 1225 482 1274 adhuc
513 1225 780 1292 probandae
810 1225 941 1273 viam
975 1240 1164 1274 servare
1201 1224 1419 1287 rationis,
1466 1241 1526 1272 eo
1565 1223 1702 1289 quod
1734 1223 1808 1271 sui
1833 1222 2053 1288 corporis
2090 1220 2312 1287 primitiis
2349 1230 2395 1268 et

234 1306 479 1370 sanguinis
510 1307 685 1355 initiati
717 1305 914 1354 insidias
962 1305 1262 1366 daemonum,
1304 1322 1425 1371 quas
1454 1305 1524 1353 illi
1565 1306 1728 1370 generi
1770 1321 1859 1352 suo
1893 1303 2179 1362 moliuntur,
2214 1302 2395 1367 exiguae

232 1387 381 1452 partis
417 1386 712 1435 arbitrantur
742 1385 1138 1435 consectionibus
1175 1386 1511 1434 destruendas.
1552 1386 1647 1434 Sed
1683 1385 1891 1433 arbitror
1920 1385 2020 1449 jam
2052 1400 2154 1432 non
2187 1383 2392 1431 otiosam

233 1468 492 1517 causamin
514 1469 644 1518 hanc
667 1468 1026 1535 portiunculam
1050 1466 1260 1515 membri
1282 1468 1534 1530 aestimare,
1561 1484 1658 1533 qua
1684 1466 2058 1515 circumcidatur
2081 1482 2203 1530 puer
2225 1474 2394 1512 octava

234 1547 331 1610 die,
357 1549 557 1613 quando
580 1550 751 1615 incipit
772 1558 926 1597 mater
948 1548 999 1595 in
1021 1548 1258 1613 sanguine
1281 1564 1384 1597 esse
1407 1565 1552 1614 puro,
1578 1564 1685 1614 quae
1708 1558 1819 1596 ante
1843 1558 2067 1596 octavam
2090 1546 2221 1594 diem
2244 1546 2396 1594 fertur

234 1628 285 1676 in
314 1630 548 1696 sanguine
570 1629 828 1679 immundo
851 1628 1060 1678 sedere².
1087 1648 1110 1675 υ
1132 1629 1457 1694 Hieronymus
1479 1630 1530 1676 in
1552 1628 1774 1694 Epistola
1795 1627 1864 1675 ad
1888 1632 2132 1677 Romanos
2155 1647 2169 1675 .·
2200 1648 2223 1672 ι(
2245 1630 2396 1687 Quae—

234 1709 356 1758 ritur
380 1727 531 1775 quare
555 1711 668 1760 data
690 1711 750 1759 sit
773 1709 1096 1772 circumcisio,
1127 1709 1165 1756 si
1188 1725 1274 1775 per
1296 1726 1346 1757 se
1368 1726 1472 1758 non
1495 1710 1716 1776 prodest.
1742 1709 1958 1757 Primum
1987 1718 2039 1756 ut
2056 1718 2397 1774 agnosceretur

232 1791 321 1837 Dei
346 1791 557 1857 populus
580 1792 708 1840 inter
724 1793 925 1852 Gentes3
952 1789 1152 1856 quando
1176 1790 1267 1838 soli
1290 1800 1428 1863 erapt
1449 1791 1499 1838 in
1518 1790 1739 1854 heremo,
1757 1790 2031 1840 circumcisi
2054 1806 2155 1838 non
2180 1789 2393 1837 suerunt.

234 1873 343 1921 Sive
378 1884 433 1922 ut
467 1891 678 1941 corpora
707 1874 904 1923 illorum
940 1883 1355 1938 cognoscerentur
1378 1874 1430 1921 in
1462 1873 1610 1923 bello,
1641 1877 1762 1923 Nam
1794 1874 1930 1940 quod
1967 1874 2018 1922 in
2054 1873 2138 1922 tali
2173 1873 2396 1922 membro

233 1954 465 2019 signatur,
492 1956 594 2004 haec
628 1973 774 2005 causa
797 1966 884 2016 est,
909 1956 1127 2022 primum
1158 1971 1222 2003 ne
1252 1955 1384 2004 aliud
1407 1955 1687 2004 membrum
1710 1966 1795 2005 aut
1816 1955 1976 2004 debile
1998 1955 2082 2004 fiat
2113 1965 2196 2004 aut
2220 1966 2360 2022 turpe
2378 1991 2391 2013 ,

235 2036 369 2100 quod
406 2036 601 2103 publice
638 2037 847 2086 videtur.
886 2040 1023 2098 Item,
1064 2046 1267 2103 propter
1309 2038 1467 2102 gratiae
1506 2038 1899 2103 promissionem,
1942 2038 1993 2085 in
2035 2054 2131 2102 qua
2170 2048 2273 2086 erat
2312 2055 2399 2103 per

234 2117 500 2166 castitatem
523 2118 835 2185 placendum,
862 2118 964 2166 sive
987 2128 1042 2166 ut
1064 2118 1283 2166 Christus
1305 2118 1659 2183 significaretur
1679 2136 1735 2168 ex
1759 2119 1862 2184 ejus
1885 2119 2067 2167 semine
2098 2119 2367 2167 nasciturus
2383 2156 2395 2177 ,

233 2214 386 2264 usque
411 2199 474 2248 ad
496 2217 645 2265 quem
667 2200 828 2248 futura
853 2208 955 2247 erat
978 2199 1069 2248 ista
1100 2198 1322 2262 carnalis,
1349 2200 1463 2264 quia
1488 2200 1787 2265 spiritualem
1808 2199 2021 2249 habebat
2042 2200 2232 2263 afferre,
2260 2199 2398 2264 cujus

233 2287 405 2344 typum
436 2296 606 2343 gerens
628 2283 739 2328 Jesu
762 2283 911 2340 Nave,
937 2280 1021 2346 qui
1057 2279 1298 2346 populum
1325 2280 1543 2329 secundo
1567 2281 1914 2330 circumcidere
1933 2281 2148 2346 jubetur.
2181 2301 2204 2327 n

301 2359 460 2422 Solet,
487 2360 706 2423 memini,
741 2359 981 2409 nonnulla
1012 2377 1114 2409 esse
1137 2360 1356 2426 quaestio,
1394 2375 1544 2426 quare
1559 2364 1573 2388 ³
1593 2361 1818 2411 videlicet
1843 2365 1989 2411 Josue
2011 2362 2177 2411 cultris
2197 2363 2399 2428 petrinis

234 2456 291 2487 ex
307 2451 550 2507 praecepto
568 2441 769 2490 Domini
787 2440 913 2489 filios
931 2441 1078 2490 Israel
1101 2441 1320 2490 secundo
1344 2442 1667 2504 circumcidit,
1695 2444 1834 2509 quasi
1856 2444 1941 2510 qui
1964 2454 2107 2492 antea
2130 2444 2399 2492 circumcisi

235 2531 409 2583 essent,
435 2538 600 2579 rursus
623 2521 908 2570 circumcidi
934 2523 1232 2588 potuissent.
1269 2525 1440 2571 Beatus
1461 2540 1580 2572 vero
1606 2525 1901 2589 Augustinus
1935 2526 1987 2572 in
2009 2525 2136 2573 libro
2165 2526 2398 2585 Quaestio-

236 2619 352 2649 nam
379 2605 548 2651 veteris
573 2614 624 2651 et
641 2620 771 2651 novae
797 2603 932 2669 legis,
969 2621 1169 2652 omnem
1200 2603 1345 2668 hujus
1368 2603 1686 2654 dubitationis
1708 2623 1924 2655 errorem
1956 2622 2230 2668 removens,
2257 2605 2402 2652 docet

236 2683 501 2731 secundam
530 2684 659 2733 hanc
691 2684 1114 2733 circumcisionem
1135 2701 1238 2734 non
1262 2685 1313 2732 in
1339 2685 1521 2733 eisdem
1544 2688 1782 2751 personis,
1819 2687 1904 2735 sed
1938 2688 1989 2734 in
2015 2686 2191 2735 eodem
2214 2686 2400 2752 populo

237 2762 413 2812 factam
447 2763 610 2812 fuisse.
637 2764 785 2823 Quod
812 2775 862 2813 et
892 2774 1114 2831 patenter
1137 2765 1390 2813 continent
1423 2766 1574 2815 verba
1599 2767 1702 2833 ipsa
1735 2767 1947 2815 historiae
1968 2767 2081 2815 libri
2104 2771 2266 2830 Josue,
2298 2767 2401 2815 haec

236 2842 486 2892 videlicet*
510 2863 520 2891 :
546 2864 569 2888 «
593 2847 664 2892 Eo
687 2854 929 2911 tempore,
965 2847 1031 2894 ait
1056 2846 1296 2894 Dominus
1323 2846 1387 2894 ad
1412 2849 1558 2895 Josue
1583 2866 1594 2894 z
1625 2851 1717 2895 Fac
1748 2847 1834 2895 tibi
1866 2848 2048 2897 cultros
2079 2848 2325 2915 lapideos,
2352 2859 2401 2898 et

236 2923 530 2973 circumcide
557 2924 776 2973 secundo
802 2924 927 2973 filios
965 2926 1127 2974 Israel.
1167 2927 1298 2974 Fecit
1320 2926 1457 2992 quod
1484 2927 1693 2992 jusserat
1726 2930 1985 2993 Dominus,
2020 2939 2068 2978 et
2098 2930 2402 2979 circumcidit

237 3002 361 3053 filios
386 3005 548 3055 Israel.
574 3024 598 3052 n
624 3009 736 3054 Haec
758 3015 922 3055 autem
943 3022 1089 3055 causa
1111 3017 1182 3055 est
1203 3007 1428 3056 secundae
1449 3009 1852 3058 circumcisionis.
1882 3011 2055 3060 Omnis
2077 3014 2290 3079 populus
2316 3013 2399 3078 qui

281 3146 286 3163 ¹
303 3143 427 3185 Epist„
450 3154 524 3186 cap.
541 3153 646 3185 Lxxn3
666 3144 770 3186 Opp„
797 3150 821 3177 t.
846 3144 895 3185 11,
913 3146 976 3178 col.
1001 3147 1078 3179 1071
1098 3150 1132 3179 et
1148 3155 1220 3188 sqq.
1241 3164 1279 3170 —-
1355 3148 1452 3180 etiam
1470 3152 1585 3181 octavo
1601 3149 1852 3182 circumcidatur
1869 3151 1935 3190 die,
1953 3152 2086 3192 quando
2103 3153 2217 3192 incipit
2232 3158 2335 3185 mater
2351 3155 2400 3194 pi-

234 3199 244 3216 ²
263 3196 368 3230 Locus
399 3199 534 3231 mutilus
561 3200 607 3231 sic
637 3200 859 3232 restituendus
882 3210 891 3232 ε
916 3212 935 3229 α
954 3198 1024 3232 Jam
1047 3201 1105 3241 qui
1131 3201 1280 3241 singulo·
1353 3203 1466 3241 gnoris
1488 3204 1555 3234 nati
1579 3203 1612 3235 iu
1635 3203 1795 3242 sanguine
1814 3212 1884 3236 csse
1903 3213 2009 3245 puro,
2042 3213 2114 3245 quae
2144 3210 2219 3238 ante
2250 3210 2400 3238 octavum

239 3261 310 3285 rum
327 3254 548 3286 membrorum
572 3255 677 3287 officia
692 3255 865 3294 diligenter
875 3255 1048 3296 expendit,
1064 3263 1129 3287 non
1142 3255 1281 3287 otiosam
1354 3256 1441 3288 diem
1465 3256 1569 3292 fertur
1594 3258 1626 3289 in
1649 3258 1808 3297 sanguine
1839 3258 2009 3292 immundo
2036 3260 2164 3292 sedere.
2186 3272 2204 3289 1>
2221 3277 2257 3283 -
2281 3260 2396 3292 3Δηὼ.

239 3316 368 3340 causam
385 3309 417 3340 in
437 3309 496 3341 hac
512 3309 649 3341 membri
669 3309 766 3350 hujus
782 3309 991 3350 portiuncula
1008 3309 1167 3341 aestimare
1185 3314 1279 3350 pote·
1356 3310 1512 3350 Quando.
1530 3328 1571 3335 —
1587 3312 1596 3332 ⁴
1614 3310 1733 3353 Josue,
1750 3321 1824 3353 cap.
1849 3321 1886 3353 ν,
1905 3321 1935 3346 V.
1953 3315 1983 3346 2.

241 3361 300 3400 rit,
328 3369 392 3401 qua
408 3362 534 3393 ratione
559 3370 624 3394 non
651 3361 757 3394 solum
780 3362 1030 3395 circumcidatur
1054 3371 1148 3403 puer,
1168 3370 1278 3394 verum
