2638 3866
238 251 334 298 588
1062 246 1226 294 PETRI
1260 246 1571 293 ABAELARDI

233 351 331 407 quia
363 349 469 391 nihil
494 360 642 391 contra
665 348 887 390 scientiam
911 357 1064 406 agunt,
1092 345 1232 404 aliqua
1254 345 1379 405 eulpa
1401 361 1490 388 esse
1513 344 1865 405 deprehenditur.
1890 345 2141 389 Notandum
2168 362 2274 390 vero
2299 360 2378 405 est,

232 414 351 473 quod
371 415 615 457 translative
637 415 729 472 ipsa
750 428 878 472 poena
898 423 1124 471 peccatum
1146 411 1316 466 dicitur,
1335 422 1383 454 ut
1400 427 1500 454 cum
1523 410 1679 471 dicitur
1703 427 1714 455 ι
1739 413 1854 455 Deus
1876 411 2053 454 dimittit
2073 413 2113 455 ei
2133 423 2376 472 peccatum,

231 480 276 523 id
298 491 375 534 est,
397 495 570 538 poenam
594 490 797 521 aeternam
819 478 999 521 relaxat.
2364 499 2366 501 ’

289 550 455 590 Horum
483 558 760 606 peccatorum
785 546 867 589 alia
896 558 995 589 sunt
1013 546 1197 590 venialia
1213 578 1224 599 ,
1251 546 1333 588 alia
1356 544 1569 588 mortalia.
1588 545 1767 589 Veniale
1798 546 1968 600 dicitur,
2001 546 2121 605 quod
2144 562 2223 605 per
2254 562 2301 590 se
2325 547 2381 589 ad

229 613 550 655 damnationem
572 629 662 655 non
692 612 868 664 sufficit,
903 612 1027 671 quale
1056 622 1120 655 est
1148 627 1278 654 omne
1312 610 1420 653 illud
1449 611 1568 670 quod
1592 611 1696 654 dum
1718 611 1781 666 fit,
1806 613 2026 656 memoriae
2053 627 2144 654 non
2175 613 2376 663 occurrit,

227 679 346 737 quod
366 679 459 721 Deo
482 679 718 738 displiceat.
745 678 836 721 Nec
860 689 1002 721 tamen
1026 688 1168 737 potest
1190 677 1295 732 dici,
1317 677 1435 735 quod
1457 687 1608 720 contra
1630 679 1935 721 conscientiam
1955 694 2043 720 non
2064 678 2139 732 sit3
2164 678 2242 721 etsi
2264 678 2380 720 enim

227 756 327 786 tunc
348 760 372 786 a
394 745 603 787 memoria
624 746 863 801 sejunctum
886 745 960 796 sit,
986 755 1131 786 tamen
1154 743 1259 786 dum
1281 742 1338 786 ad
1358 744 1611 786 memoriam
1633 743 1892 799 reducimus,
1919 759 1973 786 ex
1995 744 2257 787 conscientia
2288 759 2378 786 non

224 809 475 867 probamus.
507 810 690 853 Mortale
718 826 823 852 vero
852 810 961 853 illud
992 820 1234 869 peccatum,
1260 809 1380 868 quod
1410 809 1550 851 solum
1578 808 1634 851 ad
1662 820 1848 852 mortem
1869 809 2083 852 sufficiens
2118 820 2202 861 est,
2241 820 2289 852 ut
2316 821 2378 852 est

221 891 350 918 omne
384 875 507 930 illud,
545 876 663 934 quod
692 887 843 918 contra
871 875 1180 918 conscientiam
1215 891 1268 917 ex
1303 874 1435 917 animi
1466 874 1775 918 deliberatione
1810 885 2095 934 perpetratur.
2131 875 2376 929 Quantum·-

220 955 387 999 cunque
410 941 555 1000 igitur,
581 953 628 983 ut
650 942 710 983 ait
730 942 1008 1000 Augustinus,
1031 942 1077 983 in
1097 956 1142 983 se
1158 940 1250 983 leve
1261 941 1313 983 sit
1326 951 1564 999 peccatum,
1588 939 1693 983 dum
1714 941 1882 1000 placeat
1899 951 1948 983 ut
1965 955 2022 983 ex
2041 940 2250 983 industria
2272 957 2376 1000 per-

221 1017 427 1065 petretur,
453 1007 634 1050 mortale
654 1018 732 1050 est.
753 1007 1160 1065 Quantumcumque
1183 1017 1327 1049 autem
1350 1006 1403 1048 sit
1424 1021 1570 1066 grave,
1596 1006 1700 1049 dum
1723 1006 1946 1066 displiceat
1967 1017 2009 1048 et
2031 1021 2085 1048 ex
2104 1006 2237 1048 animi
2263 1005 2376 1049 deli-

220 1072 443 1116 beratione
466 1089 555 1115 non
581 1072 672 1125 fiat,
697 1072 862 1116 veniale
886 1083 965 1116 est.
992 1073 1161 1115 Horum
1182 1072 1432 1115 mortalium
1454 1083 1517 1114 est
1541 1071 1659 1115 aliud
1683 1072 1921 1123 criminale,
1946 1070 2065 1114 aliud
2085 1087 2191 1115 non.
2217 1072 2375 1114 Crimi-

222 1138 318 1180 nale
349 1149 413 1180 est
444 1138 575 1190 illud,
609 1138 728 1197 quod
757 1139 996 1181 notabilem
1024 1150 1067 1182 et
1094 1138 1301 1181 infamem
1331 1137 1474 1180 reddit
1501 1154 1747 1198 personam.
1780 1137 2011 1181 criminale
2049 1148 2128 1191 est,
2165 1137 2284 1196 quod
2315 1150 2378 1181 est

222 1205 492 1247 accusatione
522 1204 834 1264 dignissimum,
858 1215 901 1247 et
922 1216 1021 1247 sunt
1049 1205 1235 1247 maxime
1269 1204 1506 1247 criminalia
1536 1204 1587 1246 in·
1610 1205 1768 1264 aperta'
1786 1202 2098 1247 consuetudine
2129 1214 2172 1246 et
2196 1203 2376 1246 fratrum

220 1271 510 1329 corruptione.
546 1269 698 1323 Unde,
728 1271 802 1329 qui
832 1270 939 1313 tales
969 1281 1089 1323 sunt,
1122 1270 1242 1329 quod
1265 1270 1441 1312 crimine
1464 1270 1607 1328 aliquo
1632 1270 1843 1313 notabiles
1865 1280 1989 1321 sunt,
2020 1286 2041 1311 a
2067 1269 2375 1312 communione

219 1335 442 1391 Ecclesiae,
467 1336 549 1379 nisi
570 1336 816 1395 resipiscere
837 1335 992 1390 velint,
1016 1346 1278 1379 resecantur.
1303 1336 1378 1378 Est
1401 1346 1549 1379 autem
1569 1335 1655 1379 tale
1677 1335 1926 1395 quodlibet,
1950 1346 1999 1378 ut
2020 1335 2219 1386 ebrietas,
2244 1349 2374 1393 rapa-

220 1401 322 1444 citas
345 1413 389 1445 et
411 1413 570 1454 cetera,
596 1401 702 1445 dum
723 1402 769 1444 in
790 1413 967 1462 promtu
989 1413 1032 1445 et
1047 1401 1358 1445 consuetudine
1375 1401 1606 1445 habentur.
1630 1401 1882 1445 Notandum
1905 1402 2032 1461 igitur
2046 1400 2231 1454 videtur,
2257 1399 2374 1458 quod

218 1479 442 1525 peccatum
464 1468 589 1521 Adae,
615 1469 693 1511 etsi
709 1468 891 1511 mortale
914 1468 1057 1522 fuerit,
1079 1484 1168 1511 non
1189 1479 1335 1510 tamen
1357 1467 1576 1511 c1iminale
1598 1467 1694 1510 fuit.
1720 1468 1830 1510 Cum
1851 1467 1967 1510 enim
1983 1477 2133 1509 contra
2155 1466 2377 1509 conscien-

219 1533 323 1575 tiam
345 1534 526 1576 vetitum
556 1544 792 1593 appeteret,
817 1534 979 1576 sciebat
1000 1534 1117 1577 enim
1146 1535 1230 1577 hoc
1251 1526 1341 1577 esse
1364 1534 1567 1588 vetitum,
1592 1532 1774 1581 mortale
1808 1533 1905 1575 fuit.
1940 1533 2050 1574 Cum
2075 1547 2179 1575 vero
2206 1531 2292 1574 hoc
2320 1545 2374 1574 ex

219 1598 529 1642 consuetudine
551 1615 642 1642 non
657 1599 854 1653 haberet,
872 1601 1006 1642 immo
1029 1611 1250 1659 tamquam
1264 1600 1420 1642 invitus
1440 1600 1525 1643 hoc
1543 1610 1703 1659 ageret,
1725 1610 1881 1659 putans
1911 1613 1955 1641 se
1983 1613 2059 1658 per
2077 1596 2373 1657 poenitentiam

220 1663 457 1707 satisfacere
479 1680 620 1723 posse,
647 1677 691 1708 et
710 1665 811 1708 ideo
834 1666 961 1708 uxori
987 1681 1156 1709 morem
1183 1681 1330 1725 gerere
1352 1665 1513 1720 voluit,
1538 1664 1762 1708 criminale
1782 1680 1872 1707 non
1901 1664 1997 1707 fuit.
2029 1665 2206 1706 Constat
2226 1662 2368 1722 igitur,

220 1729 452 1772 nonnullos
485 1730 623 1772 multo
651 1732 819 1790 gravius
848 1747 1027 1790 peccare
1063 1748 1194 1790 quam
1224 1731 1368 1774 Adam
1398 1732 1654 1791 peccaverit,
1689 1730 1765 1774 sed
1794 1729 1895 1773 ideo
1922 1729 2030 1772 illud
2057 1729 2245 1789 primum
2271 1743 2373 1787 pec—

219 1805 363 1837 catum
386 1806 475 1838 tam
497 1796 681 1856 graviter
705 1797 819 1840 Deus
842 1798 993 1855 punire
1012 1797 1162 1850 voluit,
1186 1808 1234 1838 ut
1256 1797 1337 1839 sibi
1357 1808 1584 1856 peccatum
1606 1797 1829 1857 displicere
1852 1795 2114 1850 ostenderet,
2139 1805 2184 1838 et
2203 1804 2252 1837 ut
2265 1794 2371 1837 hor—

218 1876 361 1904 rorem
382 1861 589 1920 peccandi
611 1862 811 1905 omnibus
833 1863 1016 1922 posteris
1037 1862 1264 1906 incuteret.

1030 2081 1278 2140 CAPUT
1324 2054 1568 2143 xxxw.

999 2228 1059 2264 De
1078 2226 1248 2276 meritis,
1270 2225 1338 2265 ubi
1357 2225 1585 2268 consistant.

274 2348 378 2390 Viso
414 2348 469 2391 de
498 2349 724 2392 virtutibus
754 2361 797 2393 et
825 2351 958 2405 vitiis,
989 2350 1090 2394 data
1118 2353 1249 2395 etiam
1277 2351 1523 2395 differentia
1554 2352 1666 2395 inter
1693 2362 1869 2411 peccata
1902 2362 1946 2394 et
1973 2351 2098 2405 vitia,
2135 2351 2247 2394 inter
2276 2352 2377 2411 ipsa>

215 2429 386 2472 quoque
402 2425 577 2473 peccata
594 2414 838 2458 diversitate
855 2427 1041 2471 ostensa,
1062 2417 1117 2460 de
1132 2418 1295 2461 meritis
1305 2417 1383 2460 ubi
1398 2419 1647 2472 consistant,
1669 2417 1827 2460 amodo
1841 2417 2095 2476 relinquitur
2108 2417 2363 2460 videndum.

213 2479 593 2533 Quemadmodum
623 2481 753 2540 igitur
774 2497 904 2525 omne
924 2494 1150 2542 peccatum
1170 2484 1217 2526 in
1245 2484 1335 2526 sola
1356 2483 1579 2526 voluntate
1602 2484 1815 2538 consistit,
1841 2484 1900 2527 sic
1921 2495 1965 2527 et
1985 2484 2201 2526 meritum.
2228 2482 2365 2525 Meri-

211 2556 304 2588 tum
326 2557 471 2589 autem
490 2546 597 2589 nihil
619 2547 737 2590 aliud
756 2559 841 2602 est,
866 2564 996 2607 quam
1019 2549 1066 2592 id
1097 2549 1217 2608 quod
1237 2549 1356 2592 bona
1375 2549 1597 2592 voluntate
1620 2565 1860 2603 meremur,
1884 2549 1931 2592 id
1954 2560 2039 2601 est,
2063 2550 2151 2591 vita
2178 2559 2362 2601 aeterna,

211 2630 340 2672 quam
362 2615 472 2673 quia,
485 2614 660 2658 diversis
680 2615 973 2659 voluntatibus
994 2617 1100 2660 boni
1121 2634 1353 2672 meremur,
1381 2617 1619 2660 secundum
1641 2633 1746 2677 quas
1766 2617 1887 2661 stella
1912 2633 1936 2660 a
1952 2617 2073 2660 stella
2087 2617 2232 2660 differt
2244 2616 2364 2659 ibiin

211 2678 416 2734 claritate,
434 2680 535 2723 ideo
550 2680 715 2724 diversa
732 2692 775 2724 et
786 2682 912 2742 plura
927 2683 1081 2726 merita
1093 2685 1345 2727 vocitamus.
1365 2683 1531 2727 Dicitur
1548 2684 1679 2726 etiam
1691 2684 1892 2726 meritum
1906 2683 1997 2743 ipsa
2008 2683 2127 2726 bona
2146 2682 2361 2739 voluntas,

211 2759 294 2801 qua
316 2751 547 2789 meremur.
567 2747 698 2802 Quod
720 2758 866 2791 autem
885 2749 1089 2801 meritum
1110 2750 1156 2792 in
1181 2750 1272 2793 sola
1290 2749 1510 2792 voluntate
1530 2750 1748 2802 consistat,
1772 2749 2034 2810 Augustinus
2054 2749 2199 2792 multis
2222 2750 2364 2794 modis

213 2819 254 2849 et
275 2811 478 2870 exemplis
495 2811 683 2855 inductis
705 2814 880 2872 probat,
902 2825 951 2857 ut
974 2813 1028 2858 de
1053 2814 1272 2875 discipulis
1293 2817 1315 2859 J
1318 2816 1470 2859 oannis
1491 2816 1565 2874 qui
1586 2815 1856 2873 jejunabant,
1881 2825 1925 2858 et
1946 2814 2164 2874 discipulis
2186 2815 2363 2858 Domini

211 2875 284 2930 qui
305 2876 608 2940 comedebant,
629 2895 653 2921 a
674 2880 831 2938 quibus
851 2891 999 2924 tamen
1015 2881 1244 2938 justificata
1267 2893 1331 2926 est
1351 2883 1576 2942 sapientia.
1597 2882 1727 2925 Unde
1749 2881 1961 2924 Dominus
1987 2896 1997 2924 :
2022 2881 2169 2934 Venit,
2194 2881 2334 2940 inquit
2348 2914 2359 2931 ‚

210 2938 395 2982 Joannes
413 2942 628 2998 jejunans,
662 2955 706 2987 et
736 2945 916 3000 dixistis,
943 2945 1207 2990 daemonium
1233 2948 1384 2991 habet.
1401 2948 1533 2991 Venit
1563 2959 1709 2991 autem
1737 2947 1846 2991 filius
1874 2947 2063 2989 hominis
2089 2945 2360 2989 manducans

212 3014 254 3045 et
276 3004 445 3061 bibens,
478 3019 521 3050 et
543 3009 695 3065 dicitis,
721 3011 840 3068 quod
861 3027 996 3055 vorax
1024 3024 1088 3056 est
1110 3024 1154 3056 et
1179 3025 1354 3073 potator
1372 3014 1462 3056 vini
1493 3025 1536 3057 et
1565 3015 1726 3057 amicus
1750 3013 2099 3074 publicanorum.
2128 3010 2359 3054 Justificata

211 3080 274 3111 est
305 3082 447 3113 autem
476 3075 684 3132 sapientia
708 3091 732 3117 a
758 3075 854 3119 filiis
877 3078 978 3120 suis.
1006 3079 1071 3122 De
1091 3079 1224 3122 vidua
1246 3096 1435 3140 quoque,
1462 3096 1558 3139 quae
1582 3080 1670 3123 duo
1692 3081 1858 3123 minuta
1879 3080 1924 3122 in
1947 3077 2252 3139 gazophylacio
2279 3091 2359 3134 po-

210 3135 309 3187 suit,
345 3136 404 3177 ait
437 3137 669 3193 Dominus,
708 3141 826 3198 quod
859 3143 955 3201 plus
984 3160 1114 3202 quam
1146 3145 1298 3188 divites
1328 3146 1549 3189 obtulerit.
1580 3145 1710 3189 Unde
1729 3146 2018 3204 Hieronymus
2042 3158 2052 3186 ε
2077 3142 2178 3184 Non
2206 3150 2359 3200 pensat

209 3201 323 3243 Deus
355 3216 546 3257 censum,
571 3204 647 3247 sed
670 3205 888 3249 affectum.
919 3207 1043 3250 Idem
1070 3226 1242 3269 quoque
1266 3211 1320 3254 de
1348 3212 1463 3254 Josia
1485 3226 1586 3271 rege
1613 3210 1733 3266 dicit,
1756 3210 1875 3269 quod
1902 3224 1999 3252 cum
2023 3207 2162 3251 exiret
2188 3205 2245 3249 ad
2270 3223 2357 3266 pu—

206 3266 428 3325 gnandum
458 3284 538 3326 pro
568 3269 731 3328 populo
763 3271 844 3313 Dei
876 3288 976 3314 cum
1006 3274 1203 3324 inimicis,
1226 3291 1317 3318 non
1339 3288 1518 3336 propter
1545 3278 1630 3319 hoc
1658 3276 1753 3335 plus
1775 3275 1947 3328 meruit,
1982 3288 2112 3332 quam
2138 3273 2353 3332 primum,

208 3347 306 3374 cum
335 3333 381 3374 in
403 3332 623 3377 voluntate
650 3336 735 3378 hoc
755 3336 959 3392 haberet,
994 3339 1070 3382 sed
1094 3339 1192 3383 ideo
1215 3341 1299 3384 hoc
1327 3341 1451 3395 fecit,
1476 3352 1524 3384 ut
1554 3341 1644 3383 aliis
1667 3342 1797 3383 etiam
1822 3339 1995 3400 regibus
2018 3349 2061 3382 et
2088 3337 2355 3398 principibus
