2638 3866
311 194 339 236 8
1111 194 1271 241 PETRI
1307 192 1612 239 ABAELARDI

310 307 420 337 cum
452 308 581 339 nunc
627 293 712 339 tria
762 309 957 340 manere
1004 293 1246 353 dicantur,
1296 292 1414 339 fides
1458 291 1659 350 scilicet,
1709 307 1839 356 spes,
1879 291 2077 349 caritas3
2117 290 2218 338 sola
2263 291 2433 337 caritas

310 387 555 434 nunquam
579 371 774 421 excidit,
799 381 895 419 tam
915 373 963 419 in
986 373 1081 420 hoc
1103 373 1278 420 scilicet
1299 373 1469 419 saeculo
1486 408 1498 431 ,
1525 388 1671 436 quam
1691 372 1741 417 in
1759 370 1854 418 alio
1873 370 2033 418 futuro
2055 379 2429 435 perseveratura.

311 453 376 495 Ex
395 466 492 513 quo
518 460 564 496 et
580 451 750 498 merito
772 452 926 516 major
950 452 1124 500 dicitur
1145 462 1243 500 tam
1266 452 1493 515 dignitate
1516 451 1900 516 perseverantiae,
1926 466 2071 514 quam
2090 449 2432 497 remuneratio-

308 529 382 574 nis
405 528 591 589 debito;
627 546 738 577 cum
768 531 871 596 ipsa
902 532 1121 580 videlicet
1143 533 1267 591 sola,
1305 541 1358 578 ut
1395 530 1624 589 arbitror,
1649 530 2050 578 remunerationis
2086 530 2146 576 sit
2181 528 2341 592 digna.
2384 528 2433 574 Si

308 608 412 670 quis
428 618 588 656 autem
611 609 670 656 de
691 611 1031 675 apparentibus
1047 628 1240 677 quoque
1262 610 1409 657 fidem
1432 610 1599 657 haberi
1630 610 1758 657 dicat
1771 647 1783 671 ,
1808 609 1955 657 fidem
1976 608 2171 656 abusive
2191 608 2428 655 nominat.

309 688 555 751 Reperitur
575 698 731 736 tamen
759 688 878 737 fides
900 690 994 738 dici
1026 692 1086 738 de
1105 690 1445 757 apparentibus
1467 706 1683 754 quoque,
1720 690 1843 736 sicut
1864 689 1925 736 de
1949 705 2049 735 non
2073 686 2429 753 apparentibus.

306 768 376 812 De
409 776 616 831 utroque
640 777 800 816 autem
822 771 1036 835 exempla
1058 788 1154 836 prae
1173 769 1395 818 manibus
1415 769 1666 817 habemus.
1683 769 1941 833 Gregorius
1966 768 2177 814 Homz‘lc'a
2195 783 2265 826 vl,
2279 766 2363 814 lib.
2392 769 2457 819 117

306 845 354 890 in
369 847 643 910 Evangelia¹
664 867 674 894 :
698 852 897 907 «Quum
918 850 1174 914 Apostolus
1190 850 1317 897 dicat
1339 867 1350 895 z
1375 852 1496 897 «Est
1520 849 1639 896 fides
1661 848 2008 913 sperandarum
2028 863 2191 895 rerum
2213 846 2432 894 substan-

311 943 334 967 «
354 926 435 983 tia,
459 935 571 987 etc.‚
589 928 837 992 »profecto
855 930 1022 993 liquet,
1042 930 1153 994 quia
1176 929 1294 976 fides
1313 929 1501 976 illarum
1519 945 1681 975 rerum
1698 937 2034 991 argumentum
2046 937 2134 986 est,
2154 943 2261 991 quae
2279 943 2434 991 appa·-

305 1020 410 1051 rere
436 1021 533 1052 non
557 1016 775 1070 possunt.
810 1010 925 1066 Quae
956 1010 1084 1056 enim
1117 1019 1230 1056 sunt
1252 1009 1556 1074 apparentia,
1583 1007 1730 1055 fidem
1753 1025 1852 1055 non
1877 1006 2082 1066 habent,
2118 1006 2204 1054 sed
2236 1006 2436 1070 agnitio-

306 1100 433 1131 nem.
459 1105 482 1127 »
504 1085 636 1132 Idem
660 1086 871 1152 Dc'alog.,
896 1088 979 1135 lib.
1008 1092 1088 1148 IV,
1111 1105 1217 1154 cap.
1241 1092 1377 1135 vm’:
1399 1109 1422 1132 α
1443 1091 1604 1146 Quum
1631 1088 1802 1135 Paulus
1824 1087 1950 1135 dicat
1971 1105 1982 1134 :
2010 1107 2033 1131 <c
2059 1090 2142 1134 Est
2160 1086 2290 1134 enim
2314 1084 2434 1132 fides

309 1182 333 1205 «
354 1165 696 1227 sperandarum
714 1166 974 1216 substantia
995 1185 1172 1227 rerum,
1189 1178 1524 1233 argumentum
1544 1185 1642 1215 non
1662 1168 2015 1233 apparentium,
2037 1188 2059 1210 »
2083 1167 2180 1214 hoc
2207 1166 2435 1214 veraciter

305 1241 446 1290 debet
469 1244 599 1291 credi
624 1245 760 1308 quod
780 1262 879 1293 non
903 1246 1028 1294 valet
1050 1247 1218 1294 videri.
1261 1251 1380 1295 Nam
1413 1248 1544 1295 credi
1573 1248 1674 1311 jam
1711 1264 1810 1294 non
1838 1256 1996 1313 potest
2017 1246 2151 1311 quod
2173 1246 2325 1293 videri
2346 1261 2435 1310 po-

305 1329 408 1366 test.
429 1341 450 1363 >2
476 1322 762 1385 Augustinus
778 1339 920 1386 super
940 1326 1225 1370 Joannem³z
1250 1343 1273 1368 «
1292 1327 1350 1370 Et
1370 1341 1500 1372 nunc
1522 1324 1632 1371 dico
1657 1323 1794 1371 vobis
1817 1324 2096 1389 priusquam
2120 1322 2219 1381 fiat,
2248 1332 2301 1370 ut
2324 1338 2435 1368 cum

307 1420 328 1440 «
357 1399 533 1446 factum
555 1400 694 1448 fuerit
718 1401 963 1449 credafis‘.
994 1423 1017 1445 »
1044 1403 1171 1460 Quid
1196 1412 1268 1450 est
1286 1402 1408 1463 hoc,
1434 1421 1546 1450 cum
1569 1405 1719 1467 magis
1744 1404 1845 1451 haec
1867 1403 2062 1451 credere
2090 1402 2267 1450 habeat
2299 1412 2434 1449 ante-

303 1495 447 1540 quam
483 1478 564 1526 fiat
592 1479 641 1526 id
666 1480 1134 1544 quodcredendum
1164 1482 1263 1529 est?
1293 1485 1402 1530 Haec
1428 1492 1499 1530 est
1530 1483 1659 1530 enim
1693 1484 1797 1531 laus
1830 1483 1968 1542 fidei,
1994 1484 2035 1530 si
2064 1482 2199 1547 quod
2225 1481 2437 1529 creditur

302 1575 398 1604 uon
436 1559 641 1606 videtur.
683 1563 800 1608 Nam
833 1562 946 1625 quid
984 1578 1213 1626 magnum
1245 1572 1315 1609 est
1345 1563 1384 1609 si
1424 1562 1472 1609 id
1513 1563 1725 1610 creditur
1758 1563 1889 1628 quod
1926 1562 2136 1623 videtur,
2168 1561 2434 1610 secundum

303 1637 431 1684 illam
467 1639 661 1685 Domini
688 1642 971 1689 sententiam
991 1678 1003 1700 ,
1039 1657 1135 1705 qua
1161 1641 1450 1706 discipulum
1483 1643 1638 1706 arguit
1670 1642 1882 1690 dicens‘:
1917 1664 1939 1686 c<
1967 1644 2091 1700 Quia
2121 1641 2304 1701 vidisti,
2332 1656 2434 1687 cre-

305 1736 327 1760 «
353 1716 540 1765 didisti?
561 1719 714 1779 Beati,
738 1730 830 1767 etc.
860 1741 882 1763 ‚2
910 1721 1004 1768 Sed
1025 1721 1156 1768 aliud
1181 1721 1322 1778 vidit,
1350 1721 1480 1768 aliud
1498 1721 1717 1768 credidit.
1748 1726 1781 1768 A
1810 1722 2002 1769 mortali
2030 1722 2210 1786 quippe
2239 1721 2436 1767 homine

302 1796 521 1843 divinitas
553 1797 705 1844 videri
741 1815 839 1846 non
878 1801 1049 1864 potuit.
1079 1801 1337 1848 Hominem
1372 1802 1515 1864 igitur
1546 1800 1687 1861 vidit,
1723 1811 1770 1848 et
1798 1801 1909 1848 ideo
1945 1801 2191 1848 confessus
2221 1810 2321 1860 est,
2351 1800 2436 1846 di-

302 1892 413 1922 cens
434 1878 447 1900 ⁶
472 1895 482 1922 :
515 1897 535 1919 «
553 1866 789 1925 fflminus
814 1895 947 1927 meus
983 1890 1030 1926 et
1060 1883 1187 1928 Deus
1222 1898 1375 1928 meus.
1405 1902 1427 1924 2>
1454 1885 1574 1928 Nam
1601 1882 1704 1946 ipsa
1735 1881 1855 1928 fides
1877 1884 1944 1929 ita
1975 1891 2044 1929 est
2078 1880 2275 1928 definita
2308 1898 2318 1926 ε
2356 1882 2438 1927 Est

302 1965 460 2002 autem
500 1956 618 2005 fides
656 1958 999 2023 sperandarum
1036 1977 1198 2007 rerum
1239 1960 1526 2017 substantia,
1563 1977 1667 2024 quae
1705 1977 1806 2008 non
1848 1961 2089 2008 videntur.
2130 1964 2438 2025 Quapropter

303 2035 419 2095 quid
441 2035 530 2083 sihi
551 2038 677 2093 vult,
710 2058 732 2081 (ε
763 2048 815 2084 ut
845 2055 956 2086 cum
981 2040 1158 2086 factum
1186 2040 1326 2087 fuerit
1349 2040 1588 2087 credatis?
1615 2060 1638 2083 2>
1667 2043 1787 2088 Nam
1819 2051 1867 2088 et
1898 2041 1977 2088 ille
2008 2041 2087 2088 cui
2114 2040 2296 2087 dictum
2324 2050 2394 2087 est
2422 2058 2432 2086 :

308 2134 330 2156 «
358 2115 482 2172 Quia
504 2115 686 2176 vidisti,
712 2117 979 2176 credidisti,
1010 2138 1034 2164 υ
1063 2135 1163 2166 non
1189 2120 1283 2167 hoc
1304 2119 1506 2167 credidit
1539 2119 1672 2184 quod
1706 2120 1838 2167 vidit.
1878 2120 2118 2168 Cernebat
2141 2136 2366 2176 carnem,
2391 2130 2437 2166 et

305 2193 529 2242 credebat
552 2198 706 2243 Deum
731 2197 955 2245 latentem
986 2200 1033 2245 in
1057 2215 1218 2247 carne.
1246 2199 1340 2246 Sed
1367 2208 1415 2246 et
1445 2200 1484 2247 si
1510 2199 1716 2247 dicimus
1745 2200 1876 2247 credi
1910 2217 2015 2264 quae
2044 2199 2290 2259 videntur,
2316 2199 2438 2245 sicut

305 2273 418 2319 dicit
449 2277 775 2340 unusquisque
807 2278 956 2324 oculis
985 2279 1080 2325 suis
1111 2295 1161 2326 se
1197 2279 1482 2338 credidisse,
1513 2296 1612 2326 non
1643 2290 1805 2327 tamen
1841 2280 1944 2345 ipsa
1976 2289 2046 2326 est
2077 2296 2182 2343 quae
2215 2279 2265 2325 in
2297 2278 2437 2325 nobis

306 2352 561 2401 aedificatur
585 2354 724 2415 fides,
752 2356 836 2403 sed
868 2374 924 2404 ex
955 2357 1098 2405 rebus
1129 2374 1248 2423 quas
1271 2358 1514 2417 videmus,
1543 2360 1696 2422 agitur
1720 2360 1768 2405 in
1795 2358 1937 2406 nobis
1954 2395 1966 2417 ‚
1990 2368 2045 2405 ut
2078 2375 2135 2405 ea
2159 2357 2434 2415 credantur,

304 2449 408 2495 quae
442 2449 541 2480 non
577 2434 816 2482 videntur.
848 2457 870 2478 »
898 2439 1047 2483 Item⁷
1073 2456 1084 2484 ε
1112 2458 1134 2481 α
1170 2438 1392 2485 Creditur
1428 2455 1527 2485 non
1565 2438 1662 2485 fide
1700 2455 1851 2495 nova,
1891 2438 1976 2486 sed
2004 2448 2170 2498 aucta,
2195 2447 2278 2484 aut
2310 2447 2437 2484 certe

303 2528 412 2558 cum
439 2522 655 2560 mortuus
688 2524 810 2562 esset
844 2516 1055 2577 defecta,
1094 2534 1205 2564 cum
1238 2519 1567 2566 resurrexisset
1601 2518 1792 2565 refecta.
1835 2538 1858 2561 2>
1893 2521 2011 2565 Item
2040 2521 2266 2564 Sermone
2300 2519 2436 2562 trice-

304 2593 422 2636 simo
448 2595 622 2639 non0⁸z
651 2612 675 2636 «
699 2594 827 2651 Quid
854 2597 1089 2660 promittit
1120 2597 1457 2645 credentibus?
1493 2599 1802 2662 Cognoscetis
1831 2598 2115 2645 veritatem⁹.
2139 2617 2160 2639 »ι
2191 2599 2297 2643 Non
2327 2597 2438 2659 quia

305 2681 630 2732 cognoverunt
646 2707 658 2730 ‚
705 2673 789 2720 sed
821 2683 873 2720 ut
915 2686 1261 2739 cognoscerent
1306 2677 1631 2725 crediderunt.
1675 2677 1927 2724 Credimus
1966 2687 2018 2723 ut
2064 2692 2434 2739 cognoscamus,

306 2765 403 2794 non
436 2753 765 2813 cognoscimus
792 2763 843 2800 ut
870 2754 1138 2802 credamus,
1170 2756 1299 2813 Quid
1324 2767 1394 2804 est
1422 2758 1552 2804 enim
1580 2756 1719 2817 fides,
1748 2757 1838 2804 nisi
1862 2756 2058 2803 credere
2082 2756 2213 2819 quod
2247 2772 2346 2802 non
2369 2757 2436 2802 vi·

305 2825 423 2874 des?
448 2828 581 2875 Fides
608 2847 719 2893 ergo
755 2843 849 2890 est,
887 2850 992 2897 quae
1027 2851 1126 2881 non
1158 2835 1291 2883 vides
1317 2836 1541 2896 credere,
1572 2837 1745 2883 veritas
1779 2837 1912 2900 quod
1949 2836 2221 2894 credidisti,
2256 2835 2433 2882 videre.

310 2908 487 2954 Veritas
511 2918 604 2965 est,
647 2910 729 2955 sed
769 2911 926 2959 adhuc
954 2914 1190 2971 creditur,
1231 2931 1330 2962 nou
1358 2915 1563 2963 videtur.
1606 2935 1627 2959 »
1663 2917 1795 2963 Idem
1830 2917 1878 2962 in
1914 2916 2036 2963 libro
2075 2916 2136 2963 de
2173 2915 2320 2961 verbo
2346 2917 2438 2960 Do-

352 3140 464 3180 ¹Le9.‚
488 3141 542 3171 lib.
564 3139 590 3172 ll
606 3165 614 3178 ‚
639 3143 749 3173 homil.
769 3151 859 3174 xxvi.
874 3145 1029 3184 -2Le9.‚
1046 3145 1102 3176 lib.
1122 3144 1175 3182 IV,
1192 3154 1263 3185 cap.
1282 3155 1323 3178 vi.
1402 3163 1439 3169 -
1458 3148 1466 3166 ⁷
1483 3146 1561 3187 Sup.
1596 3147 1689 3180 Joan.
1723 3149 1833 3180 Tract.
1863 3149 1912 3180 79.
1940 3146 2047 3187 opp„
2074 3153 2097 3178 t.
2127 3145 2182 3185 111,
2211 3145 2274 3176 col.
2302 3145 2376 3176 701.
2394 3159 2434 3166 -

311 3211 346 3216 -
359 3192 488 3232 ’Joan.,
510 3202 580 3233 cap.
595 3203 662 3233 xiv,
686 3204 717 3226 v.
736 3197 788 3229 29.
808 3214 844 3219 —
863 3199 873 3216 ⁴
892 3197 996 3229 Tract.
1010 3222 1017 3233 ,
1037 3200 1088 3230 ῖ9.
1114 3199 1212 3240 Opp.,
1230 3205 1253 3230 t.
1271 3198 1327 3236 111,
1400 3201 1410 3218 ⁸
1425 3200 1501 3239 Sup.
1520 3199 1612 3232 Joan.
1636 3201 1739 3233 Tract.
1759 3203 1813 3240 403
1833 3200 1931 3241 opp..
1950 3206 1967 3231 t
1991 3200 2047 3238 ΙΙΙ,
2065 3201 2126 3232 col.
2146 3200 2216 3231 568.
2237 3216 2272 3220 —
2285 3201 2297 3219 ⁹
2313 3196 2393 3228 Joan
2426 3221 2434 3234 ‚

309 3248 369 3278 col.
389 3249 462 3279 700.
498 3265 533 3270 —
563 3249 573 3266 ⁵
588 3246 694 3286 Joan.‚
720 3257 790 3287 cap.
809 3258 866 3287 xx,
892 3259 920 3280 v.
940 3251 990 3282 29.
1018 3268 1052 3272 —
1077 3253 1088 3270 ⁶
1104 3252 1201 3289 mid„
1220 3262 1249 3284 v.
1275 3255 1323 3284 28.
1401 3262 1471 3292 cap.
1489 3262 1556 3291 vm,
1573 3264 1600 3285 v.
1621 3256 1669 3286 32.
