2638 3866
941 213 1237 264 THEOLOGl
1247 217 1283 264 Α
1319 214 1686 264 CHRISTlANA.
2294 214 2380 263 384

242 314 404 377 habet,
433 324 485 362 ut
509 313 729 363 videlicet
751 323 797 362 et
815 313 1064 363 individua
1083 316 1208 363 sitin
1227 334 1313 365 sua
1329 316 1595 365 substantia
1614 325 1661 364 et
1680 314 1880 363 dividua
1902 314 2171 363 secuudum
2191 314 2379 364 effecta.

242 395 387 455 Quod
410 405 572 443 autem
591 395 774 443 dictum
796 404 868 442 est
892 394 1084 455 locavit,
1113 414 1327 461 congrue
1352 398 1536 446 dictum
1565 407 1634 445 est
1655 397 1790 461 juxta
1816 396 2151 462 metaphoram
2177 395 2385 445 locutio·

245 475 334 536 nis,
367 490 463 538 qua
485 473 667 521 dictum
697 483 766 521 est
794 472 1008 520 medium
1039 474 1174 538 quasi
1199 475 1323 541 inter
1345 476 1503 540 aliqua
1526 475 1886 523 circumstantia
1909 475 2216 523 collocatum.
2247 479 2389 524 Post-

245 571 389 619 quain
424 564 586 602 autem
615 554 877 619 designavit
916 554 1170 601 mixturam
1202 557 1392 616 animae,
1429 574 1485 604 ex
1517 554 1770 603 individuo
1797 571 1852 602 ac
1875 555 2092 618 dividuo,
2128 557 2297 605 transit
2331 557 2390 605 ad

245 637 501 684 mixturam
539 652 597 684 ex
637 635 810 683 eodem
848 644 894 682 et
935 634 1146 693 diverso,
1181 636 1345 684 dicens
1383 636 1604 685 eamdem
1644 636 1885 698 animam,
1927 637 2101 685 eodem
2141 638 2290 686 modo
2334 655 2389 687 ex

245 716 494 773 eodemet
521 716 711 772 diverso
745 716 1021 778 consistere,
1055 716 1178 763 sicut
1205 733 1260 764 ex
1286 717 1537 765 individuo
1566 717 1783 764 consistit
1808 726 1951 782 atque
1980 718 2198 766 dividuo.
2223 720 2387 784 Cujus,

245 799 418 863 inquit,
453 815 563 864 pars
592 798 738 859 idem,
774 814 884 864 pars
906 798 1145 846 diversum
1169 808 1385 858 vocetur,
1424 816 1535 846 cum
1567 798 1789 846 videlicet
1816 799 2019 864 Spiritus
2052 800 2151 865 ipse
2183 810 2229 848 et
2264 801 2392 849 idem

244 879 303 926 sit
341 879 390 926 iu
429 878 697 926 substantia
733 895 846 926 cum
878 882 980 926 Deo
1014 888 1060 926 et
1099 882 1221 943 Noy,
1259 879 1307 925 id
1343 890 1414 926 est
1448 897 1560 927 cum
1600 883 1735 928 Patre
1770 889 1817 927 et
1844 879 1982 939 Filio,
2016 890 2061 927 et
2099 880 2316 929 diversus
2344 884 2392 930 in

242 961 535 1025 proprietate
559 977 792 1027 personae.
834 963 1090 1007 Possumus
1120 960 1264 1007 etiam
1288 960 1533 1023 eumdem,
1564 960 1660 1008 hoc
1683 971 1755 1008 est
1777 960 2224 1009 incommutabilem
2250 963 2297 1010 in
2323 980 2391 1024 se,

244 1057 356 1088 eum
394 1041 552 1090 dicere
588 1053 635 1089 et
671 1041 914 1090 diversum
949 1040 1321 1106 quodammodo
1347 1059 1434 1107 per
1460 1042 1629 1090 effecta
1661 1059 1782 1101 esse,
1816 1059 1928 1090 curn
1965 1060 2064 1090 non
2101 1043 2259 1090 solum
2295 1045 2396 1110 ipse

243 1138 300 1169 ea
330 1140 436 1187 quae
468 1123 653 1171 diversa
685 1133 796 1171 sunt
828 1122 1007 1182 fecerit,
1038 1123 1303 1170 secundum
1326 1123 1460 1188 quod
1489 1124 1708 1189 superius
1736 1124 1919 1171 dictum
1949 1133 2037 1184 est,
2067 1141 2122 1171 ex
2147 1125 2397 1174 individua

244 1213 465 1258 constare
502 1203 798 1264 substantia,
840 1221 1008 1252 verum
1046 1204 1189 1251 etiam
1227 1222 1283 1252 ea
1331 1222 1414 1270 per
1450 1214 1727 1270 temporum
1759 1205 2112 1253 successionem
2149 1216 2303 1254 mutat
2342 1224 2397 1255 ac

245 1284 425 1339 variat:
458 1295 604 1350 prout
635 1295 968 1351 opportunum
993 1303 1093 1333 esse
1111 1285 1311 1350 judicat,
1338 1286 1474 1349 juxta
1490 1285 1610 1332 illud
1634 1286 1810 1333 Boc-tii:
1844 1285 2168 1351 «Stabilisque
2196 1305 2396 1335 manens

243 1364 325 1412 dat
348 1376 522 1414 cuncta
547 1367 782 1415 moveri.»
806 1370 863 1414 Et
882 1367 983 1431 jam
1006 1366 1202 1431 quidem
1228 1367 1445 1432 superius
1462 1366 1905 1417 incommutabilem
1931 1384 2031 1414 esse
2056 1368 2393 1431 assignaverat,

244 1461 357 1492 cum
377 1447 461 1507 ait,
492 1467 514 1491 α
535 1464 824 1513 semperque
847 1448 895 1495 in
917 1458 1044 1495 statu
1067 1465 1155 1495 suo
1181 1458 1514 1513 perseverante
1534 1447 1818 1509 substantia,
1844 1467 1866 1492 »
1898 1447 1982 1494 sed
2002 1448 2136 1512 quod
2159 1449 2397 1497 variabilis

243 1543 330 1592 per
361 1527 621 1576 effectuum
643 1546 846 1576 suorum
875 1530 1201 1585 mutationem
1225 1539 1365 1591 esset,
1403 1529 1625 1577 nondum
1650 1528 1920 1590 addiderat,
1953 1529 2086 1593 quod
2110 1547 2242 1577 nunc
2266 1530 2392 1578 facit.

244 1609 371 1655 Bene
412 1609 573 1673 itaque
611 1610 726 1657 dicit
763 1611 976 1657 animam
1011 1611 1164 1676 ipsam
1201 1609 1450 1675 quoddam
1489 1610 1703 1658 medium
1739 1627 1865 1672 esse,
1908 1610 1957 1657 id
1994 1620 2065 1657 est
2100 1611 2301 1657 mixtum
2342 1628 2398 1658 ex

244 1688 496 1739 individua
535 1691 583 1737 in
620 1707 670 1738 se
708 1691 973 1739 substantia
1015 1701 1062 1739 et
1096 1690 1296 1739 dividua
1330 1708 1418 1756 per
1455 1691 1852 1755 conjunctionem
1890 1707 2205 1755 corpoream,
2245 1691 2295 1738 id
2331 1703 2400 1739 est

244 1771 641 1835 conjunctionem
670 1772 819 1837 ipsius
841 1772 900 1820 ad
927 1788 1152 1838 corpora,
1176 1771 1376 1836 quando
1400 1771 1581 1819 scilicet
1603 1772 1709 1837 ipsa
1733 1771 1792 1819 ad
1814 1788 1889 1818 res
1911 1771 2147 1836 quaslibet
2170 1772 2401 1820 creandas

244 1850 320 1898 vel
352 1852 586 1916 regendas
617 1862 760 1917 atque
793 1853 1122 1918 disponendas
1155 1870 1204 1901 se
1227 1853 1461 1918 applicat,
1487 1854 1610 1900 sicut
1635 1852 1858 1917 quaelibet
1892 1854 2052 1900 anima
2084 1854 2278 1918 corpori
2311 1870 2399 1900 suo

243 1948 328 1979 sua
354 1933 633 1998 impertiens
659 1932 914 1993 beneficia,
942 1934 1019 1982 cui
1048 1934 1195 1981 etiam
1226 1933 1552 2000 Philosophus
1577 1943 1728 1982 totam
1751 1934 1851 1982 vim
1883 1944 1931 1981 et
1954 1933 2268 1981 concordiam
2292 1951 2401 1999 pro-

244 2014 566 2078 portionalem
605 2031 924 2063 numerorum
963 2014 1157 2075 tribuit,
1204 2025 1258 2063 ut
1302 2016 1352 2063 in
1390 2015 1564 2063 divinae
1611 2016 1770 2079 gratiae
1806 2015 2023 2062 bonitate
2067 2015 2399 2062 universarum

245 2111 404 2142 rerum
425 2096 739 2144 concordiam
768 2097 1031 2144 consistere
1060 2097 1249 2144 doceat.
1287 2097 1458 2144 Omnis
1490 2097 1672 2162 quippe
1706 2096 1829 2144 ordo
1861 2106 2040 2143 naturae
2077 2106 2124 2142 et
2161 2096 2400 2142 concinna

242 2175 492 2241 dispositio
528 2195 844 2225 numerorum
880 2178 1279 2244 proportionibus
1313 2178 1572 2241 vestigatur
1609 2187 1753 2242 atque
1777 2177 2059 2240 assignatur,
2097 2187 2143 2223 et
2180 2177 2399 2224 omnium

246 2257 645 2322 perfectissimum
665 2259 911 2324 exemplar
935 2259 1150 2306 numeris
1171 2260 1378 2306 occurrit
1402 2258 1537 2323 quod
1559 2257 1703 2305 rebus
1728 2258 1951 2321 congruit
1976 2258 2235 2315 universis,
2264 2257 2398 2321 quod

244 2337 442 2401 quidem
471 2355 554 2387 eos
587 2356 688 2387 non
714 2340 830 2387 latet
858 2340 941 2405 qui
978 2339 1300 2406 philosophiae
1332 2340 1570 2389 rimantur
1601 2356 1792 2388 arcana.
1824 2340 1948 2387 Hinc
1983 2348 2053 2386 est
2086 2338 2229 2386 etiam
2265 2339 2398 2403 quod

243 2418 562 2479 arithmetica,
598 2437 703 2485 quae
731 2431 830 2468 tota
862 2422 991 2468 circa
1023 2424 1367 2487 proportiones
1387 2438 1717 2486 ”numerorum
1752 2421 1992 2480 consistit,
2032 2429 2185 2467 mater
2217 2429 2263 2466 et
2299 2436 2399 2466 ma-

244 2500 387 2562 gistra
430 2510 698 2549 ceterarum
740 2503 915 2549 artium
959 2502 1153 2561 dicitur,
1202 2502 1336 2568 quod
1372 2502 1604 2570 ⁴videlicet
1648 2519 1706 2550 ex
1751 2502 2039 2549 discretione
2086 2517 2398 2547 numerorum

244 2589 511 2628 ceterarum
552 2599 713 2630 rerum
749 2583 998 2647 vestigatio
1035 2583 1353 2649 doctrinaque
1393 2582 1619 2649 pendeat.
1660 2582 1807 2646 Cujus
1845 2582 1987 2629 etiam
2023 2591 2077 2627 ut
2108 2580 2399 2627 ineffabilem

244 2662 567 2726 exprimerent
613 2663 939 2728 benignitatis.
971 2664 1314 2724 dulcedinem,
1356 2674 1508 2711 totam
1544 2665 1588 2711 ei
1628 2664 1920 2710 musicarum
1969 2662 2397 2708 consonantiarum

244 2742 492 2790 ascribunt
526 2743 851 2806 harmoniam,
891 2762 988 2809 qua
1019 2755 1064 2792 et
1102 2745 1263 2811 ipsum
1293 2744 1472 2808 jugiter
1506 2761 1734 2791 resonare
1767 2742 2144 2800 firmamentum,
2184 2751 2231 2787 et
2255 2757 2397 2806 supe·

245 2823 394 2870 riores
418 2823 589 2870 mundi
615 2834 774 2889 partes
804 2826 981 2890 repleri
1012 2824 1345 2891 perhibentur.
1386 2824 1513 2871 Nihil
1543 2824 1723 2889 quippe
1755 2833 1823 2871 est
1846 2822 1981 2887 quod
2004 2823 2069 2870 ita
2093 2821 2317 2879 oblectet,
2353 2831 2400 2867 et

246 2904 394 2959 nimia
427 2905 658 2951 suavitate
682 2906 755 2951 sui
779 2905 954 2953 alliciat
983 2906 1172 2952 animos
1188 2942 1200 2966 ,
1239 2905 1362 2952 sicut
1387 2904 1612 2952 melodia.
1652 2904 1778 2951 Nihil
1804 2914 1874 2951 est
1900 2904 1965 2950 ita
1989 2919 2200 2969 pronum
2229 2901 2291 2949 ad
2316 2918 2399 2949 eos

246 2985 617 3051 componendos
652 2986 728 3033 vel
764 2986 1148 3034 commovendos
1183 2985 1261 3034 vel
1298 2986 1571 3052 pacandos,
1616 2995 1667 3034 ut
1697 2986 1831 3050 juxta
1870 2984 1991 3033 illud
2026 2984 2170 3050 primi
2206 2983 2399 3048 capituli

248 3067 487 3114 Boetianae
525 3066 719 3114 musicae
769 3067 947 3115 scirent
980 3066 1286 3133 philosophi,
1331 3066 1466 3131 quod
1513 3076 1689 3114 nostrae
1727 3076 1826 3114 tota
1865 3066 2037 3113 animae
2086 3065 2422 3130 corporisque*

248 3164 487 3213 compago
522 3147 707 3195 musica
731 3149 1038 3213 coaptatione
1061 3147 1323 3212 conjuncta
1352 3148 1412 3195 sit
1439 3166 1449 3194 :
1480 3147 1603 3196 adeo
1627 3147 1762 3213 quod
1785 3156 1839 3194 ut
1861 3145 2135 3195 iracundias
2165 3145 2399 3193 insanias-

248 3244 343 3291 que
376 3227 586 3276 melodia
618 3227 823 3289 sedaret,
852 3237 899 3276 et
921 3227 1309 3293 gravissimarum
1333 3228 1670 3277 infirmitatum
1693 3228 1886 3276 dolores
1914 3227 2072 3275 curari
2096 3225 2399 3274 animadver-

250 3316 406 3356 terent
423 3319 567 3375 atque
593 3308 837 3358 efficerent
861 3328 870 3357 :
899 3308 1034 3374 quod
1059 3309 1145 3375 qui
1169 3309 1377 3373 ignorat,
1413 3326 1504 3358 nec
1527 3309 1688 3358 adhuc
1711 3309 2042 3375 experimento
2063 3307 2248 3368 didicit,
2275 3305 2396 3368 legat
