<?xml version="1.0" encoding="UTF-8"?>
<!DOCTYPE html PUBLIC "-//W3C//DTD XHTML 1.0 Transitional//EN"
    "http://www.w3.org/TR/xhtml1/DTD/xhtml1-transitional.dtd">
<html xmlns="http://www.w3.org/1999/xhtml" xml:lang="en" lang="en">
 <head>
  <title>
</title>
<meta http-equiv="Content-Type" content="text/html;charset=utf-8" />
  <meta name='ocr-system' content='tesseract 3.04.00' />
  <meta name='ocr-capabilities' content='ocr_page ocr_carea ocr_par ocr_line ocrx_word'/>
</head>
<body>
  <div class='ocr_page' id='page_1' title='image "./operahactenusseo00abeluoft_0113.png"; bbox 0 0 2638 3866; ppageno 0'>
   <div class='ocr_carea' id='block_1_1' title="bbox 771 213 2323 266">
    <p class='ocr_par' dir='ltr' id='par_1_1' title="bbox 771 213 2323 266">
     <span class='ocr_line' id='line_1_1' title="bbox 771 213 2323 266; baseline 0.001 -3"><span class='ocrx_word' id='word_1_1' title='bbox 771 213 1168 263; x_wconf 89' lang='lat' dir='ltr'>lNTRODUCTlO</span> <span class='ocrx_word' id='word_1_2' title='bbox 1205 214 1283 262; x_wconf 83' lang='lat' dir='ltr'>AD</span> <span class='ocrx_word' id='word_1_3' title='bbox 1317 214 1727 263; x_wconf 82' lang='lat' dir='ltr'><strong>THEOLOGIAM.</strong></span> <span class='ocrx_word' id='word_1_4' title='bbox 2230 220 2323 266; x_wconf 71' lang='lat'>403</span> 
     </span>
    </p>
   </div>
   <div class='ocr_carea' id='block_1_2' title="bbox 145 315 2333 3134">
    <p class='ocr_par' dir='ltr' id='par_1_2' title="bbox 145 315 2332 2068">
     <span class='ocr_line' id='line_1_2' title="bbox 167 315 2323 384; baseline -0.002 -13"><span class='ocrx_word' id='word_1_5' title='bbox 167 324 287 380; x_wconf 91' lang='lat' dir='ltr'>lum,</span> <span class='ocrx_word' id='word_1_6' title='bbox 307 319 440 368; x_wconf 87' lang='lat' dir='ltr'>unde</span> <span class='ocrx_word' id='word_1_7' title='bbox 464 334 564 366; x_wconf 90' lang='lat' dir='ltr'>non</span> <span class='ocrx_word' id='word_1_8' title='bbox 586 326 659 365; x_wconf 89' lang='lat' dir='ltr'>est</span> <span class='ocrx_word' id='word_1_9' title='bbox 681 331 984 381; x_wconf 88' lang='lat' dir='ltr'>consequens</span> <span class='ocrx_word' id='word_1_10' title='bbox 1008 325 1059 363; x_wconf 91' lang='lat' dir='ltr'>ut</span> <span class='ocrx_word' id='word_1_11' title='bbox 1086 316 1125 363; x_wconf 90' lang='lat' dir='ltr'>si</span> <span class='ocrx_word' id='word_1_12' title='bbox 1146 332 1328 365; x_wconf 85' lang='lat' dir='ltr'>aereum</span> <span class='ocrx_word' id='word_1_13' title='bbox 1356 315 1566 381; x_wconf 89' lang='lat' dir='ltr'>sigillum</span> <span class='ocrx_word' id='word_1_14' title='bbox 1591 318 1653 365; x_wconf 89' lang='lat' dir='ltr'>sit</span> <span class='ocrx_word' id='word_1_15' title='bbox 1677 334 1737 364; x_wconf 80' lang='lat' dir='ltr'>ex</span> <span class='ocrx_word' id='word_1_16' title='bbox 1766 333 1876 379; x_wconf 87' lang='lat' dir='ltr'>aere,</span> <span class='ocrx_word' id='word_1_17' title='bbox 1902 317 2014 366; x_wconf 88' lang='lat' dir='ltr'>ideo</span> <span class='ocrx_word' id='word_1_18' title='bbox 2052 319 2234 384; x_wconf 89' lang='lat' dir='ltr'>aliquid</span> <span class='ocrx_word' id='word_1_19' title='bbox 2264 322 2323 366; x_wconf 84' lang='lat' dir='ltr'>sit</span> 
     </span>
     <span class='ocr_line' id='line_1_3' title="bbox 169 396 2321 468; baseline -0.002 -16"><span class='ocrx_word' id='word_1_20' title='bbox 169 421 228 452; x_wconf 78' lang='lat' dir='ltr'>ex</span> <span class='ocrx_word' id='word_1_21' title='bbox 244 402 423 468; x_wconf 81' lang='lat' dir='ltr'><strong>seipse.</strong></span> <span class='ocrx_word' id='word_1_22' title='bbox 440 400 518 448; x_wconf 93' lang='lat' dir='ltr'>Sic</span> <span class='ocrx_word' id='word_1_23' title='bbox 539 407 588 447; x_wconf 89' lang='lat' dir='ltr'>et</span> <span class='ocrx_word' id='word_1_24' title='bbox 601 397 824 464; x_wconf 81' lang='lat' dir='ltr'>quamvis</span> <span class='ocrx_word' id='word_1_25' title='bbox 846 396 978 445; x_wconf 89' lang='lat' dir='ltr'>idem</span> <span class='ocrx_word' id='word_1_26' title='bbox 994 397 1052 445; x_wconf 91' lang='lat' dir='ltr'>sit</span> <span class='ocrx_word' id='word_1_27' title='bbox 1069 399 1208 446; x_wconf 86' lang='lat' dir='ltr'>Pater</span> <span class='ocrx_word' id='word_1_28' title='bbox 1224 397 1359 463; x_wconf 93' lang='lat' dir='ltr'>quod</span> <span class='ocrx_word' id='word_1_29' title='bbox 1378 407 1426 446; x_wconf 93' lang='lat' dir='ltr'>et</span> <span class='ocrx_word' id='word_1_30' title='bbox 1442 396 1613 464; x_wconf 59' lang='lat' dir='ltr'>Filius,</span> <span class='ocrx_word' id='word_1_31' title='bbox 1624 398 1739 463; x_wconf 88' lang='lat' dir='ltr'>quia</span> <span class='ocrx_word' id='word_1_32' title='bbox 1754 407 1936 456; x_wconf 88' lang='lat' dir='ltr'>tamen,</span> <span class='ocrx_word' id='word_1_33' title='bbox 1957 407 2011 446; x_wconf 93' lang='lat' dir='ltr'>ut</span> <span class='ocrx_word' id='word_1_34' title='bbox 2028 399 2212 447; x_wconf 89' lang='lat' dir='ltr'>dictum</span> <span class='ocrx_word' id='word_1_35' title='bbox 2234 411 2321 460; x_wconf 84' lang='lat' dir='ltr'>est,</span> 
     </span>
     <span class='ocr_line' id='line_1_4' title="bbox 170 477 2323 550; baseline -0.001 -18"><span class='ocrx_word' id='word_1_36' title='bbox 170 481 547 550; x_wconf 89' lang='lat' dir='ltr'>proprietatibus</span> <span class='ocrx_word' id='word_1_37' title='bbox 578 480 675 528; x_wconf 89' lang='lat' dir='ltr'>suis</span> <span class='ocrx_word' id='word_1_38' title='bbox 702 477 977 527; x_wconf 78' lang='lat' dir='ltr'><strong>adinvicem</strong></span> <span class='ocrx_word' id='word_1_39' title='bbox 996 477 1189 541; x_wconf 89' lang='lat' dir='ltr'>distant,</span> <span class='ocrx_word' id='word_1_40' title='bbox 1217 479 1492 527; x_wconf 86' lang='lat' dir='ltr'>nullatenus</span> <span class='ocrx_word' id='word_1_41' title='bbox 1531 478 1820 545; x_wconf 89' lang='lat' dir='ltr'>procedunt.</span> <span class='ocrx_word' id='word_1_42' title='bbox 1860 479 2008 538; x_wconf 89' lang='lat' dir='ltr'>Quod</span> <span class='ocrx_word' id='word_1_43' title='bbox 2037 481 2075 528; x_wconf 91' lang='lat' dir='ltr'>si</span> <span class='ocrx_word' id='word_1_44' title='bbox 2100 481 2244 529; x_wconf 91' lang='lat' dir='ltr'>Filius</span> <span class='ocrx_word' id='word_1_45' title='bbox 2269 498 2323 529; x_wconf 81' lang='lat' dir='ltr'>ex</span> 
     </span>
     <span class='ocr_line' id='line_1_5' title="bbox 172 558 2328 628; baseline -0.001 -16"><span class='ocrx_word' id='word_1_46' title='bbox 172 568 310 614; x_wconf 89' lang='lat' dir='ltr'>Patre</span> <span class='ocrx_word' id='word_1_47' title='bbox 335 564 397 612; x_wconf 91' lang='lat' dir='ltr'>sit</span> <span class='ocrx_word' id='word_1_48' title='bbox 419 561 620 628; x_wconf 86' lang='lat' dir='ltr'>genitus,</span> <span class='ocrx_word' id='word_1_49' title='bbox 647 558 801 609; x_wconf 81' lang='lat' dir='ltr'>velex</span> <span class='ocrx_word' id='word_1_50' title='bbox 822 561 961 607; x_wconf 86' lang='lat' dir='ltr'>Patre</span> <span class='ocrx_word' id='word_1_51' title='bbox 978 558 1173 617; x_wconf 84' lang='lat' dir='ltr'>habeat,</span> <span class='ocrx_word' id='word_1_52' title='bbox 1202 569 1257 607; x_wconf 90' lang='lat' dir='ltr'>ut</span> <span class='ocrx_word' id='word_1_53' title='bbox 1278 559 1465 608; x_wconf 90' lang='lat' dir='ltr'>dictum</span> <span class='ocrx_word' id='word_1_54' title='bbox 1483 569 1571 622; x_wconf 89' lang='lat' dir='ltr'>est,</span> <span class='ocrx_word' id='word_1_55' title='bbox 1595 575 1717 623; x_wconf 89' lang='lat' dir='ltr'>esse,</span> <span class='ocrx_word' id='word_1_56' title='bbox 1739 559 1851 608; x_wconf 91' lang='lat' dir='ltr'>ideo</span> <span class='ocrx_word' id='word_1_57' title='bbox 1872 560 2167 610; x_wconf 81' lang='lat' dir='ltr'>concedatur</span> <span class='ocrx_word' id='word_1_58' title='bbox 2184 560 2328 609; x_wconf 88' lang='lat' dir='ltr'>Filius</span> 
     </span>
     <span class='ocr_line' id='line_1_6' title="bbox 170 639 2327 711; baseline -0.001 -17"><span class='ocrx_word' id='word_1_59' title='bbox 170 662 229 694; x_wconf 83' lang='lat' dir='ltr'>ex</span> <span class='ocrx_word' id='word_1_60' title='bbox 251 646 412 711; x_wconf 90' lang='lat' dir='ltr'>seipso</span> <span class='ocrx_word' id='word_1_61' title='bbox 434 642 623 709; x_wconf 88' lang='lat' dir='ltr'>genitus</span> <span class='ocrx_word' id='word_1_62' title='bbox 641 657 744 689; x_wconf 90' lang='lat' dir='ltr'>esse</span> <span class='ocrx_word' id='word_1_63' title='bbox 763 641 839 689; x_wconf 85' lang='lat' dir='ltr'>vel</span> <span class='ocrx_word' id='word_1_64' title='bbox 861 657 921 689; x_wconf 83' lang='lat' dir='ltr'>ex</span> <span class='ocrx_word' id='word_1_65' title='bbox 940 641 1100 707; x_wconf 90' lang='lat' dir='ltr'>seipso</span> <span class='ocrx_word' id='word_1_66' title='bbox 1115 639 1297 690; x_wconf 90' lang='lat' dir='ltr'>habere</span> <span class='ocrx_word' id='word_1_67' title='bbox 1311 656 1434 691; x_wconf 90' lang='lat' dir='ltr'>esse.</span> <span class='ocrx_word' id='word_1_68' title='bbox 1457 640 1604 701; x_wconf 89' lang='lat' dir='ltr'>Quod</span> <span class='ocrx_word' id='word_1_69' title='bbox 1620 641 1876 706; x_wconf 84' lang='lat' dir='ltr'><strong>diligenter</strong></span> <span class='ocrx_word' id='word_1_70' title='bbox 1888 640 2058 690; x_wconf 87' lang='lat' dir='ltr'>beatus</span> <span class='ocrx_word' id='word_1_71' title='bbox 2073 642 2327 691; x_wconf 88' lang='lat' dir='ltr'>attendens</span> 
     </span>
     <span class='ocr_line' id='line_1_7' title="bbox 171 720 2327 791; baseline -0.001 -17"><span class='ocrx_word' id='word_1_72' title='bbox 171 725 462 791; x_wconf 85' lang='lat' dir='ltr'><strong>Augustinus</strong></span> <span class='ocrx_word' id='word_1_73' title='bbox 482 724 532 772; x_wconf 91' lang='lat' dir='ltr'>in</span> <span class='ocrx_word' id='word_1_74' title='bbox 557 723 716 790; x_wconf 90' lang='lat' dir='ltr'>primo</span> <span class='ocrx_word' id='word_1_75' title='bbox 742 720 802 770; x_wconf 87' lang='lat' dir='ltr'>de</span> <span class='ocrx_word' id='word_1_76' title='bbox 837 722 1089 770; x_wconf 58' lang='lat' dir='ltr'>Trinitatis·</span> <span class='ocrx_word' id='word_1_77' title='bbox 1110 721 1368 770; x_wconf 82' lang='lat' dir='ltr'>confirmat</span> <span class='ocrx_word' id='word_1_78' title='bbox 1390 721 1572 771; x_wconf 86' lang='lat' dir='ltr'>verbis¹</span> <span class='ocrx_word' id='word_1_79' title='bbox 1595 742 1607 770; x_wconf 88' lang='lat'><strong>:</strong></span> <span class='ocrx_word' id='word_1_80' title='bbox 1639 741 1663 769; x_wconf 90' lang='lat'>«</span> <span class='ocrx_word' id='word_1_81' title='bbox 1688 722 1787 781; x_wconf 89' lang='lat' dir='ltr'>Qui</span> <span class='ocrx_word' id='word_1_82' title='bbox 1812 731 1950 789; x_wconf 87' lang='lat' dir='ltr'>putat</span> <span class='ocrx_word' id='word_1_83' title='bbox 1972 723 2074 787; x_wconf 87' lang='lat' dir='ltr'>ejus</span> <span class='ocrx_word' id='word_1_84' title='bbox 2101 724 2327 789; x_wconf 88' lang='lat' dir='ltr'>potentiae</span> 
     </span>
     <span class='ocr_line' id='line_1_8' title="bbox 170 803 2326 870; baseline -0.001 -16"><span class='ocrx_word' id='word_1_85' title='bbox 170 809 328 856; x_wconf 88' lang='lat' dir='ltr'>Deum</span> <span class='ocrx_word' id='word_1_86' title='bbox 354 821 475 867; x_wconf 90' lang='lat' dir='ltr'>esse,</span> <span class='ocrx_word' id='word_1_87' title='bbox 508 814 563 853; x_wconf 91' lang='lat' dir='ltr'>ut</span> <span class='ocrx_word' id='word_1_88' title='bbox 589 804 803 870; x_wconf 90' lang='lat' dir='ltr'>seipsum</span> <span class='ocrx_word' id='word_1_89' title='bbox 826 803 1064 868; x_wconf 85' lang='lat' dir='ltr'>genuerit,</span> <span class='ocrx_word' id='word_1_90' title='bbox 1094 819 1153 851; x_wconf 93' lang='lat' dir='ltr'>eo</span> <span class='ocrx_word' id='word_1_91' title='bbox 1176 803 1286 870; x_wconf 93' lang='lat' dir='ltr'>plus</span> <span class='ocrx_word' id='word_1_92' title='bbox 1307 813 1436 852; x_wconf 89' lang='lat' dir='ltr'>errat</span> <span class='ocrx_word' id='word_1_93' title='bbox 1458 803 1594 869; x_wconf 91' lang='lat' dir='ltr'>quod</span> <span class='ocrx_word' id='word_1_94' title='bbox 1616 820 1718 852; x_wconf 86' lang='lat' dir='ltr'>non</span> <span class='ocrx_word' id='word_1_95' title='bbox 1754 803 1912 852; x_wconf 91' lang='lat' dir='ltr'>solum</span> <span class='ocrx_word' id='word_1_96' title='bbox 1952 806 2082 852; x_wconf 88' lang='lat' dir='ltr'>Deus</span> <span class='ocrx_word' id='word_1_97' title='bbox 2124 804 2190 852; x_wconf 87' lang='lat' dir='ltr'>ita</span> <span class='ocrx_word' id='word_1_98' title='bbox 2226 821 2326 852; x_wconf 90' lang='lat' dir='ltr'>non</span> 
     </span>
     <span class='ocr_line' id='line_1_9' title="bbox 168 884 2328 952; baseline -0.001 -16"><span class='ocrx_word' id='word_1_99' title='bbox 168 898 259 949; x_wconf 89' lang='lat' dir='ltr'>est,</span> <span class='ocrx_word' id='word_1_100' title='bbox 281 887 366 937; x_wconf 89' lang='lat' dir='ltr'>sed</span> <span class='ocrx_word' id='word_1_101' title='bbox 390 902 480 935; x_wconf 91' lang='lat' dir='ltr'>nec</span> <span class='ocrx_word' id='word_1_102' title='bbox 501 884 761 952; x_wconf 85' lang='lat' dir='ltr'>spiritualis</span> <span class='ocrx_word' id='word_1_103' title='bbox 784 894 1021 946; x_wconf 88' lang='lat' dir='ltr'>creatura,</span> <span class='ocrx_word' id='word_1_104' title='bbox 1048 900 1140 933; x_wconf 91' lang='lat' dir='ltr'>nec</span> <span class='ocrx_word' id='word_1_105' title='bbox 1158 885 1441 951; x_wconf 85' lang='lat' dir='ltr'>corporalis.</span> <span class='ocrx_word' id='word_1_106' title='bbox 1470 884 1610 933; x_wconf 89' lang='lat' dir='ltr'>Nulla</span> <span class='ocrx_word' id='word_1_107' title='bbox 1625 885 1757 933; x_wconf 91' lang='lat' dir='ltr'>enim</span> <span class='ocrx_word' id='word_1_108' title='bbox 1780 901 1856 933; x_wconf 87' lang='lat' dir='ltr'>res</span> <span class='ocrx_word' id='word_1_109' title='bbox 1879 885 2083 932; x_wconf 91' lang='lat' dir='ltr'>omnino</span> <span class='ocrx_word' id='word_1_110' title='bbox 2108 894 2198 946; x_wconf 90' lang='lat' dir='ltr'>est,</span> <span class='ocrx_word' id='word_1_111' title='bbox 2223 902 2328 950; x_wconf 85' lang='lat' dir='ltr'>quae</span> 
     </span>
     <span class='ocr_line' id='line_1_10' title="bbox 170 965 2327 1036; baseline -0.002 -18"><span class='ocrx_word' id='word_1_112' title='bbox 170 969 374 1036; x_wconf 84' lang='lat' dir='ltr'>seipsam</span> <span class='ocrx_word' id='word_1_113' title='bbox 420 967 600 1033; x_wconf 85' lang='lat' dir='ltr'>gignat.</span> <span class='ocrx_word' id='word_1_114' title='bbox 625 985 649 1012; x_wconf 74' lang='lat' dir='ltr'><strong>n</strong></span> <span class='ocrx_word' id='word_1_115' title='bbox 672 966 806 1015; x_wconf 91' lang='lat' dir='ltr'>Sicut</span> <span class='ocrx_word' id='word_1_116' title='bbox 827 966 971 1031; x_wconf 87' lang='lat' dir='ltr'>igitur</span> <span class='ocrx_word' id='word_1_117' title='bbox 991 966 1042 1013; x_wconf 91' lang='lat' dir='ltr'>in</span> <span class='ocrx_word' id='word_1_118' title='bbox 1065 981 1155 1013; x_wconf 87' lang='lat' dir='ltr'>aere</span> <span class='ocrx_word' id='word_1_119' title='bbox 1178 975 1226 1014; x_wconf 91' lang='lat' dir='ltr'>et</span> <span class='ocrx_word' id='word_1_120' title='bbox 1247 982 1372 1014; x_wconf 86' lang='lat' dir='ltr'>aereo</span> <span class='ocrx_word' id='word_1_121' title='bbox 1395 965 1551 1031; x_wconf 80' lang='lat' dir='ltr'>sigillo</span> <span class='ocrx_word' id='word_1_122' title='bbox 1573 965 1797 1014; x_wconf 87' lang='lat' dir='ltr'>absoluta</span> <span class='ocrx_word' id='word_1_123' title='bbox 1817 981 1990 1014; x_wconf 88' lang='lat' dir='ltr'>eorum</span> <span class='ocrx_word' id='word_1_124' title='bbox 2016 966 2217 1014; x_wconf 91' lang='lat' dir='ltr'>nomina</span> <span class='ocrx_word' id='word_1_125' title='bbox 2238 965 2327 1013; x_wconf 90' lang='lat' dir='ltr'>sibi</span> 
     </span>
     <span class='ocr_line' id='line_1_11' title="bbox 169 1046 2330 1116; baseline -0.002 -18"><span class='ocrx_word' id='word_1_126' title='bbox 169 1066 257 1115; x_wconf 91' lang='lat' dir='ltr'>per</span> <span class='ocrx_word' id='word_1_127' title='bbox 271 1048 662 1116; x_wconf 85' lang='lat' dir='ltr'>praedicationem</span> <span class='ocrx_word' id='word_1_128' title='bbox 689 1047 1071 1112; x_wconf 88' lang='lat' dir='ltr'>conjunguntur,</span> <span class='ocrx_word' id='word_1_129' title='bbox 1103 1046 1298 1112; x_wconf 86' lang='lat' dir='ltr'>quando</span> <span class='ocrx_word' id='word_1_130' title='bbox 1333 1047 1556 1095; x_wconf 87' lang='lat' dir='ltr'>videlicet</span> <span class='ocrx_word' id='word_1_131' title='bbox 1583 1063 1756 1095; x_wconf 91' lang='lat' dir='ltr'>eorum</span> <span class='ocrx_word' id='word_1_132' title='bbox 1782 1046 1988 1096; x_wconf 89' lang='lat' dir='ltr'>eandem</span> <span class='ocrx_word' id='word_1_133' title='bbox 2014 1046 2330 1095; x_wconf 84' lang='lat' dir='ltr'><strong>substantiam</strong></span> 
     </span>
     <span class='ocr_line' id='line_1_12' title="bbox 169 1127 2324 1194; baseline -0.002 -14"><span class='ocrx_word' id='word_1_134' title='bbox 169 1147 271 1180; x_wconf 84' lang='lat' dir='ltr'>esse</span> <span class='ocrx_word' id='word_1_135' title='bbox 293 1131 703 1190; x_wconf 86' lang='lat' dir='ltr'>demonstramus,</span> <span class='ocrx_word' id='word_1_136' title='bbox 725 1128 874 1176; x_wconf 86' lang='lat' dir='ltr'>veluti</span> <span class='ocrx_word' id='word_1_137' title='bbox 896 1144 1010 1176; x_wconf 90' lang='lat' dir='ltr'>cum</span> <span class='ocrx_word' id='word_1_138' title='bbox 1034 1127 1256 1186; x_wconf 85' lang='lat' dir='ltr'>dicimus,</span> <span class='ocrx_word' id='word_1_139' title='bbox 1285 1145 1347 1176; x_wconf 86' lang='lat' dir='ltr'>aes</span> <span class='ocrx_word' id='word_1_140' title='bbox 1370 1139 1441 1177; x_wconf 90' lang='lat' dir='ltr'>est</span> <span class='ocrx_word' id='word_1_141' title='bbox 1464 1144 1643 1176; x_wconf 87' lang='lat' dir='ltr'>aereum</span> <span class='ocrx_word' id='word_1_142' title='bbox 1667 1127 1893 1194; x_wconf 91' lang='lat' dir='ltr'>sigillum,</span> <span class='ocrx_word' id='word_1_143' title='bbox 1918 1127 2039 1176; x_wconf 86' lang='lat' dir='ltr'>vele</span> <span class='ocrx_word' id='word_1_144' title='bbox 2060 1129 2324 1189; x_wconf 88' lang='lat' dir='ltr'>contrario,</span> 
     </span>
     <span class='ocr_line' id='line_1_13' title="bbox 169 1208 2327 1276; baseline -0.001 -17"><span class='ocrx_word' id='word_1_145' title='bbox 169 1221 216 1260; x_wconf 90' lang='lat' dir='ltr'>et</span> <span class='ocrx_word' id='word_1_146' title='bbox 238 1211 430 1274; x_wconf 81' lang='lat' dir='ltr'>similia,</span> <span class='ocrx_word' id='word_1_147' title='bbox 456 1227 547 1259; x_wconf 88' lang='lat' dir='ltr'>nec</span> <span class='ocrx_word' id='word_1_148' title='bbox 568 1220 733 1259; x_wconf 89' lang='lat' dir='ltr'>tamen</span> <span class='ocrx_word' id='word_1_149' title='bbox 754 1226 925 1258; x_wconf 89' lang='lat' dir='ltr'>eorum</span> <span class='ocrx_word' id='word_1_150' title='bbox 950 1208 1148 1257; x_wconf 87' lang='lat' dir='ltr'>relativa</span> <span class='ocrx_word' id='word_1_151' title='bbox 1166 1210 1369 1257; x_wconf 88' lang='lat' dir='ltr'>nomina</span> <span class='ocrx_word' id='word_1_152' title='bbox 1393 1225 1500 1274; x_wconf 83' lang='lat' dir='ltr'>quae</span> <span class='ocrx_word' id='word_1_153' title='bbox 1510 1210 1832 1276; x_wconf 80' lang='lat' dir='ltr'>proprietates</span> <span class='ocrx_word' id='word_1_154' title='bbox 1856 1226 2026 1258; x_wconf 89' lang='lat' dir='ltr'>eorum</span> <span class='ocrx_word' id='word_1_155' title='bbox 2044 1209 2327 1274; x_wconf 71' lang='lat' dir='ltr'>praedicant,</span> 
     </span>
     <span class='ocr_line' id='line_1_14' title="bbox 169 1289 2329 1358; baseline -0.002 -17"><span class='ocrx_word' id='word_1_156' title='bbox 169 1293 440 1341; x_wconf 89' lang='lat' dir='ltr'>secundum</span> <span class='ocrx_word' id='word_1_157' title='bbox 464 1308 584 1358; x_wconf 90' lang='lat' dir='ltr'>quas</span> <span class='ocrx_word' id='word_1_158' title='bbox 605 1290 703 1340; x_wconf 89' lang='lat' dir='ltr'>hoc</span> <span class='ocrx_word' id='word_1_159' title='bbox 732 1307 790 1339; x_wconf 83' lang='lat' dir='ltr'>ex</span> <span class='ocrx_word' id='word_1_160' title='bbox 814 1290 897 1339; x_wconf 89' lang='lat' dir='ltr'>illo</span> <span class='ocrx_word' id='word_1_161' title='bbox 916 1290 1067 1339; x_wconf 88' lang='lat' dir='ltr'>habet</span> <span class='ocrx_word' id='word_1_162' title='bbox 1090 1307 1211 1351; x_wconf 87' lang='lat' dir='ltr'>esse,</span> <span class='ocrx_word' id='word_1_163' title='bbox 1238 1289 1328 1338; x_wconf 91' lang='lat' dir='ltr'>sibi</span> <span class='ocrx_word' id='word_1_164' title='bbox 1353 1291 1584 1355; x_wconf 84' lang='lat' dir='ltr'>conjungi</span> <span class='ocrx_word' id='word_1_165' title='bbox 1607 1301 1828 1357; x_wconf 89' lang='lat' dir='ltr'>possunt,</span> <span class='ocrx_word' id='word_1_166' title='bbox 1855 1291 1977 1338; x_wconf 91' lang='lat' dir='ltr'>sicut</span> <span class='ocrx_word' id='word_1_167' title='bbox 2000 1291 2199 1339; x_wconf 87' lang='lat' dir='ltr'>materia</span> <span class='ocrx_word' id='word_1_168' title='bbox 2221 1292 2329 1338; x_wconf 86' lang='lat' dir='ltr'>aerei</span> 
     </span>
     <span class='ocr_line' id='line_1_15' title="bbox 169 1371 2331 1438; baseline -0.001 -18"><span class='ocrx_word' id='word_1_169' title='bbox 169 1373 325 1438; x_wconf 83' lang='lat' dir='ltr'>sigilli,</span> <span class='ocrx_word' id='word_1_170' title='bbox 346 1383 395 1422; x_wconf 90' lang='lat' dir='ltr'>et</span> <span class='ocrx_word' id='word_1_171' title='bbox 416 1374 721 1426; x_wconf 85' lang='lat' dir='ltr'>materiatum</span> <span class='ocrx_word' id='word_1_172' title='bbox 747 1389 803 1421; x_wconf 87' lang='lat' dir='ltr'>ex</span> <span class='ocrx_word' id='word_1_173' title='bbox 822 1388 932 1420; x_wconf 81' lang='lat' dir='ltr'>aere.</span> <span class='ocrx_word' id='word_1_174' title='bbox 962 1374 1115 1420; x_wconf 91' lang='lat' dir='ltr'>Nemo</span> <span class='ocrx_word' id='word_1_175' title='bbox 1142 1372 1320 1420; x_wconf 87' lang='lat' dir='ltr'>etenim</span> <span class='ocrx_word' id='word_1_176' title='bbox 1344 1371 1480 1433; x_wconf 89' lang='lat' dir='ltr'>dicit,</span> <span class='ocrx_word' id='word_1_177' title='bbox 1508 1371 1709 1419; x_wconf 87' lang='lat' dir='ltr'>materia</span> <span class='ocrx_word' id='word_1_178' title='bbox 1742 1373 1851 1419; x_wconf 89' lang='lat' dir='ltr'>aerei</span> <span class='ocrx_word' id='word_1_179' title='bbox 1874 1371 2015 1436; x_wconf 86' lang='lat' dir='ltr'>sigilli</span> <span class='ocrx_word' id='word_1_180' title='bbox 2038 1381 2108 1419; x_wconf 88' lang='lat' dir='ltr'>est</span> <span class='ocrx_word' id='word_1_181' title='bbox 2133 1372 2331 1420; x_wconf 89' lang='lat' dir='ltr'>materia</span> 
     </span>
     <span class='ocr_line' id='line_1_16' title="bbox 170 1452 2330 1518; baseline -0.001 -17"><span class='ocrx_word' id='word_1_182' title='bbox 170 1470 227 1502; x_wconf 83' lang='lat' dir='ltr'>ex</span> <span class='ocrx_word' id='word_1_183' title='bbox 238 1470 350 1513; x_wconf 82' lang='lat' dir='ltr'>aere,</span> <span class='ocrx_word' id='word_1_184' title='bbox 371 1453 446 1503; x_wconf 90' lang='lat' dir='ltr'>vel</span> <span class='ocrx_word' id='word_1_185' title='bbox 463 1455 769 1502; x_wconf 86' lang='lat' dir='ltr'>materiatum</span> <span class='ocrx_word' id='word_1_186' title='bbox 786 1471 844 1502; x_wconf 84' lang='lat' dir='ltr'>ex</span> <span class='ocrx_word' id='word_1_187' title='bbox 865 1470 956 1501; x_wconf 87' lang='lat' dir='ltr'>aere</span> <span class='ocrx_word' id='word_1_188' title='bbox 981 1463 1053 1501; x_wconf 89' lang='lat' dir='ltr'>est</span> <span class='ocrx_word' id='word_1_189' title='bbox 1075 1453 1274 1501; x_wconf 87' lang='lat' dir='ltr'>materia</span> <span class='ocrx_word' id='word_1_190' title='bbox 1292 1454 1402 1500; x_wconf 81' lang='lat' dir='ltr'>aerei</span> <span class='ocrx_word' id='word_1_191' title='bbox 1426 1452 1585 1518; x_wconf 80' lang='lat' dir='ltr'>sigilli,</span> <span class='ocrx_word' id='word_1_192' title='bbox 1604 1453 1728 1501; x_wconf 87' lang='lat' dir='ltr'>sicut</span> <span class='ocrx_word' id='word_1_193' title='bbox 1751 1462 1798 1500; x_wconf 91' lang='lat' dir='ltr'>et</span> <span class='ocrx_word' id='word_1_194' title='bbox 1825 1453 1874 1500; x_wconf 87' lang='lat' dir='ltr'>in</span> <span class='ocrx_word' id='word_1_195' title='bbox 1897 1452 2076 1501; x_wconf 85' lang='lat' dir='ltr'>divinis</span> <span class='ocrx_word' id='word_1_196' title='bbox 2096 1453 2330 1517; x_wconf 86' lang='lat' dir='ltr'>contingit</span> 
     </span>
     <span class='ocr_line' id='line_1_17' title="bbox 145 1533 2332 1601; baseline -0.001 -18"><span class='ocrx_word' id='word_1_197' title='bbox 145 1536 147 1538; x_wconf 73' lang='grc'><strong>’</strong></span> <span class='ocrx_word' id='word_1_198' title='bbox 174 1536 411 1600; x_wconf 90' lang='lat' dir='ltr'>personis.</span> <span class='ocrx_word' id='word_1_199' title='bbox 435 1538 540 1601; x_wconf 90' lang='lat' dir='ltr'>Ipse</span> <span class='ocrx_word' id='word_1_200' title='bbox 565 1535 743 1583; x_wconf 89' lang='lat' dir='ltr'>etenim</span> <span class='ocrx_word' id='word_1_201' title='bbox 769 1535 1080 1600; x_wconf 90' lang='lat' dir='ltr'>omnipotens</span> <span class='ocrx_word' id='word_1_202' title='bbox 1107 1543 1178 1581; x_wconf 89' lang='lat' dir='ltr'>est</span> <span class='ocrx_word' id='word_1_203' title='bbox 1206 1534 1395 1599; x_wconf 86' lang='lat' dir='ltr'>sapiens</span> <span class='ocrx_word' id='word_1_204' title='bbox 1426 1534 1525 1581; x_wconf 89' lang='lat' dir='ltr'>sive</span> <span class='ocrx_word' id='word_1_205' title='bbox 1559 1533 1797 1597; x_wconf 85' lang='lat' dir='ltr'>benignus</span> <span class='ocrx_word' id='word_1_206' title='bbox 1829 1544 1878 1581; x_wconf 90' lang='lat' dir='ltr'>et</span> <span class='ocrx_word' id='word_1_207' title='bbox 1905 1550 1931 1581; x_wconf 89' lang='lat' dir='ltr'>e</span> <span class='ocrx_word' id='word_1_208' title='bbox 1961 1535 2223 1595; x_wconf 87' lang='lat' dir='ltr'>contrario,</span> <span class='ocrx_word' id='word_1_209' title='bbox 2248 1533 2332 1581; x_wconf 88' lang='lat' dir='ltr'>sed</span> 
     </span>
     <span class='ocr_line' id='line_1_18' title="bbox 170 1613 2331 1682; baseline -0 -20"><span class='ocrx_word' id='word_1_210' title='bbox 170 1632 272 1664; x_wconf 89' lang='lat' dir='ltr'>non</span> <span class='ocrx_word' id='word_1_211' title='bbox 293 1617 395 1682; x_wconf 90' lang='lat' dir='ltr'>ipse</span> <span class='ocrx_word' id='word_1_212' title='bbox 421 1619 561 1665; x_wconf 87' lang='lat' dir='ltr'>Pater</span> <span class='ocrx_word' id='word_1_213' title='bbox 592 1627 661 1665; x_wconf 89' lang='lat' dir='ltr'>est</span> <span class='ocrx_word' id='word_1_214' title='bbox 694 1616 858 1676; x_wconf 87' lang='lat' dir='ltr'>Filius,</span> <span class='ocrx_word' id='word_1_215' title='bbox 885 1615 1067 1664; x_wconf 89' lang='lat' dir='ltr'>scilicet</span> <span class='ocrx_word' id='word_1_216' title='bbox 1091 1615 1183 1677; x_wconf 90' lang='lat' dir='ltr'>sui,</span> <span class='ocrx_word' id='word_1_217' title='bbox 1217 1613 1296 1662; x_wconf 85' lang='lat' dir='ltr'>vel</span> <span class='ocrx_word' id='word_1_218' title='bbox 1316 1624 1391 1662; x_wconf 91' lang='lat' dir='ltr'>est</span> <span class='ocrx_word' id='word_1_219' title='bbox 1422 1614 1625 1679; x_wconf 86' lang='lat' dir='ltr'>Spiritus</span> <span class='ocrx_word' id='word_1_220' title='bbox 1659 1624 1869 1672; x_wconf 89' lang='lat' dir='ltr'>sanctus,</span> <span class='ocrx_word' id='word_1_221' title='bbox 1912 1631 2025 1662; x_wconf 92' lang='lat' dir='ltr'>cum</span> <span class='ocrx_word' id='word_1_222' title='bbox 2066 1614 2168 1680; x_wconf 89' lang='lat' dir='ltr'>ipse</span> <span class='ocrx_word' id='word_1_223' title='bbox 2196 1613 2331 1662; x_wconf 87' lang='lat' dir='ltr'>vide-</span> 
     </span>
     <span class='ocr_line' id='line_1_19' title="bbox 170 1695 2331 1763; baseline -0 -20"><span class='ocrx_word' id='word_1_224' title='bbox 170 1697 280 1745; x_wconf 89' lang='lat' dir='ltr'>licet</span> <span class='ocrx_word' id='word_1_225' title='bbox 305 1701 444 1746; x_wconf 89' lang='lat' dir='ltr'>Pater</span> <span class='ocrx_word' id='word_1_226' title='bbox 467 1713 567 1745; x_wconf 88' lang='lat' dir='ltr'>non</span> <span class='ocrx_word' id='word_1_227' title='bbox 592 1696 825 1763; x_wconf 86' lang='lat' dir='ltr'>procedat</span> <span class='ocrx_word' id='word_1_228' title='bbox 849 1713 907 1745; x_wconf 83' lang='lat' dir='ltr'>ex</span> <span class='ocrx_word' id='word_1_229' title='bbox 931 1700 1069 1744; x_wconf 89' lang='lat' dir='ltr'>Patre</span> <span class='ocrx_word' id='word_1_230' title='bbox 1084 1732 1096 1756; x_wconf 93' lang='lat'>,</span> <span class='ocrx_word' id='word_1_231' title='bbox 1124 1695 1222 1743; x_wconf 88' lang='lat' dir='ltr'>hoc</span> <span class='ocrx_word' id='word_1_232' title='bbox 1245 1705 1318 1743; x_wconf 92' lang='lat' dir='ltr'>est</span> <span class='ocrx_word' id='word_1_233' title='bbox 1343 1711 1398 1743; x_wconf 88' lang='lat' dir='ltr'>ex</span> <span class='ocrx_word' id='word_1_234' title='bbox 1424 1695 1582 1761; x_wconf 88' lang='lat' dir='ltr'>seipso</span> <span class='ocrx_word' id='word_1_235' title='bbox 1597 1730 1609 1752; x_wconf 96' lang='lat'>,</span> <span class='ocrx_word' id='word_1_236' title='bbox 1640 1695 1715 1743; x_wconf 87' lang='lat' dir='ltr'>vel</span> <span class='ocrx_word' id='word_1_237' title='bbox 1741 1695 1881 1757; x_wconf 90' lang='lat' dir='ltr'>Filio,</span> <span class='ocrx_word' id='word_1_238' title='bbox 1908 1695 2030 1743; x_wconf 90' lang='lat' dir='ltr'>sicut</span> <span class='ocrx_word' id='word_1_239' title='bbox 2055 1705 2100 1743; x_wconf 88' lang='lat' dir='ltr'>et</span> <span class='ocrx_word' id='word_1_240' title='bbox 2130 1695 2331 1760; x_wconf 84' lang='lat' dir='ltr'>Spiritus</span> 
     </span>
     <span class='ocr_line' id='line_1_20' title="bbox 169 1775 2329 1845; baseline 0 -21"><span class='ocrx_word' id='word_1_241' title='bbox 169 1794 227 1824; x_wconf 76' lang='lat' dir='ltr'>ex</span> <span class='ocrx_word' id='word_1_242' title='bbox 255 1780 394 1827; x_wconf 85' lang='lat' dir='ltr'>Patre</span> <span class='ocrx_word' id='word_1_243' title='bbox 426 1777 649 1844; x_wconf 88' lang='lat' dir='ltr'>procedit</span> <span class='ocrx_word' id='word_1_244' title='bbox 675 1778 775 1826; x_wconf 86' lang='lat' dir='ltr'>sive</span> <span class='ocrx_word' id='word_1_245' title='bbox 803 1777 953 1840; x_wconf 81' lang='lat' dir='ltr'>Fili03</span> <span class='ocrx_word' id='word_1_246' title='bbox 981 1793 1083 1845; x_wconf 87' lang='lat' dir='ltr'>non</span> <span class='ocrx_word' id='word_1_247' title='bbox 1114 1776 1246 1824; x_wconf 90' lang='lat' dir='ltr'>enim</span> <span class='ocrx_word' id='word_1_248' title='bbox 1271 1775 1693 1842; x_wconf 90' lang='lat' dir='ltr'>quemadmodum</span> <span class='ocrx_word' id='word_1_249' title='bbox 1729 1775 1891 1824; x_wconf 88' lang='lat' dir='ltr'>honus</span> <span class='ocrx_word' id='word_1_250' title='bbox 1924 1776 2014 1824; x_wconf 88' lang='lat' dir='ltr'>Dei</span> <span class='ocrx_word' id='word_1_251' title='bbox 2046 1775 2243 1824; x_wconf 83' lang='lat' dir='ltr'>affectus</span> <span class='ocrx_word' id='word_1_252' title='bbox 2276 1793 2329 1823; x_wconf 86' lang='lat' dir='ltr'>ex</span> 
     </span>
     <span class='ocr_line' id='line_1_21' title="bbox 171 1856 2331 1924; baseline -0 -19"><span class='ocrx_word' id='word_1_253' title='bbox 171 1859 386 1922; x_wconf 88' lang='lat' dir='ltr'>potentia</span> <span class='ocrx_word' id='word_1_254' title='bbox 421 1859 524 1924; x_wconf 88' lang='lat' dir='ltr'>ejus</span> <span class='ocrx_word' id='word_1_255' title='bbox 558 1868 605 1906; x_wconf 89' lang='lat' dir='ltr'>et</span> <span class='ocrx_word' id='word_1_256' title='bbox 643 1858 900 1924; x_wconf 88' lang='lat' dir='ltr'>sapientia,</span> <span class='ocrx_word' id='word_1_257' title='bbox 931 1867 983 1906; x_wconf 89' lang='lat' dir='ltr'>ut</span> <span class='ocrx_word' id='word_1_258' title='bbox 1012 1857 1196 1906; x_wconf 90' lang='lat' dir='ltr'>dictum</span> <span class='ocrx_word' id='word_1_259' title='bbox 1231 1866 1326 1918; x_wconf 90' lang='lat' dir='ltr'>est,</span> <span class='ocrx_word' id='word_1_260' title='bbox 1365 1856 1615 1923; x_wconf 84' lang='lat' dir='ltr'>procedit,</span> <span class='ocrx_word' id='word_1_261' title='bbox 1654 1858 1718 1905; x_wconf 86' lang='lat' dir='ltr'>ita</span> <span class='ocrx_word' id='word_1_262' title='bbox 1747 1858 1970 1923; x_wconf 85' lang='lat' dir='ltr'>potentia</span> <span class='ocrx_word' id='word_1_263' title='bbox 2002 1858 2104 1924; x_wconf 86' lang='lat' dir='ltr'>ipsa</span> <span class='ocrx_word' id='word_1_264' title='bbox 2133 1858 2232 1906; x_wconf 89' lang='lat' dir='ltr'>sive</span> <span class='ocrx_word' id='word_1_265' title='bbox 2261 1873 2331 1904; x_wconf 92' lang='lat' dir='ltr'>sa-</span> 
     </span>
     <span class='ocr_line' id='line_1_22' title="bbox 171 1938 2329 2006; baseline 0 -21"><span class='ocrx_word' id='word_1_266' title='bbox 171 1939 351 2004; x_wconf 89' lang='lat' dir='ltr'>pientia</span> <span class='ocrx_word' id='word_1_267' title='bbox 372 1955 428 1987; x_wconf 84' lang='lat' dir='ltr'>ex</span> <span class='ocrx_word' id='word_1_268' title='bbox 453 1939 620 2006; x_wconf 92' lang='lat' dir='ltr'>seipsis</span> <span class='ocrx_word' id='word_1_269' title='bbox 641 1938 906 2005; x_wconf 88' lang='lat' dir='ltr'>procedere</span> <span class='ocrx_word' id='word_1_270' title='bbox 929 1948 1148 2006; x_wconf 90' lang='lat' dir='ltr'>possunt,</span> <span class='ocrx_word' id='word_1_271' title='bbox 1176 1938 1311 2004; x_wconf 91' lang='lat' dir='ltr'>quod</span> <span class='ocrx_word' id='word_1_272' title='bbox 1333 1948 1455 1987; x_wconf 88' lang='lat' dir='ltr'>esset</span> <span class='ocrx_word' id='word_1_273' title='bbox 1482 1941 1672 1987; x_wconf 84' lang='lat' dir='ltr'>Patrem</span> <span class='ocrx_word' id='word_1_274' title='bbox 1695 1938 1769 1986; x_wconf 89' lang='lat' dir='ltr'>vel</span> <span class='ocrx_word' id='word_1_275' title='bbox 1785 1939 1954 1987; x_wconf 90' lang='lat' dir='ltr'>Filium</span> <span class='ocrx_word' id='word_1_276' title='bbox 1977 1955 2079 1987; x_wconf 91' lang='lat' dir='ltr'>esse</span> <span class='ocrx_word' id='word_1_277' title='bbox 2103 1938 2329 2005; x_wconf 87' lang='lat' dir='ltr'>Spiritum</span> 
     </span>
     <span class='ocr_line' id='line_1_23' title="bbox 171 2029 410 2068; baseline 0.008 -2"><span class='ocrx_word' id='word_1_278' title='bbox 171 2029 410 2068; x_wconf 88' lang='lat' dir='ltr'>sanctum.</span> 
     </span>
    </p>

    <p class='ocr_par' dir='ltr' id='par_1_3' title="bbox 170 2100 2333 3134">
     <span class='ocr_line' id='line_1_24' title="bbox 236 2100 2328 2167; baseline 0 -19"><span class='ocrx_word' id='word_1_279' title='bbox 236 2101 389 2148; x_wconf 85' lang='lat' dir='ltr'>Graeci</span> <span class='ocrx_word' id='word_1_280' title='bbox 405 2111 570 2149; x_wconf 87' lang='lat' dir='ltr'>tamen</span> <span class='ocrx_word' id='word_1_281' title='bbox 591 2117 649 2149; x_wconf 83' lang='lat' dir='ltr'>ex</span> <span class='ocrx_word' id='word_1_282' title='bbox 665 2105 804 2150; x_wconf 89' lang='lat' dir='ltr'>Patre</span> <span class='ocrx_word' id='word_1_283' title='bbox 827 2102 952 2164; x_wconf 92' lang='lat' dir='ltr'>solo,</span> <span class='ocrx_word' id='word_1_284' title='bbox 969 2118 1068 2149; x_wconf 87' lang='lat' dir='ltr'>non</span> <span class='ocrx_word' id='word_1_285' title='bbox 1094 2102 1239 2149; x_wconf 85' lang='lat' dir='ltr'>etiam</span> <span class='ocrx_word' id='word_1_286' title='bbox 1255 2101 1374 2150; x_wconf 91' lang='lat' dir='ltr'>Filio</span> <span class='ocrx_word' id='word_1_287' title='bbox 1391 2101 1623 2167; x_wconf 82' lang='lat' dir='ltr'>Spiritum</span> <span class='ocrx_word' id='word_1_288' title='bbox 1647 2111 1866 2150; x_wconf 88' lang='lat' dir='ltr'>sanctum</span> <span class='ocrx_word' id='word_1_289' title='bbox 1894 2101 2156 2167; x_wconf 85' lang='lat' dir='ltr'>procedere</span> <span class='ocrx_word' id='word_1_290' title='bbox 2174 2100 2328 2166; x_wconf 85' lang='lat' dir='ltr'>profi-</span> 
     </span>
     <span class='ocr_line' id='line_1_25' title="bbox 172 2181 2331 2248; baseline 0 -21"><span class='ocrx_word' id='word_1_291' title='bbox 172 2190 353 2241; x_wconf 89' lang='lat' dir='ltr'>tentur,</span> <span class='ocrx_word' id='word_1_292' title='bbox 364 2198 424 2229; x_wconf 90' lang='lat' dir='ltr'>eo</span> <span class='ocrx_word' id='word_1_293' title='bbox 434 2182 616 2230; x_wconf 90' lang='lat' dir='ltr'>scilicet</span> <span class='ocrx_word' id='word_1_294' title='bbox 626 2181 760 2247; x_wconf 90' lang='lat' dir='ltr'>quod</span> <span class='ocrx_word' id='word_1_295' title='bbox 778 2182 1021 2231; x_wconf 90' lang='lat' dir='ltr'>Veritasin</span> <span class='ocrx_word' id='word_1_296' title='bbox 1036 2181 1295 2246; x_wconf 88' lang='lat' dir='ltr'>Evangelio</span> <span class='ocrx_word' id='word_1_297' title='bbox 1307 2181 1455 2230; x_wconf 87' lang='lat' dir='ltr'>fidem</span> <span class='ocrx_word' id='word_1_298' title='bbox 1467 2182 1649 2247; x_wconf 86' lang='lat' dir='ltr'>integre</span> <span class='ocrx_word' id='word_1_299' title='bbox 1663 2184 1943 2231; x_wconf 86' lang='lat' dir='ltr'>continente</span> <span class='ocrx_word' id='word_1_300' title='bbox 1955 2182 2015 2230; x_wconf 91' lang='lat' dir='ltr'>de</span> <span class='ocrx_word' id='word_1_301' title='bbox 2023 2183 2331 2248; x_wconf 86' lang='lat' dir='ltr'>processione</span> 
     </span>
     <span class='ocr_line' id='line_1_26' title="bbox 170 2262 2331 2330; baseline 0 -23"><span class='ocrx_word' id='word_1_302' title='bbox 170 2262 373 2326; x_wconf 89' lang='lat' dir='ltr'>Spiritus</span> <span class='ocrx_word' id='word_1_303' title='bbox 409 2262 632 2328; x_wconf 89' lang='lat' dir='ltr'>loquens,</span> <span class='ocrx_word' id='word_1_304' title='bbox 672 2263 832 2311; x_wconf 89' lang='lat' dir='ltr'>solum</span> <span class='ocrx_word' id='word_1_305' title='bbox 877 2266 1068 2311; x_wconf 86' lang='lat' dir='ltr'>Patrem</span> <span class='ocrx_word' id='word_1_306' title='bbox 1105 2272 1459 2311; x_wconf 89' lang='lat' dir='ltr'>commemorat</span> <span class='ocrx_word' id='word_1_307' title='bbox 1487 2262 1678 2311; x_wconf 78' lang='lat' dir='ltr'>dicens²</span> <span class='ocrx_word' id='word_1_308' title='bbox 1705 2281 1715 2310; x_wconf 74' lang='grc' dir='ltr'><strong><em>ε</em></strong></span> <span class='ocrx_word' id='word_1_309' title='bbox 1750 2283 1774 2309; x_wconf 92' lang='lat'>«</span> <span class='ocrx_word' id='word_1_310' title='bbox 1800 2263 2005 2330; x_wconf 90' lang='lat' dir='ltr'>Spiritus</span> <span class='ocrx_word' id='word_1_311' title='bbox 2033 2263 2116 2328; x_wconf 89' lang='lat' dir='ltr'>qui</span> <span class='ocrx_word' id='word_1_312' title='bbox 2141 2279 2171 2310; x_wconf 87' lang='lat' dir='ltr'>a</span> <span class='ocrx_word' id='word_1_313' title='bbox 2196 2266 2331 2310; x_wconf 85' lang='lat' dir='ltr'>Patre</span> 
     </span>
     <span class='ocr_line' id='line_1_27' title="bbox 171 2342 2327 2411; baseline -0.001 -22"><span class='ocrx_word' id='word_1_314' title='bbox 171 2342 407 2406; x_wconf 88' lang='lat' dir='ltr'>procedit.</span> <span class='ocrx_word' id='word_1_315' title='bbox 434 2362 458 2388; x_wconf 75' lang='grc' dir='ltr'><strong>υ</strong></span> <span class='ocrx_word' id='word_1_316' title='bbox 485 2344 580 2401; x_wconf 90' lang='lat' dir='ltr'>Qui</span> <span class='ocrx_word' id='word_1_317' title='bbox 603 2344 749 2391; x_wconf 89' lang='lat' dir='ltr'>etiam</span> <span class='ocrx_word' id='word_1_318' title='bbox 786 2360 932 2409; x_wconf 91' lang='lat' dir='ltr'>super</span> <span class='ocrx_word' id='word_1_319' title='bbox 965 2344 1061 2392; x_wconf 91' lang='lat' dir='ltr'>hoc</span> <span class='ocrx_word' id='word_1_320' title='bbox 1085 2344 1221 2409; x_wconf 90' lang='lat' dir='ltr'>quod</span> <span class='ocrx_word' id='word_1_321' title='bbox 1245 2360 1273 2391; x_wconf 88' lang='lat' dir='ltr'>a</span> <span class='ocrx_word' id='word_1_322' title='bbox 1296 2343 1415 2392; x_wconf 85' lang='lat' dir='ltr'>Filio</span> <span class='ocrx_word' id='word_1_323' title='bbox 1446 2361 1559 2392; x_wconf 89' lang='lat' dir='ltr'>eum</span> <span class='ocrx_word' id='word_1_324' title='bbox 1582 2360 1779 2410; x_wconf 86' lang='lat' dir='ltr'>quoque</span> <span class='ocrx_word' id='word_1_325' title='bbox 1804 2344 2069 2411; x_wconf 86' lang='lat' dir='ltr'>procedere</span> <span class='ocrx_word' id='word_1_326' title='bbox 2107 2343 2327 2399; x_wconf 88' lang='lat' dir='ltr'>dicimus,</span> 
     </span>
     <span class='ocr_line' id='line_1_28' title="bbox 171 2422 2330 2491; baseline -0 -22"><span class='ocrx_word' id='word_1_327' title='bbox 171 2438 263 2470; x_wconf 92' lang='lat' dir='ltr'>nos</span> <span class='ocrx_word' id='word_1_328' title='bbox 289 2422 603 2471; x_wconf 89' lang='lat' dir='ltr'>vehementer</span> <span class='ocrx_word' id='word_1_329' title='bbox 635 2435 845 2489; x_wconf 87' lang='lat' dir='ltr'>arguunt</span> <span class='ocrx_word' id='word_1_330' title='bbox 866 2435 1010 2491; x_wconf 88' lang='lat' dir='ltr'>atque</span> <span class='ocrx_word' id='word_1_331' title='bbox 1037 2441 1146 2472; x_wconf 89' lang='lat' dir='ltr'>reos</span> <span class='ocrx_word' id='word_1_332' title='bbox 1173 2424 1494 2473; x_wconf 87' lang='lat' dir='ltr'>anathematis</span> <span class='ocrx_word' id='word_1_333' title='bbox 1515 2426 1667 2474; x_wconf 90' lang='lat' dir='ltr'>teneri</span> <span class='ocrx_word' id='word_1_334' title='bbox 1692 2435 1928 2485; x_wconf 89' lang='lat' dir='ltr'>asserunt,</span> <span class='ocrx_word' id='word_1_335' title='bbox 1954 2423 2089 2489; x_wconf 90' lang='lat' dir='ltr'>quod</span> <span class='ocrx_word' id='word_1_336' title='bbox 2119 2424 2168 2470; x_wconf 91' lang='lat' dir='ltr'>in</span> <span class='ocrx_word' id='word_1_337' title='bbox 2195 2422 2330 2486; x_wconf 89' lang='lat' dir='ltr'>prin-</span> 
     </span>
     <span class='ocr_line' id='line_1_29' title="bbox 171 2503 2333 2572; baseline -0.001 -22"><span class='ocrx_word' id='word_1_338' title='bbox 171 2503 407 2568; x_wconf 88' lang='lat' dir='ltr'>cipalibus</span> <span class='ocrx_word' id='word_1_339' title='bbox 424 2504 650 2553; x_wconf 90' lang='lat' dir='ltr'>Conciliis</span> <span class='ocrx_word' id='word_1_340' title='bbox 670 2522 775 2571; x_wconf 87' lang='lat' dir='ltr'>quae</span> <span class='ocrx_word' id='word_1_341' title='bbox 795 2506 927 2572; x_wconf 91' lang='lat' dir='ltr'>apud</span> <span class='ocrx_word' id='word_1_342' title='bbox 958 2522 1042 2554; x_wconf 92' lang='lat' dir='ltr'>eos</span> <span class='ocrx_word' id='word_1_343' title='bbox 1074 2505 1315 2554; x_wconf 87' lang='lat' dir='ltr'>celebrata</span> <span class='ocrx_word' id='word_1_344' title='bbox 1340 2516 1477 2567; x_wconf 90' lang='lat' dir='ltr'>sunt,</span> <span class='ocrx_word' id='word_1_345' title='bbox 1519 2507 1583 2554; x_wconf 90' lang='lat' dir='ltr'>ita</span> <span class='ocrx_word' id='word_1_346' title='bbox 1607 2506 1828 2570; x_wconf 88' lang='lat' dir='ltr'>symbola</span> <span class='ocrx_word' id='word_1_347' title='bbox 1858 2523 2029 2554; x_wconf 88' lang='lat' dir='ltr'>eorum</span> <span class='ocrx_word' id='word_1_348' title='bbox 2066 2503 2333 2566; x_wconf 86' lang='lat' dir='ltr'>subjunctis</span> 
     </span>
     <span class='ocr_line' id='line_1_30' title="bbox 171 2582 2332 2647; baseline -0 -17"><span class='ocrx_word' id='word_1_349' title='bbox 171 2582 556 2633; x_wconf 83' lang='lat' dir='ltr'>anathematibus</span> <span class='ocrx_word' id='word_1_350' title='bbox 578 2586 763 2635; x_wconf 88' lang='lat' dir='ltr'>sancita</span> <span class='ocrx_word' id='word_1_351' title='bbox 785 2596 916 2646; x_wconf 89' lang='lat' dir='ltr'>sunt,</span> <span class='ocrx_word' id='word_1_352' title='bbox 938 2597 991 2634; x_wconf 89' lang='lat' dir='ltr'>ut</span> <span class='ocrx_word' id='word_1_353' title='bbox 1014 2585 1134 2634; x_wconf 93' lang='lat' dir='ltr'>nulli</span> <span class='ocrx_word' id='word_1_354' title='bbox 1154 2586 1216 2634; x_wconf 90' lang='lat' dir='ltr'>de</span> <span class='ocrx_word' id='word_1_355' title='bbox 1240 2586 1336 2634; x_wconf 83' lang='lat' dir='ltr'>fide</span> <span class='ocrx_word' id='word_1_356' title='bbox 1358 2587 1600 2635; x_wconf 88' lang='lat' dir='ltr'>Trinitatis</span> <span class='ocrx_word' id='word_1_357' title='bbox 1622 2587 1754 2635; x_wconf 89' lang='lat' dir='ltr'>aliud</span> <span class='ocrx_word' id='word_1_358' title='bbox 1778 2587 1955 2645; x_wconf 88' lang='lat' dir='ltr'>dicere,</span> <span class='ocrx_word' id='word_1_359' title='bbox 1973 2584 2046 2633; x_wconf 87' lang='lat' dir='ltr'>vel</span> <span class='ocrx_word' id='word_1_360' title='bbox 2065 2582 2195 2632; x_wconf 91' lang='lat' dir='ltr'>aliud</span> <span class='ocrx_word' id='word_1_361' title='bbox 2219 2599 2332 2647; x_wconf 88' lang='lat' dir='ltr'>prae-</span> 
     </span>
     <span class='ocr_line' id='line_1_31' title="bbox 171 2662 2330 2731; baseline -0 -21"><span class='ocrx_word' id='word_1_362' title='bbox 171 2662 352 2724; x_wconf 90' lang='lat' dir='ltr'>dicare,</span> <span class='ocrx_word' id='word_1_363' title='bbox 375 2667 527 2728; x_wconf 81' lang='lat' dir='ltr'>&#39;quam</span> <span class='ocrx_word' id='word_1_364' title='bbox 547 2664 613 2712; x_wconf 92' lang='lat' dir='ltr'>ibi</span> <span class='ocrx_word' id='word_1_365' title='bbox 638 2667 961 2729; x_wconf 88' lang='lat' dir='ltr'>contineatur,</span> <span class='ocrx_word' id='word_1_366' title='bbox 988 2667 1154 2727; x_wconf 87' lang='lat' dir='ltr'>liceat;</span> <span class='ocrx_word' id='word_1_367' title='bbox 1181 2667 1230 2714; x_wconf 93' lang='lat' dir='ltr'>in</span> <span class='ocrx_word' id='word_1_368' title='bbox 1256 2666 1433 2731; x_wconf 90' lang='lat' dir='ltr'>quibus</span> <span class='ocrx_word' id='word_1_369' title='bbox 1455 2666 1654 2731; x_wconf 91' lang='lat' dir='ltr'>quidem</span> <span class='ocrx_word' id='word_1_370' title='bbox 1678 2666 1909 2731; x_wconf 85' lang='lat' dir='ltr'>symbolis</span> <span class='ocrx_word' id='word_1_371' title='bbox 1931 2681 2044 2712; x_wconf 90' lang='lat' dir='ltr'>cum</span> <span class='ocrx_word' id='word_1_372' title='bbox 2063 2665 2111 2711; x_wconf 91' lang='lat' dir='ltr'>in</span> <span class='ocrx_word' id='word_1_373' title='bbox 2136 2678 2330 2728; x_wconf 90' lang='lat' dir='ltr'>proces—</span> 
     </span>
     <span class='ocr_line' id='line_1_32' title="bbox 171 2742 2327 2812; baseline 0 -23"><span class='ocrx_word' id='word_1_374' title='bbox 171 2744 307 2793; x_wconf 91' lang='lat' dir='ltr'>sione</span> <span class='ocrx_word' id='word_1_375' title='bbox 323 2745 526 2810; x_wconf 89' lang='lat' dir='ltr'>Spiritus</span> <span class='ocrx_word' id='word_1_376' title='bbox 545 2746 606 2793; x_wconf 94' lang='lat' dir='ltr'>de</span> <span class='ocrx_word' id='word_1_377' title='bbox 619 2746 725 2794; x_wconf 92' lang='lat' dir='ltr'>solo</span> <span class='ocrx_word' id='word_1_378' title='bbox 741 2750 879 2796; x_wconf 87' lang='lat' dir='ltr'>Patre</span> <span class='ocrx_word' id='word_1_379' title='bbox 896 2757 1324 2807; x_wconf 88' lang='lat' dir='ltr'>commemoretur,</span> <span class='ocrx_word' id='word_1_380' title='bbox 1341 2748 1640 2812; x_wconf 91' lang='lat' dir='ltr'>quicunque,</span> <span class='ocrx_word' id='word_1_381' title='bbox 1665 2748 1909 2812; x_wconf 87' lang='lat' dir='ltr'>inquiunt,</span> <span class='ocrx_word' id='word_1_382' title='bbox 1930 2745 2100 2793; x_wconf 90' lang='lat' dir='ltr'>Filium</span> <span class='ocrx_word' id='word_1_383' title='bbox 2123 2742 2327 2801; x_wconf 90' lang='lat' dir='ltr'>addunt,</span> 
     </span>
     <span class='ocr_line' id='line_1_33' title="bbox 172 2823 2330 2893; baseline -0 -22"><span class='ocrx_word' id='word_1_384' title='bbox 172 2824 431 2873; x_wconf 87' lang='lat' dir='ltr'>anathema</span> <span class='ocrx_word' id='word_1_385' title='bbox 453 2826 723 2875; x_wconf 88' lang='lat' dir='ltr'>incurrunt.</span> <span class='ocrx_word' id='word_1_386' title='bbox 747 2827 948 2875; x_wconf 86' lang='lat' dir='ltr'>Addunt</span> <span class='ocrx_word' id='word_1_387' title='bbox 961 2829 1105 2875; x_wconf 89' lang='lat' dir='ltr'>etiam</span> <span class='ocrx_word' id='word_1_388' title='bbox 1128 2828 1190 2875; x_wconf 88' lang='lat' dir='ltr'>ad</span> <span class='ocrx_word' id='word_1_389' title='bbox 1217 2828 1632 2891; x_wconf 85' lang='lat' dir='ltr'>exaggerationem</span> <span class='ocrx_word' id='word_1_390' title='bbox 1653 2827 1982 2893; x_wconf 79' lang='lat' dir='ltr'>impudentiae,</span> <span class='ocrx_word' id='word_1_391' title='bbox 2010 2834 2184 2873; x_wconf 83' lang='lat' dir='ltr'>nostrae</span> <span class='ocrx_word' id='word_1_392' title='bbox 2198 2823 2330 2871; x_wconf 82' lang='lat' dir='ltr'>testi-</span> 
     </span>
     <span class='ocr_line' id='line_1_34' title="bbox 172 2905 2332 2972; baseline 0 -21"><span class='ocrx_word' id='word_1_393' title='bbox 172 2905 394 2953; x_wconf 89' lang='lat' dir='ltr'>monium</span> <span class='ocrx_word' id='word_1_394' title='bbox 439 2905 766 2954; x_wconf 88' lang='lat' dir='ltr'>damnationis</span> <span class='ocrx_word' id='word_1_395' title='bbox 801 2908 1096 2972; x_wconf 77' lang='lat' dir='ltr'>symbolum³</span> <span class='ocrx_word' id='word_1_396' title='bbox 1137 2907 1284 2967; x_wconf 88' lang='lat' dir='ltr'>fidei,</span> <span class='ocrx_word' id='word_1_397' title='bbox 1326 2907 1460 2972; x_wconf 92' lang='lat' dir='ltr'>quod</span> <span class='ocrx_word' id='word_1_398' title='bbox 1491 2908 1628 2972; x_wconf 84' lang='lat' dir='ltr'>juxta</span> <span class='ocrx_word' id='word_1_399' title='bbox 1660 2907 1970 2956; x_wconf 87' lang='lat' dir='ltr'>traditionem</span> <span class='ocrx_word' id='word_1_400' title='bbox 1993 2905 2332 2972; x_wconf 77' lang='lat' dir='ltr'>praedictorum</span> 
     </span>
     <span class='ocr_line' id='line_1_35' title="bbox 173 2985 2332 3053; baseline -0 -21"><span class='ocrx_word' id='word_1_401' title='bbox 173 2985 521 3047; x_wconf 90' lang='lat' dir='ltr'>Conciliorum,</span> <span class='ocrx_word' id='word_1_402' title='bbox 546 2990 644 3035; x_wconf 93' lang='lat' dir='ltr'>Leo</span> <span class='ocrx_word' id='word_1_403' title='bbox 686 2988 852 3035; x_wconf 89' lang='lat' dir='ltr'>tertius</span> <span class='ocrx_word' id='word_1_404' title='bbox 890 2991 1052 3036; x_wconf 88' lang='lat' dir='ltr'>Romae</span> <span class='ocrx_word' id='word_1_405' title='bbox 1092 2989 1433 3053; x_wconf 86' lang='lat' dir='ltr'>transcriptum</span> <span class='ocrx_word' id='word_1_406' title='bbox 1465 2988 1515 3036; x_wconf 92' lang='lat' dir='ltr'>in</span> <span class='ocrx_word' id='word_1_407' title='bbox 1557 2987 1719 3037; x_wconf 87' lang='lat' dir='ltr'>tabula</span> <span class='ocrx_word' id='word_1_408' title='bbox 1753 2997 1978 3052; x_wconf 88' lang='lat' dir='ltr'>argentea</span> <span class='ocrx_word' id='word_1_409' title='bbox 2018 2986 2220 3052; x_wconf 88' lang='lat' dir='ltr'>posteris</span> <span class='ocrx_word' id='word_1_410' title='bbox 2251 3001 2332 3031; x_wconf 91' lang='lat' dir='ltr'>re-</span> 
     </span>
     <span class='ocr_line' id='line_1_36' title="bbox 176 3063 2330 3134; baseline 0.001 -24"><span class='ocrx_word' id='word_1_411' title='bbox 176 3063 334 3128; x_wconf 80' lang='lat' dir='ltr'>liquit,</span> <span class='ocrx_word' id='word_1_412' title='bbox 363 3083 453 3131; x_wconf 89' lang='lat' dir='ltr'>pro</span> <span class='ocrx_word' id='word_1_413' title='bbox 478 3084 664 3129; x_wconf 90' lang='lat' dir='ltr'>amore,</span> <span class='ocrx_word' id='word_1_414' title='bbox 703 3069 967 3134; x_wconf 86' lang='lat' dir='ltr'>utipsemet</span> <span class='ocrx_word' id='word_1_415' title='bbox 993 3068 1128 3129; x_wconf 89' lang='lat' dir='ltr'>dicit,</span> <span class='ocrx_word' id='word_1_416' title='bbox 1157 3078 1206 3117; x_wconf 86' lang='lat' dir='ltr'>et</span> <span class='ocrx_word' id='word_1_417' title='bbox 1226 3068 1415 3117; x_wconf 88' lang='lat' dir='ltr'>cautela</span> <span class='ocrx_word' id='word_1_418' title='bbox 1446 3068 1731 3117; x_wconf 71' lang='lat' dir='ltr'>orthodoxae</span> <span class='ocrx_word' id='word_1_419' title='bbox 1763 3067 1892 3117; x_wconf 82' lang='lat' dir='ltr'>fidei.</span> <span class='ocrx_word' id='word_1_420' title='bbox 1929 3071 1982 3115; x_wconf 87' lang='lat' dir='ltr'>In</span> <span class='ocrx_word' id='word_1_421' title='bbox 2008 3084 2107 3132; x_wconf 92' lang='lat' dir='ltr'>quo</span> <span class='ocrx_word' id='word_1_422' title='bbox 2135 3066 2330 3131; x_wconf 90' lang='lat' dir='ltr'>quidem</span> 
     </span>
    </p>
   </div>
   <div class='ocr_carea' id='block_1_3' title="bbox 176 3272 2330 3369">
    <p class='ocr_par' dir='ltr' id='par_1_4' title="bbox 176 3272 2330 3369">
     <span class='ocr_line' id='line_1_37' title="bbox 220 3272 2330 3319; baseline 0 -15"><span class='ocrx_word' id='word_1_423' title='bbox 220 3273 315 3305; x_wconf 81' lang='lat' dir='ltr'>¹Lib.</span> <span class='ocrx_word' id='word_1_424' title='bbox 331 3272 358 3313; x_wconf 86' lang='lat'>1,</span> <span class='ocrx_word' id='word_1_425' title='bbox 376 3282 448 3315; x_wconf 81' lang='lat' dir='ltr'>cap.</span> <span class='ocrx_word' id='word_1_426' title='bbox 475 3284 500 3307; x_wconf 90' lang='lat'>1.</span> <span class='ocrx_word' id='word_1_427' title='bbox 528 3275 627 3318; x_wconf 82' lang='lat' dir='ltr'>Opp.,</span> <span class='ocrx_word' id='word_1_428' title='bbox 650 3281 678 3309; x_wconf 86' lang='lat' dir='ltr'>t.</span> <span class='ocrx_word' id='word_1_429' title='bbox 702 3275 787 3313; x_wconf 84' lang='lat' dir='ltr'>Vlll,</span> <span class='ocrx_word' id='word_1_430' title='bbox 807 3278 868 3310; x_wconf 90' lang='lat' dir='ltr'>col.</span> <span class='ocrx_word' id='word_1_431' title='bbox 890 3278 963 3311; x_wconf 82' lang='lat'><strong>749.</strong></span> <span class='ocrx_word' id='word_1_432' title='bbox 994 3294 1035 3301; x_wconf 86' lang='lat'>—-—</span> <span class='ocrx_word' id='word_1_433' title='bbox 1056 3277 1186 3318; x_wconf 80' lang='lat' dir='ltr'>²Joan.‚</span> <span class='ocrx_word' id='word_1_434' title='bbox 1210 3286 1282 3318; x_wconf 82' lang='lat' dir='ltr'>cap.</span> <span class='ocrx_word' id='word_1_435' title='bbox 1307 3286 1363 3317; x_wconf 82' lang='lat' dir='ltr'>xv,</span> <span class='ocrx_word' id='word_1_436' title='bbox 1391 3286 1419 3308; x_wconf 90' lang='lat' dir='ltr'>v.</span> <span class='ocrx_word' id='word_1_437' title='bbox 1446 3278 1498 3310; x_wconf 83' lang='lat'>26.</span> <span class='ocrx_word' id='word_1_438' title='bbox 1535 3294 1565 3300; x_wconf 88' lang='lat'>-</span> <span class='ocrx_word' id='word_1_439' title='bbox 1585 3277 1702 3310; x_wconf 79' lang='lat' dir='ltr'>³Deest</span> <span class='ocrx_word' id='word_1_440' title='bbox 1723 3276 1913 3319; x_wconf 77' lang='lat' dir='ltr'>symbolum</span> <span class='ocrx_word' id='word_1_441' title='bbox 1942 3278 1974 3309; x_wconf 82' lang='lat' dir='ltr'>in</span> <span class='ocrx_word' id='word_1_442' title='bbox 2006 3275 2086 3308; x_wconf 88' lang='lat' dir='ltr'>Cod.</span> <span class='ocrx_word' id='word_1_443' title='bbox 2112 3274 2193 3308; x_wconf 86' lang='lat' dir='ltr'>Vict.</span> <span class='ocrx_word' id='word_1_444' title='bbox 2215 3279 2248 3305; x_wconf 85' lang='lat' dir='ltr'>et</span> <span class='ocrx_word' id='word_1_445' title='bbox 2270 3273 2330 3306; x_wconf 86' lang='lat' dir='ltr'>Ed.</span> 
     </span>
     <span class='ocr_line' id='line_1_38' title="bbox 176 3325 824 3369; baseline 0.011 -13"><span class='ocrx_word' id='word_1_446' title='bbox 176 3325 286 3367; x_wconf 60' lang='grc' dir='ltr'>Δηὼ,</span> <span class='ocrx_word' id='word_1_447' title='bbox 302 3328 361 3361; x_wconf 78' lang='lat' dir='ltr'>sed</span> <span class='ocrx_word' id='word_1_448' title='bbox 380 3328 498 3369; x_wconf 84' lang='lat' dir='ltr'>legitur</span> <span class='ocrx_word' id='word_1_449' title='bbox 516 3330 548 3361; x_wconf 87' lang='lat' dir='ltr'>in</span> <span class='ocrx_word' id='word_1_450' title='bbox 572 3328 682 3363; x_wconf 80' lang='lat' dir='ltr'>Theol.</span> <span class='ocrx_word' id='word_1_451' title='bbox 698 3329 824 3363; x_wconf 79' lang='lat' dir='ltr'>Christ.</span> 
     </span>
    </p>
   </div>
  </div>
 </body>
</html>
