2638 3866
294 231 355 278 38
903 278 908 282 ,
1095 225 1264 271 PETRI
1305 223 1612 272 ABAELARDI

294 337 391 384 quo
414 319 557 366 etiam
579 315 847 363 notandum
871 324 968 374 est,
994 314 1126 379 quod
1157 314 1274 361 dum
1298 330 1403 361 eam
1430 330 1629 379 praeesse
1659 313 1878 377 regimini
1901 310 2071 358 mundi
2098 321 2148 358 ut
2170 310 2415 357 dominam

294 399 431 458 dicit,
454 397 666 463 profecto
698 411 803 442 eam
841 395 975 441 omni
1005 394 1191 459 praefert
1213 403 1465 452 creaturae,
1494 403 1542 440 et
1570 396 1726 440 Deum
1761 409 1862 440 esse
1892 392 2082 450 astruit,
2119 406 2264 454 quam
2286 399 2417 454 post-

295 478 494 526 modum
526 476 601 523 his
630 473 786 522 verbis
823 474 1034 521 animam
1070 473 1240 520 mundi
1274 473 1482 521 vocavit.
1511 475 1615 520 Hoc
1638 473 1752 520 dicit
1781 492 1791 521 :
1832 493 1855 515 «t
1891 475 1949 519 Et
1975 471 2172 519 demum
2200 469 2421 534 reliquias

294 558 463 622 prioris
489 554 828 615 concretionis,
854 570 912 601 ex
943 568 1040 617 qua
1071 553 1282 600 animam
1317 551 1486 600 mundi
1520 553 1911 615 commiscuerat,
1935 561 2029 600 etc.
2060 569 2084 595 »
2114 553 2238 597 Bene
2260 558 2417 596 autem

293 638 520 702 Spiritum
543 643 757 682 sanctum
783 633 993 680 animam
1017 633 1184 680 mundi
1208 633 1340 696 quasi
1365 634 1512 681 vitam
1536 633 1855 681 universitatis
1877 632 2061 697 posuit,
2080 646 2189 678 cum
2207 630 2256 676 in
2270 628 2420 676 boni-

293 725 386 763 tate
430 715 516 762 Dei
551 713 714 760 omnia
750 711 1114 777 quodammodo
1153 712 1310 760 vivere
1338 712 1573 772 habeant,
1607 723 1655 760 et
1684 714 1905 760 universa
1932 722 2162 775 tanquam
2193 711 2298 757 viva
2327 709 2421 756 sint

292 794 421 860 apud
440 797 619 855 Deum,
646 802 692 840 et
716 792 846 839 nulla
872 801 1086 853 mortua,
1117 791 1212 839 hoc
1235 786 1313 838 est
1331 792 1463 841 nulla
1485 793 1692 855 inutilia,
1714 810 1804 841 nec
1839 794 1980 840 etiam
2015 792 2117 857 ipsa
2141 790 2290 851 mala,
2315 805 2420 854 quae

291 875 471 939 optime
512 890 598 938 per
635 872 900 919 bonitatem
934 872 1082 936 ipsius
1119 861 1458 936 disponuntur,
1489 873 1623 937 juxta
1656 873 1791 938 quod
1821 882 1920 920 tam
1951 870 2080 937 apud
2103 868 2421 932 Evangelistas

293 970 437 1018 quam
458 953 588 1019 apud
613 952 880 1000 Platonicos
897 987 909 1010 ,
939 952 1170 1016 scriptum
1199 968 1300 999 esse
1329 952 1684 999 meminimus¹:
1715 972 1739 997 α
1762 952 1907 1010 Quod
1938 952 2116 999 factum
2139 960 2208 998 est
2237 950 2287 996 in
2317 950 2421 1014 ipso

295 1034 388 1081 vita
410 1044 527 1081 erat.
552 1052 575 1076 »
597 1036 660 1081 Ac
679 1034 717 1080 si
733 1033 911 1080 diceret
930 1049 940 1078 ε
971 1032 1146 1079 Omnia
1165 1032 1489 1097 temporaliter
1511 1032 1633 1081 facta
1649 1050 1736 1099 per
1752 1034 1929 1099 ipsum,
1953 1032 2050 1079 hoc
2075 1040 2143 1078 est
2163 1046 2248 1095 per
2269 1030 2421 1095 ipsam

294 1114 379 1161 Dei
403 1113 663 1162 bonitatem
688 1112 905 1168 condita,
934 1111 984 1158 in
1020 1112 1122 1177 ipsa
1143 1112 1231 1159 Dei
1256 1111 1471 1174 bonitate
1491 1112 1856 1176 quodammodo
1883 1112 2158 1179 perenniter
2179 1108 2419 1169 vivebant,

293 1211 402 1241 cum
446 1192 575 1258 apud
607 1192 817 1240 divinam
847 1190 1199 1257 providentiam
1224 1193 1385 1239 omnia
1417 1192 1476 1239 ab
1504 1202 1684 1240 aeterno
1709 1209 1796 1258 per
1820 1193 1923 1257 ejus
1945 1192 2213 1239 bonitatem
2241 1189 2422 1254 optime

293 1283 447 1320 essent
468 1272 687 1320 ordinata
702 1310 714 1333 ,
739 1282 790 1319 ut
815 1281 911 1318 tam
934 1271 1056 1318 bene
1079 1271 1265 1335 singula
1285 1270 1548 1337 procedere
1570 1271 1737 1331 vellet,
1761 1282 1997 1337 quantum
2017 1279 2277 1336 oporteret.
2301 1268 2423 1316 Hinc

293 1368 390 1399 non
422 1353 683 1415 incongrue
704 1351 821 1399 illud
850 1351 1064 1416 Apostoli
1087 1368 1356 1399 consonare
1378 1351 1594 1412 videtur,
1619 1352 1752 1417 quod
1777 1352 1997 1418 perhibet
2019 1348 2422 1418 philosophorum

292 1431 526 1496 quosdam
565 1431 761 1492 dixisse,
789 1431 922 1495 quod
956 1451 978 1476 κ
1008 1431 1055 1477 in
1089 1434 1192 1478 Deo
1222 1432 1448 1491 vivimus,
1483 1448 1738 1479 movemur
1766 1442 1813 1480 et
1835 1434 2051 1493 sumns’,
2087 1452 2111 1475 ω
2149 1446 2205 1478 ac
2233 1429 2274 1476 si
2297 1427 2424 1476 hanc

292 1511 501 1557 animam
525 1510 693 1558 mundi
726 1511 885 1575 ipsum
923 1511 1238 1576 intelligerent
1276 1515 1449 1559 Deum.
1483 1510 1628 1570 Quod
1661 1513 1776 1559 vero
1803 1511 1919 1559 dicit
1946 1514 2103 1558 Deum
2133 1509 2424 1573 excogitasse

293 1591 484 1637 tertium
509 1591 676 1637 animae
696 1606 867 1653 genus,
889 1590 1022 1654 quod
1045 1591 1255 1638 animam
1277 1590 1447 1638 mundi
1465 1590 1672 1638 dicimus
1688 1629 1701 1654 ,
1722 1591 1816 1639 tale
1839 1601 1911 1639 est
1934 1607 1991 1638 ac
2011 1591 2051 1638 si
2069 1590 2256 1637 tertiam
2276 1603 2306 1636 a
2320 1590 2425 1635 Deo

294 1681 338 1717 et
365 1672 542 1733 Noym³
575 1686 830 1735 personam
859 1679 1034 1717 astruat
1066 1687 1166 1717 esse
1200 1672 1428 1736 Spiritum
1451 1681 1667 1719 sanctum
1698 1673 1747 1719 in
1771 1673 1851 1719 illa
1874 1670 2102 1737 spirituali
2127 1669 2291 1717 divina
2315 1668 2427 1717 sub-

295 1751 481 1797 stantia.
510 1751 787 1813 Excogitare
815 1753 943 1798 Deus
976 1751 1178 1811 dicitur,
1204 1751 1301 1799 hoc
1335 1735 1500 1800 est-ex
1532 1753 1721 1817 integro
1755 1754 2001 1819 percipere
2035 1752 2176 1799 unius
2210 1765 2426 1816 personae

296 1829 651 1890 discretionem,
680 1846 823 1893 quam
848 1847 936 1877 nos
964 1830 1105 1894 digne
1128 1832 1356 1895 cogitare,
1377 1842 1520 1897 atque
1536 1832 1597 1880 ab
1621 1834 1725 1899 ipso
1747 1837 1883 1880 Patre
1902 1843 1949 1880 et
1969 1833 2086 1879 Filio
2105 1831 2246 1897 plene
2260 1830 2428 1877 distin-

296 1925 438 1972 guere
461 1926 559 1956 non
586 1909 869 1966 sufficimus;
896 1910 985 1958 soli
1007 1911 1185 1975 quippe
1209 1911 1296 1958 sibi
1327 1913 1527 1960 Trinitas
1553 1913 1718 1960 divina
1739 1929 1852 1960 vere
1876 1913 2069 1977 cognita
2087 1921 2173 1959 est.
2199 1914 2428 1958 Tantum-

296 1989 407 2035 dem
427 1991 569 2036 etiam
584 1989 708 2037 valet
723 1989 925 2054 aliquid⁴
940 2007 995 2037 ex
1010 1993 1112 2037 Deo
1133 1993 1387 2054 excogitari
1404 1994 1566 2058 aliquo
1588 1993 1757 2054 modo,
1785 2004 2021 2058 quantum
2043 1991 2162 2039 illud
2179 1999 2231 2038 se
2250 1989 2428 2038 habere

297 2062 376 2109 illo
395 2063 544 2110 modo
560 2101 571 2122 ,
594 2063 688 2111 hoc
709 2074 779 2111 est
802 2065 866 2111 ita
890 2065 1118 2112 veraciter
1138 2082 1254 2112 esse.
1281 2067 1467 2115 Deinde
1490 2069 1651 2116 statim
1674 2068 1819 2132 hujus
1837 2069 1987 2115 tertiae
2009 2082 2227 2133 personae
2241 2102 2253 2126 ‚
2281 2081 2425 2130 quam

296 2143 504 2190 animam
528 2144 696 2191 mundi
721 2144 924 2191 collocat
939 2182 952 2205 ,
969 2144 1243 2207 diligentem
1267 2146 1461 2194 adhibet
1483 2147 1856 2213 descriptionem
1873 2185 1885 2206 ‚
1911 2164 2023 2195 cum
2048 2146 2426 2210 animamipsam

297 2237 352 2267 ex
374 2222 621 2270 individua
637 2233 683 2270 et
700 2223 1261 2272 immutabilisubstantia
1285 2228 1545 2275 consistere
1567 2227 1812 2293 perhibet,
1829 2244 1884 2275 ac
1909 2244 2100 2274 rursum
2123 2243 2180 2273 ex
2203 2225 2437 2283 dividua,

295 2301 561 2348 secundum
577 2303 709 2366 quod
726 2303 902 2350 scilicet
917 2303 1119 2368 seipsam
1138 2304 1298 2352 anima
1313 2307 1530 2354 scindere
1545 2317 1740 2372 putatur
1762 2324 1848 2372 per
1871 2311 2093 2372 corpora.
2113 2306 2224 2353 Tale
2247 2305 2428 2370 quippe

297 2389 367 2426 est
389 2381 524 2444 quod
547 2382 661 2429 dicit
684 2383 894 2429 animam
917 2400 973 2429 ex
999 2383 1092 2430 hoc
1115 2393 1161 2430 et
1183 2384 1263 2431 illo
1287 2396 1526 2447 constare,
1556 2397 1784 2451 tanquam
1805 2387 1843 2433 si
1866 2386 2048 2433 diceret
2067 2386 2218 2450 ipsam
2241 2385 2308 2431 sic
2331 2393 2427 2431 tam

299 2458 391 2506 hoc
415 2477 561 2524 quam
583 2461 701 2508 illud
723 2462 771 2508 in
797 2478 844 2508 se
868 2461 1045 2509 habere
1061 2500 1072 2521 ‚
1098 2473 1148 2509 ut
1171 2464 1272 2528 ipsa
1297 2466 1464 2512 animae
1492 2466 1753 2513 substantia
1777 2475 1822 2513 et
1849 2465 2098 2512 individua
2117 2475 2164 2512 et
2189 2463 2427 2529 quodam·

300 2538 446 2586 modo
471 2540 665 2587 dividua
681 2541 755 2587 sit.
780 2543 899 2587 Nam
919 2551 964 2588 et
986 2530 1186 2607 Spiritus
1204 2555 1395 2592 sanctus
1410 2556 1455 2592 et
1471 2547 1520 2592 in
1539 2563 1588 2593 se
1606 2547 1710 2611 ipso
1724 2545 1927 2610 simplex
1945 2545 2148 2592 omnino
2165 2543 2425 2592 substantia

300 2628 391 2678 est,
416 2629 462 2665 et
485 2637 542 2666 ex
567 2630 738 2668 natura
759 2620 1018 2668 divinitatis
1043 2624 1201 2670 omnis
1232 2625 1521 2673 invariabilis
1548 2635 1691 2690 atque
1718 2624 2124 2672 incommutabilis
2155 2625 2203 2671 in
2239 2641 2289 2671 se
2320 2626 2427 2689 ipso

304 2710 595 2760 perseverat3
627 2709 769 2763 atque
790 2700 920 2747 idem
943 2702 1146 2766 Spiritus
1169 2720 1254 2767 per
1276 2704 1444 2752 effecta
1469 2705 1720 2770 multiplex
1741 2704 2106 2769 quodammodo
2134 2713 2358 2765 vocatur,
2382 2714 2428 2751 et

303 2781 481 2834 septem
506 2774 694 2836 spiritus
718 2791 1070 2839 nonnunquam
1099 2777 1296 2836 dicitur,
1324 2779 1590 2833 secundum
1613 2778 1903 2844 septiformis
1928 2779 2086 2842 gratiae
2104 2795 2199 2826 suae
2222 2777 2429 2826 efficien-

301 2850 432 2897 tiam.
461 2851 596 2898 Unde
617 2862 662 2898 et
686 2854 734 2899 in
758 2854 900 2901 laude
924 2855 1096 2902 divinae
1118 2858 1356 2922 sapientiae
1375 2859 1567 2923 spiritus
1597 2868 1644 2906 et
1667 2859 1839 2906 unicus
1855 2893 1868 2917 ‚
1896 2869 1942 2906 et
1963 2858 2235 2923 multiplex,
2266 2868 2313 2905 et
2336 2857 2431 2905 dis-

301 2945 518 2987 currens,
537 2940 585 2976 et
606 2931 783 2978 stabilis
799 2949 898 2980 esse
918 2934 1219 2982 describitur.
1245 2938 1370 2984 Dicit
1393 2939 1552 3002 itaque
1577 2938 1899 3003 Philosophus
1922 2938 2131 2986 animam
2151 2939 2305 3003 ipsam
2327 2953 2430 2984 esse

303 3023 358 3054 ex
381 3009 628 3056 individua
651 3027 931 3075 semperque
954 3014 1002 3059 in
1033 3022 1120 3061 suo
1156 3025 1277 3062 statu
1307 3028 1641 3079 perseverante
1665 3017 1954 3072 substantia3
1979 3018 2190 3080 itemque
2212 3017 2301 3064 alia
2324 3033 2429 3080 quae

340 3227 358 3281 ,Ι
373 3222 481 3265 «leam,
501 3236 651 3266 cap.1,x.
670 3228 847 3261 3.—²Act.
866 3230 994 3271 Apost„
1023 3239 1093 3272 cap.
1114 3240 1192 3272 xvii,
1212 3243 1240 3266 v.
1262 3235 1309 3267 18.
1339 3253 1373 3258 -
1398 3236 1409 3254 ³
1428 3236 1478 3267 Sic
1498 3235 1576 3268 flod.
1598 3234 1676 3268 Vict.
1698 3238 1776 3278 Νοῷ
1804 3235 1897 3269 Δηὼ.
1919 3254 1954 3258 -
1974 3234 2046 3267 ‘Sic
2070 3237 2102 3265 in
2127 3232 2309 3273 Tl¹e⁰l⁰9i⁰
2333 3231 2431 3264 Chri·

303 3279 427 3309 εῐιαηα.
446 3277 526 3311 Mate
542 3280 617 3321 tegit
633 3282 845 3314 Amhoesius:
863 3284 956 3316 Videt
968 3283 1078 3318 aliud.
