2638 3866
268 248 331 295 36
894 288 897 289 γ
930 286 932 288 .
1006 290 1009 292 ,
1049 246 1244 303 ,PETRI
1278 246 1588 295 ABAELARDI

262 363 381 394 aevo.
406 349 526 397 Fons
548 347 786 412 sapientiae
811 347 1011 394 verbum
1034 347 1124 394 Dei
1154 347 1204 393 in
1226 346 1436 392 excelsis.
1468 364 1491 390 »
1519 349 1576 394 Et
1607 347 1809 392 iterum:
1840 364 1863 390 α
1891 348 2024 392 Unus
2049 354 2119 391 est
2142 344 2394 392 altissimus

266 434 452 474 creator
478 428 783 491 omnipotens
813 437 861 475 et
893 426 1120 475 dominus
1149 429 1307 483 Deus3
1333 426 1434 489 ipse
1466 426 1642 473 creavit
1669 424 1800 472 illam
1831 424 1881 471 in
1916 425 2090 490 Spiritu
2120 433 2313 483 sancto,
2348 434 2395 471 et

266 504 433 552 effudit
455 505 583 553 illam
616 523 760 571 super
787 507 947 554 omnia
971 522 1120 572 opera
1141 521 1241 552 sua.
1271 523 1292 549 υ
1328 507 1446 551 Item
1469 505 1592 553 infra
1613 524 1623 552 ε
1650 525 1673 549 «
1695 505 1936 570 Sapientia
1964 505 2088 552 inter
2114 503 2394 552 benedictos

266 582 574 632 benedicetur
596 585 791 633 dicens:
819 590 919 650 Ego
949 603 1006 634 ex
1037 602 1120 632 ore
1149 584 1366 631 Altissimi
1387 584 1545 648 prodii
1566 584 1886 650 primogenita
1907 594 2016 632 ante
2045 600 2241 631 omnem
2265 599 2395 632 crea-

266 671 438 710 turam.
478 664 647 712 Girum
686 666 793 714 coeli
831 666 1027 713 circuivi
1066 664 1167 712 sola
1189 673 1279 710 etc.
1311 682 1335 708 »
1361 666 1417 710 Et
1439 680 1664 712 rursum:
1696 683 1719 709 «
1755 662 1824 718 Ab
1851 664 1987 711 initio
2022 674 2068 711 et
2101 673 2209 711 ante
2237 663 2395 711 secula

265 752 421 789 creata
444 760 548 790 sum
561 779 573 803 ,
599 754 645 791 et
668 762 817 809 usque
838 744 900 792 ad
919 745 1129 791 futurum
1147 742 1361 794 seculum
1385 759 1484 790 non
1503 743 1719 798 desinam
1738 752 1829 791 etc.
1855 764 1878 787 »
1898 742 2027 801 Quid
2044 743 2203 807 itaque
2219 743 2395 790 mirum

266 837 376 868 cum
409 822 458 869 in
493 823 650 872 verbis
680 841 874 889 quoque
903 823 1333 871 ecclesiasticorum
1367 837 1422 869 ac
1457 832 1734 870 sanctorum
1761 822 2018 870 doctorum
2041 822 2276 870 nonnulla
2298 832 2394 870 tam

265 899 461 950 abusive
496 903 822 968 proferantur,
859 899 921 951 ad
944 903 1301 966 generationem
1340 901 1482 949 Verbi
1506 901 1955 960 demonstrandam,
1994 911 2047 949 ut
2092 904 2223 950 Deus
2259 904 2397 949 Pater

266 990 437 1028 auctor
458 999 560 1030 esse
586 983 688 1030 Filii
710 984 804 1045 sui,
829 993 876 1030 et
898 1000 1009 1030 eum
1031 997 1306 1048 procreasse
1325 1017 1337 1040 ,
1358 981 1434 1029 vel
1454 981 1598 1030 Filius
1613 981 1675 1030 ab
1698 999 1757 1031 eo
1782 991 2078 1049 procreatus,
2104 980 2180 1029 vel
2200 982 2304 1046 ejus
2325 981 2397 1030 di·

265 1070 399 1107 catur
427 1061 620 1109 effectus
648 1080 775 1124 esse,
802 1063 1069 1111 secundum
1097 1061 1147 1109 id
1174 1061 1397 1108 videlicet
1428 1061 1561 1125 quod
1589 1061 1651 1110 ab
1684 1079 1743 1110 eo
1765 1072 1837 1110 est
1858 1063 2044 1125 genitus
2065 1061 2229 1127 potius
2251 1076 2396 1125 quam

264 1150 449 1190 creatus
466 1142 540 1188 vel
563 1141 735 1204 factus,
768 1152 814 1189 et
835 1142 913 1190 ille
938 1152 1125 1189 tantum
1148 1140 1336 1204 genitor
1359 1141 1519 1205 potius
1542 1158 1691 1205 quam
1714 1151 1902 1190 creator
1923 1141 1998 1189 vel
2029 1150 2226 1200 auctor3
2250 1140 2392 1204 quid,

264 1219 482 1283 inquam,
517 1221 692 1268 mirum
715 1223 753 1268 si
773 1222 1024 1286 praedictus
1040 1219 1359 1286 philosophus
1380 1223 1578 1268 Hermes
1592 1257 1605 1282 ,
1626 1221 1845 1269 videlicet
1867 1221 1915 1268 in
1941 1220 2054 1268 illis¹
2069 1219 2396 1268 ecclesiasticis

265 1297 475 1346 imbutus
497 1299 777 1364 disciplinis,
797 1300 1081 1348 abusionem
1099 1300 1359 1347 verborum
1377 1317 1479 1348 non
1501 1302 1777 1360 curaveriff,
1793 1300 2002 1348 dicendo
2018 1299 2197 1348 scilicet
2211 1299 2392 1356 fecisse,

264 1393 351 1440 pro
365 1379 616 1441 genuisse?
640 1380 767 1437 Quid
787 1381 930 1427 etiam
953 1397 1064 1428 cum
1089 1379 1353 1427 secundum
1379 1397 1407 1427 a
1431 1383 1568 1429 Patre
1581 1381 1752 1428 Filium
1768 1380 1962 1439 dixerit,
1981 1396 2011 1427 a
2025 1379 2183 1427 verbis
2201 1395 2396 1444 quoque

262 1467 536 1505 sanctorum
560 1459 741 1506 alienus
763 1477 862 1506 non
886 1460 1068 1507 existit?
1092 1459 1230 1506 Unde
1262 1460 1468 1507 Hilarius
1489 1459 1548 1507 de
1571 1462 1827 1521 Trl'nicate,
1853 1461 1903 1507 in
1921 1476 1989 1507 ΧΗ
2009 1477 2021 1506 :
2052 1459 2238 1506 «Filius
2265 1475 2324 1507 ex
2350 1468 2396 1508 te

261 1537 362 1584 Deo
403 1547 536 1602 patre
576 1542 703 1587 Deus
729 1557 867 1587 verus
896 1550 943 1587 et
978 1557 1005 1587 a
1040 1549 1087 1587 te
1116 1540 1327 1604 genitus,
1358 1550 1466 1606 post
1493 1549 1539 1588 te
1564 1541 1629 1588 ita
1656 1539 1963 1588 confitendus
1992 1548 2044 1586 ut
2068 1548 2256 1599 tecum3
2282 1540 2396 1604 quia

263 1625 446 1664 aeternae
470 1618 688 1682 originis,
717 1619 814 1666 sive
841 1629 1045 1666 aeternus
1068 1628 1236 1666 auctor
1258 1636 1326 1667 es.
1355 1623 1475 1667 Nam
1495 1619 1614 1667 dum
1640 1637 1698 1667 ex
1723 1629 1770 1667 te
1794 1628 1891 1679 est,
1921 1617 2160 1666 secundus
2179 1634 2210 1666 a
2232 1627 2279 1666 te
2305 1628 2393 1667 est.

262 1696 534 1757 Secundus,
563 1699 785 1763 inquam,
807 1716 864 1746 ex
888 1699 1036 1747 modo
1059 1698 1317 1760 existendi,
1343 1715 1440 1746 non
1462 1716 1520 1747 ex
1542 1699 1809 1747 differentia
1830 1698 2088 1762 dignitatis.
2112 1698 2200 1754 Hic
2219 1698 2397 1764 quippe

264 1792 290 1823 a
321 1779 424 1823 Deo
451 1779 588 1824 Patre
612 1779 748 1842 quasi
783 1779 941 1843 primo
970 1778 1078 1826 loco
1109 1778 1341 1840 subsistit,
1367 1795 1480 1826 cum
1517 1780 1719 1844 Spiritus
1756 1789 1986 1844 tapquam
2017 1778 2156 1825 tertio
2187 1777 2298 1825 loco
2335 1777 2397 1826 ab

266 1856 476 1920 utrisque
495 1858 571 1904 sit.
597 1878 619 1901 »
646 1858 782 1905 Unde
805 1868 851 1905 et
871 1862 1056 1905 Patrem
1081 1859 1404 1922 Hieronymus
1426 1858 1741 1923 principalem
1766 1858 1988 1923 spiritum
2019 1857 2082 1904 ad
2110 1856 2280 1904 Filium
2303 1874 2395 1905 no-

265 1935 435 1998 minat,
468 1953 613 2002 opere
643 1938 860 1985 videlicet
899 1938 982 1985 illo
1017 1955 1105 1985 suo
1136 1937 1192 1985 de
1227 1937 1374 1985 tribas
1403 1937 1687 1997 vc‘rtatz’bas³‚
1729 1937 1795 1985 ita
1826 1938 2067 2002 loquens:
2105 1956 2130 1981 «
2156 1936 2312 1985 David
2345 1937 2394 1984 in

266 2015 451 2063 Psalmo
475 2026 569 2065 tres
590 2019 779 2083 spiritus
801 2018 1010 2084 postulat
1027 2018 1212 2066 dicens⁴
1232 2036 1242 2065 :
1277 2038 1301 2063 κ
1328 2019 1506 2083 Spiritu
1521 2018 1775 2083 principali
1793 2017 2028 2065 confirma
2045 2033 2121 2064 me
2133 2052 2146 2075 ‚
2164 2017 2396 2081 Spiritum

268 2116 289 2138 α
305 2105 488 2143 rectum
504 2098 683 2146 innova
700 2099 750 2146 in
765 2098 1024 2146 visceribus
1037 2099 1171 2158 meis,
1191 2099 1417 2162 Spiritum
1432 2108 1649 2146 sanctum
1665 2109 1802 2145 tuum
1817 2114 1879 2145 ne
1899 2095 2083 2145 auferas
2102 2113 2130 2143 a
2146 2112 2243 2142 me.
2257 2114 2281 2141 n
2299 2098 2396 2155 Qui

265 2185 375 2223 sunt
398 2177 474 2224 isti
496 2187 590 2224 tres
612 2179 833 2243 spiritus?
862 2173 1062 2244 Spiritus
1084 2178 1358 2244 principalis
1381 2181 1519 2226 Pater
1547 2188 1634 2239 est,
1664 2187 1822 2226 rectus
1843 2177 2034 2242 spiritus
2057 2175 2274 2224 Christus
2290 2186 2364 2224 est
2379 2214 2392 2237 ,

264 2256 455 2320 spiritus
473 2267 678 2317 sanctus,
702 2259 902 2323 Spiritus
919 2269 1108 2306 sanctus
1118 2268 1203 2306 est.
1222 2278 1245 2304 υ
1260 2260 1569 2322 AugustinuS‚
1587 2260 1771 2306 Veteris
1780 2267 1828 2304 et
1838 2273 1966 2304 novae
1979 2255 2092 2322 legis
2107 2272 2214 2320 cap.
2228 2258 2390 2310 Lvul‘:

269 2354 291 2378 c<
323 2336 553 2401 Spiritum
574 2347 792 2385 sanctum
814 2339 895 2402 qui
918 2339 1082 2387 tertius
1105 2340 1163 2386 sit
1185 2354 1213 2386 a
1237 2341 1394 2397 Patre,
1420 2339 1659 2386 secundus
1685 2348 1845 2386 autem
1866 2353 1895 2384 a
1917 2336 2104 2384 Christo
2128 2335 2395 2383 secundum

265 2416 452 2463 numeri
473 2416 720 2478 ordinem,
753 2437 776 2462 »
813 2435 868 2467 ac
896 2419 935 2465 si
965 2418 1143 2466 diceret
1169 2418 1436 2466 secundum
1473 2418 1744 2466 ordinatam
1773 2434 1828 2465 ac
1850 2432 2116 2480 congruam
2141 2425 2393 2480 computa·

265 2494 406 2541 tionis
430 2495 806 2560 ordinationem,
833 2498 969 2562 juxta
996 2498 1217 2546 videlicet
1249 2499 1400 2563 ipsam
1431 2499 1691 2546 existentiae
1729 2498 1923 2556 seriem,
1955 2513 2061 2561 quae
2097 2497 2146 2543 in
2189 2495 2304 2561 ipsis
2324 2506 2396 2543 est

264 2576 478 2638 personis
493 2613 506 2637 ,
534 2593 634 2624 non
657 2577 923 2625 secundum
949 2577 1135 2642 aliquos
1157 2593 1322 2625 earum
1346 2578 1588 2642 dignitatis
1611 2577 1802 2640 gradus.
1829 2579 1966 2624 Pater
1991 2576 2170 2640 quippe
2201 2590 2232 2621 a
2259 2572 2394 2621 nullo

266 2665 352 2713 est,
374 2655 515 2703 Filius
537 2673 564 2704 a
586 2661 724 2706 Patre
746 2657 852 2705 solo
874 2667 967 2718 est,
987 2659 1190 2723 Spiritus
1211 2668 1403 2705 sanctus
1419 2657 1482 2705 ab
1502 2658 1716 2721 utrisque
1738 2656 1880 2703 simul
1901 2672 2002 2703 esse
2019 2654 2276 2703 contrahit.

332 2736 615 2783 Revolvatur
649 2748 697 2785 et
734 2737 811 2785 ille
859 2738 1093 2785 maximus
1131 2737 1539 2803 Philosophorum
1586 2738 1743 2797 Plato,
1784 2736 1980 2799 ejusque
2018 2749 2270 2799 sequaceS,
2309 2733 2395 2796 qui

265 2814 540 2862 testimonio
563 2827 836 2865 sanctorum
864 2821 1074 2879 Patrum‚
1101 2835 1198 2883 prae
1227 2818 1396 2866 ceteris
1419 2817 1632 2882 gentium
1659 2814 1958 2881 philosophis
1985 2813 2096 2861 fidei
2119 2813 2394 2862 Christianae

265 2893 543 2942 accedentes
559 2930 571 2952 ,
608 2897 751 2942 totius
778 2898 1016 2944 Trinitatis
1049 2914 1287 2944 summam
1320 2907 1431 2961 post
1458 2896 1720 2962 Prophetas
1742 2903 1958 2961 patenter
1982 2892 2286 2953 ediderunt⁶‚
2313 2891 2395 2938 ubi

266 2971 481 3020 videlicet
498 2983 705 3020 mentem
726 2991 870 3038 quam
891 2985 976 3023 νοῦν
997 2986 1191 3036 vocant,
1226 2993 1283 3023 ex
1316 2979 1420 3027 Deo
1453 2986 1637 3036 natam,
1667 2985 1811 3039 atque
1848 2973 1939 3038 ipsi
1972 2982 2259 3019 coaeternam
2294 2985 2395 3017 esse

267 3051 546 3116 perhibent,
569 3053 617 3100 id
640 3063 708 3100 est
730 3054 916 3114 Filium,
939 3071 1083 3118 quem
1106 3056 1387 3120 sapientiam
1409 3056 1496 3102 Dei
1516 3056 1737 3116 dicimus,
1760 3071 1816 3102 ex
1835 3056 1939 3099 Deo
1960 3054 2096 3097 Patre
2113 3047 2397 3096 aeternaliter

309 3204 316 3223 ¹
333 3202 386 3236 Sic
397 3203 477 3237 Cod.
497 3203 581 3237 Vict.
595 3204 721 3237 etEdit.
736 3204 830 3236 Amb.
847 3204 959 3237 Melius
969 3206 1002 3237 in
1020 3204 1129 3238 Theol.
1150 3204 1290 3246 Christ„
1362 3206 1467 3237 tribus
1493 3205 1675 3236 virtutibus.
1705 3220 1744 3227 —
1768 3203 1778 3223 ⁴
1796 3202 1910 3234 Psalm.
1935 3208 1967 3239 ι,
1990 3209 2019 3231 v.
2051 3200 2101 3233 14.
2118 3215 2158 3223 —
2174 3200 2187 3219 ⁵
2199 3198 2320 3238 Quaest.
2343 3199 2395 3235 88.

266 3257 372 3290 nullis
387 3266 447 3298 pro
468 3258 506 3289 in
522 3256 594 3289 illis
608 3257 740 3299 legitur.
757 3275 798 3280 —
812 3258 823 3276 ²
838 3256 949 3290 Melius
966 3257 1077 3290 Theol.
1098 3256 1223 3290 Christ.
1241 3266 1293 3289 ca·
1365 3259 1471 3300 Opp.‚
1499 3263 1522 3290 t.
1551 3258 1612 3299 111,
1636 3258 1698 3292 col.
1727 3259 1778 3290 80.
1806 3273 1842 3279 --
1862 3255 1874 3275 ⁶
1889 3253 1941 3286 Sic
1959 3253 2041 3286 Cod·
2066 3252 2148 3285 Vict„
2182 3251 2396 3284 Addiderunt

266 3310 522 3343 veria—³101&
535 3319 633 3351 opera
651 3310 684 3343 S.
701 3310 884 3352 Hieronymi
896 3311 1019 3343 nullum
1033 3316 1137 3343 exstat
1153 3319 1236 3351 opus
1253 3312 1293 3342 de
1367 3311 1450 3343 Edit.
1468 3311 1562 3344 Amb.
