2638 3866
275 202 368 249 558
1077 203 1248 249 PETRI
1284 205 1598 253 ABAELARDI

273 304 517 367 magisque
553 318 809 368 personam
846 302 1115 367 improbat,
1153 319 1300 367 quam
1332 306 1667 370 commendat,
1706 309 1998 375 impotentiae
2031 315 2220 380 potius,
2258 335 2403 383 quam

273 383 494 447 potentiae
526 381 899 430 adscribendum
933 392 1019 430 est.
1051 384 1189 431 Unde
1221 394 1268 431 et
1302 386 1573 435 Aristoteles
1607 389 1657 436 in
1689 392 1904 440 secundo
1929 394 2167 459 qualitatis
2202 415 2398 463 genere,

268 463 353 509 ubi.
385 463 561 510 scilicet
594 462 655 509 de
683 463 898 528 potentia
928 464 1133 512 naturali
1165 475 1211 512 et
1239 466 1523 531 impotentia
1554 470 1724 533 agitur,
1760 475 2029 522 sanativum
2058 486 2106 524 et
2137 477 2313 527 durum
2340 481 2401 528 ad

265 543 532 608 potentiam
557 543 758 603 reducit,
785 553 833 591 et
855 545 1185 608 aegrotativum
1208 555 1256 594 et
1277 547 1423 595 molle
1445 549 1509 596 ad
1531 550 1883 616 impotentiam,
1910 571 2022 602 cum
2043 566 2222 605 tamem
2244 575 2401 624 aegro-

266 622 463 668 tativum
486 622 703 670 dicamus
725 624 808 687 qui
836 623 970 671 facile
1000 635 1229 689 aegrotare
1250 637 1426 692 potest,
1454 628 1549 676 hoc
1572 641 1659 689 est,
1692 648 1794 679 non
1817 634 1942 682 valet
1965 635 2101 683 facile
2122 637 2398 702 hujusmodi

263 702 472 766 passioni
506 703 749 766 resistere3
778 714 824 751 et
854 704 1000 752 molle
1023 705 1157 769 quod
1186 706 1354 754 leviter
1384 710 1533 756 secari
1558 720 1643 758 aut
1673 711 1890 778 dissipari
1921 716 2086 781 possit.
2122 719 2399 768 Sanativum

261 799 376 829 vero
400 793 447 830 et
470 783 648 830 durum
671 801 697 831 e
717 785 959 832 contrario
982 785 1044 833 ad
1066 787 1333 851 potentiam
1354 788 1556 851 reducit,
1590 808 1701 838 cum
1735 802 1895 841 tamen
1919 798 2189 845 sanativum
2215 799 2401 848 dicatur

260 862 391 928 quod
410 880 509 911 non
532 875 688 929 potest
708 865 844 913 facile
868 865 1117 927 infirmari,
1145 876 1192 914 et
1214 866 1390 915 durum
1412 870 1547 932 quod
1571 887 1672 918 non
1698 876 1878 937 potest¹
1895 874 2062 923 leviter
2079 879 2244 927 secari.
2268 880 2398 928 Sicut

259 961 373 1008 ergo
405 945 455 990 in
489 945 819 1010 suprapositis,
854 945 904 993 id
940 956 1010 993 est
1042 948 1316 1011 aegrotativo
1347 958 1392 996 et
1420 949 1578 1010 molli,
1615 951 1695 998 illa
1727 969 1868 1017 posse
1898 972 2005 1019 quae
2035 957 2094 1004 ad
2128 958 2399 1009 incommo—

258 1025 375 1072 dum
404 1024 481 1072 vel
509 1024 804 1072 debilitatem
837 1026 906 1073 rei
936 1027 1155 1089 attinent,
1196 1028 1488 1093 impotentiae
1531 1040 1601 1077 est
1638 1033 1798 1095 potius
1832 1050 1978 1098 quam
2023 1039 2249 1102 potentiae
2285 1056 2296 1085 ε
2332 1040 2397 1087 ita

257 1116 302 1152 et
337 1105 508 1153 eadem
545 1122 645 1152 non
682 1122 822 1170 posse
855 1122 882 1153 e
911 1107 1155 1154 contrario
1190 1108 1416 1173 potentiae
1449 1117 1519 1155 est
1554 1109 1946 1162 adscribendum.
1983 1114 2207 1182 Alioquin
2232 1135 2259 1165 e
2282 1135 2396 1166 con-

254 1203 392 1234 verso
428 1186 762 1251 impotentiam
802 1186 1069 1234 diceremus
1115 1188 1397 1251 potentiam,
1437 1198 1485 1236 et
1529 1193 1794 1255 potentiam
1847 1195 2199 1260 impotentiam.
2242 1201 2393 1246 Nemo

251 1268 411 1331 itaque
448 1270 604 1314 Deum
635 1266 951 1332 impotentem
984 1268 1034 1314 in
1070 1267 1231 1332 aliquo
1260 1267 1418 1315 dicere
1458 1282 1748 1334 praesumat,
1790 1274 1828 1320 si
1864 1291 1963 1322 non
2001 1279 2149 1341 possit
2194 1295 2394 1343 peccare

249 1348 370 1395 sicut
411 1363 501 1394 nos
542 1363 815 1412 possumus,
857 1348 967 1412 quia
1006 1365 1095 1395 nec
1123 1348 1172 1395 in
1205 1348 1346 1396 nobis
1383 1350 1496 1415 ipsis
1532 1351 1628 1399 hoc
1667 1355 1891 1419 potentiae
1940 1356 2253 1405 tribuendum
2290 1369 2389 1419 est,

247 1428 332 1475 sed
364 1427 645 1475 infirmitati.
691 1427 829 1474 Unde
864 1438 912 1474 et
958 1430 1248 1492 Augustinus
1284 1428 1342 1476 de
1387 1432 1620 1479 Trinitate
1654 1432 1779 1480 libro
1813 1437 1928 1482 XV’
1957 1453 1966 1482 :
2017 1457 2039 1482 «
2075 1440 2247 1501 Magna
2291 1440 2392 1503 ejus

245 1506 464 1571 potentia
494 1515 566 1553 est
595 1520 696 1552 non
729 1521 868 1570 posse
894 1506 1100 1553 mentiri.
1128 1508 1249 1553 Sunt
1274 1507 1418 1555 etiam
1450 1508 1671 1573 quaedam
1695 1528 1800 1575 quae
1831 1513 1882 1559 in
1917 1513 2020 1561 aliis
2047 1514 2193 1562 rebus
2221 1527 2391 1581 poten-

247 1587 318 1633 tiae
355 1585 631 1652 deputanda
673 1595 808 1646 sunt,
852 1586 902 1632 in
935 1587 1038 1634 aliis
1076 1603 1191 1634 vero
1234 1588 1450 1648 minime,
1482 1599 1529 1636 et
1555 1606 1662 1654 quae
1698 1592 1747 1638 in
1770 1592 1872 1640 aliis
1894 1592 2150 1642 laudabilia
2173 1606 2303 1657 sunt,
2338 1598 2386 1644 in

243 1667 345 1714 aliis
380 1665 771 1731 reprehensibilia
799 1676 934 1726 sunt,
969 1683 1081 1713 cum
1117 1666 1287 1714 eadem
1329 1684 1452 1733 saepe
1487 1668 1690 1717 aliarum
1731 1687 1895 1719 rerum
1931 1673 2210 1738 dignitatem
2244 1692 2388 1723 com-

242 1746 496 1807 mendent,
539 1746 741 1793 aliarum
775 1762 890 1793 vero
931 1747 1154 1806 minime,
1194 1746 1343 1794 veluti
1378 1748 1416 1794 si
1458 1749 1564 1812 quis
1598 1749 1856 1799 hominum
1893 1770 2059 1802 ursum
2093 1755 2272 1804 viribus
2307 1773 2386 1804 su·-

241 1843 409 1890 perare
445 1827 612 1892 possit,
653 1826 748 1874 hoc
782 1842 965 1891 magnae
1006 1826 1218 1873 hominis
1257 1828 1481 1891 potentiae
1517 1829 1889 1879 adscribendum
1918 1844 2005 1881 est.
2042 1835 2180 1882 Unde
2217 1838 2385 1884 ceteris

240 1908 341 1972 ipse
373 1906 660 1973 praecelleret
684 1917 731 1954 et
758 1906 1193 1954 commendabilior
1221 1917 1369 1966 esset,
1409 1908 1542 1971 quod
1573 1909 1623 1955 in
1653 1910 1795 1958 leone
1827 1922 1986 1960 tamen
2024 1915 2098 1962 vel
2131 1915 2385 1981 elephante

240 2005 330 2052 pro
348 2005 523 2052 magno
542 1987 704 2035 nullus
726 1987 942 2035 haberet.
971 1987 1087 2034 Inde
1107 1988 1238 2034 enim
1255 1997 1505 2053 potentem
1523 1987 1775 2036 hominem
1792 1995 2155 2057 comparatione
2177 1996 2382 2044 aliorum

237 2068 496 2116 hominum
527 2067 818 2129 diceremus;
859 2066 945 2115 sed
979 2084 1078 2114 non
1108 2068 1174 2114 ita
1203 2068 1397 2114 leonem
1434 2068 1510 2115 vel
1545 2067 1869 2134 elephantem.
1910 2073 1986 2119 Sic
2018 2083 2066 2120 et
2101 2075 2150 2120 in
2182 2075 2382 2124 homine

238 2150 371 2214 quod
408 2148 656 2196 ambulare
693 2148 818 2196 valet
850 2146 1076 2213 potentiae
1111 2157 1181 2194 est
1218 2147 1618 2206 adscribendum,
1654 2151 1886 2214 quoniam
1921 2153 2021 2216 ejus
2045 2155 2381 2204 necessitudini

236 2231 484 2293 congruit,
513 2246 602 2276 nec
625 2229 676 2276 in
700 2229 862 2293 aliquo
885 2229 987 2293 ejus
1014 2228 1187 2275 minuit
1210 2227 1506 2292 dignitatem.
1536 2230 1589 2276 In
1613 2232 1718 2277 Deo
1740 2247 1874 2293 vero,
1901 2233 1986 2296 qui
2008 2233 2111 2282 sola
2132 2235 2379 2284 voluntate

235 2309 399 2357 omnia
432 2309 665 2374 complet,
691 2309 787 2355 hoc
810 2309 1014 2356 omnino
1037 2308 1337 2373 superfluum
1361 2318 1505 2368 esset,
1531 2309 1664 2373 quod
1687 2311 1736 2357 in
1763 2310 1905 2358 nobis
1929 2315 2252 2362 necessarium
2275 2325 2346 2364 est
2361 2353 2374 2377 ,

233 2401 377 2455 atque
403 2389 513 2436 ideo
543 2405 643 2435 non
675 2388 923 2454 potentiae,
959 2388 1044 2435 sed
1075 2389 1191 2435 vitio
1218 2388 1409 2453 penitus
1440 2388 1753 2436 tribuendum
1781 2401 1903 2438 esset
1930 2392 1979 2439 in
2002 2410 2086 2453 eo,
2117 2397 2377 2459 praesertim

231 2487 344 2518 cum
370 2470 468 2516 hoc
492 2469 540 2516 in
578 2468 741 2516 multis
778 2468 1066 2516 excellentiae
1097 2469 1245 2534 ipsius
1275 2468 1551 2531 derogaret,
1578 2478 1629 2515 ut
1657 2469 1905 2518 ambulare
1937 2472 2158 2520 videlicet
2194 2486 2369 2539 posset.

231 2553 299 2598 Ex
322 2567 419 2615 quo
454 2559 501 2596 et
536 2549 721 2596 moveri
757 2549 970 2596 localiter
1003 2558 1187 2613 posset,
1213 2557 1261 2594 et
1282 2548 1688 2612 compositionem
1716 2549 1896 2614 pedum
1928 2551 2216 2615 admitteret,
2246 2564 2297 2601 ut
2327 2566 2375 2602 et

229 2630 420 2678 mobilis
443 2639 492 2679 et
513 2628 810 2677 dissolubilis
839 2638 962 2675 esset
985 2629 1087 2692 ejus
1116 2643 1350 2693 corporea
1378 2636 1426 2674 et
1454 2638 1706 2693 compacta
1728 2629 2006 2679 substantia.
2036 2635 2142 2679 Non
2166 2632 2372 2683 absurde

228 2721 406 2772 tamen,
425 2720 473 2758 et
489 2710 549 2757 de
570 2709 646 2756 his
672 2707 899 2756 omnibus
918 2725 1023 2772 quae
1042 2707 1233 2755 efficere
1251 2724 1507 2772 possumus
1531 2711 1686 2755 Deum
1707 2719 1953 2775 potentem
1977 2712 2366 2777 praedicabimUS,

229 2800 274 2837 et
296 2789 458 2836 omnia
481 2804 587 2852 quae
615 2787 799 2850 agimus
822 2786 924 2850 ejus
951 2786 1178 2851 potentiae
1206 2785 1491 2844 tribuemus,
1526 2805 1549 2831 «
1571 2787 1618 2832 in
1650 2804 1749 2850 quo
1764 2788 1987 2849 vivimus,
2022 2807 2291 2848 movemur,
2321 2803 2369 2840 et

226 2870 430 2929 sumus³,
453 2887 475 2913 »
493 2877 540 2915 et
558 2888 580 2911 <c
596 2868 679 2931 qui
695 2867 860 2914 omnia
874 2875 1101 2931 operatur
1115 2866 1165 2912 in
1182 2865 1449 2913 omnibus³.
1470 2866 1666 2912 »Utitur
1685 2867 1814 2914 enim
1828 2867 1971 2915 nobis
1984 2869 2045 2916 ad
2060 2869 2366 2919 efficiendum

227 2965 330 3012 quae
352 2949 471 3008 vult,
497 2948 633 3011 quasi
656 2947 1007 3007 instrumentis,
1034 2955 1081 2992 et
1104 2945 1154 2992 id
1177 2962 1376 3010 quoque
1399 2945 1553 2993 facere
1576 2945 1774 3007 dicitur,
1802 2964 1906 3011 quae
1936 2965 2027 2996 nos
2049 2949 2202 2997 facere
2235 2950 2360 3009 facit,

225 3027 345 3074 sicut
366 3026 497 3073 dives
521 3027 690 3090 aliquis
713 3036 897 3072 turrem
925 3041 1221 3090 componere
1243 3042 1331 3089 per
1354 3024 1551 3090 opifices
1577 3042 1700 3090 quos
1724 3026 1938 3088 adhibet,
1967 3038 2014 3075 et
2034 3046 2175 3094 posse
2199 3028 2362 3077 omnia

224 3106 412 3154 efficere
425 3106 599 3152 dicitur
623 3106 707 3169 qui
728 3105 826 3152 sive
849 3121 936 3168 per
958 3121 1024 3166 se,
1052 3106 1150 3151 sive
1173 3122 1259 3169 per
1277 3105 1541 3169 subjectam
1566 3115 1835 3154 creaturam
1860 3109 2023 3156 omnia
2042 3125 2147 3172 quae
2170 3109 2286 3170 vult,
2315 3119 2361 3156 et

265 3291 271 3308 ⁸
296 3287 530 3330 Facile-potest
546 3295 617 3327 quae
640 3286 759 3318 desunt
783 3286 816 3318 in
845 3285 941 3318 editis
967 3286 1167 3318 restituimus
1191 3295 1209 3318 e
1237 3287 1311 3319 cod.
1333 3286 1415 3320 Tur.
1439 3305 1477 3312 -
1497 3289 1620 3330 ²0pp.,
1642 3294 1665 3320 t.
1685 3287 1770 3320 vm.
1789 3305 1831 3313 -
1845 3288 2032 3331 morinen„
2049 3299 2121 3331 cap.
2137 3298 2196 3331 xu,
2213 3300 2243 3323 v.
2261 3293 2293 3324 6.
