2638 3866
251 268 346 316 656
1059 267 1230 314 PETRI
1267 266 1581 314 ABAELARDI

250 367 528 416 communio
568 383 740 413 mensae
771 365 1054 413 contrahere
1091 365 1228 413 solet.
1256 365 1394 412 Unde
1429 365 1491 413 ad
1521 365 1622 413 haec
1652 366 1856 414 maxime
1888 369 2180 417 removenda
2215 378 2261 416 et
2294 370 2383 417 cir-

250 448 592 495 cumcisionem
629 447 830 493 instituit
863 445 1099 492 Dominus
1131 455 1178 492 et
1205 445 1519 494 delicatorum
1548 446 1769 494 ciborum
1799 465 1934 495 esum
1965 449 2224 497 interdixit.
2254 449 2384 497 Adeo

252 543 458 591 namque
489 526 862 573 circumcisionis
889 526 1078 590 signum
1107 526 1342 573 Gentibus
1370 526 1692 575 abominabile
1714 527 1919 591 videtur,
1955 538 2010 576 ut
2038 530 2077 576 si
2099 545 2189 576 nos
2217 546 2385 577 eorum

251 607 449 654 feminas
467 606 814 666 affectaremus,
834 606 1106 653 nullatenus
1128 605 1269 653 nobis
1289 607 1338 653 in
1358 606 1453 654 hoc
1473 608 1815 656 consentirent.
1838 608 1993 668 Unde,
2011 609 2094 656 etsi
2113 609 2215 657 aliae
2231 618 2388 657 essent

253 687 483 744 rationes,
515 685 602 733 has
635 687 685 733 in
718 686 938 751 praesenti
968 685 1112 733 credo
1142 685 1379 735 sufficere.
1401 686 1546 745 Quod
1573 697 1734 735 tamen
1763 688 2138 737 circumcisionis
2166 706 2251 737 seu
2271 688 2387 753 legis

251 767 476 814 meritum
505 783 734 814 evacuare
762 767 835 814 vel
870 776 1127 814 extenuare
1155 766 1362 824 laboras,
1389 784 1448 814 ex
1475 768 1577 832 ipsa
1607 766 1784 815 scilicet
1805 770 2085 816 auctoritate
2114 770 2382 835 scripturae,

251 863 337 911 per
370 847 523 912 ipsam
545 846 693 894 credo
714 846 863 894 refelli
882 863 1041 911 posse,
1063 848 1102 893 si
1129 863 1186 894 ea
1211 847 1444 907 videlicet,
1467 865 1572 913 quae
1591 847 1651 894 de
1670 848 1790 895 serie
1813 849 2067 913 Scripturae
2085 850 2265 897 furatus
2288 866 2388 897 esse
2413 858 2423 863 ‘

251 927 498 974 reticendo
523 926 721 989 videris,
764 927 1015 991 diligenter
1047 927 1288 988 attendas,
1328 945 1432 993 quae
1468 928 1556 975 tibi
1587 926 1733 975 credo
1770 927 1989 975 nocitura
2017 927 2229 976 videbas.
2267 931 2388 976 Cum

253 1007 382 1054 enim
417 1016 611 1072 pactum
646 1006 780 1072 quod
814 1024 900 1073 per
934 1008 1341 1055 circumcisionem
1382 1008 1636 1066 Dominus,
1669 1023 1779 1054 cum
1809 1008 1914 1073 ipso
1946 1009 2238 1070 institueret,
2274 1008 2392 1056 dixit

255 1086 468 1134 Abrahae¹
494 1105 504 1134 :
533 1107 554 1130 ιε
575 1089 786 1135 Statuam
816 1097 1010 1152 pactum
1039 1104 1202 1134 meum
1227 1088 1348 1134 inter
1369 1105 1447 1135 me
1469 1096 1517 1134 et
1537 1096 1584 1135 te
1615 1097 1662 1134 et
1687 1104 1850 1135 semen
1875 1105 2016 1135 suum
2038 1098 2148 1154 post
2172 1098 2219 1136 te
2241 1089 2290 1135 in
2309 1105 2391 1153 ge·-

253 1167 579 1215 nerationibus
599 1168 711 1229 suis,
730 1167 907 1215 foedere
926 1168 1236 1233 sempiterno,
1256 1178 1308 1215 ut
1325 1170 1412 1215 sim
1430 1171 1558 1215 Deus
1577 1177 1686 1215 tuus
1700 1177 1745 1214 et
1762 1169 1954 1216 seminis
1972 1169 2090 1215 tui.»
2103 1171 2222 1216 Cum
2240 1169 2387 1229 enim,

256 1267 278 1292 «
303 1247 479 1295 foedere
501 1249 794 1313 sempiterno
813 1267 835 1292 »
855 1249 936 1308 ait,
957 1269 979 1292 c<
1001 1259 1054 1295 ut
1073 1250 1163 1296 sim
1179 1251 1308 1295 Deus
1331 1258 1440 1296 tuus
1458 1257 1505 1296 et
1516 1248 1709 1295 seminis
1729 1248 1816 1309 tui,
1838 1267 1861 1293 »
1881 1258 2096 1314 patenter
2115 1248 2286 1296 edocet
2305 1266 2394 1297 nos

254 1345 309 1374 ex
343 1329 708 1376 circumcisione
730 1332 834 1376 Deo
868 1329 1141 1394 perenniter
1172 1346 1273 1376 esse
1303 1328 1633 1388 foederandos,
1669 1338 1715 1375 et
1750 1344 1837 1394 per
1865 1328 1967 1376 haec
2002 1345 2092 1375 nos
2125 1345 2234 1375 eum
2281 1345 2394 1395 pro-

255 1409 426 1455 mereri
453 1412 626 1470 Deum,
662 1419 715 1456 ut
746 1426 836 1456 nec
867 1410 916 1457 in
949 1409 1040 1458 hac
1073 1411 1193 1471 vita,
1230 1409 1408 1457 scilicet
1434 1425 1524 1456 nec
1550 1409 1599 1456 in
1633 1408 1791 1456 futura
1821 1409 2147 1474 disjungamur
2179 1408 2239 1456 ab
2267 1410 2390 1474 ipso.

254 1489 399 1547 Quod
435 1489 577 1537 etiam
605 1491 705 1555 ipse
741 1500 1066 1555 repetens„ut
1099 1491 1246 1555 magis
1283 1490 1525 1537 memoriae
1559 1489 1866 1538 commendet
1901 1489 2072 1553 adjecit
2108 1507 2118 1535 ε
2150 1509 2174 1534 «
2200 1490 2396 1555 Eritque

255 1579 450 1634 pactum
479 1587 643 1617 meum
673 1571 722 1616 in
753 1586 897 1617 carne
917 1580 1074 1618 vestra
1104 1571 1153 1617 in
1185 1570 1339 1618 foedus
1361 1580 1616 1628 aeternum;
1640 1589 1662 1615 »
1694 1579 1748 1617 ut
1777 1567 2189 1634 quemadmodum
2219 1568 2398 1616 scilicet

256 1650 552 1696 circumcisio
582 1651 631 1697 in
668 1666 812 1697 carne
844 1651 991 1698 semel
1022 1651 1145 1698 facta
1176 1650 1358 1698 aboleri
1377 1651 1478 1715 jam
1507 1667 1606 1697 non
1631 1659 1809 1715 potest,
1847 1650 1914 1696 sic
1947 1665 2241 1713 nequeamus
2275 1648 2396 1697 adeo

256 1730 453 1776 ulterius
483 1730 705 1793 disjungi.
739 1731 833 1788 Qui
868 1747 957 1778 nos
993 1731 1326 1796 spiritualiter²
1352 1731 1628 1778 confortans
1661 1731 1727 1778 ait
1753 1748 1764 1776 z
1797 1750 1820 1775 «
1856 1730 1995 1777 Eritis
2023 1730 2142 1776 mihi
2168 1730 2215 1777 in
2240 1739 2397 1795 popu-

258 1810 357 1856 lum
389 1819 435 1857 et
459 1827 547 1873 ego
572 1810 707 1857 vobis
731 1826 814 1857 ero
840 1811 890 1857 in
915 1814 1088 1858 Deum.
1128 1832 1150 1854 2>
1178 1811 1315 1857 Unde
1354 1821 1400 1857 et
1428 1813 1584 1858 Deum
1624 1810 1888 1875 specialiter
1924 1809 2261 1870 Hebraeorum,
2297 1826 2397 1857 non

260 1899 446 1937 tantum
478 1894 633 1937 Deum
669 1890 935 1952 Abraham,
975 1895 1104 1938 Isaac
1132 1901 1180 1938 et
1209 1891 1357 1938 Jacob
1390 1908 1440 1938 se
1479 1891 1581 1956 ipse
1610 1890 1846 1937 nominat.
1897 1893 2135 1946 lntantum
2182 1906 2297 1936 vero
2341 1906 2397 1937 ex

258 1971 620 2018 circumcisione
654 1973 782 2017 Deus
822 1972 919 2018 sive
950 1971 1162 2018 filiorum
1194 1972 1292 2018 sive
1332 1972 1435 2035 ejus
1468 1971 1570 2018 fieri
1607 1971 1840 2028 innuitur,
1881 1970 1965 2034 qui
2004 1979 2114 2017 ante
2151 1970 2400 2017 circumci-

257 2052 445 2098 sionem
492 2068 581 2098 nec
622 2051 824 2113 horum,
871 2069 961 2099 nec
1004 2053 1261 2099 hominum
1304 2055 1433 2099 Deus
1471 2052 1531 2099 sit
1571 2051 1851 2117 appellatus.
1907 2054 2185 2114 Congruum
2238 2052 2399 2098 autem

258 2131 447 2178 foederis
472 2132 663 2194 signum
688 2132 813 2178 inter
835 2149 885 2179 se
914 2142 961 2179 et
984 2149 1074 2180 nos
1099 2132 1476 2180 circumcisionis
1505 2132 1734 2191 instituit;
1774 2140 1829 2177 ut
1851 2131 1934 2195 qui
1959 2131 2041 2178 illo
2065 2130 2286 2178 membro
2310 2131 2401 2178 sci-

258 2213 368 2259 licet
387 2223 692 2275 generantur,
716 2212 849 2277 quod
871 2213 1138 2277 specialiter
1155 2223 1265 2278 post
1287 2222 1515 2278 susceptae
1538 2211 1916 2260 circumcisionis
1939 2210 2264 2258 obedientiam
2289 2227 2402 2258 con-

259 2302 492 2353 secratur,
530 2310 587 2340 ex
619 2294 724 2357 ipso
758 2310 953 2357 quoque
978 2310 1074 2340 suae
1099 2294 1419 2356 generationis
1450 2294 1769 2340 instrumento
1800 2309 1850 2339 se
1881 2291 2164 2339 sanctificari
2190 2291 2402 2338 Domino

261 2371 629 2434 admoneantur,
670 2383 721 2419 ut
751 2374 818 2419 sic
861 2373 1080 2420 videlicet
1110 2374 1306 2421 interius
1344 2390 1373 2420 a
1402 2373 1526 2420 vitiis
1557 2372 1961 2420 circumcidantur
1993 2372 2041 2418 in
2076 2371 2244 2431 corde,
2281 2371 2405 2418 sicut

257 2452 355 2516 jam
382 2453 584 2500 exterius
605 2453 871 2500 circumcisi
895 2463 1005 2500 sunt
1034 2454 1083 2501 in
1112 2470 1285 2513 carne3
1310 2463 1358 2501 et
1379 2469 1407 2500 a
1428 2453 1726 2517 praecedente
1748 2470 1836 2500 sua
1863 2451 2197 2499 Chaldaeorum
2227 2450 2403 2498 infide-

263 2532 379 2579 lium
397 2534 608 2597 origine,
641 2534 703 2580 ita
728 2533 941 2580 moribus
961 2551 1010 2582 se
1031 2543 1309 2599 amputent,
1337 2534 1458 2580 sicut
1483 2534 1690 2599 primam
1715 2531 1840 2579 illius
1863 2531 2069 2579 membri
2091 2540 2274 2596 partem
2304 2546 2331 2578 a
2355 2547 2404 2577 se

263 2623 599 2668 removerunt,
630 2630 732 2660 non
765 2623 863 2660 tam
888 2614 949 2661 ab
981 2615 1047 2661 eis
1070 2632 1182 2661 cum
1214 2614 1453 2662 Abraham
1479 2629 1687 2679 corpore
1717 2629 1861 2678 quam
1895 2621 2056 2660 mente
2079 2611 2401 2675 egredientes,

263 2695 384 2741 sicut
408 2694 561 2741 David
589 2703 938 2742 commemorat
962 2694 1156 2742 fidelem
1186 2695 1398 2741 animam
1426 2693 1632 2740 invitans
1659 2693 1747 2740 sic⁸
1771 2710 1782 2739 :
1808 2711 1830 2736 ε(
1852 2691 2145 2739 Obliviscere
2168 2691 2405 2757 populum

264 2783 400 2820 tuum
442 2783 488 2820 et
519 2774 722 2821 domum
761 2776 908 2840 patris
950 2776 1036 2822 tui.
1071 2793 1094 2819 »
1127 2774 1265 2821 Unde
1296 2783 1343 2821 et
1378 2774 1621 2820 Dominus
1652 2773 1889 2838 populum
1931 2772 2080 2820 vineae
2114 2774 2403 2836 comparans

266 2853 449 2915 electae,
476 2856 804 2918 conqueritur,
832 2871 881 2901 se
906 2864 1177 2919 expectasse
1204 2873 1227 2899 «
1255 2863 1309 2901 ut
1345 2854 1519 2901 faceret
1554 2869 1670 2901 uvas
1691 2862 1739 2900 et
1766 2852 1876 2900 fecit
1905 2850 2149 2900 labruscas
2161 2853 2190 2900 ⁸.
2221 2870 2243 2894 >³
2275 2850 2407 2898 Sicut

268 2942 426 2979 autem
467 2943 595 2981 totus
648 2934 748 2998 ejus
789 2933 997 2999 populus
1038 2935 1185 2981 vineae
1227 2944 1566 3000 comparatur,
1616 2934 1684 2980 sic
1724 2932 1901 2997 singuli
1943 2931 2107 2979 fideles
2148 2929 2338 2978 vitibus
2361 2938 2408 2976 et

268 3028 436 3059 eorum
462 3015 680 3077 genitalia
703 3014 1048 3079 propaginibus
1069 3016 1082 3039 ⁵
1104 3031 1316 3078 congrue
1345 3015 1677 3062 conferuntur.
1706 3014 1889 3061 Palmes
1911 3022 2071 3060 autem
2093 3012 2217 3072 vitis,
2243 3009 2335 3057 nisi
2357 3010 2407 3056 in

270 3107 320 3138 se
347 3092 649 3156 praecidatur,
684 3093 929 3141 labruscas
958 3095 1118 3159 potius
1146 3110 1291 3156 quam
1321 3110 1438 3141 uvas
1467 3094 1629 3156 affert,
1661 3103 1709 3141 et
1731 3101 1962 3141 remanet.
1989 3091 2061 3138 Ad
2094 3091 2221 3138 hanc
2249 3089 2408 3154 itaque

312 3298 464 3339 ¹Genes.,
490 3306 563 3339 cap.
581 3306 662 3339 xvii,
689 3306 719 3330 v.
742 3299 773 3331 7.
793 3315 831 3321 —
852 3299 864 3318 ²
888 3297 959 3339 Vel,
973 3304 1009 3330 ut
1034 3300 1166 3341 conjicit
1187 3298 1389 3340 Rheinwald‚
1409 3298 1615 3342 specialiter.
1647 3315 1685 3322 -
1709 3298 1722 3319 ³
1737 3298 1867 3332 Psalm.
1893 3305 1986 3339 xmv,
2013 3306 2043 3330 v.
2065 3297 2116 3330 11.
2134 3312 2171 3319 -
2188 3293 2310 3337 ⁴1:121„
2334 3303 2406 3336 cap.

272 3361 303 3386 v.
318 3354 350 3385 2.
368 3369 407 3376 —
427 3354 439 3373 ⁵
454 3351 662 3385 Palmitibus
677 3353 808 3393 conjicit
826 3351 1026 3385 Rheinwald.
