2638 3866
959 246 1289 296 THEOLOGIA
1322 247 1685 296 CHRISTIANA.
2305 249 2398 296 455

253 345 499 396 Psalmista
525 353 877 395 commemorat
899 344 1086 394 dicens’
1113 365 1124 394 ε
1155 350 1253 394 «Et
1277 365 1377 396 non
1402 348 1777 398 communicabo
1810 366 1921 397 cum
1953 349 2116 398 electis
2150 366 2339 397 eorum.
2371 368 2393 393 n

251 429 410 486 Quam
440 425 695 493 Apostolus
714 442 910 491 quoque
942 427 1225 475 sententiam
1258 439 1541 494 prosecutus
1574 428 1788 478 scribens
1809 428 1876 476 acl
1903 431 2056 478 Titum
2102 430 2186 478 ait'
2211 447 2222 476 :
2252 449 2276 475 α
2298 432 2399 477 Hae-

252 507 454 557 reticum
491 507 740 556 hominem
776 515 889 573 post
919 523 1065 555 unam
1103 517 1151 556 et
1186 508 1450 558 secundam
1480 510 1836 576 correptionem
1872 510 2048 570 devita,
2087 511 2242 559 sciens
2282 511 2394 575 quia

253 587 512 637 subversus
534 597 605 636 est
625 587 709 653 qui
730 586 970 652 ejusmodi
993 597 1081 648 est,
1107 597 1154 636 et
1173 588 1428 654 delinquit,
1454 606 1566 638 cum
1588 590 1647 638 sit
1670 590 1870 656 proprio
1890 590 2076 654 judicio
2101 590 2399 639 condemna-

254 679 346 718 tus.
370 688 394 715 n
422 668 617 735 Quippe
651 668 737 734 qui
773 668 987 734 seipsum
1031 669 1179 732 magis
1210 668 1274 717 ad
1308 671 1672 719 contentionem
1711 680 1947 736 praeparat
1982 688 2128 736 quam
2163 671 2223 720 ad
2261 671 2403 720 disci-

253 748 466 814 plinam3
506 757 554 797 et
598 748 751 813 magis
785 747 988 813 gloriam
1024 765 1161 796 suam
1206 748 1448 799 desiderat
1485 767 1632 815 quam
1673 750 1898 811 salutem,
1943 762 1992 799 et
2039 768 2090 799 se
2125 762 2401 818 opportune

251 827 551 877 contendere
572 828 707 895 apud
728 844 780 877 se
800 829 1121 894 recognoscit,
1147 831 1347 895 proprio
1369 847 1481 878 eum
1497 830 1682 894 J'udicio
1700 831 1805 897 ipsa
1825 830 1927 895 ejus
1947 831 2238 880 conscientia
2259 848 2400 880 accu-

252 917 339 962 sat.
374 911 485 958 Haec
519 908 586 957 illi
617 908 821 957 effrenes
852 918 901 957 et
933 908 1161 958 indomiti
1196 910 1453 958 circatores
1487 911 1754 973 attendant,
1786 912 1871 976 qui
1909 910 2133 976 singulari
2170 911 2403 977 superbia»

253 1006 405 1038 cornu
441 990 616 1052 erecti,
658 989 708 1038 in
747 990 910 1039 solum
947 991 1091 1039 etiam
1125 990 1431 1039 conditorem
1468 992 1719 1052 irruentes,
1759 1001 2024 1057 posuerunt
2055 994 2104 1039 in
2137 991 2311 1040 coelum
2348 1009 2402 1040 os

253 1087 414 1131 suum,
442 1086 470 1119 a
492 1070 689 1120 fallaciis
711 1086 924 1136 quorum
951 1070 1308 1136 simplicitatem
1330 1070 1542 1120 fidelium
1565 1072 1752 1138 protegi
1774 1082 1996 1137 precatur
2016 1073 2100 1136 qui
2123 1073 2211 1120 ait⁸
2229 1072 2403 1120 «Salva

255 1167 336 1210 me,
365 1167 422 1199 ex
458 1167 544 1200 ore
571 1150 751 1212 leonis,
787 1161 834 1199 et
865 1167 893 1199 a
927 1150 1159 1199 cornibus
1199 1151 1508 1200 unicornium
1542 1152 1861 1200 humilitatem
1894 1168 2068 1201 meam.
2094 1174 2116 1197 n
2155 1156 2193 1202 A
2227 1152 2402 1217 quibus

253 1241 299 1279 et
324 1248 634 1297 summopere
659 1231 917 1297 Apostolus
949 1231 1219 1281 cavendum
1253 1232 1502 1294 admonet,
1529 1232 1625 1280 hoc
1657 1243 1726 1282 est
1754 1248 1784 1280 a
1808 1233 2005 1282 fallaciis
2035 1233 2253 1297 ipsorum
2283 1251 2401 1299 pro-

253 1307 519 1357 videndum
555 1308 749 1357 dicens⁴
790 1327 800 1356 :
832 1330 855 1354 <t
876 1311 1050 1358 Cavete
1086 1325 1149 1357 ne
1185 1310 1293 1374 quis
1330 1326 1418 1358 vos
1453 1310 1662 1376 decipiat
1694 1327 1779 1375 per
1811 1309 2168 1376 philosophiam
2201 1311 2395 1358 inanem

252 1391 525 1440 secundum
559 1392 796 1441 elementa
827 1393 1018 1454 mundi,
1041 1414 1064 1438 n
1092 1409 1149 1441 ac
1182 1394 1223 1441 si
1257 1393 1438 1442 diceret
1463 1411 1473 1441 :
1502 1393 1756 1442 Providete
1785 1393 1848 1441 ab
1876 1394 2167 1458 argumentis
2198 1410 2395 1451 eorum,

253 1473 338 1537 qui
371 1472 434 1521 de
467 1473 697 1537 singulari
732 1483 781 1522 et
815 1475 1104 1540 incorporea
1142 1473 1403 1522 divinitatis
1435 1484 1610 1523 natura
1641 1475 1704 1522 ad
1739 1474 2099 1523 similitudinem
2137 1491 2399 1540 corporum

254 1569 310 1600 ex
346 1552 596 1601 elementis
623 1555 951 1603 constantium
985 1555 1172 1603 ratione
1203 1564 1518 1620 praesumunt,
1558 1571 1656 1602 non
1695 1565 1790 1602 tam
1822 1572 1912 1619 pro
1946 1555 2253 1620 percipienda
2277 1556 2403 1603 veri-

254 1642 368 1696 tate,
392 1650 538 1698 quam
565 1651 656 1699 pro
674 1634 994 1701 philosophiae
1017 1652 1113 1683 suae
1135 1634 1456 1683 ostentatione
1481 1653 1491 1682 :
1523 1634 1731 1699 ideoque
1753 1635 1815 1683 ad
1837 1635 1937 1699 ejus
1960 1635 2181 1683 notitiam
2205 1634 2402 1683 minime

253 1723 526 1779 assurgunt,
563 1715 647 1779 qui
679 1714 899 1781 superbis
934 1715 1108 1763 resistit
1140 1731 1346 1780 semper,
1381 1725 1428 1762 et
1465 1714 1728 1762 humilibus
1760 1714 1844 1763 dat
1872 1715 2089 1779 gratiam.
2126 1717 2195 1761 De
2229 1714 2400 1763 talibus

254 1794 303 1840 in
345 1793 613 1841 Proverbiis
642 1795 875 1860 scriptum
911 1797 1041 1843 est⁸z
1081 1794 1429 1842 «Abominatio
1458 1795 1657 1842 Domini
1692 1804 1762 1842 est
1796 1795 1955 1842 omnis
1990 1794 2173 1853 illusor,
2211 1804 2260 1842 et
2290 1812 2399 1842 cum

253 1874 549 1940 simplicibus
573 1875 915 1923 sermocinatio
939 1875 1058 1939 ejus.
1085 1895 1109 1920 »
1135 1875 1359 1923 Illusores
1383 1875 1485 1940 ipse
1511 1874 1723 1936 deludet,
1748 1886 1795 1923 et
1819 1876 2076 1924 mansuetis
2097 1875 2180 1924 dat
2202 1876 2399 1940 gratiam

251 1950 405 2000 suam.
436 1951 575 2000 Unde
605 1962 654 2000 et
678 1953 860 2001 Veritas
895 1954 1042 2019 ipsa⁶:
1070 1973 1094 1997 α
1112 1952 1359 2001 Confiteor
1382 1953 1497 2014 tibi,
1535 1954 1710 2018 iuquit,
1754 1957 1890 2001 Pater
1922 1952 2031 2001 eceli
2065 1963 2112 2001 et
2139 1963 2289 2013 terrae,
2318 1954 2399 2016 qui

251 2030 546 2080 abscondisti
568 2031 671 2081 haec
693 2049 722 2080 a
741 2033 1040 2098 sapientibus
1059 2043 1106 2082 et
1131 2033 1468 2099 prudentibus,
1496 2043 1544 2081 et
1566 2034 1782 2081 revelasti
1810 2049 1867 2082 ea
1890 2033 2113 2097 parvulis.
2135 2052 2159 2078 υ
2185 2036 2243 2080 Et
2266 2036 2401 2097 Apo-

251 2111 402 2160 stolus
416 2114 445 2172 ⁷,
486 2133 509 2158 «
533 2113 776 2178 Scriptum
807 2123 902 2174 est,
930 2114 1114 2179 inquit:
1154 2114 1358 2162 Perdam
1385 2114 1666 2179 sapientiam
1690 2114 2000 2180 sapientium,
2027 2123 2073 2161 et
2096 2113 2400 2178 prudentiam

252 2191 566 2257 prudentium
596 2192 893 2258 reprobabo.
915 2214 937 2236 »
974 2196 1092 2242 Item
1104 2195 1135 2255 ⁸,
1165 2213 1190 2239 «
1209 2197 1382 2242 Nonne
1413 2194 1609 2242 stultam
1637 2193 1745 2241 fecit
1778 2196 1906 2241 Deus
1940 2193 2222 2259 sapientiam
2257 2192 2399 2256 hujus

255 2272 456 2320 mundi?
481 2275 600 2321 Nam
623 2274 738 2337 quia
756 2274 805 2321 in
832 2275 921 2322 Dei
942 2274 1174 2339 sapientia
1193 2291 1293 2322 non
1321 2275 1549 2339 cognovit
1571 2274 1782 2322 mundus
1805 2291 1892 2340 per
1913 2274 2196 2340 sapientiam
2221 2276 2395 2331 Deum,

253 2351 433 2418 placuit
462 2355 567 2401 Deo
602 2369 688 2419 per
714 2354 965 2404 stultitiam
993 2354 1349 2420 praedicationis
1383 2355 1540 2403 salvos
1575 2355 1728 2403 facere
1759 2354 2026 2402 credentes.
2049 2374 2072 2399 »
2099 2357 2156 2401 Et
2189 2364 2297 2419 post
2320 2353 2400 2402 ali·

254 2435 379 2498 qua'
415 2450 426 2480 ε
463 2433 706 2495 «Videte,
748 2435 934 2500 inquit,
972 2435 1280 2495 vocationem
1318 2445 1558 2496 vestram,
1599 2437 1814 2497 Fratres,
1853 2435 2086 2499 quoniam
2126 2451 2224 2482 non
2265 2434 2399 2481 multi

253 2514 491 2580 sapientes
527 2512 793 2563 secundum
828 2532 1041 2575 carnem,
1070 2532 1170 2564 non
1205 2515 1344 2564 multi
1379 2525 1617 2581 potenteS,
1647 2533 1749 2564 non
1782 2515 1921 2564 multi
1950 2514 2152 2575 nobileS,
2180 2514 2263 2562 sed
2295 2531 2399 2578 quae

253 2593 396 2642 stulta
427 2604 541 2642 sunt
564 2595 734 2643 mundi
757 2595 897 2660 elegit
917 2600 1067 2656 Deus,
1094 2606 1146 2644 ut
1168 2596 1437 2644 confundat
1459 2597 1724 2661 sapientes;
1752 2605 1800 2644 et
1822 2595 2013 2644 infirma
2036 2595 2205 2646 mundi
2228 2595 2394 2657 elegit,

254 2682 308 2721 ut
334 2675 602 2723 confundat
625 2675 788 2738 fortia,
806 2682 861 2725 'et
883 2676 1116 2742 ignobilia
1137 2676 1304 2724 mundi
1328 2686 1376 2724 et
1401 2676 1786 2741 contemptibilia
1817 2675 1976 2739 elegit,
2010 2684 2057 2722 et
2081 2691 2134 2722 ea
2160 2691 2266 2739 quae
2297 2690 2396 2723 non

255 2763 383 2813 sunt,
421 2763 477 2801 ut
510 2771 566 2802 ea
604 2771 711 2819 quae
742 2766 856 2804 sunt
889 2758 1177 2816 destrueret,
1221 2766 1275 2803 ut
1310 2772 1411 2803 non
1443 2756 1673 2819 glorietur
1710 2755 1868 2803 omnis
1901 2771 2015 2802 caro
2050 2755 2100 2801 in
2137 2763 2397 2819 conspectu

255 2833 375 2897 ejus,
391 2843 461 2894 ut,
478 2834 890 2898 quemadmodum
910 2837 1244 2902 scriptumest,
1259 2836 1353 2893 Qui
1368 2834 1615 2897 gloriatur,
1642 2835 1690 2881 in
1717 2834 1928 2882 Domino
1949 2834 2196 2898 glorietur.
2212 2855 2235 2879 n
2261 2834 2398 2882 Unde

255 2923 302 2960 et
334 2913 593 2962 consilium
628 2913 689 2961 de
720 2915 797 2962 via
827 2914 1089 2980 disciplinae
1122 2931 1206 2979 per
1239 2914 1558 2962 humilitatem
1594 2913 1868 2980 arripienda
1899 2915 1950 2961 in
1986 2914 2156 2963 eadem
2189 2913 2398 2964 adnectit

256 2992 459 3059 epistola
488 2981 655 3041 dicens
669 2995 695 3019 ¹⁰
721 3011 731 3040 ε
762 3013 786 3040 «
806 2997 960 3042 Nemo
991 3011 1041 3042 se
1070 2992 1284 3042 seducat.
1317 2995 1366 3042 Si
1395 2995 1502 3059 quis
1531 3003 1692 3043 autem
1724 2994 1915 3043 videtur
1938 2996 2064 3043 inter
2095 3012 2182 3044 vos
2210 2995 2399 3060 sapiens

256 3090 357 3122 esse
380 3074 429 3122 in
453 3074 549 3122 hoc
580 3073 771 3137 saeculo,
800 3073 972 3123 stultus
995 3074 1078 3123 fiat
1104 3084 1157 3123 ut
1183 3075 1244 3122 sit
1266 3075 1471 3141 sapiens.
1502 3075 1743 3140 Sapientia
1764 3077 1895 3124 enim
1922 3075 2065 3140 hujus
2090 3075 2260 3125 mundi
2282 3073 2398 3125 stul—

299 3235 452 3268 ¹Psalm.
480 3245 559 3277 ext,
588 3246 619 3271 v.
652 3240 685 3272 4.
715 3255 755 3262 —
781 3239 793 3258 ²
813 3236 894 3278 Tit„
928 3246 1001 3278 cap.
1030 3245 1083 3274 ιιι,
1115 3246 1145 3269 v.
1172 3239 1223 3270 10.
1251 3254 1291 3260 -
1363 3246 1431 3279 cap,
1466 3246 1489 3271 1.
1511 3247 1540 3271 v.
1571 3240 1621 3272 19.
1646 3255 1683 3262 -
1706 3240 1718 3258 ·
1735 3237 1843 3279 Ibid.,
1866 3246 1895 3271 v.
1922 3240 1975 3272 20.
2001 3255 2041 3262 —
2061 3237 2195 3278 'lbz'd.,
2224 3246 2252 3269 v.
2280 3238 2332 3269 26.
2359 3253 2393 3258 ——

257 3289 411 3332 {Psalm
424 3299 496 3332 xxi,
515 3301 545 3323 v.
562 3294 666 3325 22.—
683 3291 927 3332 ⁴Coloss.,cap.
947 3300 983 3331 u,
1001 3300 1031 3324 v.
1050 3293 1131 3325 8.—
1144 3291 1156 3310 ⁵
1170 3290 1289 3330 Pron„
1365 3291 1551 3333 ⁸⁰·Corinth.
1572 3291 1601 3333 Ι,
1621 3300 1690 3333 cap.
1707 3300 1754 3331 ni,
1771 3301 1802 3324 v.
1821 3292 1870 3325 18.

257 3351 388 3383 capuit,
404 3352 438 3375 v.
457 3346 551 3377 32.-
565 3345 578 3365 ⁶
592 3345 725 3387 Manli„
746 3354 816 3386 cap.
836 3353 876 3386 n,
894 3354 925 3377 v.
946 3346 1041 3378 25.—
1058 3345 1069 3364 ⁷
1087 3342 1238 3377 Corinth.
1255 3344 1287 3385 1,
