2638 3866
9 2228 53 2333 Ην).

828 205 1209 253 ιΝΤΒοΒυοΤιῡ
1245 206 1325 252 AD
1361 206 1751 254 THEOLoclAM.
2137 184 2139 186 ’
2338 213 2365 255 5

842 512 845 518 '
898 509 1362 562 ARGUMENTUM
1414 509 1674 562 OPERIS.

268 738 419 776 Primus
447 737 519 776 iste
552 737 652 777 liber
669 736 890 790 Theologiae
918 736 1091 775 breviter
1111 736 1407 789 comprehendit
1427 749 1620 776 summam
1647 738 1765 776 totius
1784 737 1958 790 praedicti
1975 741 2190 788 Tractatus,
2213 741 2251 779 in
2270 740 2362 779 Fide

213 799 380 847 scilicet,
403 807 442 839 et
464 799 646 851 Caritate,
669 809 709 841 et
730 799 1002 841 Sacramemis.
1020 798 1124 848 Quid
1142 798 1191 838 sit
1209 799 1323 838 Fides
1337 830 1349 848 ,
1367 798 1463 851 quid
1494 801 1589 852 Spes
1603 830 1614 849 ,
1634 799 1731 851 quid
1748 800 1895 839 Caritas
1908 831 1918 851 ,
1936 800 2034 852 quid
2054 802 2358 843 Sacramentum.

214 861 419 911 Quomodo
437 862 596 915 proprie
614 863 698 903 sive
717 861 932 916 improprie
953 861 1067 900 Fides
1094 860 1258 901 dicatur.
1276 863 1371 912 Quae
1393 861 1441 901 sit
1462 861 1576 901 Fides
1599 861 1809 902 Catholica.
1836 862 1981 901 Positio
2001 864 2198 902 sententiae
2214 864 2262 904 de
2287 864 2361 903 fide

212 933 351 964 sanctae
372 924 583 973 Trinitatis,
601 925 684 966 sive
697 925 869 966 unitatis.
886 925 1016 973 Quare
1032 924 1138 963 solus
1158 927 1274 963 Pater
1291 924 1443 963 dicatur
1458 923 1668 976 ingenitus.
1690 923 1792 974 Quid
1814 924 1908 963 velit
1926 924 2121 964 distinctio
2144 926 2259 965 trium
2275 939 2363 979 per—

211 1000 394 1026 sonarum
412 987 454 1026 in
477 1001 555 1027 una
574 988 787 1029 divinitatis
805 987 989 1027 essentia.
1011 986 1126 1037 Quod
1155 986 1349 1027 vocabulo
1374 987 1501 1027 Patris
1523 987 1658 1026 divina
1685 987 1857 1039 potentia
1874 987 2094 1039 specialiter
2121 987 2358 1041 designetur.

211 1051 341 1100 Quare
358 1063 480 1102 opera
494 1050 613 1089 trium
632 1063 887 1104 personarum
904 1049 1074 1089 indivisa
1089 1049 1280 1088 dicantur.
1305 1049 1420 1098 Quod
1440 1050 1598 1088 nomine
1619 1049 1706 1089 Filii
1722 1062 1792 1089 seu
1809 1049 1926 1089 Verbi
1943 1049 2075 1089 divina
2090 1050 2278 1103 sapientia
2295 1065 2363 1091 ex-

212 1111 416 1162 primatur.
446 1112 562 1161 Quod
587 1113 754 1166 Spiritus
772 1121 926 1153 sanctus
945 1111 1087 1152 divinae
1106 1111 1274 1151 caritatis
1299 1110 1450 1151 bonitas
1476 1111 1708 1165 appelletur.
1740 1111 1975 1152 Testimonia
2005 1112 2285 1165 Prophetarum
2314 1114 2362 1153 de

209 1173 408 1214 Trinitate.
425 1175 660 1215 Testimonia
679 1174 1022 1228 Philosophorum.

262 1271 465 1311 Secundus
498 1271 600 1312 liber
628 1272 850 1326 Theologiae
875 1272 1029 1311 disserit
1055 1285 1101 1311 ea
1126 1285 1214 1324 quae
1240 1271 1287 1311 de
1308 1272 1494 1312 Trinitate
1520 1272 1669 1325 primus
1692 1271 1792 1312 liber
1810 1272 2033 1325 proposuit,
2056 1281 2094 1312 et
2112 1273 2160 1312 ad
2184 1275 2358 1313 testimo—

210 1333 363 1373 niorum
380 1335 648 1374 auctoritatem
662 1335 928 1389 intelligentiae
948 1334 1195 1373 commendat
1218 1335 1422 1374 rationem.

262 1432 412 1471 Tertius
432 1432 533 1472 liber
555 1433 799 1487 superposita
817 1433 1059 1486 replicando,
1080 1432 1302 1486 diligentius
1317 1433 1366 1473 de
1385 1433 1574 1486 potentia,
1588 1442 1626 1472 et
1639 1432 1827 1484 sapientia
1839 1433 1928 1482 Dei,
1949 1442 1986 1471 et
2007 1433 2195 1483 bonitate,
2218 1434 2257 1472 in
2270 1447 2359 1486 qut-

209 1492 280 1532 bus
295 1495 459 1535 Trinitas
475 1495 663 1544 consistit,
677 1496 888 1548 perfectius
901 1495 1061 1547 inquirit
1074 1509 1119 1534 ac
1137 1494 1303 1534 disserit.

897 1973 1187 2053 LIBER
1254 1974 1658 2056 PRIMUS.

268 2227 373 2274 Tria
395 2238 525 2288 sunt,
549 2239 602 2277 ut
620 2229 845 2291 arbitror,
872 2230 921 2276 in
939 2229 1118 2295 quibus
1139 2230 1363 2279 humanae
1385 2231 1551 2280 salutis
1581 2248 1770 2280 summa
1798 2232 2032 2292 consistit,
2056 2231 2193 2280 Fides
2215 2232 2352 2280 vide-

204 2307 330 2367 licet,
355 2309 553 2370 Caritas,
573 2320 621 2357 et
639 2312 1019 2358 Sacramentum.
1037 2312 1183 2376 Spem
1203 2321 1363 2360 autem
1387 2312 1438 2360 in
1462 2310 1576 2371 fide,
1603 2321 1834 2377 tanquam
1856 2313 2065 2379 speciem
2088 2313 2138 2360 in
2159 2329 2349 2377 genere,

203 2375 553 2453 comprehendi
583 2391 820 2439 existimo.
854 2393 938 2438 Est
973 2391 1154 2457 quippe
1189 2390 1308 2439 fides
1342 2392 1628 2440 existimatio
1660 2409 1823 2441 rerum
1861 2410 1961 2441 non
1998 2394 2348 2459 apparentium,

203 2467 298 2515 hoc
322 2477 393 2515 est
403 2468 622 2518 sensibus
645 2471 864 2536 corporis
881 2488 981 2519 non
1002 2471 1386 2536 subjacentium3
1409 2489 1517 2538 spes
1541 2489 1674 2536 vero,
1697 2475 1989 2540 exspectatio
2006 2473 2203 2537 aliquod
2226 2490 2354 2521 com-

204 2546 405 2595 modum
418 2547 734 2614 adipiscendi,
752 2551 949 2615 quando
973 2550 1196 2600 videlicet
1216 2553 1323 2617 quis
1345 2552 1499 2600 credit
1519 2569 1571 2600 se
1593 2551 1790 2618 aliquod
1812 2552 1999 2601 bonum
2024 2563 2350 2601 assecuturum

202 2643 322 2675 esse.
346 2631 424 2676 Est
439 2629 603 2695 itaque
625 2629 746 2679 fides
765 2640 866 2679 tam
889 2630 1133 2679 bonarum
1149 2648 1296 2696 quam
1313 2633 1549 2681 malarum
1573 2649 1754 2690 rerum,
1777 2642 1824 2681 et
1841 2643 1939 2682 tam
1957 2633 2019 2680 de
2038 2632 2350 2698 praesentibus

202 2708 277 2755 vel
296 2709 562 2773 praeteritis,
589 2727 737 2775 quam
753 2712 941 2772 futuris,
969 2712 1092 2760 sicut
1112 2713 1161 2760 in
1181 2713 1418 2778 principio
1435 2711 1748 2759 Enchz're'dion
1770 2713 1940 2761 beatus
1962 2712 2151 2762 disserit
2173 2717 2350 2777 Augus-

202 2786 371 2834 tinus¹.
397 2790 517 2853 Spes
538 2799 700 2838 autem
720 2790 782 2839 de
806 2790 948 2839 bonis
971 2802 1040 2839 est
1062 2801 1252 2839 tantum
1273 2801 1321 2839 et
1340 2791 1401 2839 de
1420 2791 1608 2838 futuris.
1636 2792 1935 2856 Exspectatio
1952 2793 2132 2858 quippe
2151 2792 2350 2841 alicuius

201 2865 503 2914 incommodi
537 2885 638 2916 non
669 2879 767 2917 tam
801 2887 912 2935 spes
942 2870 1146 2918 dicenda
1180 2880 1250 2918 est
1285 2886 1432 2935 quam
1466 2869 1763 2935 desperatio,
1790 2870 1888 2919 hoc
1923 2881 1994 2919 est
2028 2872 2293 2921 diffidentia
2323 2891 2349 2920 a

201 2945 353 2994 bono.
382 2947 565 2996 Caritas
585 2965 700 2997 vero
725 2958 798 2997 est
827 2966 966 2997 amor
987 2950 1219 2998 honestus
1236 2987 1248 3010 ,
1274 2950 1358 3015 qui
1381 2949 1443 2998 ad
1466 2966 1578 2998 eum
1603 2949 1823 2999 videlicet
1852 2950 1999 3000 finem
2025 2951 2260 3017 dirigitur,
2286 2954 2347 3000 ad

201 3043 346 3091 quem
366 3037 558 3093 oportet
579 3047 590 3074 :
612 3029 737 3077 sicut
758 3046 785 3077 e
807 3030 1052 3078 contrario
1072 3029 1327 3095 cupiditas,
1348 3045 1487 3077 amor
1509 3029 1795 3079 inhonestus
1809 3047 1866 3081 ac
1885 3033 2037 3098 turpis
2058 3033 2341 3099 appellatur.

202 3110 348 3154 Amor
369 3124 485 3156 vero
508 3118 579 3157 est
611 3108 743 3157 bona
770 3125 881 3173 erga
903 3109 1106 3158 alterum
1127 3109 1285 3175 ipsum
1308 3109 1529 3158 voluntas
1545 3147 1558 3172 ‚
1580 3126 1675 3175 qua
1698 3111 1918 3160 videlicet
1940 3123 2185 3178 optamus,
2214 3123 2264 3159 ut
2285 3130 2343 3159 eo

248 3288 254 3305 ¹
278 3286 379 3328 Opp..
401 3293 422 3320 t.
443 3287 497 3329 Vl,
517 3290 578 3323 col.
597 3292 669 3324 ⁴97.
