2638 3866
682 292 740 341 ΙΝ
774 291 1103 339 EPISTOLAM
1140 292 1219 340 AD
1255 293 1536 343 ROMANOS
1572 294 1682 340 LlB.
1719 294 1843 340 SEC.
2234 291 2329 338 207

191 395 523 445 reconciliatus
546 396 604 442 sit
621 394 808 446 mundo
828 395 848 440 ?
867 398 980 442 Haec
1003 394 1143 443 ethis
1165 396 1337 444 similia
1356 412 1457 444 non
1479 394 1774 443 mediocrem
1796 409 1991 441 movere
2013 392 2326 458 quaestionem

191 476 331 526 nobis
357 474 599 536 videntur,
626 475 688 524 de
705 474 1041 542 redemptione
1057 476 1237 524 scilicet
1251 477 1325 525 vel
1343 475 1686 541 justificatione
1708 484 1874 522 nostra
1892 491 1978 540 per
2002 483 2209 522 mortem
2232 476 2328 520 Do·

193 557 310 606 mini
328 557 481 605 nostri
503 559 611 605 Jesu
635 555 827 604 Christi.

255 638 460 686 Solutio.
502 636 651 685 Nobis
686 647 850 685 autem
890 635 1082 684 videtur
1117 637 1252 702 quod
1295 638 1344 685 in
1387 638 1484 685 hoc
1522 634 1768 701 justificati
1806 652 1971 683 sumus
2015 636 2063 683 in
2101 636 2331 699 sanguine

190 718 390 778 Christi,
426 728 476 765 et
506 720 610 766 Deo
648 717 972 779 reconciliati,
1010 718 1145 783 quod
1182 734 1269 784 per
1297 718 1423 765 hanc
1460 717 1752 782 singularem
1783 716 1980 779 gratiam
2013 715 2155 763 nobis
2195 715 2333 763 exhi-

189 799 359 860 bitam,
385 798 520 863 quod
548 798 692 846 Filius
723 815 837 847 suus
861 807 1078 846 nostram
1103 798 1365 864 susceperit
1392 807 1635 856 naturam,
1661 806 1709 844 et
1730 797 1780 844 in
1806 797 1911 862 ipso
1940 813 2031 844 nos
2059 805 2157 844 tam
2180 795 2329 843 verbo

189 895 338 944 quam
372 879 592 945 exemplo
634 878 930 927 instituendo
963 895 1117 944 usque
1153 878 1214 927 ad
1251 888 1459 926 mortem
1486 878 1720 944 perstitit,
1758 893 1848 925 nos
1884 876 1973 924 sibi
2009 876 2215 941 amplius
2249 893 2334 941 per

189 975 406 1008 amorem
441 959 657 1008 astrinxit
685 977 695 1005 z
725 969 778 1007 ut
810 969 946 1007 tanto
984 959 1158 1007 divinae
1197 960 1356 1024 gratiae
1394 959 1582 1007 accensi
1614 957 1873 1014 beneficio,
1909 957 1976 1004 nil
2006 956 2107 1020 jam
2134 955 2335 1003 tolerare

188 1050 388 1106 propter
429 1041 587 1106 ipsum
630 1056 744 1087 vera
792 1039 1074 1088 reformidet
1106 1041 1294 1088 caritas.
1351 1038 1498 1098 Quod
1535 1038 1734 1104 quidem
1771 1035 2062 1085 beneficium
2113 1035 2337 1100 antiquos

191 1122 351 1168 Patres
382 1121 526 1169 etiam
558 1120 655 1168 hoc
679 1137 766 1187 per
796 1120 942 1169 fidem
975 1131 1333 1187 exspectantes,
1371 1121 1421 1168 in
1455 1136 1702 1167 summum
1736 1135 1952 1166 amorem
1988 1118 2076 1165 Dei
2110 1127 2337 1182 tanquam

189 1199 412 1249 homines
443 1202 675 1268 temporis
708 1203 885 1266 gratiae,
919 1218 1020 1249 non
1052 1200 1331 1249 dubitamus
1356 1200 1652 1262 accendisse,
1679 1216 1791 1247 cum
1823 1199 2055 1264 scriptum
2086 1198 2166 1245 sit¹
2194 1214 2205 1244 ε
2237 1217 2259 1242 «
2284 1200 2336 1243 Et

189 1283 273 1346 qui
290 1282 541 1347 praeibant,
558 1291 605 1330 et
619 1283 704 1348 qui
721 1283 1070 1348 sequebantur,
1089 1283 1365 1333 clamabant
1389 1282 1627 1330 dicentes:
1652 1284 1880 1330 Hosanna
1900 1279 1998 1327 filio
2016 1279 2188 1340 David,
2206 1289 2331 1326 etc.»

189 1363 367 1410 Justior
401 1379 624 1429 quoque,
651 1364 700 1411 id
727 1374 814 1425 est,
857 1364 1062 1430 amplius
1084 1364 1351 1411 Dominum
1380 1363 1583 1427 diligens
1610 1362 1814 1428 quisque
1851 1360 1904 1408 fit
1928 1370 2039 1426 post
2066 1360 2336 1426 passionem

190 1442 364 1491 Christi
379 1461 525 1509 quam
545 1446 792 1509 ante,quia
815 1445 1021 1511 amplius
1038 1445 1087 1492 in
1107 1461 1323 1492 amorem
1340 1444 1561 1491 accendit
1577 1443 1875 1509 completum
1890 1441 2180 1489 beneficium
2193 1457 2337 1505 quam

190 1534 452 1589 speratum.
493 1525 779 1591 Redemptio
819 1526 982 1591 itaque
1030 1535 1192 1573 nostra
1228 1535 1299 1582 est
1334 1524 1413 1572 illa
1448 1541 1636 1572 summa
1679 1525 1729 1571 in
1764 1523 1906 1570 nobis
1946 1539 2033 1587 per
2068 1522 2340 1586 passionem

190 1603 365 1652 Christi
385 1604 605 1668 dilectio,
629 1622 735 1670 quae
762 1623 852 1653 nos
876 1622 977 1653 non
995 1605 1154 1653 solum
1180 1621 1207 1652 a
1231 1605 1459 1652 servitute
1482 1604 1668 1670 peccati
1683 1603 1877 1663 liberat,
1905 1602 1988 1650 sed
2013 1618 2178 1649 veram
2201 1601 2341 1648 nobis

190 1682 402 1732 filiorum
438 1686 527 1733 Dei
561 1685 828 1734 libertatem
861 1687 1090 1751 acquirit;
1140 1695 1191 1733 ut
1224 1702 1390 1733 amore
1424 1685 1527 1748 ejus
1571 1685 1733 1749 potius
1767 1700 1914 1748 quam
1956 1683 2130 1730 timore
2169 1691 2342 1729 cuncta

191 1764 493 1830 impleamus,
526 1767 611 1830 qui
643 1766 784 1814 nobis
810 1775 995 1814 tantam
1026 1766 1241 1814 exhibuit
1268 1766 1486 1830 gratiam,
1524 1781 1619 1830 qua
1642 1765 1797 1829 major
1825 1763 2054 1825 inveniri,
2090 1763 2195 1828 ipso
2225 1772 2343 1810 atte-

190 1853 360 1907 stante,
388 1862 490 1893 non
514 1850 728 1911 potest²t
758 1866 780 1891 «
804 1847 1036 1911 Majorem
1059 1846 1176 1909 hac,
1209 1847 1384 1911 inquit,
1418 1845 1726 1894 dilectionem
1757 1861 1902 1892 nemo
1926 1843 2089 1904 habet,
2122 1859 2268 1907 quam
2292 1853 2344 1890 ut

191 1926 404 1973 animam
440 1943 578 1974 suam
612 1937 765 1993 ponat
793 1945 883 1994 pro
913 1928 1077 1976 amicis
1112 1928 1226 1976 suis.
1254 1949 1277 1973 n
1305 1931 1375 1976 De
1406 1927 1503 1975 hoc
1531 1927 1732 1992 quidem
1765 1943 1930 1975 amore
1962 1926 2199 1973 Dominus
2233 1923 2343 1971 alibi

196 2006 286 2053 ait³
309 2024 320 2053 t
352 2027 374 2050 «
392 2009 556 2072 Ignem
578 2009 690 2056 veni
714 2009 905 2057 mittere
930 2010 978 2057 in
1003 2019 1198 2069 terram,
1218 2018 1265 2056 et
1290 2009 1409 2072 quid
1433 2008 1546 2056 volo
1568 2009 1658 2056 nisi
1684 2018 1735 2055 ut
1754 2008 1950 2056 ardeat?
1967 2028 1989 2051 »
2011 2006 2083 2054 Ad
2105 2006 2232 2053 hanc
2255 2006 2341 2052 ita-

192 2103 287 2151 que
309 2103 473 2135 veram
507 2089 715 2137 caritatis
746 2089 1018 2138 libertatem
1049 2091 1099 2137 in
1129 2090 1413 2149 hominibus
1442 2090 1806 2156 propagandam
1835 2106 1885 2137 se
1913 2089 2098 2135 venisse
2128 2095 2338 2134 testatur.

191 2166 337 2225 Quod
362 2167 614 2233 diligenter
639 2170 892 2218 attendens
913 2170 1171 2235 Apostolus
1194 2170 1243 2217 in
1268 2170 1581 2235 sequentibus
1602 2170 1717 2217 aith:
1743 2190 1765 2215 «
1788 2170 1913 2228 Quia
1942 2168 2114 2216 caritas
2137 2168 2224 2214 Dei
2249 2166 2339 2213 dif-

192 2246 295 2295 fusa
326 2257 395 2295 est
418 2248 467 2294 in
497 2248 727 2297 cordibus
755 2251 933 2297 nostris
958 2266 1047 2315 per
1076 2251 1306 2316 Spiritum
1337 2260 1558 2298 sanctum
1582 2251 1666 2314 qui
1688 2251 1828 2298 datus
1858 2259 1931 2297 est
1953 2248 2112 2296 nobis.
2142 2251 2202 2294 Ut
2224 2247 2339 2312 quid

192 2327 322 2374 enim
356 2328 602 2387 Christus,
640 2340 732 2378 etc.
758 2349 782 2374 »
818 2333 1023 2379 Iterum⁵
1048 2349 1058 2378 :
1087 2351 1110 2374 α
1132 2331 1454 2379 Commendat
1487 2341 1650 2380 autem
1677 2348 1815 2379 suam
1848 2331 2093 2379 caritatem
2128 2332 2258 2377 Deus
2293 2330 2340 2375 in

193 2406 351 2455 nobis.
385 2410 629 2467 Quoniam
662 2427 776 2458 cum
809 2411 1001 2470 adhuc,
1028 2420 1122 2459 etc.
1148 2430 1173 2456 »
1200 2415 1317 2470 Quae
1339 2412 1537 2477 quidem
1563 2412 1759 2478 plenius
1778 2428 1865 2459 suo
1890 2411 1998 2458 loco
2024 2425 2338 2473 exponemus.

194 2489 333 2535 Nunc
356 2499 518 2537 autem
542 2491 813 2554 succincte,
848 2502 1089 2557 quantum
1113 2492 1173 2540 ad
1197 2493 1509 2559 expositionis
1531 2493 1816 2540 brevitatem
1845 2493 2076 2558 pertinet,
2110 2490 2170 2537 de
2194 2488 2342 2536 modo

194 2577 367 2616 nostrae
398 2570 745 2637 redemptionis
779 2572 914 2637 quod
943 2573 1133 2621 videtur
1162 2573 1304 2621 nobis
1339 2573 1558 2621 sufficiat.
1591 2574 1640 2620 Si
1679 2590 1776 2637 qua
1805 2589 1922 2620 vero
1966 2571 2141 2618 desunt
2182 2569 2337 2634 perfe-

194 2649 370 2710 ctioni,
396 2651 654 2717 Theologiae
677 2663 851 2700 nostrae
885 2654 1109 2701 tractatui
1140 2669 1457 2702 reservamus.
1485 2654 1619 2701 «Ubi
1646 2661 1733 2701 est.
1758 2672 1780 2697 »
1807 2653 1910 2699 Dixi
1940 2652 2042 2699 sine
2071 2652 2174 2714 lege
2199 2649 2342 2712 justi-

195 2729 311 2776 tiam
356 2731 649 2779 manifestari
693 2750 825 2781 nunc
859 2750 946 2799 per
987 2733 1134 2781 fidem
1183 2734 1358 2781 Christi
1395 2751 1540 2800 super
1575 2750 1743 2781 omnes
1787 2733 1964 2798 pariter
2000 2731 2083 2795 qui
2120 2728 2338 2776 credunt.

198 2809 360 2872 Igitur,
387 2827 417 2857 o
444 2810 631 2870 Judaee,
661 2812 746 2859 ubi
772 2822 843 2860 est
863 2814 1069 2878 amplius
1092 2813 1312 2877 gloriatio
1340 2823 1443 2872 tua,
1474 2814 1553 2860 illa
1582 2813 1760 2860 scilicet
1781 2810 2048 2876 singularis,
2084 2825 2230 2874 quam
2257 2808 2343 2855 ha-

195 2888 346 2937 bebas
367 2889 428 2937 de
451 2890 555 2955 lege
585 2901 632 2939 et
657 2893 991 2957 corporalibus
1014 2894 1115 2956 ejus
1141 2893 1490 2940 observantiis?
1515 2897 1636 2940 Nam
1665 2893 1854 2941 exclusa
1877 2902 1971 2948 est,
2004 2890 2054 2938 id
2077 2900 2163 2951 est,
2190 2888 2343 2937 ablata

196 2968 283 3017 tibi
305 2979 352 3016 et
374 2970 637 3019 annullata.
659 2991 683 3017 «
702 2975 789 3020 Per
811 2989 957 3037 quam
976 2972 1196 3036 legem?»
1218 2972 1409 3021 Scilicet
1430 2983 1501 3021 est
1523 2973 1713 3022 exclusa
1728 2990 1815 3039 per
1832 2973 1987 3037 legem
2011 2991 2034 3017 «
2056 2972 2340 3028 sactorum,»

197 3048 249 3096 id
267 3060 338 3097 est
355 3051 629 3116 aliquorum
647 3053 940 3100 exteriorum
961 3054 1194 3118 operum?
1214 3057 1375 3112 «Non,
1399 3054 1483 3102 sed
1507 3071 1594 3120 per
1613 3055 1767 3118 legem
1787 3053 1916 3113 fidei,
1933 3074 1955 3097 n
1977 3062 2030 3100 ut
2052 3052 2235 3099 dictum
2255 3060 2341 3107 est,

199 3131 307 3177 Jesu
330 3131 522 3191 Christi,
551 3132 601 3180 id
624 3142 694 3180 est
713 3134 958 3180 caritatem
984 3149 1039 3180 ex
1065 3132 1159 3182 fide
1186 3144 1361 3182 nostrae
1384 3134 1658 3183 salvationis
1680 3152 1765 3201 per
1789 3134 2031 3182 Christum
2051 3132 2338 3180 venientem.

249 3334 382 3376 ’Μαι-0.,
406 3346 477 3379 cap.
505 3347 551 3381 xi,
573 3348 602 3372 v.
628 3342 660 3373 9.
678 3357 717 3367 -
737 3341 747 3359 ²
774 3339 882 3381 Joan.‚
906 3350 978 3382 cap.
1003 3351 1055 3380 xv,
1083 3350 1113 3375 v.
1136 3343 1186 3376 13.
1203 3359 1243 3365 —
1258 3343 1269 3362 ³
1286 3342 1379 3383 Luc.‚
1397 3351 1467 3382 cap.
1488 3351 1553 3382 χιι,
1574 3351 1603 3376 v.
1622 3343 1674 3376 49.
1696 3360 1732 3365 --
1752 3344 1760 3362 ⁸
1777 3342 1887 3382 Rom„
1906 3350 1976 3382 cap.
1997 3350 2025 3379 v,
2052 3349 2083 3372 v.
2102 3342 2130 3371 5.
2152 3357 2186 3363 -—
2208 3341 2217 3358 ³
2232 3338 2341 3373 Rom,

203 3398 273 3430 cap.
291 3399 323 3428 v,
341 3401 371 3424 v.
388 3395 419 3425 8.
