2638 3866
1170 227 1231 275 DI
1237 227 1480 277 ALOGUS.
2300 232 2395 282 683

261 321 443 382 transit,
472 332 763 388 praeceptum
786 324 950 389 utique
967 326 1015 372 in
1041 343 1098 375 ea
1121 328 1438 391 transcendit,
1465 329 1527 378 ad
1550 346 1698 396 quam
1720 347 1778 379 ex
1802 341 2041 398 praecepto
2064 348 2164 380 non
2189 333 2392 396 cogitur.

261 400 400 448 Unde
427 402 558 449 idem
590 403 1098 468 meminitApostolus¹
1116 424 1127 453 t
1147 411 1255 456 «De
1278 410 1541 474 virginibus
1561 420 1722 459 autem
1746 423 2036 478 praeceptum
2065 413 2263 469 Domini
2294 431 2394 462 non

259 479 433 542 habeo,
444 482 706 530 consilium
724 492 890 531 >autem
903 483 1020 532 do.»
1046 485 1138 534 Sed
1153 487 1201 535 in
1216 487 1291 535 his
1301 491 1463 551 etiarn,
1490 491 1573 554 qui
1586 491 1738 555 legem
1750 492 2120 559 adimpleverint
2134 509 2223 541 nec
2245 503 2395 541 trans-

257 562 524 623 cenderint,
562 564 718 629 impar
756 579 865 612 esse
905 565 1075 613 caritas
1108 577 1294 630 potest,
1340 585 1451 617 cum
1496 571 1544 618 in
1590 572 1763 619 eodem
1798 573 2020 622 videlicet
2065 590 2212 639 opere
2243 575 2396 638 major

258 640 418 706 hujus,
438 660 584 708 quam
598 644 722 691 illius
735 644 1025 694 sit-caritatis
1046 647 1262 696 affectus.
1281 650 1423 708 Quod
1440 652 1584 699 etiam
1609 652 1854 715 objectum
1871 664 1941 701 est
1964 671 2021 702 ex
2045 654 2128 702 illo
2145 655 2392 717 Augustini

257 719 387 769 dicto
428 740 439 770 :
481 742 506 770 «
536 723 635 771 Ubi
665 733 735 772 est
760 725 933 773 caritas
966 726 1190 791 quidem,
1233 729 1367 793 quod
1397 732 1547 795 possit
1575 731 1739 780 deesse
1770 742 1885 793 etc.‚
1922 754 1944 777 n
1990 750 2135 795 nemo
2166 744 2266 791 est,
2313 737 2396 799 qui

258 800 326 848 sic
348 818 460 850 enm
485 804 722 869 accepisse
743 804 841 853 hoc
863 806 1084 868 aesttimet,
1114 817 1166 855 ut
1190 809 1417 857 omnibus
1440 827 1609 858 omnes
1632 812 1681 860 in
1709 812 1963 861 virtutibus
1987 823 2034 861 et
2058 815 2237 862 meritis
2259 815 2395 862 unire

256 881 385 943 velit,
419 883 554 947 qnod
586 890 684 931 tam
721 886 984 934 Dominum
1013 904 1158 952 quam
1185 891 1465 954 Apostolum
1489 901 1704 951 secutus,
1742 893 1839 940 fere
1875 892 2054 958 ubique
2089 894 2391 943 contradicit.

257 961 366 1009 Tale
397 972 468 1010 est
499 964 666 1028 utique
693 965 828 1029 quod
857 967 946 1026 ait,
977 967 1111 1032 quod
1145 969 1342 1033 quidem
1369 971 1519 1035 possit
1547 971 1711 1019 deesse
1732 972 1793 1020 ad
1825 972 2053 1033 salutern,
2091 974 2174 1021 sed
2208 990 2307 1022 non
2333 975 2392 1022 ad

256 1041 488 1090 virtutum
526 1044 889 1109 perfectionem.
921 1050 1073 1096 Nemo
1107 1049 1291 1115 quippe
1325 1066 1438 1098 cum
1472 1051 1551 1099 illa
1587 1053 1735 1117 perit,
1777 1052 1861 1100 sed
1895 1070 1995 1100 non
2032 1070 2200 1102 omnes
2236 1054 2285 1101 in
2319 1055 2396 1103 illa

254 1133 521 1187 aequantnr.

319 1206 511 1253 Pinnos.
546 1208 615 1253 Ne
644 1217 808 1270 gravet
842 1217 888 1256 te
926 1209 1100 1257 multas
1137 1225 1229 1258 nos
1263 1211 1521 1258 sententias
1557 1229 1643 1260 seu
1677 1214 1932 1279 opiniones
1965 1215 2212 1276 inducere,
2256 1226 2305 1263 ut
2339 1234 2397 1264 ex

255 1283 481 1332 omnibus
511 1285 775 1335 veritatem'
798 1289 983 1336 ratione
1013 1289 1251 1354 possimus
1291 1289 1480 1338 elicere.
1511 1293 1606 1350 Qui
1650 1294 1780 1340 enim
1806 1310 1951 1357 quem
1982 1294 2142 1342 adhuc
2169 1295 2397 1359 *ignorant

253 1361 416 1411 locum
450 1366 708 1429 vestigant,
726 1368 910 1418 ,multas
941 1369 1191 1434 explorare
1216 1379 1456 1433 coguntur
1481 1371 1603 1433 vias,
1630 1383 1682 1420 ut
1705 1375 1958 1422 rectiorem
1984 1375 2169 1423 valeant
2189 1376 2362 1440 eligere
2379 1414 2391 1436 ,

253 1443 374 1490 sicut
396 1460 528 1491 nunc
561 1462 804 1494 summum
835 1448 1125 1512 inquirendo
1154 1448 1340 1496 bonum
1366 1449 1519 1498 facere
1542 1453 1824 1517 compellor,
1857 1453 1975 1500 dum
2001 1454 2218 1501 videlicet
2242 1457 2393 1520 majo-

254 1540 360 1570 rum
387 1534 667 1573 nostrorum
692 1529 952 1576 sententias
973 1529 1048 1576 vel
1071 1530 1336 1595 propriam,
1364 1545 1393 1577 a
1416 1539 1462 1578 te
1484 1531 1729 1591 invitatus,
1755 1549 1999 1599 propono.

318 1607 591 1654 CmusnAN.
637 1609 743 1654 Non
779 1618 1022 1673 gravaret,
1062 1611 1099 1656 si
1138 1609 1230 1657 tale
1267 1609 1384 1674 quid
1419 1627 1510 1675 pro
1546 1614 1780 1661 sententia
1818 1613 2147 1675 induceretur,
2186 1615 2323 1679 quod
2356 1618 2396 1663 si

251 1699 420 1731 verum
454 1702 554 1733 non
587 1697 731 1748 esset,
761 1687 942 1752 aliquid
972 1689 1139 1737 saltem
1170 1689 1423 1755 probitatis
1458 1689 1671 1739 haberet.
1714 1695 1818 1742 Non
1851 1693 1979 1741 enim
2013 1693 2147 1757 quod
2180 1703 2395 1758 patenter

247 1761 423 1811 falsum
449 1775 538 1823 est,
565 1766 723 1830 aliqua
748 1767 898 1816 refelli
920 1769 1107 1816 ratione
1130 1785 1253 1834 opus
1275 1778 1362 1816 est.

318 1846 506 1892 PHILos.
533 1846 665 1903 Quid
687 1847 727 1894 si
761 1863 1006 1895 summum
1033 1847 1248 1896 hominis
1273 1848 1461 1896 bonum
1482 1849 1700 1897 dicamus
1731 1860 1906 1898 statum
1939 1851 2076 1899 illum
2099 1852 2266 1900 futurae
2288 1855 2393 1902 vitae

249 1925 613 1988 comparatione
645 1936 833 1974 tantum
869 1927 1114 1976 honorum
1148 1929 1393 1993 praesentis
1424 1929 1566 1976 vitae?
1601 1933 1720 1977 Nam
1751 1941 1798 1978 et
1832 1947 1944 1978 cum
1976 1947 2063 1980 vos
2096 1931 2239 1979 nobis
2270 1933 2393 1981 duos

249 2002 369 2051 fines
398 2020 426 2052 a
455 2008 558 2053 Deo
582 2008 857 2071 propositos
882 2007 1067 2065 dicatis,
1101 2025 1346 2056 summum
1366 2007 1586 2056 videlicet
1608 2009 1795 2056 bonum
1815 2011 1863 2056 in
1887 2010 2026 2066 coelo,
2052 2011 2128 2058 vel
2147 2028 2389 2060 summum

248 2084 429 2131 malum
462 2086 511 2131 in
546 2087 760 2144 inferno,
802 2103 900 2134 non
938 2089 1074 2135 aliter
1103 2089 1200 2135 hoc
1233 2089 1470 2153 accipitis,
1514 2089 1605 2135 nisi
1638 2099 1873 2152 quantum
1911 2089 1969 2136 ad
2011 2090 2117 2137 vitae
2151 2094 2392 2155 praesentis

248 2173 424 2211 statum
455 2163 642 2212 bonum
666 2166 742 2212 vel
774 2167 971 2214 malum.
1008 2169 1100 2214 Sex
1133 2169 1314 2233 quippe
1346 2167 1603 2216 hominum
1638 2177 1786 2216 status
1816 2168 1960 2216 nobis
1993 2170 2115 2217 ratio
2147 2173 2381 2234 suggerit,

248 2255 342 2293 tres
364 2246 585 2295 videlicet
602 2248 653 2295 in
678 2248 771 2296 hac
793 2249 909 2308 vita,
936 2259 984 2297 et
1006 2250 1274 2298 secundum
1297 2250 1410 2308 hoc,
1438 2260 1534 2298 tres
1558 2250 1775 2298 similiter
1793 2251 1911 2298 alios
1930 2251 1978 2299 in
2002 2252 2174 2300 futura.
2203 2254 2389 2303 Primus

246 2326 428 2391 quippe
455 2326 667 2375 hominis
700 2338 851 2376 status
879 2338 949 2376 est
970 2329 1018 2376 in
1044 2346 1144 2394 quo
1174 2330 1404 2391 nascitur,
1429 2330 1547 2378 dum
1573 2330 1794 2377 nondum
1818 2331 1866 2377 in
1894 2332 2180 2380 coexcitata
2200 2334 2388 2382 ratione

245 2404 452 2453 liberum
487 2418 557 2455 est
585 2407 787 2473 adeptus
814 2407 1089 2467 arbitrium,
1123 2419 1201 2470 ut,
1227 2409 1496 2458 secundum
1529 2410 1662 2474 quod
1694 2410 1906 2473 elegerit,
1936 2410 2096 2459 bonus
2119 2411 2287 2470 homo,
2312 2415 2387 2462 vel

248 2486 401 2534 malus
418 2486 654 2536 dicendus
674 2489 750 2549 sit,
776 2491 998 2554 quamvis
1025 2490 1127 2555 ipse
1148 2490 1282 2538 bona
1302 2507 1378 2538 res
1397 2490 1472 2537 vel
1499 2489 1630 2538 bona
1654 2491 1713 2538 sit
1742 2489 2005 2539 substantia
2023 2491 2123 2538 sive
2148 2502 2381 2541 creatura.

246 2569 317 2614 De
339 2567 435 2615 hoc
458 2568 654 2632 quidem
679 2570 841 2635 priore
865 2580 989 2618 statu
1011 2570 1241 2629 horniniS,
1267 2587 1378 2618 cum
1397 2571 1459 2618 ad
1480 2570 1780 2619 discretionis
1797 2581 1983 2619 aetatem
2005 2572 2106 2636 ipse
2126 2572 2386 2636 perductus

246 2648 450 2695 scienter
480 2664 531 2695 se
561 2649 625 2696 ad
659 2649 845 2697 bonum
872 2651 976 2698 sive
1004 2650 1069 2698 ad
1100 2651 1282 2697 malum
1314 2650 1638 2710 inclinaverit,
1668 2651 1768 2714 jam
1801 2649 1962 2697 bonus
1994 2651 2096 2715 ipse
2124 2650 2275 2699 homo
2307 2654 2383 2701 vel

246 2726 400 2773 malus
423 2727 640 2787 effectus,
667 2728 856 2778 bonum
874 2730 1086 2777 hominis
1109 2739 1282 2777 statum
1302 2729 1377 2777 vel
1401 2730 1581 2777 malum
1605 2731 1842 2793 ingressus
1866 2739 1951 2777 est.
1978 2731 2164 2778 Primus
2182 2732 2383 2795 quidem

242 2805 455 2853 hominis
489 2817 638 2855 status
666 2810 803 2873 quasi
824 2810 1130 2871 indifferens,
1159 2817 1249 2857 nec
1273 2809 1433 2856 bonus
1460 2809 1711 2867 videlicet,
1739 2825 1828 2856 nec
1859 2810 2013 2856 malus
2033 2809 2269 2859 dicendus
2289 2823 2376 2860 est.

244 2885 518 2946 Secundus,
556 2887 595 2934 si
618 2887 680 2935 ad
702 2889 898 2936 virtutes
923 2889 1257 2937 conscenderit
1280 2889 1467 2948 boum,
1501 2889 1541 2936 si
1562 2888 1626 2936 ad
1650 2888 1763 2936 vitia
1784 2887 2084 2936 descenderit
2107 2889 2281 2956 malus,
2294 2894 2382 2941 .Sic

243 2966 388 3013 etiam
423 2966 579 3014 futura
612 2968 706 3015 vita
749 2977 842 3016 tres
876 2967 1021 3016 habet
1049 2978 1200 3016 status
1236 2987 1246 3015 ε
1294 2985 1448 3016 unum
1483 2967 1680 3032 quidem
1715 2967 1851 3032 quasi
1887 2968 2258 3032 indifferentem,
2294 2988 2384 3021 nec

244 3043 441 3092 beatum
469 3047 666 3111 proprie
700 3047 783 3095 sed
811 3065 902 3110 nec
930 3049 1177 3109 miserum,
1215 3049 1297 3112 qui
1335 3047 1553 3096 videlicet
1585 3063 1756 3095 eorum
1786 3056 1874 3105 est,
1910 3063 2120 3112 quorum
2151 3043 2303 3098 etiam¹
2333 3054 2382 3100 in

247 3124 338 3173 hac
371 3126 466 3174 vita
503 3126 798 3187 indifferens,
835 3111 888 3175 ut
923 3128 1148 3190 diximus,
1188 3138 1338 3176 status
1379 3128 1556 3176 exstitit
1588 3126 1838 3187 omnibuS,
1879 3127 2100 3177 videlicet
2131 3128 2383 3179 destitutus

311 3308 464 3342 Corinth.
476 3336 483 3350 ,
506 3311 532 3350 l,
547 3319 618 3351 cap.
635 3319 720 3351 xvn,
737 3321 767 3343 v.
807 3315 836 3345 5.
