2638 3866
992 457 1495 528 MAGISTRI

332 635 957 802 PETRI
1068 633 2173 799 ABAELARDI

544 910 1185 1019 THEOLOGIA
1270 911 1962 1002 CHRISTIANA.

236 1242 520 1302 Theologiam
548 1241 834 1284 Christianam
863 1240 1093 1284 ediderunt
1113 1240 1298 1299 primum
1321 1241 1517 1284 Martene
1542 1252 1585 1284 et
1606 1241 1787 1284 Durand
1816 1242 1859 1283 in
1883 1242 2024 1283 Tonio
2052 1240 2092 1282 V
2126 1240 2333 1283 Thesauri

178 1308 520 1360 Anecdotorum,
545 1324 591 1367 p.
619 1309 888 1361 1156-1359,
914 1323 968 1350 ex
991 1307 1279 1366 manuscripto
1302 1307 1462 1350 Codice
1484 1307 1660 1364 Majoris
1681 1307 1949 1359 Monasterii‚
1975 1307 2046 1365 qui
2072 1322 2186 1349 nunc
2209 1307 2331 1349 estin

177 1375 443 1418 Bibliotheca
465 1374 725 1417 Turonensi.

235 1441 379 1483 Pauca
401 1440 528 1483 nobis
554 1440 738 1483 dicenda
761 1451 860 1482 sunt
877 1439 931 1483 de
950 1439 1061 1482 libro
1082 1440 1175 1498 ipso
1199 1439 1242 1480 in
1264 1454 1367 1497 quo,
1391 1450 1546 1497 praeter
1570 1438 1714 1481 addita
1742 1437 1943 1498 quaedam
1962 1437 2030 1480 vel
2054 1448 2215 1480 mutata
2239 1454 2334 1496 quae

177 1522 267 1549 non
288 1506 453 1549 habent
470 1506 654 1549 multum
677 1507 904 1560 momenti,
931 1505 1199 1548 Introductio
1228 1505 1284 1547 ad
1312 1505 1595 1565 Theologiam
1629 1520 1741 1564 saepe
1771 1503 1826 1547 ad
1842 1505 2027 1548 litteram
2058 1503 2188 1547 veluti
2211 1515 2332 1546 tran-

176 1573 332 1631 scripta
365 1583 442 1615 est.
480 1572 572 1614 Nec
605 1571 787 1614 dubium
812 1583 875 1615 est
911 1573 1015 1631 quin
1039 1571 1099 1614 ibi
1122 1572 1206 1614 sint
1229 1571 1316 1614 duo
1339 1571 1404 1614 isti
1427 1570 1559 1613 libelli
1584 1571 1657 1630 qui
1679 1571 1722 1612 in
1745 1586 1897 1613 manus
1918 1569 2133 1613 Guillelmi
2155 1569 2337 1611 Abbatis

176 1638 220 1680 S.
246 1637 507 1680 Theodorici
528 1649 755 1691 venerunt,
781 1649 823 1681 et
844 1639 934 1697 qui,
961 1649 1009 1680 ut
1024 1639 1111 1697 ipse
1129 1637 1292 1697 scripsit
1317 1636 1372 1679 ad
1400 1637 1444 1680 S.
1470 1636 1738 1680 Bernardum
1762 1635 1795 1690 ¹,
1830 1658 1845 1673 ιι
1871 1636 1988 1678 idem
2018 1651 2129 1695 pene
2145 1635 2338 1677 contine—

177 1704 299 1757 bant,
326 1704 406 1746 nisi
430 1703 549 1762 quod
572 1704 616 1745 in
641 1703 776 1747 altero
798 1703 909 1763 plus,
932 1705 978 1747 in
995 1703 1128 1747 altero
1151 1704 1291 1746 minus
1316 1703 1549 1762 aliquando
1573 1703 1852 1745 inveniretur.
1874 1723 1889 1739 »

236 1769 521 1829 Theologiam
548 1770 834 1812 Christianam
851 1771 1114 1829 suspicamur
1140 1779 1379 1829 susceptam
1410 1768 1535 1811 fuisse
1564 1769 1609 1810 in
1632 1767 1820 1810 Abbatia
1840 1767 1884 1810 S.
1910 1764 2106 1820 Gildasii,
2126 1781 2206 1809 nec
2223 1765 2338 1808 aliud

177 1834 317 1894 primo
354 1835 482 1878 fuisse
509 1851 638 1894 quam
668 1836 989 1878 exhortationes
1019 1834 1227 1894 quasdam
1259 1834 1315 1877 ad
1344 1835 1581 1877 monachos
1602 1835 1728 1891 hujus
1751 1833 1935 1876 abbatiae
1959 1830 2206 1875 edocendos
2217 1831 2339 1873 habi-

174 1912 252 1944 tas.
270 1901 438 1960 Nempe
462 1899 715 1943 Abaelardus
735 1900 855 1943 haud
876 1900 1007 1944 semel
1043 1902 1125 1944 hac
1151 1900 1439 1960 compellandi
1469 1900 1669 1953 formula,
1695 1900 1893 1953 Fratres,
1917 1900 2072 1951 utitur;
2098 1898 2186 1940 imo
2218 1908 2261 1940 et
2294 1898 2337 1939 iu

177 1966 437 2025 quibusdam
458 1966 565 2010 locis
597 1968 779 2010 oratoris
801 1967 1073 2010 vehementia
1097 1966 1364 2026 deprehendi
1392 1978 1550 2027 potest.
1586 1959 1714 2009 Adde
1752 1965 1869 2024 quod
1908 1966 1952 2007 in
1990 1965 2249 2023 Fragmento
2284 1978 2337 2005 ex

176 2032 307 2075 Libro
328 2032 520 2076 incert0²
548 2044 776 2087 memorat,
819 2054 835 2070 α
852 2033 1210 2076 Exhortationem
1237 2033 1293 2076 ad
1322 2034 1492 2075 Fratres
1520 2043 1563 2075 et
1584 2032 1921 2075 commonachos
1952 2029 2007 2072 de
2038 2029 2123 2072 fide
2154 2029 2340 2088 philoso-

175 2099 363 2157 phorum
387 2110 514 2158 atque
535 2100 640 2153 vita,
665 2100 752 2142 sive
768 2100 897 2142 etiam
921 2099 1145 2158 disciplina
1164 2115 1353 2141 morum.
1380 2120 1396 2136 υ
1429 2098 1543 2141 Illud
1563 2109 1706 2157 potest
1723 2098 1871 2140 referri
1888 2095 1943 2138 ad
1957 2096 2196 2138 orationem
2213 2094 2338 2137 habi-

176 2174 266 2207 tam
289 2165 334 2206 in
359 2165 429 2208 die
460 2165 568 2208 festo
591 2164 636 2207 S.
667 2165 844 2207 Joannis
867 2165 1084 2224 Baptistae,
1109 2165 1153 2206 in
1177 2181 1261 2222 qua
1289 2164 1421 2207 talem
1448 2164 1671 2206 materiam
1695 2161 1948 2205 Abaelardus
1978 2160 2119 2203 obiter
2145 2160 2334 2219 attingit3

178 2230 253 2273 sed
274 2231 309 2272 si
331 2232 421 2287 ejus
442 2231 575 2273 verba
600 2230 802 2273 attentius
832 2230 1129 2289 perpenderis,
1158 2230 1237 2272 tibi
1272 2229 1498 2290 probabile
1519 2228 1735 2272 videbitur
1754 2228 1813 2271 ibi
1835 2226 2071 2271 secundum
2089 2225 2336 2285 Theologiae

177 2296 427 2338 Christianae
448 2295 607 2338 librum
633 2296 775 2355 potius
799 2295 1028 2355 designari.
1059 2295 1320 2352 Conjicimus
1350 2294 1632 2338 Abaelardum
1660 2295 1756 2338 Divi
1778 2294 1956 2337 Gildasii
1976 2292 2212 2337 monachos
2233 2306 2338 2333 con—

178 2361 302 2404 cione
325 2377 443 2404 sacra
466 2361 757 2421 alloquentem
772 2377 897 2404 usum
920 2361 1045 2404 fuisse
1066 2361 1439 2404 adhortationibus
1465 2377 1488 2404 e
1518 2377 1592 2404 sua
1617 2360 1943 2404 Introductione
1972 2359 2028 2402 ad
2057 2357 2336 2417 Theologiam

178 2426 360 2470 fideliter
383 2428 612 2487 expressis3
636 2443 709 2470 eas
719 2438 863 2471 autem
874 2438 1022 2487 postea
1044 2428 1088 2469 iu
1111 2443 1266 2487 corpus
1282 2428 1438 2470 iterum
1450 2426 1680 2487 redegisse,
1701 2425 1852 2469 ordine
1865 2426 1995 2468 totius
2011 2423 2151 2484 operis
2161 2434 2202 2465 et
2213 2422 2336 2466 simul

178 2493 437 2551 quibusdam
460 2494 564 2536 locis
594 2493 820 2554 paululum
842 2494 1102 2548 immutati53
1135 2493 1254 2536 unde
1280 2509 1440 2536 novum
1473 2494 1607 2536 exisse
1641 2492 1872 2552 quemdam
1907 2490 2100 2533 libellum
2134 2489 2335 2548 pleraque

179 2558 351 2601 alterius
370 2558 649 2612 referentem,
675 2560 735 2602 ita
757 2570 903 2602 tamen
925 2570 972 2601 ut
993 2560 1105 2602 inter
1126 2570 1355 2618 utrumque
1376 2560 1429 2601 sit
1454 2558 1563 2601 illud
1587 2558 1863 2613 discriminis,
1885 2556 2003 2616 quod
2026 2556 2136 2598 inter
2153 2555 2335 2613 primam

179 2624 497 2682 secundamque
521 2625 715 2682 ejusdem
737 2625 878 2685 operis
900 2624 1139 2668 editionem
1160 2626 1338 2684 reperiri
1355 2624 1479 2667 solet.

240 2690 309 2730 An
331 2690 569 2750 Theologia
591 2691 831 2733 Christiana
851 2690 1046 2732 absoluta
1069 2691 1197 2733 fuerit
1227 2691 1455 2743 nescimus,
1480 2705 1579 2732 cum
1597 2689 1706 2732 desit
1726 2689 1771 2730 in
1800 2687 1959 2731 Codice
1982 2688 2018 2729 T
2022 2684 2220 2729 uronensi
2242 2682 2336 2725 finis

181 2752 294 2808 libri,
323 2769 403 2797 nec
419 2771 599 2814 usquam
625 2756 765 2799 codex
787 2755 894 2798 alius
915 2767 1114 2798 occurrat
1135 2757 1179 2798 in
1200 2772 1286 2815 quo
1309 2756 1549 2815 perfectum
1571 2770 1680 2814 opus
1698 2754 1954 2797 inveniatur.

222 2916 229 2935 ¹
256 2914 411 2948 Rei-nardi
426 2924 539 2957 opera,
558 2914 702 2956 Parisiis,
723 2915 817 2956 1690,
835 2913 961 2953 in·sol.,
979 2918 1004 2947 t.
1023 2911 1049 2952 1,
1063 2922 1096 2954 p.
1121 2913 1266 2947 326.—²
1287 2912 1369 2946 Vide
1385 2913 1481 2947 infra.
