<?xml version="1.0" encoding="UTF-8"?>
<!DOCTYPE html PUBLIC "-//W3C//DTD XHTML 1.0 Transitional//EN"
    "http://www.w3.org/TR/xhtml1/DTD/xhtml1-transitional.dtd">
<html xmlns="http://www.w3.org/1999/xhtml" xml:lang="en" lang="en">
 <head>
  <title>
</title>
<meta http-equiv="Content-Type" content="text/html;charset=utf-8" />
  <meta name='ocr-system' content='tesseract 3.04.00' />
  <meta name='ocr-capabilities' content='ocr_page ocr_carea ocr_par ocr_line ocrx_word'/>
</head>
<body>
  <div class='ocr_page' id='page_1' title='image "./operahactenusseo00abeluoft_0303.png"; bbox 0 0 2638 3866; ppageno 0'>
   <div class='ocr_carea' id='block_1_1' title="bbox 877 185 2380 270">
    <p class='ocr_par' dir='ltr' id='par_1_1' title="bbox 877 185 2380 270">
     <span class='ocr_line' id='line_1_1' title="bbox 877 185 2380 270; baseline 0.003 -39"><span class='ocrx_word' id='word_1_1' title='bbox 877 185 935 234; x_wconf 78' lang='grc' dir='ltr'><strong>ΙΝ</strong></span> <span class='ocrx_word' id='word_1_2' title='bbox 970 185 1298 236; x_wconf 69' lang='lat' dir='ltr'><strong>EPJSTOLAM</strong></span> <span class='ocrx_word' id='word_1_3' title='bbox 1333 189 1413 238; x_wconf 85' lang='lat' dir='ltr'><strong>AD</strong></span> <span class='ocrx_word' id='word_1_4' title='bbox 1448 189 1749 238; x_wconf 77' lang='lat' dir='ltr'><strong>ROMA-NOS.</strong></span> <span class='ocrx_word' id='word_1_5' title='bbox 1942 260 1950 270; x_wconf 93' lang='lat'><strong>.</strong></span> <span class='ocrx_word' id='word_1_6' title='bbox 2285 188 2380 236; x_wconf 83' lang='lat'><strong>293</strong></span> 
     </span>
    </p>
   </div>
   <div class='ocr_carea' id='block_1_2' title="bbox 203 280 2382 3351">
    <p class='ocr_par' dir='ltr' id='par_1_2' title="bbox 203 280 2382 1794">
     <span class='ocr_line' id='line_1_2' title="bbox 234 280 2382 357; baseline 0.005 -28"><span class='ocrx_word' id='word_1_7' title='bbox 234 280 318 344; x_wconf 82' lang='lat' dir='ltr'><strong>jor&#39;</strong></span> <span class='ocrx_word' id='word_1_8' title='bbox 345 298 446 331; x_wconf 89' lang='lat' dir='ltr'><strong>esse</strong></span> <span class='ocrx_word' id='word_1_9' title='bbox 483 300 666 333; x_wconf 86' lang='lat' dir='ltr'><strong>merces</strong></span> <span class='ocrx_word' id='word_1_10' title='bbox 693 287 1017 351; x_wconf 80' lang='lat' dir='ltr'>cognoscitur,</span> <span class='ocrx_word' id='word_1_11' title='bbox 1052 290 1202 353; x_wconf 91' lang='lat' dir='ltr'><strong>magis</strong></span> <span class='ocrx_word' id='word_1_12' title='bbox 1233 308 1629 357; x_wconf 85' lang='lat' dir='ltr'><strong>unumquemque</strong></span> <span class='ocrx_word' id='word_1_13' title='bbox 1659 291 1937 339; x_wconf 80' lang='lat' dir='ltr'><strong>naturaliter</strong></span> <span class='ocrx_word' id='word_1_14' title='bbox 1964 306 2052 337; x_wconf 92' lang='lat' dir='ltr'><strong>suo</strong></span> <span class='ocrx_word' id='word_1_15' title='bbox 2088 290 2233 338; x_wconf 80' lang='lat' dir='ltr'>allicit</span> <span class='ocrx_word' id='word_1_16' title='bbox 2265 290 2382 339; x_wconf 89' lang='lat' dir='ltr'><strong>desi-</strong></span> 
     </span>
     <span class='ocr_line' id='line_1_3' title="bbox 238 361 2380 436; baseline 0.005 -27"><span class='ocrx_word' id='word_1_17' title='bbox 238 361 402 425; x_wconf 91' lang='lat' dir='ltr'><strong>derio,</strong></span> <span class='ocrx_word' id='word_1_18' title='bbox 444 367 704 430; x_wconf 85' lang='lat' dir='ltr'><strong>praesertim</strong></span> <span class='ocrx_word' id='word_1_19' title='bbox 734 384 846 415; x_wconf 92' lang='lat' dir='ltr'><strong>cum</strong></span> <span class='ocrx_word' id='word_1_20' title='bbox 881 367 942 416; x_wconf 87' lang='lat' dir='ltr'><strong>ad</strong></span> <span class='ocrx_word' id='word_1_21' title='bbox 972 368 1126 434; x_wconf 85' lang='lat' dir='ltr'>ipsam</span> <span class='ocrx_word' id='word_1_22' title='bbox 1162 370 1474 420; x_wconf 84' lang='lat' dir='ltr'><strong>obtinendam</strong></span> <span class='ocrx_word' id='word_1_23' title='bbox 1506 373 1607 420; x_wconf 90' lang='lat' dir='ltr'><strong>sola</strong></span> <span class='ocrx_word' id='word_1_24' title='bbox 1642 371 1865 431; x_wconf 84' lang='lat' dir='ltr'><strong>sufficiat,</strong></span> <span class='ocrx_word' id='word_1_25' title='bbox 1909 371 2160 436; x_wconf 89' lang='lat' dir='ltr'><strong>multoque</strong></span> <span class='ocrx_word' id='word_1_26' title='bbox 2205 372 2380 420; x_wconf 77' lang='lat' dir='ltr'><strong>minori</strong></span> 
     </span>
     <span class='ocr_line' id='line_1_4' title="bbox 237 442 2381 519; baseline 0.005 -28"><span class='ocrx_word' id='word_1_27' title='bbox 237 442 453 509; x_wconf 88' lang='lat' dir='ltr'><strong>impensa</strong></span> <span class='ocrx_word' id='word_1_28' title='bbox 474 446 550 496; x_wconf 78' lang='lat' dir='ltr'><strong>vel</strong></span> <span class='ocrx_word' id='word_1_29' title='bbox 573 447 749 496; x_wconf 89' lang='lat' dir='ltr'><strong>sudore</strong></span> <span class='ocrx_word' id='word_1_30' title='bbox 761 465 843 501; x_wconf 89' lang='lat' dir='ltr'><strong>seu</strong></span> <span class='ocrx_word' id='word_1_31' title='bbox 859 448 1133 498; x_wconf 84' lang='lat' dir='ltr'><strong>discrimine</strong></span> <span class='ocrx_word' id='word_1_32' title='bbox 1156 451 1217 499; x_wconf 90' lang='lat' dir='ltr'><strong>ab</strong></span> <span class='ocrx_word' id='word_1_33' title='bbox 1240 452 1466 500; x_wconf 89' lang='lat' dir='ltr'><strong>omnibus</strong></span> <span class='ocrx_word' id='word_1_34' title='bbox 1481 453 1721 518; x_wconf 85' lang='lat' dir='ltr'><strong>perveniri</strong></span> <span class='ocrx_word' id='word_1_35' title='bbox 1738 454 1904 518; x_wconf 85' lang='lat' dir='ltr'><strong>possit,</strong></span> <span class='ocrx_word' id='word_1_36' title='bbox 1927 469 2071 518; x_wconf 88' lang='lat' dir='ltr'><strong>quam</strong></span> <span class='ocrx_word' id='word_1_37' title='bbox 2088 451 2148 501; x_wconf 90' lang='lat' dir='ltr'><strong>ad</strong></span> <span class='ocrx_word' id='word_1_38' title='bbox 2170 454 2381 519; x_wconf 86' lang='lat' dir='ltr'><strong>acquisi-</strong></span> 
     </span>
     <span class='ocr_line' id='line_1_5' title="bbox 239 523 2380 599; baseline 0.006 -28"><span class='ocrx_word' id='word_1_39' title='bbox 239 523 422 573; x_wconf 83' lang='lat' dir='ltr'><strong>tionem</strong></span> <span class='ocrx_word' id='word_1_40' title='bbox 442 536 747 576; x_wconf 87' lang='lat' dir='ltr'><strong>terrenorum</strong></span> <span class='ocrx_word' id='word_1_41' title='bbox 764 543 1042 594; x_wconf 86' lang='lat' dir='ltr'><strong>regnorum.</strong></span> <span class='ocrx_word' id='word_1_42' title='bbox 1061 531 1134 579; x_wconf 94' lang='lat' dir='ltr'><strong>Ad</strong></span> <span class='ocrx_word' id='word_1_43' title='bbox 1148 531 1439 582; x_wconf 84' lang='lat' dir='ltr'><strong>desiderium</strong></span> <span class='ocrx_word' id='word_1_44' title='bbox 1460 535 1620 599; x_wconf 87' lang='lat' dir='ltr'><strong>itaque</strong></span> <span class='ocrx_word' id='word_1_45' title='bbox 1638 543 1858 581; x_wconf 88' lang='lat' dir='ltr'><strong>nostrum</strong></span> <span class='ocrx_word' id='word_1_46' title='bbox 1872 534 1920 581; x_wconf 91' lang='lat' dir='ltr'><strong>in</strong></span> <span class='ocrx_word' id='word_1_47' title='bbox 1935 537 2091 581; x_wconf 91' lang='lat' dir='ltr'><strong>Deum</strong></span> <span class='ocrx_word' id='word_1_48' title='bbox 2105 534 2380 583; x_wconf 90' lang='lat' dir='ltr'><strong>accenden-</strong></span> 
     </span>
     <span class='ocr_line' id='line_1_6' title="bbox 234 603 2375 680; baseline 0.005 -28"><span class='ocrx_word' id='word_1_49' title='bbox 234 603 372 665; x_wconf 90' lang='lat' dir='ltr'><strong>dum,</strong></span> <span class='ocrx_word' id='word_1_50' title='bbox 399 617 446 655; x_wconf 93' lang='lat' dir='ltr'><strong>et</strong></span> <span class='ocrx_word' id='word_1_51' title='bbox 467 607 529 661; x_wconf 89' lang='lat' dir='ltr'><strong>ad</strong></span> <span class='ocrx_word' id='word_1_52' title='bbox 552 625 754 673; x_wconf 86' lang='lat' dir='ltr'><strong>regnum</strong></span> <span class='ocrx_word' id='word_1_53' title='bbox 774 610 965 659; x_wconf 88' lang='lat' dir='ltr'><strong>coeleste</strong></span> <span class='ocrx_word' id='word_1_54' title='bbox 987 612 1451 678; x_wconf 86' lang='lat' dir='ltr'><strong>concupiscendum,</strong></span> <span class='ocrx_word' id='word_1_55' title='bbox 1479 631 1626 679; x_wconf 88' lang='lat' dir='ltr'><strong>quam</strong></span> <span class='ocrx_word' id='word_1_56' title='bbox 1651 614 1818 680; x_wconf 79' lang='lat' dir='ltr'><strong>praeire</strong></span> <span class='ocrx_word' id='word_1_57' title='bbox 1847 615 2045 678; x_wconf 82' lang='lat' dir='ltr'><strong>gratiam</strong></span> <span class='ocrx_word' id='word_1_58' title='bbox 2074 631 2264 662; x_wconf 89' lang='lat' dir='ltr'><strong>necesse</strong></span> <span class='ocrx_word' id='word_1_59' title='bbox 2288 626 2375 673; x_wconf 87' lang='lat' dir='ltr'><strong>est,</strong></span> 
     </span>
     <span class='ocr_line' id='line_1_7' title="bbox 234 686 2378 762; baseline 0.005 -29"><span class='ocrx_word' id='word_1_60' title='bbox 234 686 325 734; x_wconf 91' lang='lat' dir='ltr'><strong>nisi</strong></span> <span class='ocrx_word' id='word_1_61' title='bbox 345 697 397 735; x_wconf 87' lang='lat' dir='ltr'><strong>ut</strong></span> <span class='ocrx_word' id='word_1_62' title='bbox 414 687 667 738; x_wconf 86' lang='lat' dir='ltr'><strong>beatitudo</strong></span> <span class='ocrx_word' id='word_1_63' title='bbox 688 690 785 751; x_wconf 88' lang='lat' dir='ltr'><strong>illa,</strong></span> <span class='ocrx_word' id='word_1_64' title='bbox 808 691 870 740; x_wconf 92' lang='lat' dir='ltr'><strong>ad</strong></span> <span class='ocrx_word' id='word_1_65' title='bbox 894 709 1040 757; x_wconf 85' lang='lat' dir='ltr'><strong>quam</strong></span> <span class='ocrx_word' id='word_1_66' title='bbox 1069 710 1158 741; x_wconf 89' lang='lat' dir='ltr'><strong>nos</strong></span> <span class='ocrx_word' id='word_1_67' title='bbox 1174 694 1360 754; x_wconf 88' lang='lat' dir='ltr'><strong>invitat,</strong></span> <span class='ocrx_word' id='word_1_68' title='bbox 1389 706 1436 743; x_wconf 91' lang='lat' dir='ltr'><strong>et</strong></span> <span class='ocrx_word' id='word_1_69' title='bbox 1460 696 1533 744; x_wconf 91' lang='lat' dir='ltr'><strong>via</strong></span> <span class='ocrx_word' id='word_1_70' title='bbox 1555 711 1650 760; x_wconf 89' lang='lat' dir='ltr'><strong>qua</strong></span> <span class='ocrx_word' id='word_1_71' title='bbox 1672 695 1923 761; x_wconf 89' lang='lat' dir='ltr'><strong>pervenire</strong></span> <span class='ocrx_word' id='word_1_72' title='bbox 1946 696 2198 760; x_wconf 85' lang='lat' dir='ltr'><strong>possimus,</strong></span> <span class='ocrx_word' id='word_1_73' title='bbox 2232 713 2378 762; x_wconf 87' lang='lat' dir='ltr'><strong>expo-</strong></span> 
     </span>
     <span class='ocr_line' id='line_1_8' title="bbox 203 770 2380 842; baseline 0.005 -28"><span class='ocrx_word' id='word_1_74' title='bbox 203 774 206 776; x_wconf 82' lang='grc'><strong>’</strong></span> <span class='ocrx_word' id='word_1_75' title='bbox 234 776 376 815; x_wconf 84' lang='lat' dir='ltr'><strong>natur</strong></span> <span class='ocrx_word' id='word_1_76' title='bbox 398 778 542 834; x_wconf 88' lang='lat' dir='ltr'><strong>atque</strong></span> <span class='ocrx_word' id='word_1_77' title='bbox 563 770 814 820; x_wconf 80' lang='lat' dir='ltr'><strong>tradatur?</strong></span> <span class='ocrx_word' id='word_1_78' title='bbox 834 776 968 822; x_wconf 88' lang='lat' dir='ltr'><strong>Hauc</strong></span> <span class='ocrx_word' id='word_1_79' title='bbox 991 784 1152 822; x_wconf 89' lang='lat' dir='ltr'><strong>autem</strong></span> <span class='ocrx_word' id='word_1_80' title='bbox 1173 776 1373 839; x_wconf 80' lang='lat' dir='ltr'><strong>gratiam</strong></span> <span class='ocrx_word' id='word_1_81' title='bbox 1391 786 1490 824; x_wconf 87' lang='lat' dir='ltr'><strong>tam</strong></span> <span class='ocrx_word' id='word_1_82' title='bbox 1514 775 1733 842; x_wconf 85' lang='lat' dir='ltr'><strong>reprobis</strong></span> <span class='ocrx_word' id='word_1_83' title='bbox 1746 776 1847 840; x_wconf 89' lang='lat' dir='ltr'><strong>ipse</strong></span> <span class='ocrx_word' id='word_1_84' title='bbox 1861 791 2008 840; x_wconf 87' lang='lat' dir='ltr'><strong>quam</strong></span> <span class='ocrx_word' id='word_1_85' title='bbox 2025 776 2184 823; x_wconf 89' lang='lat' dir='ltr'><strong>electis</strong></span> <span class='ocrx_word' id='word_1_86' title='bbox 2204 778 2380 841; x_wconf 85' lang='lat' dir='ltr'><strong>pariter</strong></span> 
     </span>
     <span class='ocr_line' id='line_1_9' title="bbox 231 847 2376 920; baseline 0.006 -27"><span class='ocrx_word' id='word_1_87' title='bbox 231 847 468 913; x_wconf 88' lang='lat' dir='ltr'><strong>impertit,</strong></span> <span class='ocrx_word' id='word_1_88' title='bbox 510 861 739 918; x_wconf 86' lang='lat' dir='ltr'><strong>utrosque</strong></span> <span class='ocrx_word' id='word_1_89' title='bbox 773 853 995 904; x_wconf 86' lang='lat' dir='ltr'><strong>videlicet</strong></span> <span class='ocrx_word' id='word_1_90' title='bbox 1029 855 1090 903; x_wconf 89' lang='lat' dir='ltr'><strong>de</strong></span> <span class='ocrx_word' id='word_1_91' title='bbox 1128 856 1225 904; x_wconf 93' lang='lat' dir='ltr'><strong>hoc</strong></span> <span class='ocrx_word' id='word_1_92' title='bbox 1262 857 1546 905; x_wconf 87' lang='lat' dir='ltr'><strong>instruendo</strong></span> <span class='ocrx_word' id='word_1_93' title='bbox 1584 856 1844 920; x_wconf 82' lang='lat' dir='ltr'><strong>aequaliter,</strong></span> <span class='ocrx_word' id='word_1_94' title='bbox 1889 865 1940 902; x_wconf 94' lang='lat' dir='ltr'><strong>ut</strong></span> <span class='ocrx_word' id='word_1_95' title='bbox 1968 872 2025 903; x_wconf 86' lang='lat' dir='ltr'><strong>ex</strong></span> <span class='ocrx_word' id='word_1_96' title='bbox 2061 856 2231 904; x_wconf 91' lang='lat' dir='ltr'><strong>eadem</strong></span> <span class='ocrx_word' id='word_1_97' title='bbox 2269 857 2376 905; x_wconf 83' lang='lat' dir='ltr'><strong>fidei</strong></span> 
     </span>
     <span class='ocr_line' id='line_1_10' title="bbox 228 930 2375 1004; baseline 0.004 -28"><span class='ocrx_word' id='word_1_98' title='bbox 228 930 397 992; x_wconf 88' lang='lat' dir='ltr'><strong>gratia,</strong></span> <span class='ocrx_word' id='word_1_99' title='bbox 423 948 570 995; x_wconf 87' lang='lat' dir='ltr'><strong>quam</strong></span> <span class='ocrx_word' id='word_1_100' title='bbox 595 947 931 1001; x_wconf 88' lang='lat' dir='ltr'><strong>perceperunt,</strong></span> <span class='ocrx_word' id='word_1_101' title='bbox 953 937 1072 985; x_wconf 91' lang='lat' dir='ltr'><strong>alius</strong></span> <span class='ocrx_word' id='word_1_102' title='bbox 1098 937 1160 985; x_wconf 93' lang='lat' dir='ltr'><strong>ad</strong></span> <span class='ocrx_word' id='word_1_103' title='bbox 1185 937 1317 986; x_wconf 87' lang='lat' dir='ltr'><strong>bona</strong></span> <span class='ocrx_word' id='word_1_104' title='bbox 1341 955 1488 1004; x_wconf 82' lang='lat' dir='ltr'><strong>opera</strong></span> <span class='ocrx_word' id='word_1_105' title='bbox 1515 939 1754 999; x_wconf 84' lang='lat' dir='ltr'><strong>incitetur,</strong></span> <span class='ocrx_word' id='word_1_106' title='bbox 1793 936 1914 985; x_wconf 92' lang='lat' dir='ltr'><strong>alius</strong></span> <span class='ocrx_word' id='word_1_107' title='bbox 1950 953 2036 1002; x_wconf 89' lang='lat' dir='ltr'><strong>per</strong></span> <span class='ocrx_word' id='word_1_108' title='bbox 2070 938 2276 1002; x_wconf 85' lang='lat' dir='ltr'><strong>torporis</strong></span> <span class='ocrx_word' id='word_1_109' title='bbox 2307 941 2375 985; x_wconf 86' lang='lat' dir='ltr'><strong>sui</strong></span> 
     </span>
     <span class='ocr_line' id='line_1_11' title="bbox 229 1011 2376 1084; baseline 0.004 -27"><span class='ocrx_word' id='word_1_110' title='bbox 229 1011 567 1078; x_wconf 86' lang='lat' dir='ltr'><strong>negligentiam</strong></span> <span class='ocrx_word' id='word_1_111' title='bbox 586 1016 920 1066; x_wconf 83' lang='lat' dir='ltr'><strong>inexcusabilis</strong></span> <span class='ocrx_word' id='word_1_112' title='bbox 943 1018 1188 1067; x_wconf 80' lang='lat' dir='ltr'><strong>reddatur.</strong></span> <span class='ocrx_word' id='word_1_113' title='bbox 1212 1022 1321 1067; x_wconf 88' lang='lat' dir='ltr'><strong>Haec</strong></span> <span class='ocrx_word' id='word_1_114' title='bbox 1342 1019 1501 1084; x_wconf 89' lang='lat' dir='ltr'><strong>itaque</strong></span> <span class='ocrx_word' id='word_1_115' title='bbox 1519 1018 1637 1066; x_wconf 85' lang='lat' dir='ltr'><strong>fides</strong></span> <span class='ocrx_word' id='word_1_116' title='bbox 1658 1034 1764 1083; x_wconf 85' lang='lat' dir='ltr'><strong>quae</strong></span> <span class='ocrx_word' id='word_1_117' title='bbox 1783 1019 1831 1065; x_wconf 92' lang='lat' dir='ltr'><strong>in</strong></span> <span class='ocrx_word' id='word_1_118' title='bbox 1851 1018 1943 1064; x_wconf 89' lang='lat' dir='ltr'><strong>isto</strong></span> <span class='ocrx_word' id='word_1_119' title='bbox 1966 1033 2053 1082; x_wconf 89' lang='lat' dir='ltr'><strong>per</strong></span> <span class='ocrx_word' id='word_1_120' title='bbox 2070 1017 2376 1067; x_wconf 87' lang='lat' dir='ltr'><strong>dilectionem</strong></span> 
     </span>
     <span class='ocr_line' id='line_1_12' title="bbox 230 1096 2379 1165; baseline 0.003 -25"><span class='ocrx_word' id='word_1_121' title='bbox 230 1105 475 1158; x_wconf 81' lang='lat' dir='ltr'><strong>operatur,</strong></span> <span class='ocrx_word' id='word_1_122' title='bbox 503 1096 552 1143; x_wconf 90' lang='lat' dir='ltr'><strong>in</strong></span> <span class='ocrx_word' id='word_1_123' title='bbox 582 1097 665 1146; x_wconf 92' lang='lat' dir='ltr'><strong>illo</strong></span> <span class='ocrx_word' id='word_1_124' title='bbox 695 1098 824 1146; x_wconf 90' lang='lat' dir='ltr'><strong>iners</strong></span> <span class='ocrx_word' id='word_1_125' title='bbox 848 1109 895 1147; x_wconf 87' lang='lat' dir='ltr'><strong>et</strong></span> <span class='ocrx_word' id='word_1_126' title='bbox 918 1100 1075 1164; x_wconf 89' lang='lat' dir='ltr'><strong>segnis</strong></span> <span class='ocrx_word' id='word_1_127' title='bbox 1107 1109 1251 1165; x_wconf 91' lang='lat' dir='ltr'><strong>atque</strong></span> <span class='ocrx_word' id='word_1_128' title='bbox 1286 1102 1440 1148; x_wconf 85' lang='lat' dir='ltr'><strong>otiosa</strong></span> <span class='ocrx_word' id='word_1_129' title='bbox 1478 1109 1634 1158; x_wconf 87' lang='lat' dir='ltr'><strong>vacat,</strong></span> <span class='ocrx_word' id='word_1_130' title='bbox 1667 1099 1813 1164; x_wconf 87' lang='lat' dir='ltr'><strong>gratia</strong></span> <span class='ocrx_word' id='word_1_131' title='bbox 1843 1098 1931 1145; x_wconf 91' lang='lat' dir='ltr'><strong>Dei</strong></span> <span class='ocrx_word' id='word_1_132' title='bbox 1963 1107 2034 1146; x_wconf 90' lang='lat' dir='ltr'><strong>est</strong></span> <span class='ocrx_word' id='word_1_133' title='bbox 2067 1115 2172 1163; x_wconf 80' lang='lat' dir='ltr'><strong>quae</strong></span> <span class='ocrx_word' id='word_1_134' title='bbox 2204 1116 2379 1147; x_wconf 84' lang='lat' dir='ltr'><strong>unum-</strong></span> 
     </span>
     <span class='ocr_line' id='line_1_13' title="bbox 227 1176 2377 1246; baseline 0 -19"><span class='ocrx_word' id='word_1_135' title='bbox 227 1191 470 1240; x_wconf 84' lang='lat' dir='ltr'><strong>quemque</strong></span> <span class='ocrx_word' id='word_1_136' title='bbox 493 1176 698 1226; x_wconf 91' lang='lat' dir='ltr'><strong>electum</strong></span> <span class='ocrx_word' id='word_1_137' title='bbox 722 1180 967 1244; x_wconf 85' lang='lat' dir='ltr'><strong>praevenit,</strong></span> <span class='ocrx_word' id='word_1_138' title='bbox 1012 1191 1065 1243; x_wconf 84' lang='lat' dir='ltr'><strong>ut</strong></span> <span class='ocrx_word' id='word_1_139' title='bbox 1095 1181 1221 1229; x_wconf 91' lang='lat' dir='ltr'><strong>bene</strong></span> <span class='ocrx_word' id='word_1_140' title='bbox 1260 1181 1380 1230; x_wconf 78' lang='lat' dir='ltr'><strong>velle</strong></span> <span class='ocrx_word' id='word_1_141' title='bbox 1415 1181 1628 1246; x_wconf 85' lang='lat' dir='ltr'><strong>incipiat,</strong></span> <span class='ocrx_word' id='word_1_142' title='bbox 1665 1197 1721 1228; x_wconf 90' lang='lat' dir='ltr'><strong>ac</strong></span> <span class='ocrx_word' id='word_1_143' title='bbox 1753 1197 1917 1227; x_wconf 87' lang='lat' dir='ltr'><strong>rursus</strong></span> <span class='ocrx_word' id='word_1_144' title='bbox 1951 1178 2093 1227; x_wconf 85' lang='lat' dir='ltr'><strong>bonae</strong></span> <span class='ocrx_word' id='word_1_145' title='bbox 2120 1180 2377 1228; x_wconf 86' lang='lat' dir='ltr'><strong>voluntatis</strong></span> 
     </span>
     <span class='ocr_line' id='line_1_14' title="bbox 224 1256 2375 1328; baseline 0.002 -24"><span class='ocrx_word' id='word_1_146' title='bbox 224 1256 480 1306; x_wconf 80' lang='lat' dir='ltr'><strong>exordium</strong></span> <span class='ocrx_word' id='word_1_147' title='bbox 496 1258 822 1325; x_wconf 87' lang='lat' dir='ltr'><strong>subsequitur,</strong></span> <span class='ocrx_word' id='word_1_148' title='bbox 852 1271 903 1309; x_wconf 91' lang='lat' dir='ltr'><strong>ut</strong></span> <span class='ocrx_word' id='word_1_149' title='bbox 923 1261 1147 1311; x_wconf 80' lang='lat' dir='ltr'><strong>voluntas</strong></span> <span class='ocrx_word' id='word_1_150' title='bbox 1171 1263 1274 1328; x_wconf 88' lang='lat' dir='ltr'><strong>ipsa</strong></span> <span class='ocrx_word' id='word_1_151' title='bbox 1296 1273 1565 1328; x_wconf 87' lang='lat' dir='ltr'><strong>perseveret</strong></span> <span class='ocrx_word' id='word_1_152' title='bbox 1584 1280 1593 1308; x_wconf 82' lang='lat' dir='ltr'>z</span> <span class='ocrx_word' id='word_1_153' title='bbox 1614 1278 1702 1309; x_wconf 89' lang='lat' dir='ltr'><strong>nec</strong></span> <span class='ocrx_word' id='word_1_154' title='bbox 1717 1277 1910 1308; x_wconf 88' lang='lat' dir='ltr'><strong>necesse</strong></span> <span class='ocrx_word' id='word_1_155' title='bbox 1929 1270 2001 1307; x_wconf 90' lang='lat' dir='ltr'><strong>est</strong></span> <span class='ocrx_word' id='word_1_156' title='bbox 2022 1269 2071 1307; x_wconf 89' lang='lat' dir='ltr'><strong>ut</strong></span> <span class='ocrx_word' id='word_1_157' title='bbox 2092 1277 2178 1326; x_wconf 87' lang='lat' dir='ltr'><strong>per</strong></span> <span class='ocrx_word' id='word_1_158' title='bbox 2190 1261 2375 1326; x_wconf 87' lang='lat' dir='ltr'><strong>singula</strong></span> 
     </span>
     <span class='ocr_line' id='line_1_15' title="bbox 226 1338 2373 1409; baseline 0.003 -26"><span class='ocrx_word' id='word_1_159' title='bbox 226 1352 332 1401; x_wconf 77' lang='lat' dir='ltr'><strong>quae</strong></span> <span class='ocrx_word' id='word_1_160' title='bbox 363 1338 580 1402; x_wconf 88' lang='lat' dir='ltr'><strong>quotidie</strong></span> <span class='ocrx_word' id='word_1_161' title='bbox 614 1357 742 1389; x_wconf 87' lang='lat' dir='ltr'><strong>nova</strong></span> <span class='ocrx_word' id='word_1_162' title='bbox 774 1342 1043 1390; x_wconf 89' lang='lat' dir='ltr'><strong>succedunt</strong></span> <span class='ocrx_word' id='word_1_163' title='bbox 1076 1360 1241 1409; x_wconf 86' lang='lat' dir='ltr'><strong>opera,</strong></span> <span class='ocrx_word' id='word_1_164' title='bbox 1282 1344 1421 1391; x_wconf 85' lang='lat' dir='ltr'><strong>aliam</strong></span> <span class='ocrx_word' id='word_1_165' title='bbox 1450 1346 1580 1390; x_wconf 89' lang='lat' dir='ltr'><strong>Deus</strong></span> <span class='ocrx_word' id='word_1_166' title='bbox 1614 1344 1814 1407; x_wconf 85' lang='lat' dir='ltr'><strong>gratiam</strong></span> <span class='ocrx_word' id='word_1_167' title='bbox 1840 1351 2010 1407; x_wconf 83' lang='lat' dir='ltr'><strong>praeter</strong></span> <span class='ocrx_word' id='word_1_168' title='bbox 2047 1341 2200 1406; x_wconf 88' lang='lat' dir='ltr'><strong>ipsam</strong></span> <span class='ocrx_word' id='word_1_169' title='bbox 2228 1341 2373 1390; x_wconf 82' lang='lat' dir='ltr'><strong>fidem</strong></span> 
     </span>
     <span class='ocr_line' id='line_1_16' title="bbox 224 1422 2372 1490; baseline 0.003 -24"><span class='ocrx_word' id='word_1_170' title='bbox 224 1430 464 1483; x_wconf 83' lang='lat' dir='ltr'><strong>exponat,</strong></span> <span class='ocrx_word' id='word_1_171' title='bbox 492 1438 589 1486; x_wconf 88' lang='lat' dir='ltr'><strong>qua</strong></span> <span class='ocrx_word' id='word_1_172' title='bbox 613 1422 833 1470; x_wconf 86' lang='lat' dir='ltr'><strong>videlicet</strong></span> <span class='ocrx_word' id='word_1_173' title='bbox 859 1424 1100 1472; x_wconf 89' lang='lat' dir='ltr'><strong>credimus</strong></span> <span class='ocrx_word' id='word_1_174' title='bbox 1133 1441 1221 1490; x_wconf 88' lang='lat' dir='ltr'><strong>pro</strong></span> <span class='ocrx_word' id='word_1_175' title='bbox 1260 1424 1355 1471; x_wconf 87' lang='lat' dir='ltr'><strong>hoc</strong></span> <span class='ocrx_word' id='word_1_176' title='bbox 1383 1423 1518 1489; x_wconf 87' lang='lat' dir='ltr'><strong>quod</strong></span> <span class='ocrx_word' id='word_1_177' title='bbox 1552 1424 1751 1472; x_wconf 88' lang='lat' dir='ltr'><strong>facimus</strong></span> <span class='ocrx_word' id='word_1_178' title='bbox 1785 1433 1972 1470; x_wconf 85' lang='lat' dir='ltr'><strong>tantum</strong></span> <span class='ocrx_word' id='word_1_179' title='bbox 2006 1438 2095 1470; x_wconf 89' lang='lat' dir='ltr'><strong>nos</strong></span> <span class='ocrx_word' id='word_1_180' title='bbox 2121 1424 2372 1487; x_wconf 76' lang='lat' dir='ltr'><strong>praemium</strong></span> 
     </span>
     <span class='ocr_line' id='line_1_17' title="bbox 223 1499 2372 1567; baseline 0.002 -19"><span class='ocrx_word' id='word_1_181' title='bbox 223 1499 501 1567; x_wconf 83' lang='lat' dir='ltr'><strong>adepturos.</strong></span> <span class='ocrx_word' id='word_1_182' title='bbox 530 1505 649 1550; x_wconf 88' lang='lat' dir='ltr'><strong>Nam</strong></span> <span class='ocrx_word' id='word_1_183' title='bbox 670 1513 717 1550; x_wconf 92' lang='lat' dir='ltr'><strong>et</strong></span> <span class='ocrx_word' id='word_1_184' title='bbox 740 1504 1071 1567; x_wconf 85' lang='lat' dir='ltr'><strong>negociatores</strong></span> <span class='ocrx_word' id='word_1_185' title='bbox 1094 1505 1239 1552; x_wconf 85' lang='lat' dir='ltr'><strong>seculi</strong></span> <span class='ocrx_word' id='word_1_186' title='bbox 1254 1522 1371 1552; x_wconf 90' lang='lat' dir='ltr'><strong>cum</strong></span> <span class='ocrx_word' id='word_1_187' title='bbox 1392 1515 1462 1552; x_wconf 91' lang='lat' dir='ltr'><strong>tot</strong></span> <span class='ocrx_word' id='word_1_188' title='bbox 1487 1514 1534 1552; x_wconf 89' lang='lat' dir='ltr'><strong>et</strong></span> <span class='ocrx_word' id='word_1_189' title='bbox 1557 1513 1715 1551; x_wconf 89' lang='lat' dir='ltr'><strong>tantos</strong></span> <span class='ocrx_word' id='word_1_190' title='bbox 1741 1504 2006 1552; x_wconf 86' lang='lat' dir='ltr'><strong>sustineant</strong></span> <span class='ocrx_word' id='word_1_191' title='bbox 2036 1502 2241 1563; x_wconf 89' lang='lat' dir='ltr'><strong>labores,</strong></span> <span class='ocrx_word' id='word_1_192' title='bbox 2274 1522 2372 1553; x_wconf 91' lang='lat' dir='ltr'><strong>una</strong></span> 
     </span>
     <span class='ocr_line' id='line_1_18' title="bbox 222 1583 2371 1651; baseline 0.001 -22"><span class='ocrx_word' id='word_1_193' title='bbox 222 1597 307 1645; x_wconf 87' lang='lat' dir='ltr'><strong>spe</strong></span> <span class='ocrx_word' id='word_1_194' title='bbox 333 1583 566 1631; x_wconf 85' lang='lat' dir='ltr'><strong>mercedis</strong></span> <span class='ocrx_word' id='word_1_195' title='bbox 594 1594 811 1645; x_wconf 79' lang='lat' dir='ltr'><strong>terrenae,</strong></span> <span class='ocrx_word' id='word_1_196' title='bbox 832 1602 978 1650; x_wconf 89' lang='lat' dir='ltr'><strong>quam</strong></span> <span class='ocrx_word' id='word_1_197' title='bbox 1004 1585 1064 1634; x_wconf 82' lang='lat' dir='ltr'><strong>ab</strong></span> <span class='ocrx_word' id='word_1_198' title='bbox 1085 1586 1222 1633; x_wconf 87' lang='lat' dir='ltr'><strong>initio</strong></span> <span class='ocrx_word' id='word_1_199' title='bbox 1246 1595 1591 1651; x_wconf 86' lang='lat' dir='ltr'><strong>conceperunt,</strong></span> <span class='ocrx_word' id='word_1_200' title='bbox 1628 1585 1792 1632; x_wconf 88' lang='lat' dir='ltr'><strong>omnia</strong></span> <span class='ocrx_word' id='word_1_201' title='bbox 1829 1584 2051 1643; x_wconf 90' lang='lat' dir='ltr'><strong>tolerant,</strong></span> <span class='ocrx_word' id='word_1_202' title='bbox 2088 1593 2135 1630; x_wconf 90' lang='lat' dir='ltr'><strong>et</strong></span> <span class='ocrx_word' id='word_1_203' title='bbox 2166 1600 2276 1631; x_wconf 89' lang='lat' dir='ltr'><strong>cum</strong></span> <span class='ocrx_word' id='word_1_204' title='bbox 2307 1586 2371 1633; x_wconf 88' lang='lat' dir='ltr'><strong>di-</strong></span> 
     </span>
     <span class='ocr_line' id='line_1_19' title="bbox 224 1664 2369 1732; baseline 0.001 -21"><span class='ocrx_word' id='word_1_205' title='bbox 224 1678 360 1711; x_wconf 83' lang='lat' dir='ltr'><strong>versa</strong></span> <span class='ocrx_word' id='word_1_206' title='bbox 401 1675 681 1729; x_wconf 90' lang='lat' dir='ltr'><strong>operentur,</strong></span> <span class='ocrx_word' id='word_1_207' title='bbox 723 1682 822 1713; x_wconf 91' lang='lat' dir='ltr'><strong>non</strong></span> <span class='ocrx_word' id='word_1_208' title='bbox 861 1666 1047 1715; x_wconf 88' lang='lat' dir='ltr'><strong>diversa</strong></span> <span class='ocrx_word' id='word_1_209' title='bbox 1087 1683 1171 1732; x_wconf 90' lang='lat' dir='ltr'><strong>spe</strong></span> <span class='ocrx_word' id='word_1_210' title='bbox 1208 1666 1271 1714; x_wconf 87' lang='lat' dir='ltr'><strong>ad</strong></span> <span class='ocrx_word' id='word_1_211' title='bbox 1319 1667 1399 1714; x_wconf 83' lang='lat' dir='ltr'><strong>illa</strong></span> <span class='ocrx_word' id='word_1_212' title='bbox 1438 1676 1800 1732; x_wconf 87' lang='lat' dir='ltr'><strong>permoventur,</strong></span> <span class='ocrx_word' id='word_1_213' title='bbox 1840 1664 1924 1713; x_wconf 87' lang='lat' dir='ltr'><strong>sed</strong></span> <span class='ocrx_word' id='word_1_214' title='bbox 1969 1680 2065 1712; x_wconf 88' lang='lat' dir='ltr'><strong>una</strong></span> <span class='ocrx_word' id='word_1_215' title='bbox 2110 1674 2157 1711; x_wconf 91' lang='lat' dir='ltr'><strong>et</strong></span> <span class='ocrx_word' id='word_1_216' title='bbox 2200 1665 2369 1714; x_wconf 87' lang='lat' dir='ltr'><strong>eadem</strong></span> 
     </span>
     <span class='ocr_line' id='line_1_20' title="bbox 220 1742 494 1794; baseline 0.011 -3"><span class='ocrx_word' id='word_1_217' title='bbox 220 1742 494 1794; x_wconf 84' lang='lat' dir='ltr'><strong>trahuntur.</strong></span> 
     </span>
    </p>

    <p class='ocr_par' dir='ltr' id='par_1_3' title="bbox 208 1826 2368 3351">
     <span class='ocr_line' id='line_1_21' title="bbox 290 1826 2368 1897; baseline 0.001 -23"><span class='ocrx_word' id='word_1_218' title='bbox 290 1844 312 1870; x_wconf 75' lang='grc' dir='ltr'>α</span> <span class='ocrx_word' id='word_1_219' title='bbox 331 1826 476 1884; x_wconf 83' lang='lat' dir='ltr'><strong>Quod</strong></span> <span class='ocrx_word' id='word_1_220' title='bbox 491 1827 530 1874; x_wconf 92' lang='lat' dir='ltr'><strong>si</strong></span> <span class='ocrx_word' id='word_1_221' title='bbox 554 1828 737 1877; x_wconf 87' lang='lat' dir='ltr'><strong>volens.</strong></span> <span class='ocrx_word' id='word_1_222' title='bbox 761 1850 784 1876; x_wconf 71' lang='grc' dir='ltr'><strong><em>υ</em></strong></span> <span class='ocrx_word' id='word_1_223' title='bbox 807 1831 1030 1879; x_wconf 85' lang='lat' dir='ltr'><strong>Ostendit</strong></span> <span class='ocrx_word' id='word_1_224' title='bbox 1051 1830 1306 1897; x_wconf 84' lang='lat' dir='ltr'><strong>Apostolus</strong></span> <span class='ocrx_word' id='word_1_225' title='bbox 1332 1846 1549 1893; x_wconf 88' lang='lat' dir='ltr'><strong>congrua</strong></span> <span class='ocrx_word' id='word_1_226' title='bbox 1574 1828 1888 1877; x_wconf 86' lang='lat' dir='ltr'><strong>similitudine</strong></span> <span class='ocrx_word' id='word_1_227' title='bbox 1914 1826 2113 1875; x_wconf 90' lang='lat' dir='ltr'><strong>inducta</strong></span> <span class='ocrx_word' id='word_1_228' title='bbox 2136 1826 2197 1874; x_wconf 91' lang='lat' dir='ltr'><strong>de</strong></span> <span class='ocrx_word' id='word_1_229' title='bbox 2220 1826 2368 1891; x_wconf 88' lang='lat' dir='ltr'><strong>figulo</strong></span> 
     </span>
     <span class='ocr_line' id='line_1_22' title="bbox 219 1907 2368 1977; baseline 0.002 -26"><span class='ocrx_word' id='word_1_230' title='bbox 219 1907 377 1953; x_wconf 88' lang='lat' dir='ltr'><strong>Deum</strong></span> <span class='ocrx_word' id='word_1_231' title='bbox 399 1924 704 1973; x_wconf 86' lang='lat' dir='ltr'><strong>nequaquam</strong></span> <span class='ocrx_word' id='word_1_232' title='bbox 729 1911 913 1975; x_wconf 84' lang='lat' dir='ltr'><strong>injuriae</strong></span> <span class='ocrx_word' id='word_1_233' title='bbox 936 1912 1070 1976; x_wconf 82' lang='lat' dir='ltr'><strong>argui</strong></span> <span class='ocrx_word' id='word_1_234' title='bbox 1094 1929 1252 1977; x_wconf 84' lang='lat' dir='ltr'><strong>posse,</strong></span> <span class='ocrx_word' id='word_1_235' title='bbox 1275 1912 1315 1958; x_wconf 91' lang='lat' dir='ltr'><strong>si</strong></span> <span class='ocrx_word' id='word_1_236' title='bbox 1337 1910 1576 1975; x_wconf 86' lang='lat' dir='ltr'><strong>aliquibus</strong></span> <span class='ocrx_word' id='word_1_237' title='bbox 1601 1911 1802 1974; x_wconf 87' lang='lat' dir='ltr'><strong>gratiam</strong></span> <span class='ocrx_word' id='word_1_238' title='bbox 1824 1910 1944 1957; x_wconf 89' lang='lat' dir='ltr'><strong>nolit</strong></span> <span class='ocrx_word' id='word_1_239' title='bbox 1965 1908 2098 1969; x_wconf 86' lang='lat' dir='ltr'><strong>dare,</strong></span> <span class='ocrx_word' id='word_1_240' title='bbox 2115 1924 2202 1974; x_wconf 91' lang='lat' dir='ltr'><strong>per</strong></span> <span class='ocrx_word' id='word_1_241' title='bbox 2224 1925 2368 1973; x_wconf 92' lang='lat' dir='ltr'><strong>quam</strong></span> 
     </span>
     <span class='ocr_line' id='line_1_23' title="bbox 218 1986 2366 2057; baseline 0.001 -23"><span class='ocrx_word' id='word_1_242' title='bbox 218 1986 478 2050; x_wconf 88' lang='lat' dir='ltr'><strong>salventur,</strong></span> <span class='ocrx_word' id='word_1_243' title='bbox 500 1990 639 2038; x_wconf 89' lang='lat' dir='ltr'><strong>sicuti</strong></span> <span class='ocrx_word' id='word_1_244' title='bbox 663 1991 906 2041; x_wconf 89' lang='lat' dir='ltr'><strong>Pharaoni</strong></span> <span class='ocrx_word' id='word_1_245' title='bbox 926 1993 1002 2041; x_wconf 85' lang='lat' dir='ltr'><strong>vel</strong></span> <span class='ocrx_word' id='word_1_246' title='bbox 1029 1997 1166 2055; x_wconf 84' lang='lat' dir='ltr'><strong>Esau,</strong></span> <span class='ocrx_word' id='word_1_247' title='bbox 1191 1993 1252 2040; x_wconf 91' lang='lat' dir='ltr'><strong>de</strong></span> <span class='ocrx_word' id='word_1_248' title='bbox 1269 1992 1444 2057; x_wconf 87' lang='lat' dir='ltr'><strong>quibus</strong></span> <span class='ocrx_word' id='word_1_249' title='bbox 1469 1991 1676 2056; x_wconf 89' lang='lat' dir='ltr'><strong>objectio</strong></span> <span class='ocrx_word' id='word_1_250' title='bbox 1699 1991 1952 2057; x_wconf 84' lang='lat' dir='ltr'><strong>praecessit.</strong></span> <span class='ocrx_word' id='word_1_251' title='bbox 1994 1992 2132 2036; x_wconf 91' lang='lat' dir='ltr'><strong>Nunc</strong></span> <span class='ocrx_word' id='word_1_252' title='bbox 2161 2006 2277 2036; x_wconf 85' lang='lat' dir='ltr'><strong>vero</strong></span> <span class='ocrx_word' id='word_1_253' title='bbox 2307 1990 2366 2037; x_wconf 88' lang='lat' dir='ltr'><strong>ad</strong></span> 
     </span>
     <span class='ocr_line' id='line_1_24' title="bbox 217 2069 2367 2138; baseline 0 -23"><span class='ocrx_word' id='word_1_254' title='bbox 217 2069 372 2132; x_wconf 90' lang='lat' dir='ltr'><strong>ipsam</strong></span> <span class='ocrx_word' id='word_1_255' title='bbox 388 2070 478 2117; x_wconf 89' lang='lat' dir='ltr'><strong>Dei</strong></span> <span class='ocrx_word' id='word_1_256' title='bbox 501 2072 979 2121; x_wconf 86' lang='lat' dir='ltr'><strong>commendationem</strong></span> <span class='ocrx_word' id='word_1_257' title='bbox 1002 2074 1238 2122; x_wconf 83' lang='lat' dir='ltr'><strong>convertit</strong></span> <span class='ocrx_word' id='word_1_258' title='bbox 1260 2073 1354 2120; x_wconf 91' lang='lat' dir='ltr'><strong>hoc</strong></span> <span class='ocrx_word' id='word_1_259' title='bbox 1377 2074 1538 2138; x_wconf 85' lang='lat' dir='ltr'><strong>ipsum</strong></span> <span class='ocrx_word' id='word_1_260' title='bbox 1562 2072 1694 2137; x_wconf 89' lang='lat' dir='ltr'><strong>quod</strong></span> <span class='ocrx_word' id='word_1_261' title='bbox 1715 2072 1775 2119; x_wconf 92' lang='lat' dir='ltr'><strong>de</strong></span> <span class='ocrx_word' id='word_1_262' title='bbox 1800 2072 1868 2118; x_wconf 89' lang='lat' dir='ltr'><strong>eis</strong></span> <span class='ocrx_word' id='word_1_263' title='bbox 1889 2080 2050 2118; x_wconf 89' lang='lat' dir='ltr'><strong>actum</strong></span> <span class='ocrx_word' id='word_1_264' title='bbox 2082 2079 2170 2127; x_wconf 88' lang='lat' dir='ltr'><strong>est,</strong></span> <span class='ocrx_word' id='word_1_265' title='bbox 2207 2079 2367 2116; x_wconf 89' lang='lat' dir='ltr'><strong>osten·</strong></span> 
     </span>
     <span class='ocr_line' id='line_1_25' title="bbox 213 2147 2365 2219; baseline 0 -24"><span class='ocrx_word' id='word_1_266' title='bbox 213 2147 382 2196; x_wconf 85' lang='lat' dir='ltr'><strong>dendo</strong></span> <span class='ocrx_word' id='word_1_267' title='bbox 408 2151 588 2200; x_wconf 86' lang='lat' dir='ltr'><strong>scilicet</strong></span> <span class='ocrx_word' id='word_1_268' title='bbox 612 2155 768 2200; x_wconf 88' lang='lat' dir='ltr'><strong>Deum</strong></span> <span class='ocrx_word' id='word_1_269' title='bbox 794 2153 946 2202; x_wconf 89' lang='lat' dir='ltr'><strong>multa</strong></span> <span class='ocrx_word' id='word_1_270' title='bbox 975 2155 1205 2219; x_wconf 87' lang='lat' dir='ltr'><strong>patientia</strong></span> <span class='ocrx_word' id='word_1_271' title='bbox 1227 2170 1314 2201; x_wconf 87' lang='lat' dir='ltr'><strong>sua</strong></span> <span class='ocrx_word' id='word_1_272' title='bbox 1347 2154 1578 2201; x_wconf 83' lang='lat' dir='ltr'><strong>malitiam</strong></span> <span class='ocrx_word' id='word_1_273' title='bbox 1615 2152 1874 2199; x_wconf 85' lang='lat' dir='ltr'><strong>Pharaonis</strong></span> <span class='ocrx_word' id='word_1_274' title='bbox 1908 2150 2186 2197; x_wconf 88' lang='lat' dir='ltr'><strong>sustinuisse</strong></span> <span class='ocrx_word' id='word_1_275' title='bbox 2216 2158 2268 2195; x_wconf 92' lang='lat' dir='ltr'><strong>ut</strong></span> <span class='ocrx_word' id='word_1_276' title='bbox 2299 2166 2365 2196; x_wconf 88' lang='lat' dir='ltr'><strong>re·</strong></span> 
     </span>
     <span class='ocr_line' id='line_1_26' title="bbox 217 2229 2365 2297; baseline 0.001 -21"><span class='ocrx_word' id='word_1_277' title='bbox 217 2229 480 2294; x_wconf 89' lang='lat' dir='ltr'><strong>sipisceret,</strong></span> <span class='ocrx_word' id='word_1_278' title='bbox 504 2242 550 2280; x_wconf 90' lang='lat' dir='ltr'><strong>et</strong></span> <span class='ocrx_word' id='word_1_279' title='bbox 569 2249 680 2280; x_wconf 89' lang='lat' dir='ltr'><strong>cum</strong></span> <span class='ocrx_word' id='word_1_280' title='bbox 703 2233 839 2281; x_wconf 91' lang='lat' dir='ltr'><strong>illum</strong></span> <span class='ocrx_word' id='word_1_281' title='bbox 862 2234 1239 2297; x_wconf 84' lang='lat' dir='ltr'><strong>incorrigibilem</strong></span> <span class='ocrx_word' id='word_1_282' title='bbox 1261 2234 1462 2281; x_wconf 86' lang='lat' dir='ltr'><strong>omnino</strong></span> <span class='ocrx_word' id='word_1_283' title='bbox 1481 2242 1793 2280; x_wconf 85' lang='lat' dir='ltr'><strong>monstrasset</strong></span> <span class='ocrx_word' id='word_1_284' title='bbox 1809 2231 1991 2279; x_wconf 88' lang='lat' dir='ltr'><strong>malitia</strong></span> <span class='ocrx_word' id='word_1_285' title='bbox 2007 2230 2126 2294; x_wconf 88' lang='lat' dir='ltr'><strong>ejus,</strong></span> <span class='ocrx_word' id='word_1_286' title='bbox 2153 2229 2365 2278; x_wconf 86' lang='lat' dir='ltr'><strong>vindicta</strong></span> 
     </span>
     <span class='ocr_line' id='line_1_27' title="bbox 217 2309 2365 2380; baseline 0 -23"><span class='ocrx_word' id='word_1_287' title='bbox 217 2309 280 2357; x_wconf 86' lang='lat' dir='ltr'><strong>ad</strong></span> <span class='ocrx_word' id='word_1_288' title='bbox 302 2327 614 2361; x_wconf 85' lang='lat' dir='ltr'><strong>communem</strong></span> <span class='ocrx_word' id='word_1_289' title='bbox 639 2314 842 2362; x_wconf 86' lang='lat' dir='ltr'><strong>aliorum</strong></span> <span class='ocrx_word' id='word_1_290' title='bbox 868 2314 1120 2363; x_wconf 86' lang='lat' dir='ltr'><strong>utilitatem</strong></span> <span class='ocrx_word' id='word_1_291' title='bbox 1141 2315 1322 2380; x_wconf 90' lang='lat' dir='ltr'><strong>optime</strong></span> <span class='ocrx_word' id='word_1_292' title='bbox 1357 2331 1494 2361; x_wconf 90' lang='lat' dir='ltr'><strong>usum</strong></span> <span class='ocrx_word' id='word_1_293' title='bbox 1516 2313 1675 2374; x_wconf 90' lang='lat' dir='ltr'><strong>fuisse,</strong></span> <span class='ocrx_word' id='word_1_294' title='bbox 1705 2322 1758 2361; x_wconf 90' lang='lat' dir='ltr'><strong>ut</strong></span> <span class='ocrx_word' id='word_1_295' title='bbox 1788 2311 2012 2360; x_wconf 87' lang='lat' dir='ltr'><strong>videlicet</strong></span> <span class='ocrx_word' id='word_1_296' title='bbox 2044 2309 2253 2376; x_wconf 91' lang='lat' dir='ltr'><strong>populus</strong></span> <span class='ocrx_word' id='word_1_297' title='bbox 2287 2310 2365 2358; x_wconf 91' lang='lat' dir='ltr'><strong>ille</strong></span> 
     </span>
     <span class='ocr_line' id='line_1_28' title="bbox 216 2390 2363 2456; baseline 0 -18"><span class='ocrx_word' id='word_1_298' title='bbox 216 2390 460 2453; x_wconf 88' lang='lat' dir='ltr'><strong>liberatus,</strong></span> <span class='ocrx_word' id='word_1_299' title='bbox 487 2394 538 2441; x_wconf 92' lang='lat' dir='ltr'><strong>id</strong></span> <span class='ocrx_word' id='word_1_300' title='bbox 560 2405 631 2443; x_wconf 88' lang='lat' dir='ltr'><strong>est</strong></span> <span class='ocrx_word' id='word_1_301' title='bbox 652 2396 845 2444; x_wconf 82' lang='lat' dir='ltr'><strong>Judaeus</strong></span> <span class='ocrx_word' id='word_1_302' title='bbox 865 2397 963 2444; x_wconf 90' lang='lat' dir='ltr'><strong>sive</strong></span> <span class='ocrx_word' id='word_1_303' title='bbox 985 2397 1234 2444; x_wconf 84' lang='lat' dir='ltr'><strong>universus</strong></span> <span class='ocrx_word' id='word_1_304' title='bbox 1258 2395 1470 2443; x_wconf 88' lang='lat' dir='ltr'><strong>mundus</strong></span> <span class='ocrx_word' id='word_1_305' title='bbox 1492 2395 1584 2443; x_wconf 85' lang='lat' dir='ltr'><strong>hoc</strong></span> <span class='ocrx_word' id='word_1_306' title='bbox 1608 2395 1825 2454; x_wconf 89' lang='lat' dir='ltr'><strong>audiens,</strong></span> <span class='ocrx_word' id='word_1_307' title='bbox 1854 2394 2028 2441; x_wconf 90' lang='lat' dir='ltr'><strong>timore</strong></span> <span class='ocrx_word' id='word_1_308' title='bbox 2061 2392 2229 2439; x_wconf 89' lang='lat' dir='ltr'><strong>saltem</strong></span> <span class='ocrx_word' id='word_1_309' title='bbox 2258 2408 2363 2456; x_wconf 90' lang='lat' dir='ltr'><strong>poe-</strong></span> 
     </span>
     <span class='ocr_line' id='line_1_29' title="bbox 214 2474 2361 2537; baseline 0 -18"><span class='ocrx_word' id='word_1_310' title='bbox 214 2488 389 2520; x_wconf 90' lang='lat' dir='ltr'><strong>narum</strong></span> <span class='ocrx_word' id='word_1_311' title='bbox 412 2490 442 2522; x_wconf 88' lang='lat' dir='ltr'><strong>a</strong></span> <span class='ocrx_word' id='word_1_312' title='bbox 463 2474 591 2523; x_wconf 89' lang='lat' dir='ltr'><strong>malo</strong></span> <span class='ocrx_word' id='word_1_313' title='bbox 612 2487 932 2537; x_wconf 90' lang='lat' dir='ltr'><strong>coerceretur,</strong></span> <span class='ocrx_word' id='word_1_314' title='bbox 952 2487 1000 2524; x_wconf 89' lang='lat' dir='ltr'><strong>et</strong></span> <span class='ocrx_word' id='word_1_315' title='bbox 1017 2476 1079 2524; x_wconf 89' lang='lat' dir='ltr'><strong>ad</strong></span> <span class='ocrx_word' id='word_1_316' title='bbox 1099 2476 1289 2524; x_wconf 90' lang='lat' dir='ltr'><strong>bonum</strong></span> <span class='ocrx_word' id='word_1_317' title='bbox 1303 2477 1601 2525; x_wconf 88' lang='lat' dir='ltr'><strong>invitaretur.</strong></span> <span class='ocrx_word' id='word_1_318' title='bbox 1619 2475 1950 2523; x_wconf 88' lang='lat' dir='ltr'><strong>Continuatio.</strong></span> <span class='ocrx_word' id='word_1_319' title='bbox 1972 2474 2104 2521; x_wconf 87' lang='lat' dir='ltr'><strong>Sicut</strong></span> <span class='ocrx_word' id='word_1_320' title='bbox 2118 2482 2361 2520; x_wconf 88' lang='lat' dir='ltr'><strong>ostensum</strong></span> 
     </span>
     <span class='ocr_line' id='line_1_30' title="bbox 214 2555 2360 2622; baseline 0 -23"><span class='ocrx_word' id='word_1_321' title='bbox 214 2564 301 2612; x_wconf 87' lang='lat' dir='ltr'><strong>est,</strong></span> <span class='ocrx_word' id='word_1_322' title='bbox 338 2570 434 2602; x_wconf 88' lang='lat' dir='ltr'><strong>non</strong></span> <span class='ocrx_word' id='word_1_323' title='bbox 464 2565 537 2603; x_wconf 88' lang='lat' dir='ltr'><strong>est</strong></span> <span class='ocrx_word' id='word_1_324' title='bbox 566 2557 839 2621; x_wconf 90' lang='lat' dir='ltr'><strong>arguendus</strong></span> <span class='ocrx_word' id='word_1_325' title='bbox 869 2558 1052 2622; x_wconf 82' lang='lat' dir='ltr'><strong>injuriae</strong></span> <span class='ocrx_word' id='word_1_326' title='bbox 1076 2559 1222 2618; x_wconf 92' lang='lat' dir='ltr'><strong>Deus,</strong></span> <span class='ocrx_word' id='word_1_327' title='bbox 1262 2559 1302 2605; x_wconf 93' lang='lat' dir='ltr'><strong>si</strong></span> <span class='ocrx_word' id='word_1_328' title='bbox 1328 2557 1699 2622; x_wconf 87' lang='lat' dir='ltr'><strong>quibuscunque</strong></span> <span class='ocrx_word' id='word_1_329' title='bbox 1725 2556 1839 2604; x_wconf 86' lang='lat' dir='ltr'><strong>velit</strong></span> <span class='ocrx_word' id='word_1_330' title='bbox 1860 2555 2059 2619; x_wconf 88' lang='lat' dir='ltr'><strong>gratiam</strong></span> <span class='ocrx_word' id='word_1_331' title='bbox 2093 2569 2227 2600; x_wconf 89' lang='lat' dir='ltr'><strong>suam</strong></span> <span class='ocrx_word' id='word_1_332' title='bbox 2262 2570 2360 2600; x_wconf 91' lang='lat' dir='ltr'><strong>non</strong></span> 
     </span>
     <span class='ocr_line' id='line_1_31' title="bbox 214 2631 2361 2703; baseline 0 -25"><span class='ocrx_word' id='word_1_333' title='bbox 214 2633 445 2695; x_wconf 87' lang='lat' dir='ltr'><strong>conserat,</strong></span> <span class='ocrx_word' id='word_1_334' title='bbox 471 2652 568 2701; x_wconf 90' lang='lat' dir='ltr'><strong>qua</strong></span> <span class='ocrx_word' id='word_1_335' title='bbox 589 2637 848 2686; x_wconf 89' lang='lat' dir='ltr'><strong>salventur.</strong></span> <span class='ocrx_word' id='word_1_336' title='bbox 874 2641 1037 2703; x_wconf 88' lang='lat' dir='ltr'><strong>Neque</strong></span> <span class='ocrx_word' id='word_1_337' title='bbox 1068 2648 1117 2685; x_wconf 89' lang='lat' dir='ltr'><strong>tu</strong></span> <span class='ocrx_word' id='word_1_338' title='bbox 1154 2638 1321 2695; x_wconf 87' lang='lat' dir='ltr'><strong>homo,</strong></span> <span class='ocrx_word' id='word_1_339' title='bbox 1360 2639 1443 2701; x_wconf 89' lang='lat' dir='ltr'><strong>qui</strong></span> <span class='ocrx_word' id='word_1_340' title='bbox 1486 2641 1639 2684; x_wconf 87' lang='lat' dir='ltr'><strong>Deum</strong></span> <span class='ocrx_word' id='word_1_341' title='bbox 1671 2637 1891 2702; x_wconf 88' lang='lat' dir='ltr'><strong>primitus</strong></span> <span class='ocrx_word' id='word_1_342' title='bbox 1930 2633 2177 2698; x_wconf 86' lang='lat' dir='ltr'><strong>arguebas,</strong></span> <span class='ocrx_word' id='word_1_343' title='bbox 2213 2631 2361 2680; x_wconf 89' lang='lat' dir='ltr'><strong>habes</strong></span> 
     </span>
     <span class='ocr_line' id='line_1_32' title="bbox 214 2712 2361 2783; baseline 0 -24"><span class='ocrx_word' id='word_1_344' title='bbox 214 2713 329 2777; x_wconf 88' lang='lat' dir='ltr'><strong>quid</strong></span> <span class='ocrx_word' id='word_1_345' title='bbox 354 2714 417 2761; x_wconf 89' lang='lat' dir='ltr'><strong>ad</strong></span> <span class='ocrx_word' id='word_1_346' title='bbox 434 2732 546 2762; x_wconf 88' lang='lat' dir='ltr'><strong>eum</strong></span> <span class='ocrx_word' id='word_1_347' title='bbox 568 2717 862 2783; x_wconf 89' lang='lat' dir='ltr'><strong>respondeas</strong></span> <span class='ocrx_word' id='word_1_348' title='bbox 885 2718 945 2765; x_wconf 89' lang='lat' dir='ltr'><strong>de</strong></span> <span class='ocrx_word' id='word_1_349' title='bbox 971 2718 1191 2783; x_wconf 83' lang='lat' dir='ltr'><strong>praesenti</strong></span> <span class='ocrx_word' id='word_1_350' title='bbox 1214 2718 1526 2765; x_wconf 88' lang='lat' dir='ltr'><strong>similitudine</strong></span> <span class='ocrx_word' id='word_1_351' title='bbox 1542 2717 1782 2782; x_wconf 90' lang='lat' dir='ltr'><strong>pulsatus;</strong></span> <span class='ocrx_word' id='word_1_352' title='bbox 1799 2714 1883 2762; x_wconf 89' lang='lat' dir='ltr'><strong>sed</strong></span> <span class='ocrx_word' id='word_1_353' title='bbox 1898 2714 2051 2761; x_wconf 92' lang='lat' dir='ltr'><strong>multo</strong></span> <span class='ocrx_word' id='word_1_354' title='bbox 2063 2713 2211 2776; x_wconf 88' lang='lat' dir='ltr'><strong>magis</strong></span> <span class='ocrx_word' id='word_1_355' title='bbox 2232 2712 2361 2760; x_wconf 89' lang='lat' dir='ltr'><strong>unde</strong></span> 
     </span>
     <span class='ocr_line' id='line_1_33' title="bbox 220 2793 2361 2862; baseline -0 -22"><span class='ocrx_word' id='word_1_356' title='bbox 220 2810 312 2841; x_wconf 92' lang='lat' dir='ltr'><strong>um</strong></span> <span class='ocrx_word' id='word_1_357' title='bbox 335 2794 530 2854; x_wconf 84' lang='lat' dir='ltr'><strong>taudes;</strong></span> <span class='ocrx_word' id='word_1_358' title='bbox 560 2813 673 2844; x_wconf 91' lang='lat' dir='ltr'><strong>cum</strong></span> <span class='ocrx_word' id='word_1_359' title='bbox 697 2799 746 2845; x_wconf 87' lang='lat' dir='ltr'><strong>in</strong></span> <span class='ocrx_word' id='word_1_360' title='bbox 767 2798 842 2846; x_wconf 80' lang='lat' dir='ltr'><strong>his</strong></span> <span class='ocrx_word' id='word_1_361' title='bbox 866 2799 1030 2860; x_wconf 88' lang='lat' dir='ltr'><strong>etiam,</strong></span> <span class='ocrx_word' id='word_1_362' title='bbox 1057 2799 1108 2845; x_wconf 90' lang='lat' dir='ltr'><strong>in</strong></span> <span class='ocrx_word' id='word_1_363' title='bbox 1133 2797 1311 2862; x_wconf 89' lang='lat' dir='ltr'><strong>quibus</strong></span> <span class='ocrx_word' id='word_1_364' title='bbox 1333 2797 1417 2844; x_wconf 89' lang='lat' dir='ltr'><strong>tibi</strong></span> <span class='ocrx_word' id='word_1_365' title='bbox 1449 2795 1886 2844; x_wconf 87' lang='lat' dir='ltr'><strong>maxime-crudelis</strong></span> <span class='ocrx_word' id='word_1_366' title='bbox 1918 2794 2122 2853; x_wconf 86' lang='lat' dir='ltr'><strong>videtur,</strong></span> <span class='ocrx_word' id='word_1_367' title='bbox 2162 2793 2265 2856; x_wconf 89' lang='lat' dir='ltr'><strong>ejus</strong></span> <span class='ocrx_word' id='word_1_368' title='bbox 2300 2793 2361 2840; x_wconf 90' lang='lat' dir='ltr'><strong>sit</strong></span> 
     </span>
     <span class='ocr_line' id='line_1_34' title="bbox 215 2869 2359 2941; baseline 0 -21"><span class='ocrx_word' id='word_1_369' title='bbox 215 2874 542 2924; x_wconf 89' lang='lat' dir='ltr'><strong>misericordia</strong></span> <span class='ocrx_word' id='word_1_370' title='bbox 560 2869 884 2941; x_wconf 80' lang='lat' dir='ltr'><strong>praedicanda.</strong></span> <span class='ocrx_word' id='word_1_371' title='bbox 904 2882 963 2925; x_wconf 86' lang='lat' dir='ltr'><strong>Et</strong></span> <span class='ocrx_word' id='word_1_372' title='bbox 981 2878 1075 2925; x_wconf 93' lang='lat' dir='ltr'><strong>hoc</strong></span> <span class='ocrx_word' id='word_1_373' title='bbox 1091 2887 1180 2939; x_wconf 90' lang='lat' dir='ltr'><strong>est,</strong></span> <span class='ocrx_word' id='word_1_374' title='bbox 1206 2877 1391 2938; x_wconf 85' lang='lat' dir='ltr'><strong>«Quod</strong></span> <span class='ocrx_word' id='word_1_375' title='bbox 1411 2878 1450 2924; x_wconf 94' lang='lat' dir='ltr'><strong>si</strong></span> <span class='ocrx_word' id='word_1_376' title='bbox 1467 2877 1635 2925; x_wconf 88' lang='lat' dir='ltr'><strong>volens</strong></span> <span class='ocrx_word' id='word_1_377' title='bbox 1651 2879 1779 2924; x_wconf 93' lang='lat' dir='ltr'><strong>Deus</strong></span> <span class='ocrx_word' id='word_1_378' title='bbox 1797 2874 2051 2924; x_wconf 88' lang='lat' dir='ltr'><strong>ostendere</strong></span> <span class='ocrx_word' id='word_1_379' title='bbox 2069 2875 2206 2921; x_wconf 89' lang='lat' dir='ltr'><strong>iram.</strong></span> <span class='ocrx_word' id='word_1_380' title='bbox 2226 2872 2359 2920; x_wconf 86' lang='lat' dir='ltr'><strong>»Sed</strong></span> 
     </span>
     <span class='ocr_line' id='line_1_35' title="bbox 209 2953 2354 3023; baseline -0.002 -21"><span class='ocrx_word' id='word_1_381' title='bbox 209 2955 328 3019; x_wconf 92' lang='lat' dir='ltr'><strong>quid</strong></span> <span class='ocrx_word' id='word_1_382' title='bbox 341 2956 634 3022; x_wconf 90' lang='lat' dir='ltr'><strong>respondeas</strong></span> <span class='ocrx_word' id='word_1_383' title='bbox 647 2957 719 3005; x_wconf 93' lang='lat' dir='ltr'><strong>vel</strong></span> <span class='ocrx_word' id='word_1_384' title='bbox 732 2958 891 3005; x_wconf 87' lang='lat' dir='ltr'><strong>dicere</strong></span> <span class='ocrx_word' id='word_1_385' title='bbox 904 2958 1101 3023; x_wconf 80' lang='lat' dir='ltr'><strong>poteriS,</strong></span> <span class='ocrx_word' id='word_1_386' title='bbox 1115 2975 1226 3006; x_wconf 88' lang='lat' dir='ltr'><strong>cum</strong></span> <span class='ocrx_word' id='word_1_387' title='bbox 1238 2958 1399 3023; x_wconf 90' lang='lat' dir='ltr'><strong>ipsein</strong></span> <span class='ocrx_word' id='word_1_388' title='bbox 1413 2957 1509 3005; x_wconf 87' lang='lat' dir='ltr'><strong>hoc</strong></span> <span class='ocrx_word' id='word_1_389' title='bbox 1518 2957 1650 3023; x_wconf 90' lang='lat' dir='ltr'><strong>quod</strong></span> <span class='ocrx_word' id='word_1_390' title='bbox 1665 2957 1724 3005; x_wconf 94' lang='lat' dir='ltr'><strong>de</strong></span> <span class='ocrx_word' id='word_1_391' title='bbox 1737 2956 1985 3004; x_wconf 86' lang='lat' dir='ltr'><strong>Pharaone</strong></span> <span class='ocrx_word' id='word_1_392' title='bbox 1997 2955 2104 3002; x_wconf 82' lang='lat' dir='ltr'><strong>fecit</strong></span> <span class='ocrx_word' id='word_1_393' title='bbox 2117 2974 2138 2998; x_wconf 88' lang='lat'>«</span> <span class='ocrx_word' id='word_1_394' title='bbox 2152 2953 2320 3001; x_wconf 79' lang='lat' dir='ltr'><strong>volens</strong></span> <span class='ocrx_word' id='word_1_395' title='bbox 2330 2972 2354 2998; x_wconf 89' lang='lat'>»</span> 
     </span>
     <span class='ocr_line' id='line_1_36' title="bbox 210 3034 2359 3102; baseline -0 -20"><span class='ocrx_word' id='word_1_396' title='bbox 210 3034 273 3083; x_wconf 87' lang='lat' dir='ltr'><strong>ad</strong></span> <span class='ocrx_word' id='word_1_397' title='bbox 291 3035 410 3084; x_wconf 88' lang='lat' dir='ltr'><strong>alios</strong></span> <span class='ocrx_word' id='word_1_398' title='bbox 427 3037 602 3102; x_wconf 89' lang='lat' dir='ltr'><strong>impios</strong></span> <span class='ocrx_word' id='word_1_399' title='bbox 618 3037 950 3100; x_wconf 70' lang='lat' dir='ltr'><strong>deterrend08‚</strong></span> <span class='ocrx_word' id='word_1_400' title='bbox 972 3059 994 3082; x_wconf 88' lang='lat'>«</span> <span class='ocrx_word' id='word_1_401' title='bbox 1013 3038 1266 3087; x_wconf 88' lang='lat' dir='ltr'><strong>ostendere</strong></span> <span class='ocrx_word' id='word_1_402' title='bbox 1280 3040 1399 3087; x_wconf 85' lang='lat' dir='ltr'><strong>iram</strong></span> <span class='ocrx_word' id='word_1_403' title='bbox 1414 3055 1571 3100; x_wconf 91' lang='lat' dir='ltr'><strong>suam,</strong></span> <span class='ocrx_word' id='word_1_404' title='bbox 1595 3058 1620 3082; x_wconf 81' lang='lat'>»</span> <span class='ocrx_word' id='word_1_405' title='bbox 1634 3037 1686 3085; x_wconf 90' lang='lat' dir='ltr'><strong>id</strong></span> <span class='ocrx_word' id='word_1_406' title='bbox 1702 3047 1771 3085; x_wconf 90' lang='lat' dir='ltr'><strong>est</strong></span> <span class='ocrx_word' id='word_1_407' title='bbox 1784 3036 2046 3084; x_wconf 79' lang='lat' dir='ltr'><strong>vindictam</strong></span> <span class='ocrx_word' id='word_1_408' title='bbox 2060 3051 2207 3100; x_wconf 89' lang='lat' dir='ltr'><strong>quam</strong></span> <span class='ocrx_word' id='word_1_409' title='bbox 2226 3051 2359 3082; x_wconf 85' lang='lat' dir='ltr'><strong>exer-</strong></span> 
     </span>
     <span class='ocr_line' id='line_1_37' title="bbox 209 3110 2356 3185; baseline -0.001 -22"><span class='ocrx_word' id='word_1_410' title='bbox 209 3124 284 3163; x_wconf 86' lang='lat' dir='ltr'><strong>cet</strong></span> <span class='ocrx_word' id='word_1_411' title='bbox 298 3115 349 3163; x_wconf 91' lang='lat' dir='ltr'><strong>in</strong></span> <span class='ocrx_word' id='word_1_412' title='bbox 365 3110 606 3183; x_wconf 56' lang='lat' dir='ltr'><strong>impiis,&#39;et</strong></span> <span class='ocrx_word' id='word_1_413' title='bbox 618 3119 886 3185; x_wconf 90' lang='lat' dir='ltr'><strong>potentiam</strong></span> <span class='ocrx_word' id='word_1_414' title='bbox 900 3135 1038 3167; x_wconf 88' lang='lat' dir='ltr'><strong>suam</strong></span> <span class='ocrx_word' id='word_1_415' title='bbox 1060 3119 1109 3168; x_wconf 90' lang='lat' dir='ltr'><strong>in</strong></span> <span class='ocrx_word' id='word_1_416' title='bbox 1135 3119 1378 3168; x_wconf 88' lang='lat' dir='ltr'><strong>miraculis</strong></span> <span class='ocrx_word' id='word_1_417' title='bbox 1399 3136 1506 3184; x_wconf 83' lang='lat' dir='ltr'><strong>quae</strong></span> <span class='ocrx_word' id='word_1_418' title='bbox 1528 3118 1638 3166; x_wconf 90' lang='lat' dir='ltr'><strong>fecit</strong></span> <span class='ocrx_word' id='word_1_419' title='bbox 1657 3117 1821 3165; x_wconf 90' lang='lat' dir='ltr'><strong>tamin</strong></span> <span class='ocrx_word' id='word_1_420' title='bbox 1838 3117 1988 3183; x_wconf 86' lang='lat' dir='ltr'><strong>plagis</strong></span> <span class='ocrx_word' id='word_1_421' title='bbox 2004 3116 2195 3181; x_wconf 89' lang='lat' dir='ltr'><strong>AEgypti</strong></span> <span class='ocrx_word' id='word_1_422' title='bbox 2209 3130 2356 3178; x_wconf 88' lang='lat' dir='ltr'><strong>quam</strong></span> 
     </span>
     <span class='ocr_line' id='line_1_38' title="bbox 208 3195 2354 3267; baseline -0.001 -24"><span class='ocrx_word' id='word_1_423' title='bbox 208 3196 256 3243; x_wconf 91' lang='lat' dir='ltr'><strong>in</strong></span> <span class='ocrx_word' id='word_1_424' title='bbox 280 3196 611 3247; x_wconf 89' lang='lat' dir='ltr'><strong>submersione</strong></span> <span class='ocrx_word' id='word_1_425' title='bbox 637 3201 990 3267; x_wconf 80' lang='lat' dir='ltr'><strong>AEgyptiorum,</strong></span> <span class='ocrx_word' id='word_1_426' title='bbox 1020 3201 1287 3248; x_wconf 86' lang='lat' dir='ltr'><strong>«sustinuit</strong></span> <span class='ocrx_word' id='word_1_427' title='bbox 1312 3201 1362 3248; x_wconf 91' lang='lat' dir='ltr'><strong>in</strong></span> <span class='ocrx_word' id='word_1_428' title='bbox 1390 3200 1540 3249; x_wconf 90' lang='lat' dir='ltr'><strong>multa</strong></span> <span class='ocrx_word' id='word_1_429' title='bbox 1568 3199 1815 3266; x_wconf 90' lang='lat' dir='ltr'><strong>patientia,</strong></span> <span class='ocrx_word' id='word_1_430' title='bbox 1833 3217 1855 3243; x_wconf 78' lang='lat'><strong>&gt;2</strong></span> <span class='ocrx_word' id='word_1_431' title='bbox 1883 3197 1931 3245; x_wconf 88' lang='lat' dir='ltr'><strong>id</strong></span> <span class='ocrx_word' id='word_1_432' title='bbox 1956 3206 2026 3245; x_wconf 89' lang='lat' dir='ltr'><strong>est</strong></span> <span class='ocrx_word' id='word_1_433' title='bbox 2047 3213 2134 3263; x_wconf 89' lang='lat' dir='ltr'><strong>per</strong></span> <span class='ocrx_word' id='word_1_434' title='bbox 2155 3195 2354 3242; x_wconf 89' lang='lat' dir='ltr'><strong>multam</strong></span> 
     </span>
     <span class='ocr_line' id='line_1_39' title="bbox 209 3272 2354 3351; baseline -0.001 -29"><span class='ocrx_word' id='word_1_435' title='bbox 209 3292 343 3324; x_wconf 88' lang='lat' dir='ltr'><strong>suam</strong></span> <span class='ocrx_word' id='word_1_436' title='bbox 369 3279 647 3343; x_wconf 87' lang='lat' dir='ltr'><strong>patientiam</strong></span> <span class='ocrx_word' id='word_1_437' title='bbox 673 3300 695 3326; x_wconf 86' lang='lat'>«</span> <span class='ocrx_word' id='word_1_438' title='bbox 717 3297 828 3329; x_wconf 88' lang='lat' dir='ltr'><strong>vasa</strong></span> <span class='ocrx_word' id='word_1_439' title='bbox 852 3281 949 3343; x_wconf 83' lang='lat' dir='ltr'><strong>irae,</strong></span> <span class='ocrx_word' id='word_1_440' title='bbox 972 3302 994 3325; x_wconf 69' lang='grc' dir='ltr'><strong>,υ</strong></span> <span class='ocrx_word' id='word_1_441' title='bbox 1009 3281 1058 3329; x_wconf 90' lang='lat' dir='ltr'><strong>id</strong></span> <span class='ocrx_word' id='word_1_442' title='bbox 1071 3291 1142 3330; x_wconf 91' lang='lat' dir='ltr'><strong>est</strong></span> <span class='ocrx_word' id='word_1_443' title='bbox 1156 3282 1244 3331; x_wconf 89' lang='lat' dir='ltr'><strong>diu</strong></span> <span class='ocrx_word' id='word_1_444' title='bbox 1259 3281 1480 3331; x_wconf 85' lang='lat' dir='ltr'><strong>toleravit</strong></span> <span class='ocrx_word' id='word_1_445' title='bbox 1499 3281 1692 3351; x_wconf 88' lang='lat' dir='ltr'><strong>iniquos</strong></span> <span class='ocrx_word' id='word_1_446' title='bbox 1707 3279 1836 3341; x_wconf 89' lang='lat' dir='ltr'><strong>illos,</strong></span> <span class='ocrx_word' id='word_1_447' title='bbox 1851 3295 1963 3328; x_wconf 92' lang='lat' dir='ltr'><strong>cum</strong></span> <span class='ocrx_word' id='word_1_448' title='bbox 1978 3279 2067 3343; x_wconf 92' lang='lat' dir='ltr'><strong>ipsi</strong></span> <span class='ocrx_word' id='word_1_449' title='bbox 2084 3276 2278 3342; x_wconf 90' lang='lat' dir='ltr'><strong>penitus</strong></span> <span class='ocrx_word' id='word_1_450' title='bbox 2293 3272 2354 3323; x_wconf 85' lang='lat' dir='ltr'><strong>ab</strong></span> 
     </span>
    </p>
   </div>
  </div>
 </body>
</html>
