2638 3866
244 222 338 269 636
1048 215 1222 262 PETRI
1258 213 1571 261 ABAELARD!

248 322 524 378 credamus,
564 328 610 365 et
634 334 733 364 non
766 316 922 363 solum
955 314 1074 379 quid
1103 323 1246 378 agant
1269 331 1368 361 non
1401 323 1595 376 curent,
1637 314 1722 361 sed
1758 313 1872 379 quid
1907 313 2104 361 doleant
2135 314 2383 376 ignorent;

250 402 509 450 deteriores
531 395 742 445 habendi
771 395 864 456 his,
894 395 954 442 de
977 394 1153 459 quibus
1173 395 1358 442 Veritas
1390 395 1475 442 ait¹
1505 413 1516 442 ε
1547 396 1745 459 «Super
1765 394 2043 443 cathedram
2065 393 2218 458 Moysi
2246 392 2388 440 sede-

250 492 364 530 runt
401 478 575 527 Scribae
605 487 654 525 et
687 475 910 523 Pharisaei
946 494 956 522 ε
995 492 1309 540 quaecumque
1343 491 1456 540 ergo
1494 474 1697 523 dixerint
1731 475 1897 534 vobis,
1932 485 2115 523 servate
2147 483 2195 521 et
2228 473 2384 530 facite,

253 559 519 609 secundum
542 567 703 606 autem
730 573 877 622 opera
902 573 1071 604 eorum
1095 555 1244 602 nolite
1267 555 1438 604 facere.
1471 575 1493 598 c<
1513 558 1762 620 Tanquam
1777 557 1815 603 si
1838 556 2044 604 diceret:
2065 554 2390 618 Magisterium

252 642 366 704 legis
393 639 507 687 tales
530 638 777 699 obtinent,
803 654 1014 701 quorum
1039 652 1186 701 opera
1211 652 1320 684 cum
1347 636 1443 683 sint
1475 635 1623 698 mala,
1650 646 1697 684 et
1719 636 1784 684 ob
1806 636 1901 684 hoc
1923 633 2216 700 respuenda,
2241 632 2388 680 verba

253 733 412 768 tamen
444 720 533 767 Dei
565 735 671 784 quae
700 718 761 765 de
797 718 1025 766 cathedra
1056 716 1236 782 Moysi,
1271 717 1367 764 hoc
1397 726 1489 778 est,
1529 716 1589 764 de
1624 717 1894 781 magisterio
1927 717 2069 780 legis,
2106 713 2383 780 proferunt,

254 799 556 866 suscipienda
580 809 709 860 sunt,
735 810 787 846 ut
811 799 951 846 simul
974 814 1080 862 quae
1104 798 1320 862 ipsorum
1343 807 1455 844 sunt
1479 814 1626 862 opera
1649 797 1916 861 rejiciamus
1930 833 1943 857 ,
1969 807 2016 843 et
2039 812 2143 859 quae
2166 794 2254 841 Dei
2277 801 2390 840 sunt

251 881 399 929 verba
422 881 728 928 retineamus.

316 964 422 1011 Non
461 972 531 1009 est
560 978 673 1026 ergo
707 961 873 1009 talium
903 961 1123 1008 doctrina
1155 959 1511 1007 contemnenda
1546 960 1627 1023 qui
1662 959 1785 1007 bene
1809 959 2087 1025 praedicant,
2125 957 2234 1004 licet
2266 953 2389 1002 male

251 1043 440 1101 vivant,
478 1052 525 1089 et
556 1042 640 1106 qui
665 1041 893 1088 erudiunt
925 1040 1092 1102 verbo,
1117 1040 1228 1087 licet
1258 1057 1355 1087 non
1379 1039 1616 1088 aedificent
1637 1041 1876 1105 exemplo,
1903 1050 1950 1087 et
1976 1040 2104 1086 viam
2129 1034 2390 1084 ostendunt

249 1140 397 1188 quam
421 1122 557 1187 sequi
580 1122 769 1181 nolunt,
800 1138 898 1169 non
926 1132 1024 1170 tam
1053 1121 1115 1168 de
1144 1121 1352 1168 caecitate
1374 1121 1654 1185 ignorantiae
1677 1137 1821 1185 quam
1844 1121 1904 1168 de
1927 1120 2069 1185 culpa
2094 1115 2390 1181 negligentiae

244 1202 527 1266 judicando.
573 1202 668 1260 Qui
698 1218 814 1248 vero
845 1218 935 1249 nec
969 1202 1094 1250 viam
1129 1201 1351 1266 subjectis
1386 1201 1640 1248 ostendere
1675 1202 1835 1248 valent
1874 1202 1954 1266 qui
1992 1199 2186 1248 ducatui
2222 1212 2390 1244 eorum

249 1285 549 1331 committere
572 1300 622 1330 se
645 1281 842 1341 debent,
866 1292 913 1329 et
938 1282 999 1329 ab
1024 1283 1090 1330 eis
1113 1283 1302 1347 require
1324 1281 1673 1329 documentum
1688 1320 1700 1343 ,
1723 1283 1806 1347 qui
1830 1281 2005 1329 docere
2031 1280 2266 1328 nesciunt.
2295 1279 2390 1323 Nec

247 1374 408 1411 tamen
445 1363 801 1429 desperandum
837 1373 907 1410 est
942 1362 1166 1427 subjectis
1201 1379 1229 1410 a
1264 1361 1589 1410 misericordia
1624 1363 1737 1424 Dei,
1776 1379 1888 1410 cum
1925 1361 1987 1409 ad
2021 1359 2388 1408 satisfactionem

251 1446 452 1492 omnino
487 1444 657 1510 parati,
685 1443 993 1509 praelatorum
1026 1460 1243 1503 suorum,
1276 1444 1496 1508 quamvis
1519 1460 1772 1501 caecorum,
1799 1442 1999 1490 arbitrio
2029 1458 2079 1488 se
2103 1439 2314 1495 tradunt,
2345 1446 2390 1483 et

248 1525 377 1588 quod
414 1525 481 1572 illi
518 1542 603 1591 per
638 1541 850 1572 errorem
892 1525 1049 1572 minus
1094 1524 1376 1582 instituunt,
1418 1524 1495 1571 isti
1532 1541 1616 1590 per
1653 1524 1980 1572 obedientiam
2013 1522 2266 1586 diligenter
2309 1534 2390 1565 eos

248 1615 526 1669 sequuntur.
558 1608 664 1652 Non
695 1605 826 1652 enim
858 1621 992 1651 error
1017 1604 1324 1669 praelatorum
1355 1604 1596 1668 subjectos
1630 1605 1850 1666 damnat,
1885 1621 1975 1652 nec
2008 1602 2199 1650 illorum
2220 1599 2386 1647 vitium

247 1686 364 1732 istos
385 1696 602 1746 accusat;
632 1702 720 1732 nec
740 1685 841 1748 jam
860 1685 907 1732 in
934 1685 1156 1748 subjectis
1174 1686 1315 1750 culpa
1336 1697 1552 1734 remanet
1571 1703 1667 1750 qua
1687 1687 1971 1744 moriantur,
1994 1700 2117 1749 quos
2133 1683 2232 1745 jam
2252 1690 2390 1728 antea

247 1767 528 1830 poenitentia
545 1769 667 1827 Deo,
692 1775 743 1812 ut
766 1765 989 1826 diximus,
1015 1766 1421 1823 reconciliaverat,
1444 1767 1576 1831 prius
1588 1767 1766 1814 scilicet
1791 1783 1937 1831 quam
1956 1765 2018 1814 ad
2041 1764 2392 1812 confessionem

247 1848 467 1894 venirent
506 1847 579 1894 vel
618 1846 947 1894 satisfactionis
988 1846 1337 1894 institutionem
1373 1848 1684 1912 susciperent.
1726 1848 1774 1893 Si
1812 1846 1929 1911 quid
1968 1856 2124 1892 tamen
2156 1844 2217 1891 de
2250 1859 2390 1908 poena

248 1927 581 1974 satisfactionis
617 1927 775 1974 minus
805 1934 875 1974 est
899 1927 1171 1974 institutum
1201 1943 1349 1991 quam
1381 1937 1618 1993 oporteat,
1645 1931 1774 1975 Deus
1805 1927 1887 1991 qui
1919 1925 2104 1973 nullum
2141 1932 2391 1990 peccatum

248 2008 538 2072 impunitum
576 2007 796 2069 dimittit,
831 2016 878 2053 et
911 2007 1097 2070 singula
1135 2016 1370 2071 quantum
1406 2006 1550 2055 debet
1589 2009 1744 2072 punit,
1785 2024 1874 2072 pro
1910 2006 2174 2071 quantitate
2210 2003 2389 2068 peccati

247 2087 577 2135 satisfactionis
607 2087 878 2152 aequitatem
903 2086 1144 2147 servabit;
1173 2087 1303 2152 ipsos
1329 2087 1549 2135 videlicet
1571 2089 1857 2153 poenitentes
1881 2103 1981 2134 non
2005 2084 2189 2133 aeternis
2210 2082 2392 2148 suppli-

247 2169 345 2235 ciis„
365 2167 682 2226 reservando,
718 2167 802 2215 sed
839 2169 886 2214 in
917 2168 1009 2215 hac
1037 2168 1133 2215 vita
1159 2167 1234 2214 vel
1266 2169 1315 2214 in
1342 2167 1500 2216 futura
1531 2169 1686 2234 poenis
1719 2167 2003 2233 purgatoriis
2033 2164 2316 2230 affligendo,
2354 2163 2391 2210 si

247 2235 354 2306 nos,
395 2251 613 2313 inquam,
653 2249 703 2295 in
737 2258 903 2297 nostra
938 2248 1259 2296 satisfactione
1293 2250 1585 2313 negligentes
1619 2250 1863 2297 fuerimus.
1899 2247 2040 2296 Unde
2074 2245 2386 2312 Apostolus²:

252 2349 273 2373 «
297 2330 344 2376 Si
378 2346 483 2390 nos,
511 2330 694 2394 inquit,
723 2328 1119 2393 dijudicaremus,
1149 2346 1248 2375 non
1275 2330 1439 2394 utique
1467 2330 1896 2394 dijudicaremur.»
1922 2327 2066 2387 Quod
2097 2337 2168 2375 est
2195 2326 2386 2374 dicere:

246 2406 294 2451 Si
329 2421 418 2451 nos
454 2405 543 2469 ipsi
581 2413 746 2451 nostra
780 2405 1063 2469 puniremus
1099 2405 1174 2451 vel
1210 2405 1556 2468 corrigeremus
1592 2416 1805 2471 peccata,
1850 2418 2157 2469 nequaquam
2191 2400 2253 2448 ab
2286 2401 2391 2465 ipso

248 2486 435 2548 gravius
474 2494 631 2532 essent
667 2483 930 2550 punienda.
975 2487 1145 2548 Magna
1194 2484 1409 2549 profecto
1452 2486 1781 2534 misericordia
1814 2485 1901 2532 Dei
1939 2500 2050 2531 cum
2087 2499 2176 2529 1105
2224 2489 2391 2528 nostro

243 2565 424 2628 judicio
450 2564 663 2626 dimittit,
686 2581 748 2611 ne
767 2565 868 2630 ipse
885 2565 1054 2631 puniat
1077 2565 1300 2628 graviori.
1321 2568 1416 2612 Has
1437 2576 1597 2613 autem
1621 2582 1787 2631 poenas
1805 2566 1911 2612 vitaz
1932 2562 2189 2629 praesentis,
2217 2559 2392 2625 quibus

250 2646 309 2692 de
341 2646 546 2711 peccatis
577 2645 915 2706 satisfacimus,
946 2645 1237 2710 jejunandO,
1264 2647 1340 2694 vel
1366 2646 1575 2706 orando,
1604 2645 1871 2710 vigilando,
1898 2645 1974 2692 vel
2009 2642 2391 2708 quibuscumque

252 2726 409 2773 modis
450 2742 644 2773 carnem
671 2726 987 2785 macerandO,
1014 2725 1091 2774 vel
1116 2743 1222 2791 quae
1243 2726 1387 2774 nobis
1415 2727 1737 2774 subtrahimus
1758 2726 1920 2790 egenis
1948 2722 2295 2790 impendendo,
2324 2737 2393 2768 sa-

253 2805 567 2852 tisfactionem
591 2822 846 2865 vocamus3
882 2823 1003 2872 quas
1037 2807 1130 2855 alio
1162 2808 1361 2855 nomine
1396 2808 1446 2854 in
1481 2807 1739 2872 Evangelio
1770 2807 1995 2854 «fructus
2028 2803 2344 2870 poenitentiae³
2366 2821 2389 2846 »

257 2888 482 2932 novimus
503 2886 751 2951 appellari,
781 2887 863 2934 ubi
889 2887 1110 2935 videlicet
1132 2889 1197 2935 ait
1220 2907 1230 2934 ε
1263 2907 1285 2932 α
1306 2889 1463 2935 Facite
1488 2889 1668 2936 fructus
1690 2887 1862 2951 dignos
1884 2886 2199 2952 poenitentiae;
2228 2903 2250 2930 »
2278 2900 2333 2931 ac
2354 2884 2390 2930 si

254 2976 415 3030 aperte
430 2965 692 3013 diceretur:
713 2969 869 3031 Digna
885 2968 1207 3016 satisfactione
1230 2969 1364 3033 quod
1385 2969 1667 3033 deliquistis,
1694 2967 2020 3027 emendando,
2037 2967 2102 3014 ita
2122 2965 2202 3012 hic
2222 2981 2390 3012 recon-

255 3045 483 3110 ciliamini
506 3049 626 3103 Deo,
656 3056 706 3092 ut
732 3046 960 3112 deinceps
989 3049 1124 3113 quod
1146 3050 1249 3114 ipse
1278 3050 1464 3113 puniat,
1491 3065 1799 3114 nequaquam
1821 3048 2054 3108 inveniat3
2082 3055 2129 3093 et
2152 3045 2390 3108 graviores

255 3141 419 3188 poenas
458 3125 726 3172 mitioribus
757 3129 1031 3191 praevenite.
1061 3132 1123 3175 Ut
1146 3129 1277 3176 enim
1302 3133 1471 3177 Beatus
1502 3131 1668 3177 asserit
1691 3129 1980 3193 Augustinus
2018 3145 2028 3172 ε
2060 3147 2081 3170 (ι
2102 3129 2258 3172 Poenae
2286 3124 2391 3171 vitae

297 3307 450 3347 'Matth.,
469 3316 540 3348 cap.
559 3316 654 3348 xxm,
670 3318 700 3339 v.
719 3312 748 3342 2.
769 3327 807 3333 —
828 3312 838 3329 ²
854 3311 1006 3344 Corinth.
1026 3314 1037 3346 1
1056 3342 1058 3345 .
1077 3323 1149 3354 cap.
1167 3324 1200 3347 xv
1215 3341 1221 3356 ,
1239 3325 1269 3346 v.
1287 3318 1337 3349 31.
1359 3335 1394 3339 -
1413 3314 1564 3354 ³Matth.,
1588 3325 1658 3356 cap.
1680 3324 1728 3357 111,
1751 3325 1767 3346 v
1797 3319 1826 3349 8.
