2638 3866
264 261 358 308 616
1076 261 1245 316 PETRI
1281 261 1593 309 ABAELARDI

262 363 363 426 ipse
401 362 637 409 Dominus
660 377 749 424 pro
785 359 1176 423 crucifigentibus
1214 377 1264 408 se
1302 371 1408 408 orat
1439 361 1634 409 dicens¹
1669 381 1680 407 :
1723 366 1876 421 Pater,
1915 363 2104 410 dimitte
2132 363 2260 411 illis:
2297 381 2392 412 non

260 434 388 479 enim
411 434 565 480 sciunt
598 431 714 495 quid
746 431 926 479 faciunt
953 450 962 478 ε
991 432 1066 479 vel
1101 431 1371 496 Stephanus
1403 432 1499 480 hoc
1532 434 1789 481 instructus
1820 433 2039 499 exemplo
2074 451 2164 499 pro
2187 434 2397 499 lapidan-

260 513 383 559 tibus
405 512 678 576 supplicans
698 513 812 559 ait²z
833 513 1056 572 Domine,
1081 529 1142 559 ne
1165 523 1342 560 statuas
1356 512 1447 559 illis
1460 513 1555 561 hoc
1567 503 1859 591 peccffatum.
1880 518 1985 561 Non
2002 515 2130 561 enim
2150 515 2397 578 ignoscen-

262 592 379 638 dum
405 591 609 653 videtur,
635 591 719 637 ubi
746 592 888 657 culpa
911 609 1009 639 non
1044 593 1306 657 praecessit3
1334 610 1424 640 nec
1447 593 1578 651 aliud
1600 594 1721 641 solet
1742 594 1837 641 dici
1859 594 2062 657 ignosci,
2089 594 2179 641 nisi
2205 610 2398 658 poenam

261 671 528 718 condonari
559 688 704 735 quam
739 671 881 736 culpa
903 673 1094 719 meruit.
1122 673 1392 737 Stephanus
1426 674 1620 739 insuper
1655 684 1902 739 peccatum
1927 682 2145 738 patenter
2170 674 2395 739 appellat,

259 752 392 816 quod
417 752 477 799 de
500 753 772 816 ignorantia
795 763 911 800 erat.

1103 889 1342 950 CAPUT
1396 892 1546 950 XIV.

964 1034 1067 1081 Quot
1105 1032 1230 1071 modis
1261 1041 1461 1084 peccatum
1499 1032 1672 1071 dicatur?

322 1165 416 1212 Sed
450 1176 501 1212 ut
530 1165 730 1229 objectis
765 1167 952 1231 plenius
976 1166 1379 1231 respondeamuS‚
1405 1166 1655 1213 sciendum
1679 1176 1750 1214 est
1781 1183 1962 1230 nomen
1989 1166 2171 1231 peccati
2198 1166 2396 1213 diversis

257 1246 412 1292 modis
451 1245 603 1310 accipi
637 1263 646 1291 ε
678 1246 871 1310 proprie
904 1256 1064 1292 tamen
1096 1256 1346 1311 peccatum
1375 1245 1550 1292 dicitur
1569 1246 1671 1311 ipse
1704 1247 1790 1293 Dei
1819 1255 2143 1311 contemptus,
2175 1246 2250 1293 vel
2280 1262 2395 1294 con-

253 1341 419 1371 sensus
438 1326 487 1371 in
521 1326 725 1386 malum,
754 1336 805 1372 ut
832 1342 977 1390 supra
1002 1327 1309 1372 meminimus
1337 1344 1347 1372 :
1382 1342 1410 1373 a
1432 1343 1530 1390 quo
1555 1326 1742 1390 parvuli
1765 1336 1876 1373 sunt
1902 1327 2156 1384 immunes,
2187 1335 2235 1373 et
2259 1336 2395 1373 natu-

252 1405 413 1451 raliter
449 1406 595 1465 stulti,
633 1407 715 1469 qui
747 1423 858 1452 cum
890 1407 1060 1453 merita
1084 1422 1183 1452 non
1207 1406 1420 1453 habeant
1453 1415 1686 1470 tanquam
1710 1406 1896 1453 ratione
1925 1416 2157 1463 carentes,
2185 1406 2395 1454 nihileis

252 1479 314 1526 ad
339 1489 588 1543 peccatum
614 1480 895 1544 imputatur,
920 1490 965 1527 et
988 1480 1299 1527 solummodo
1324 1497 1410 1545 per
1433 1490 1730 1528 sacramenta
1757 1481 2016 1528 salvantur.
2047 1481 2231 1527 Dicitur
2252 1481 2395 1528 etiam

252 1569 503 1622 peccatum
519 1559 678 1607 hostia
695 1577 784 1624 pro
799 1570 1014 1625 peccato,
1033 1560 1299 1608 secundum
1320 1561 1455 1625 quod
1469 1561 1723 1625 Apostolus
1736 1563 1895 1607 Jesum
1910 1560 2152 1607 Christum
2172 1560 2287 1608 dicit
2300 1560 2394 1608 fac-

252 1647 355 1684 tum
368 1656 468 1686 esse
484 1649 731 1703 peccatum
745 1642 776 1685 ³.
793 1644 941 1687 Poena
963 1642 1107 1688 etiam
1129 1641 1313 1705 peccati
1337 1640 1511 1688 dicitur
1533 1650 1785 1705 peccatum
1808 1640 1907 1687 sive
1920 1639 2246 1698 maledictum,
2261 1641 2394 1703 juxta

252 1718 384 1780 quod
409 1719 612 1766 dicimus
637 1731 888 1784 peccatum
912 1720 1104 1779 dimitti,
1132 1721 1227 1767 hoc
1252 1731 1322 1767 est
1345 1737 1539 1785 poenam
1561 1719 1848 1778 condonari,
1875 1730 1922 1767 et
1942 1721 2210 1767 Dominum
2232 1723 2392 1767 Jesum

250 1808 464 1861 portasse
502 1809 696 1863 peccata
731 1810 911 1857 nostra,
952 1800 1048 1846 hoc
1085 1811 1154 1847 est
1188 1817 1383 1864 poenam
1420 1810 1729 1865 peccatorum
1771 1809 2080 1856 nostrorum,
2121 1799 2195 1846 vel
2232 1815 2290 1845 ex
2327 1800 2394 1845 eis

250 1879 584 1941 provenientes
607 1880 901 1926 sustinuisse.
928 1880 1021 1926 Sed
1052 1897 1163 1926 cum
1183 1880 1410 1944 parvulos
1433 1879 1666 1943 originale
1689 1889 1943 1943 peccatum
1967 1879 2170 1926 dicimus
2194 1879 2390 1937 habere,

249 1958 321 2005 vel
337 1975 426 2005 nos
453 1975 640 2016 omnes,
668 1959 938 2006 secundum
959 1960 1240 2024 Apostolum
1255 1996 1266 2015 ‚
1297 1960 1344 2006 in
1363 1959 1516 2007 Adam
1537 1975 1775 2024 peccasse,
1797 1961 1889 2006 tale
1915 1968 2001 2019 est,
2022 1975 2076 2005 ac
2093 1959 2133 2005 si
2155 1958 2394 2006 diceretur

248 2055 274 2085 a
309 2049 505 2103 peccato
541 2039 666 2087 illius
698 2040 932 2103 originem
965 2049 1135 2086 nostrae
1166 2056 1320 2104 poenae
1341 2040 1418 2087 vel
1448 2039 1772 2088 damnationis
1801 2039 2089 2088 sententiam
2117 2039 2387 2085 incurrisse.

248 2120 404 2183 Opera
439 2135 632 2183 quoque
665 2122 768 2184 ipsa
799 2120 998 2184 peccati,
1029 2119 1104 2166 vel
1127 2119 1366 2183 quidquid
1395 2136 1495 2166 non
1529 2129 1655 2166 recte
1689 2121 1864 2167 scimus
1901 2129 1983 2166 aut
2016 2118 2256 2178 volumus,
2291 2135 2390 2165 non

246 2216 498 2263 nunquam
532 2210 728 2264 peccata
760 2200 980 2247 dicimus.
1011 2200 1125 2258 Quis
1154 2209 1225 2246 est
1248 2200 1377 2246 enim
1403 2200 1615 2264 aliquem
1649 2199 1815 2248 fecisse
1849 2209 2124 2265 peccatum,
2157 2199 2249 2245 nisi
2283 2214 2393 2263 pec-

247 2280 337 2325 cati
373 2279 595 2343 implesse
635 2280 894 2327 effectum?
932 2283 1029 2326 Nec
1073 2280 1249 2326 mirum
1285 2298 1295 2323 ε
1328 2297 1441 2326 cum
1477 2297 1504 2326 e
1540 2296 1776 2327 converso
1810 2281 1910 2345 ipsa
1948 2289 2141 2344 peccata
2166 2295 2392 2325 vocemus

247 2360 385 2418 facta,
403 2360 537 2422 juxta
552 2360 669 2406 illud
685 2360 927 2407 Athanasii
951 2379 959 2406 :
980 2381 1001 2404 α
1025 2363 1080 2406 Et
1094 2360 1327 2406 reddituri
1343 2369 1472 2420 sunt,
1490 2361 1663 2424 inquit,
1679 2360 1740 2407 de
1762 2360 1894 2407 factis
1905 2359 2114 2424 propriis
2133 2359 2387 2420 rationem,

245 2449 291 2485 et
305 2441 388 2503 qui
407 2439 541 2486 bona
556 2450 771 2503 egerunt,
787 2439 928 2486 ibunt
948 2441 996 2486 in
1018 2440 1165 2486 vitam
1183 2450 1431 2494 aeternam,
1449 2440 1531 2503 qui
1552 2456 1668 2485 vero
1688 2439 1829 2498 mala,
1854 2441 1903 2486 in
1921 2439 2083 2501 ignem
2098 2448 2385 2484 aeternum.»

246 2519 372 2576 Quid
408 2531 475 2566 est
500 2521 628 2566 enim
653 2520 713 2566 de
739 2519 873 2566 factis
895 2519 1134 2584 propriis?
1160 2522 1230 2566 An
1255 2529 1487 2582 tanquam
1513 2518 1573 2565 de
1606 2518 1680 2565 his
1709 2528 1898 2565 tantum
1920 2534 2026 2582 quae
2048 2533 2193 2581 opere
2215 2516 2389 2580 imple—

246 2610 446 2657 verunt,
490 2599 764 2647 faciendum
804 2600 863 2646 sit
888 2599 1153 2663 judicium,
1189 2608 1242 2645 ut
1274 2599 1381 2663 plus
1414 2598 1616 2662 accipiat
1659 2598 1708 2645 in
1745 2597 2134 2645 remuneratione
2167 2597 2251 2659 qui
2282 2596 2390 2661 plus

245 2678 465 2726 habuerit
498 2680 544 2725 in
580 2681 759 2745 opere?
797 2678 874 2726 vel
905 2696 930 2727 a
966 2679 1280 2726 damnatione
1315 2680 1374 2725 sit
1403 2677 1661 2738 immunis,
1699 2677 1783 2741 qui
1815 2678 1864 2723 in
1897 2693 1955 2723 eo
1987 2676 2119 2740 quod
2159 2675 2385 2737 intendit,

245 2759 414 2805 effectu
447 2761 613 2819 caruit,
648 2760 770 2806 sicut
802 2761 902 2824 ipse
929 2758 1150 2806 diabolus
1183 2759 1283 2823 qui,
1315 2758 1448 2822 quod
1472 2758 1777 2822 praesumpsit
1807 2757 2010 2818 affectu,
2041 2773 2142 2803 non
2178 2755 2389 2803 obtinuit

246 2838 451 2884 effectu?
474 2839 618 2886 Absit.
657 2843 726 2886 De
754 2840 885 2886 factis
916 2840 1076 2903 itaque
1098 2839 1306 2904 propriis
1331 2838 1447 2885 dicit
1478 2837 1539 2884 de
1571 2854 1810 2905 consensu
1841 2854 2011 2884 eorum
2042 2853 2148 2901 quae
2189 2836 2387 2901 implere

246 2917 575 2979 decreverunt,
596 2919 691 2966 hoc
711 2929 781 2966 est
798 2919 858 2965 de
877 2920 1081 2983 peccatis
1101 2936 1206 2983 quae
1221 2918 1351 2984 apud
1371 2918 1638 2966 Dominum
1658 2934 1749 2983 pro
1770 2934 1916 2982 opere
1937 2917 2048 2964 facti
2065 2917 2381 2982 deputantur3

246 3012 358 3042 cum
383 2997 458 3043 ille
481 2999 657 3045 scilicet
675 3000 741 3045 sic
764 2999 932 3063 puniat
956 2999 1036 3045 illa
1055 2999 1193 3045 sicuti
1211 3015 1300 3045 nos
1323 3014 1486 3063 opera.
1508 3000 1633 3045 Cum
1659 3008 1820 3045 autem
1843 2997 2114 3063 Stephanus
2137 3003 2385 3060 peccatum

245 3075 376 3133 dicit,
408 3078 540 3139 quod
563 3095 648 3142 per
673 3078 992 3141 ignorantiam
1015 3079 1063 3124 in
1088 3078 1248 3141 ipsum
1271 3077 1636 3125 committebant
1660 3077 1824 3134 Judaei,
1851 3093 2046 3142 poenam
2065 3076 2216 3140 ipsam
2238 3089 2384 3137 quam

245 3156 514 3220 patiebatur
544 3174 600 3203 ex
635 3167 833 3220 peccato
866 3158 1134 3221 primorum
1158 3167 1411 3220 parentum
1429 3194 1441 3218 ,
1467 3158 1590 3204 sicut
1620 3166 1667 3203 et
1694 3144 1873 3204 ceteras
1905 3155 2243 3221 provenientes
2271 3171 2281 3199 ε
2309 3153 2384 3200 vel

289 3328 406 3369 ¹Luc.,
424 3337 496 3368 cap.
514 3337 615 3369 xxm,
638 3336 668 3361 v.
689 3330 739 3360 34.
762 3346 802 3352 —
818 3329 828 3347 ²
843 3329 913 3360 Act.
932 3329 1045 3370 Apost.
1060 3353 1067 3369 ,
1085 3338 1156 3368 cap.
1179 3338 1242 3370 vn,
1267 3339 1295 3360 v.
1316 3331 1368 3363 59.
1387 3347 1422 3352 —
1437 3330 1448 3349 ³
1467 3329 1616 3362 Corinth.
1636 3327 1680 3369 11,
1701 3337 1771 3368 cap.
1791 3336 1825 3366 v,
1846 3335 1877 3359 v.
1893 3328 1945 3360 21.
