2638 3866
880 251 937 299 IN
971 252 1298 301 EPISTOLAM
1333 254 1414 301 AD
1449 254 1747 302 ROMANOS.
2285 255 2380 302 347

246 355 376 402 mina
407 360 638 401 terrarum
662 368 752 418 pro
777 352 973 400 nomine
1001 352 1325 402 habitatorum
1341 392 1353 415 ‚
1381 356 1501 403 sicut
1523 364 1570 403 et
1595 364 1765 420 potum
1790 355 1986 403 calicem
2012 353 2323 421 appellamus.
2355 376 2377 399 »

250 454 273 479 α
299 432 635 500 Collationem,
668 453 690 476 »
735 448 884 506 quam=
915 433 1189 497 symbolum
1233 438 1396 484 Graece
1441 435 1669 496 dicimus,
1713 434 1796 482 ubi
1830 435 2007 483 scilicet
2042 434 2226 483 diversa
2264 452 2382 483 con—

246 515 464 563 seruntur
485 530 512 562 a
535 513 749 575 diversis,
782 513 900 560 sicut
922 513 970 560 in
996 516 1475 564 commessationibus
1507 515 1610 563 fieri
1642 516 1780 564 solet.
1807 517 1886 564 Isti
1917 532 2032 564 vero
2067 516 2378 574 substantiaS‚

246 594 333 642 sed
368 594 640 660 paupertim
662 593 1083 642 commessationes
1112 594 1174 642 de
1213 612 1303 643 suo
1341 595 1717 660 congregabant.
1753 596 1977 644 «Placuit
2010 597 2156 644 enim.
2182 616 2206 640 »
2246 599 2311 643 Ac
2344 597 2383 644 si

249 674 445 734 diceret,
465 694 488 717 α
502 674 629 722 bene
645 673 761 734 dixi,
781 693 804 718 ³)
825 673 1213 736 «probaverunt,
1237 697 1260 721 »
1278 685 1332 723 ut
1343 676 1439 724 hoc
1454 677 1710 724 voluntarii
1725 677 1883 742 potius
1896 693 2042 741 quam
2055 677 2207 724 coacti
2221 686 2380 741 agant,

249 755 361 820 quia
384 771 442 802 ex
463 771 634 803 eorum
647 754 894 802 voluntate
911 756 1062 819 magis
1084 773 1231 821 quam
1246 773 1306 804 ex
1326 766 1490 805 nostra
1501 758 1823 805 concitatione
1845 757 1897 806 id
1918 759 2125 822 geritur3
2144 767 2193 805 et
2214 758 2384 805 merito

250 835 445 900 placuit,
471 835 585 899 quia
608 835 787 883 scilicet
813 854 836 881 «
856 834 1094 883 debitores
1117 846 1244 884 sunt.
1267 858 1288 881 n
1316 837 1461 895 Quod
1484 838 1642 885 statim
1664 854 1691 885 a
1722 837 1897 884 minori
1920 837 2164 884 convincit
2190 837 2381 884 dicens:

253 938 277 964 «
298 921 417 968 Nam
452 920 491 966 si
521 919 838 984 spiritualium
864 935 1031 967 eorum
1061 920 1317 986 participes
1347 920 1457 969 facti
1486 930 1599 968 sunt
1621 921 1859 982 Gentiles,
1882 920 2059 968 debent
2080 930 2127 968 et
2150 921 2197 967 in
2221 936 2387 969 carna·

250 999 376 1048 libus
401 1000 669 1048 ministrare
693 1001 778 1062 eis,
809 1020 832 1044 ³>
857 999 906 1048 id
930 1009 999 1048 est
1018 1016 1130 1047 cum
1149 1001 1467 1067 spiritualium
1488 1002 1734 1050 bonorum
1759 1018 1864 1068 quae
1888 1001 1957 1049 illi
1980 1000 2240 1062 habebant,
2269 1002 2391 1048 sicut

250 1080 382 1144 legis,
411 1079 783 1146 Prophetarum,
809 1081 884 1129 vel
905 1080 1050 1128 etiam
1075 1083 1349 1130 orationum
1377 1092 1425 1130 et
1447 1082 1790 1147 obsequiorum
1817 1082 2111 1141 divinorum,
2140 1098 2244 1145 quae
2266 1098 2388 1146 qu00

247 1160 366 1208 tidie
383 1160 452 1208 ibi
467 1177 558 1227 pro
575 1160 728 1209 salute
743 1162 970 1210 Gentium
1001 1160 1258 1210 celebrant.
1289 1183 1312 1207 α
1330 1166 1434 1211 Hoc
1456 1179 1589 1226 ergo.
1608 1163 1773 1220 »Quia
1795 1162 2014 1210 videlicet
2036 1161 2127 1210 illis
2149 1162 2270 1209 sicut
2296 1162 2388 1225 jus-

252 1250 357 1288 tum
379 1251 451 1289 est
473 1240 669 1306 placuit.

322 1324 487 1368 «Cum
530 1338 951 1382 consummavero,
972 1342 995 1368 »
1034 1321 1084 1370 id
1118 1332 1188 1370 est
1221 1323 1469 1388 perfecero
1506 1323 1635 1370 hanc
1669 1322 1986 1386 legationem,
2026 1333 2072 1370 et
2107 1323 2390 1388 perveniens

252 1401 365 1449 illuc
382 1421 404 1447 t(
420 1402 723 1467 assignavero
735 1403 801 1450 eis
816 1402 1023 1450 fructum
1036 1402 1169 1451 hunc
1181 1423 1204 1447 ι)
1221 1403 1442 1452 videlicet
1457 1403 1788 1467 eleemosynae,
1808 1403 1903 1451 hoc
1916 1413 2002 1463 est,
2023 1404 2288 1451 distinxero
2309 1404 2390 1466 qui

251 1482 379 1530 bene
392 1482 459 1530 eis
475 1482 682 1545 mittant,
704 1493 756 1530 ut
774 1500 863 1549 pro
882 1484 948 1531 eis
967 1494 1194 1548 tanquam
1210 1483 1600 1532 benefactoribus
1615 1483 1712 1531 suis
1724 1493 1880 1545 orent,
1906 1503 1928 1527 ε(
1941 1483 2236 1549 proficiscar,
2256 1493 2347 1531 etc.
2365 1501 2387 1526 n

252 1563 483 1622 Quamvis
518 1562 646 1611 dicat
682 1564 939 1628 Apostolus
977 1580 1027 1612 se
1063 1564 1394 1629 profecturum
1428 1566 1478 1612 in
1514 1564 1820 1629 Hispaniam,
1852 1564 2088 1612 incertum
2123 1573 2194 1611 est
2233 1563 2391 1610 adhuc

254 1652 417 1691 utrum
435 1643 487 1691 id
511 1643 690 1707 fecerit,
709 1655 909 1710 propter
932 1644 1229 1692 diversorum
1250 1645 1520 1711 opiniones.
1549 1645 1873 1709 Hieronymus
1896 1646 1946 1691 in
1971 1645 2151 1691 Isaiam
2172 1643 2257 1691 lib.
2276 1646 2360 1690 1V¹
2381 1662 2391 1689 :

258 1743 279 1767 α
301 1723 545 1772 Volabunt
578 1725 628 1772 in
664 1725 871 1773 navibus
901 1726 1294 1790 alienigenarum,
1333 1735 1381 1773 et
1410 1742 1543 1773 mare
1575 1723 1719 1772 simul
1751 1724 2174 1789 depraedabuntur.
2196 1744 2220 1769 n
2249 1723 2391 1782 Quod

252 1804 314 1851 de
337 1804 479 1851 unius
509 1804 645 1860 Pauli
676 1805 888 1870 Apostoli
916 1805 1233 1869 intelligamus
1254 1805 1493 1870 exemplo,
1526 1804 1610 1869 qui
1628 1821 1715 1869 per
1739 1803 2067 1870 Pamphyliam
2098 1814 2147 1851 et
2167 1804 2325 1851 Asiam
2349 1813 2396 1851 et

251 1883 585 1932 Macedoniam
609 1895 657 1932 et
682 1885 928 1947 Achaiam,
957 1896 1004 1934 et
1031 1886 1243 1933 diversas
1273 1885 1452 1933 insulas
1487 1895 1631 1948 atque
1659 1885 1931 1951 provincias
1959 1884 2023 1932 ad
2057 1884 2239 1932 ltaliam
2268 1901 2394 1949 quo·

250 1979 366 2028 que,
393 1974 458 2023 et,
484 1975 538 2013 ut
558 1965 659 2031 ipse
682 1965 864 2027 scribit,
891 1966 954 2015 ad
981 1967 1231 2032 Hispanias
1252 1967 1628 2030 alienigenarum
1648 1974 1865 2031 portatus
1883 1975 1954 2013 est
1977 1965 2176 2013 ratibus.
2212 1965 2394 2013 Cassio-

252 2044 403 2094 dorus
426 2063 571 2112 super
596 2046 722 2094 hanc
745 2048 900 2113 ipsam
925 2048 1187 2114 Epistolam
1210 2047 1344 2095 Pauli
1372 2065 1383 2094 z
1414 2067 1438 2091 α
1460 2046 1739 2094 Proficiscar
1761 2063 1848 2112 per
1871 2063 1956 2094 vos
1979 2047 2027 2093 in
2050 2047 2347 2111 Hispaniam,
2369 2065 2393 2091 n

247 2126 387 2192 quod
412 2126 687 2191 frequenter
709 2127 844 2188 dicit,
877 2129 963 2177 sed
990 2144 1240 2193 nunquam
1276 2127 1481 2191 legimus
1515 2127 1658 2174 fuisse
1685 2126 1999 2192 completum.
2040 2126 2179 2173 Unde
2206 2125 2391 2173 deside·

253 2216 387 2255 ratur
411 2206 546 2271 quod
569 2207 762 2269 dicitur,
794 2208 879 2256 sed
903 2225 1004 2256 non
1035 2207 1308 2275 prophetali
1341 2208 1540 2255 veritate
1572 2207 1857 2272 completur.
1894 2210 2046 2254 Nemo
2077 2217 2238 2254 tamen
2267 2209 2394 2271 Apo-

253 2287 430 2335 stolum
451 2304 588 2336 reum
609 2288 851 2336 mendacii
865 2298 1049 2354 arguat,
1070 2289 1108 2336 si
1125 2288 1220 2336 hoc
1243 2286 1378 2353 quod
1398 2287 1603 2334 credidit
1619 2303 1719 2334 non
1740 2286 1970 2353 implevit.
1998 2289 2140 2334 «Non
2159 2287 2287 2334 enim
2307 2301 2393 2351 per

253 2366 581 2433 duplicitatem
611 2368 800 2417 locutus
823 2378 911 2430 est,
937 2379 990 2417 ut
1021 2368 1243 2417 videlicet
1273 2367 1405 2416 aliud
1436 2367 1618 2415 diceret
1652 2383 1798 2432 quam
1828 2365 2115 2426 intenderet,
2147 2366 2197 2413 id
2219 2376 2290 2414 est
2312 2383 2394 2413 ore

250 2463 403 2513 quam
436 2448 601 2497 corde.
623 2468 647 2494 >2
678 2469 702 2495 «
728 2450 839 2497 Scio
863 2459 1023 2498 autem
1050 2449 1280 2515 quoniam
1303 2449 1501 2497 veniens
1526 2448 1588 2496 ad
1612 2465 1716 2509 vos,
1740 2467 1762 2491 ›>
1791 2447 1841 2495 id
1867 2456 1936 2495 est
1957 2448 2123 2512 spiritu
2158 2446 2396 2495 revelante

255 2527 420 2589 didici,
457 2530 675 2594 quamvis
711 2530 889 2579 scilicet
923 2547 1002 2578 me
1031 2530 1284 2577 transitum
1307 2545 1394 2595 per
1419 2545 1505 2576 vos
1533 2527 1713 2576 habere
1737 2527 1957 2585 dixerim.
1987 2530 2037 2575 ln
2075 2544 2172 2591 quo
2196 2527 2393 2592 quidem

254 2608 526 2657 notandum
561 2620 647 2671 est,
681 2610 816 2675 quod
846 2610 966 2658 dum
993 2610 1089 2658 hoc
1112 2609 1206 2658 sibi
1228 2610 1491 2657 revelatum
1524 2609 1656 2671 dicit,
1687 2618 1740 2655 ut
1761 2609 1898 2668 sciat,
1925 2608 2082 2655 innuit
2109 2607 2227 2655 illud
2259 2606 2392 2671 quod

254 2687 317 2736 de
346 2689 573 2754 Hispania
604 2691 831 2755 praemisit
867 2707 923 2738 ex
959 2691 1189 2756 opinione
1224 2690 1386 2755 potius
1421 2705 1567 2754 quam
1601 2705 1661 2736 ex
1686 2688 1947 2736 assertione
1982 2687 2250 2752 protulisse.
2289 2706 2314 2732 «
2337 2689 2390 2733 ln

256 2767 552 2817 abundantia
574 2769 928 2818 benedictionis
951 2770 1127 2818 Christi
1149 2770 1358 2829 veniam,
1380 2789 1403 2813 >2
1432 2779 1485 2816 ut
1509 2768 1746 2827 videlicet,
1771 2768 1892 2815 sicut
1916 2767 1977 2815 de
2001 2766 2179 2832 Joseph
2203 2766 2390 2830 legitur,

255 2847 317 2895 ad
341 2848 590 2896 introitum
617 2866 778 2897 meum
801 2851 1041 2897 Dominus
1061 2850 1239 2914 largam
1263 2848 1403 2897 vobis
1425 2848 1628 2896 coelestis
1650 2847 1809 2912 gratiae
1824 2846 2213 2894 benedictionem
2235 2845 2395 2893 infun-

255 2926 359 2987 dat,
392 2927 443 2976 id
464 2938 536 2976 est
556 2929 606 2975 in
630 2928 955 2994 spiritualibus
985 2928 1287 2994 multiplicet.
1318 2948 1342 2973 «
1361 2926 1578 2976 Obsecro
1600 2944 1714 2991 ergo
1743 2944 1831 2975 vos
1854 2927 2038 2987 fratres,
2059 2946 2084 2972 »
2109 2936 2163 2975 ut
2175 2925 2394 2974 videlicet

254 3008 391 3073 quod
417 3008 532 3057 volo
558 3010 757 3074 possim.
785 3030 808 3054 α
825 3013 915 3057 Per
941 3010 1208 3058 Dominum
1231 3018 1453 3057 nostrum
1488 3012 1650 3056 Jesum
1671 3007 1913 3056 Christum
1951 3017 1998 3055 et
2030 3024 2117 3073 per
2147 3007 2391 3055 caritatem

253 3088 456 3154 Spiritus
486 3090 660 3152 sancti,
696 3100 749 3138 ut
779 3090 1010 3155 adjuvetis
1033 3107 1127 3151 me,
1149 3109 1174 3134 n
1200 3090 1239 3137 si
1261 3089 1482 3138 videlicet
1510 3090 1559 3137 in
1585 3106 1646 3138 eo
1669 3088 1876 3155 amplius
1905 3087 2136 3154 perficere
2159 3087 2319 3146 vultis,
2345 3097 2395 3135 et

253 3167 562 3218 dilectionem
592 3171 680 3219 Dei
702 3170 907 3220 habetis,
933 3191 957 3216 «
978 3174 1030 3218 ln
1056 3170 1357 3219 orationibus
1380 3169 1441 3220 ad
1462 3173 1636 3231 Deum,
1662 3179 1715 3217 ut
1738 3168 1912 3217 liberer
1933 3168 1995 3217 ab
2018 3168 2292 3217 infidelibus
2314 3167 2395 3231 qui

305 3354 309 3370 ¹
332 3349 426 3393 lsai„
443 3361 516 3394 cap.
535 3362 581 3392 xi,
600 3364 630 3387 v.
647 3357 697 3389 14.
