2638 3866
304 225 400 271 694
1113 222 1283 269 PETRI
1321 220 1634 271 ABAELARm

308 325 399 371 Etsi
425 324 571 380 enim,
601 332 650 368 ut
673 322 854 368 dictum
878 330 964 380 est,
990 337 1133 386 poena
1158 321 1238 369 illa
1260 322 1318 369 sit
1339 322 1485 382 bona,
1506 339 1605 371 non
1630 323 1739 393 ideo
1766 323 1952 373 bonum
1978 326 2269 393 simpliciter,
2295 330 2342 377 id
2367 340 2435 377 est

303 405 429 450 bona
456 419 530 449 res
553 411 624 449 est
647 401 870 448 dicenda.
1649 398 1652 403 ’
1938 407 1940 410 ’

367 485 634 529 ΕΗΜεΤιΑΝ.
663 484 774 528 Esto
799 471 966 540 modo,
997 490 1048 528 ut
1071 482 1205 538 dicis,
1234 492 1279 529 te
1304 482 1523 531 videlicet
1546 486 1864 533 exconees'sis
1890 503 1989 533 non
2018 479 2158 552 posse
2181 490 2332 552 argui,
2362 500 2430 551 ut,

303 562 434 625 quod
468 561 654 608 bonum
687 571 782 620 est,
819 561 1056 608 concedas
1091 578 1337 608 summum
1369 563 1580 611 hominis
1613 564 1792 612 malum
1830 582 1956 625 esse,
1992 568 2210 635 quamvis
2244 585 2436 634 poenam

303 642 429 689 illam
451 677 462 701 ,
487 657 592 704 quae
615 641 744 688 bona
765 651 835 688 est
854 652 900 688 et
917 642 1061 705 justa,
1088 658 1331 690 summum
1347 642 1466 691 illud
1487 643 1665 692 malum
1685 661 1785 692 esse
1805 662 1904 693 non
1925 646 2125 694 abnuas.
2149 647 2242 695 Sed
2264 649 2435 696 iterum

303 738 463 786 quaero
489 737 599 768 cum
626 731 723 769 tam
747 721 886 786 culpa
919 721 1192 789 praecedens
1223 738 1368 787 quam
1391 739 1536 788 poena
1558 718 1669 771 inde
1688 726 1975 789 proveniens
1999 726 2178 774 malum
2202 729 2278 786 sit,
2303 729 2435 792 quod

302 803 479 849 horum
505 802 713 850 deterius
746 818 802 850 ac
826 803 979 866 majus
1006 802 1218 850 hominis
1241 803 1422 851 malum
1452 804 1713 851 dicendum
1738 805 1822 862 sit,
1862 815 2021 853 utrum
2046 807 2267 855 videlicet
2296 810 2437 873 culpa

302 884 420 945 ejus,
462 899 566 946 quae
606 881 856 929 hominem
893 882 1072 929 malum
1117 881 1289 945 efficit,
1323 899 1384 930 an
1416 900 1559 948 poena
1591 901 1696 948 quae
1732 900 1757 931 a
1791 887 1894 932 Deo
1916 885 2052 934 ‘illata
2076 887 2264 950 >justum
2293 889 2342 934 in
2378 905 2437 935 eo

300 963 533 1026 judicium
561 963 684 1026 agit?
1960 959 1961 962 ’
2364 1022 2367 1024 ,

368 1047 557 1090 Pinnos.
581 1045 734 1103 Certe,
763 1052 815 1089 ut
837 1043 1037 1104 aestimo,
1064 1042 1274 1091 deterius
1293 1043 1505 1090 hominis
1527 1042 1707 1090 malum
1724 1053 1795 1091 est
1816 1045 1957 1110 culpa
1980 1045 2098 1110 ejus,
2125 1064 2271 1111 quam
2295 1065 2437 1113 poena

303 1124 466 1187 ipsius.
495 1126 617 1170 Cum
641 1123 772 1169 enim
795 1122 918 1169 inter
940 1123 1164 1186 quaelibet
1187 1123 1310 1171 mala
1334 1123 1452 1170 illud
1475 1123 1569 1170 alio
1593 1124 1871 1187 majus‘esse
1893 1141 1992 1172 non
2012 1126 2273 1188 dubitetur,
2304 1130 2437 1192 quod

315 1202 521 1268 amplius
561 1205 664 1249 Deo
687 1202 904 1267 displicet
926 1212 973 1250 et
1003 1220 1148 1268 poena
1174 1203 1372 1268 dignum
1403 1213 1495 1264 est,
1528 1204 1769 1267 quisnam¹
1795 1204 1982 1253 dubitet
2013 1204 2204 1272 cuipam
2231 1207 2439 1255 deterius

302 1300 402 1330 esse
434 1299 578 1347 quam
611 1299 804 1348 poenam
838 1282 1023 1348 culpae?
1052 1286 1115 1330 Ex
1147 1283 1290 1348 culpa
1325 1283 1506 1348 quippe
1534 1283 1685 1331 homo
1712 1287 1821 1331 'Deo
1845 1285 2090 1351 displicet,
2123 1286 2252 1334 unde
2288 1288 2441 1335 malus

301 1364 491 1423 dicitur,
525 1379 623 1410 non
654 1379 710 1410 ex
743 1379 888 1427 poena
919 1379 1023 1427 quae
1061 1381 1151 1428 pro
1183 1364 1324 1428 culpa
1347 1364 1600 1427 irrogatur.
1629 1364 1718 1411 ‘ma
1745 1365 1925 1430 quippe
1954 1366 2184 1429 injustitia
2215 1378 2312 1426 est,
2339 1369 2438 1415 haec

298 1444 486 1506 justitiae
510 1443 700 1491 debitus
728 1443 925 1490 effectus
952 1453 998 1491 et
1027 1461 1082 1491 ex
1117 1444 1385 1514 intentione
1415 1453 1543 1491 recte
1577 1445 1882 1509 proveniens,
1913 1449 2045 1494 Patet
2074 1447 2236 1511 itaque
2269 1448 2317 1494 in
2350 1448 2438 1495 ho-

302 1525 432 1571 mine
456 1523 506 1570 id
530 1523 738 1570 deterius
764 1539 882 1582 esse,
911 1523 1042 1587 quod
1066 1540 1177 1571 eum
1201 1539 1340 1571 reum
1361 1524 1632 1583 constituit,
1659 1541 1806 1589 quam
1830 1526 1964 1590 quod
1989 1526 2238 1591 puniendo
2255 1520 2438 1590 justum

304 1607 350 1651 in
375 1620 433 1651 eo
453 1603 688 1667 judicium
715 1604 825 1666 agit.

367 1687 635 1731 Cfflus'nAN.
662 1686 783 1730 Cum
820 1684 962 1747 igitur
992 1685 1134 1748 culpa
1163 1685 1377 1732 hominis
1413 1684 1564 1748 majus
1587 1685 1648 1731 sit
1675 1684 1887 1732 hominis
1917 1686 2095 1733 malum
2121 1702 2267 1751 quam
2298 1700 2439 1752 poena

302 1765 477 1829 ipsius,
518 1762 769 1826 quomodo
814 1780 1009 1828 poenam
1046 1764 1256 1810 hominis
1289 1780 1534 1811 summum
1570 1764 1672 1827 ejus
1707 1765 1887 1812 malum
1920 1782 2199 1831 nuncupas,
2235 1778 2347 1831 qua,
2388 1778 2438 1814 ut

302 1845 486 1892 dictum
513 1853 600 1902 est,
631 1843 783 1906 majus
805 1843 985 1891 malum
1008 1853 1079 1891 est
1099 1844 1277 1908 culpa?
1920 1841 1922 1844 ’

371 1927 558 1970 Pmms.
592 1922 747 1970 Placet
771 1923 950 1987 itaque,
985 1924 1025 1970 si
1059 1933 1274 1970 nostram
1302 1923 1351 1969 in
1377 1923 1472 1970 hoc
1502 1923 1748 1988 improbas
1784 1925 2090 1988 opinionem,
2131 1935 2261 1972 tuam
2297 1942 2440 1991 super

301 2005 395 2051 hoc
429 2003 595 2051 audire
627 2004 930 2063 sententiam,
966 2002 1083 2075 quid
1108 2002 1327 2050 videlicet
1353 2019 1599 2050 summum
1620 2002 1831 2050 hominis
1855 2004 2038 2051 malum
2053 2020 2252 2053 >censeas
2273 2006 2438 2071 appel-

302 2084 499 2131 landum
516 2083 536 2128 Ξ)
1958 2096 1961 2097 ’

365 2167 635 2211 CHms‘riAN.
665 2162 786 2209 lllud
813 2164 991 2226 itaque,
1015 2162 1147 2227 quod
1167 2178 1278 2209 eum
1302 2162 1592 2210 deteriorem
1615 2161 1801 2209 efficere
1824 2172 1997 2227 potest,
2018 2163 2139 2210 sicut
2154 2180 2179 2211 e
2197 2167 2438 2212 contrario

302 2261 544 2291 summum
569 2244 670 2306 ejus
692 2243 876 2290 bonum
903 2260 987 2307 per
1011 2242 1143 2307 quod
1167 2259 1278 2289 eum
1306 2242 1554 2290 meliorem
1578 2241 1701 2289 effici
1725 2251 1928 2289 constat.

370 2327 558 2370 PfflLos.
592 2326 648 2369 Et
670 2340 775 2387 quae
798 2322 999 2370 obsecro
1023 2332 1134 2369 sunt
1153 2321 1269 2368 illa?

367 2406 637 2451 CHRISTJAN.
662 2405 914 2449 Summum
938 2403 1038 2465 ejus
1061 2402 1246 2461 odium,
1273 2417 1460 2448 summa
1485 2401 1678 2448 dilectio
1701 2402 1755 2448 in>
1777 2405 1955 2462 Deum3
1984 2418 2068 2467 per
2093 2419 2198 2466 quae
2219 2401 2439 2448 videlicet

301 2484 399 2530 duo
431 2484 474 2530 ei
512 2483 593 2547 qui
622 2482 898 2547 simpliciter
929 2498 985 2529 ac
1018 2482 1211 2546 proprie
1240 2497 1482 2528 summum
1512 2480 1699 2527 bonum
1732 2481 1923 2537 dicitur,
1953 2481 2203 2545 displicere
2233 2481 2438 2545 amplius

303 2563 374 2611 vel
404 2563 592 2628 placere
623 2571 827 2609 constat.
851 2564 1073 2619 Quorum
1096 2560 1312 2625 profecto
1335 2569 1592 2624 utrumque
1620 2569 1727 2624 post
1753 2559 1880 2606 hanc
1905 2561 2048 2606 vitam
2082 2561 2312 2624 sequitur.
2341 2561 2435 2617 Qui

301 2645 429 2690 enim
462 2642 704 2708 perpetuis
738 2652 785 2688 et
821 2642 1040 2688 maximis
1074 2640 1350 2687 cruciantur
1384 2640 1567 2705 poenis,·
1601 2649 1784 2704 quanto
1819 2656 1869 2686 se
1906 2639 2111 2704 amplius
2142 2639 2218 2686 his
2251 2640 2435 2702 gravari

302 2723 526 2783 sentiunt,
560 2731 694 2769 tanto
720 2723 767 2768 in
795 2738 907 2768 eum
930 2721 1064 2784 cujus
1084 2720 1355 2785 puniuntur>
1365 2719 1567 2783 judicio,
1590 2736 1648 2767 ex
1667 2719 1771 2784 ipsa
1792 2719 2127 2784 desperatione
2146 2719 2294 2766 veniae
2315 2717 2431 2766 odio

304 2804 473 2866 majori
508 2802 835 2849 inardescunt.
863 2805 1020 2859 Quem
1042 2801 1233 2865 penitus
1256 2816 1357 2847 non
1381 2814 1488 2847 esse·
1505 2799 1706 2860 vellent,
1735 2810 1786 2847 ut
1810 2801 1878 2847 sic
1900 2799 2287 2864 saltemapoena
2311 2797 2435 2845 libe-

304 2884 395 2929 rari
420 2891 637 2946 possent,
667 2892 713 2928 et
742 2882 806 2928 ita
829 2881 971 2944 longe
994 2881 1255 2927 deteriores
1277 2879 1344 2926 ibi
1373 2890 1485 2926 sunt
1507 2879 1720 2928 odiendo
1745 2895 1893 2943 quam
1914 2878 1994 2926 hic
2016 2880 2293 2926 exstiterunt
2314 2894 2434 2924 >con-

304 2962 582 3008 temnendo.
621 2962 698 3009 Sic
734 2978 759 3007 e
789 2962 1028 3008 contrario
1067 2961 1343 3024 quicunque
1372 2959 1452 3006 illa
1483 2961 1573 3006 Dei
1611 2960 1795 3006 visione
1829 2960 2070 3018 fruuntur,
2103 2959 2294 3022 dequa
2321 2957 2436 3004 dicit

304 3041 570 3105 psalmista²
588 3060 597 3087 ε
620 3061 641 3082 «
661 3041 880 3088 Satiabor
892 3058 999 3087 cum
1014 3041 1288 3105 apparuerit
1311 3040 1463 3103 gloria
1476 3050 1574 3099 tua,
1596 3040 1685 3087 »id
1708 3049 1779 3087 est
1801 3050 2059 3105 postquam.
2073 3038 2329 3086 divinitatis
2345 3046 2434 3083 tuae

304 3120 595 3182 majestatem
625 3136 711 3183 per
739 3120 1040 3183 temetipsum
1069 3119 1188 3166 mihi
1218 3119 1608 3179 manifestaveris,
1632 3118 1752 3166 nihil
1770 3115 2253 3182 ulteriusindigendo
2277 3117 2434 3180 requi-

349 3306 354 3320 ¹
381 3301 423 3333 lta
443 3303 573 3342 conjicit
591 3301 788 3334 Rheinwald.
808 3302 888 3333 (Lod.
908 3303 990 3339 Quis
1005 3310 1083 3333 non.
1099 3319 1137 3325 --
1155 3303 1165 3320 ²
1182 3300 1311 3334 Psalm.
1331 3309 1416 3342 xvn,
1438 3310 1467 3333 v.
1485 3304 1534 3334 15.
