2638 3866
297 225 360 270 24,
1000 218 1004 221 ·
1095 220 1264 267 PETRI
1300 219 1613 286 ABAELARm

295 321 510 368 sabaoth.
542 339 564 365 υ
593 323 730 367 Recte
752 329 911 366 autem
936 319 1169 367 vocabulo
1193 318 1388 365 Domini
1412 335 1523 366 usus
1545 328 1614 365 est
1633 318 1871 382 Propheta
1901 314 1962 363 ad
1995 315 2261 380 potentiam
2289 315 2412 362 desi-

295 399 555 462 gnandam,
600 399 712 462 quia
745 398 1055 446 dominorum
1088 409 1158 446 est
1186 414 1382 463 praeesse
1404 416 1415 457 ;
1463 414 1568 461 quae
1610 396 1830 445 videlicet
1869 394 2086 459 potentia
2131 393 2413 459 plerumque

294 479 434 524 etiam
453 477 547 525 hoc
569 478 764 524 nomine
790 480 914 524 Deus
938 478 1218 541 assignatur.
1246 480 1314 523 Eo
1340 476 1558 523 videlicet
1581 476 1712 539 quod
1737 481 1834 530 Θεός
1857 477 2016 521 Graece
2031 509 2044 531 ,
2083 473 2133 520 id
2168 483 2237 520 est
2260 476 2410 532 Deus,

297 567 409 604 teste
431 556 614 604 Isidoro
633 559 664 616 ¹,
695 577 717 601 ι(
743 558 884 604 timor
907 558 1270 622 interpretatur,
1302 574 1325 600 »
1352 565 1399 603 et
1422 565 1630 620 potestas
1662 554 1884 620 quaelibet
1914 554 2057 599 timor
2078 561 2148 599 est
2179 552 2416 616 subjecto-

296 653 417 682 rum.
440 635 584 693 Quod
600 646 759 683 autem
781 635 982 683 verbum
1006 637 1116 694 Dei,
1141 636 1244 701 ipsa
1265 635 1491 699 sapientia
1516 635 1616 699 ejus
1647 636 1708 690 sit
1735 632 2121 697 intelligendum,
2161 641 2324 696 aperte
2364 631 2412 678 in

295 715 618 762 Ecclesiastico
639 716 932 763 monstratur
952 716 1027 762 his
1053 715 1260 763 verbis':
1289 734 1312 759 «
1339 715 1509 762 Omnis
1545 714 1774 780 sapientia
1805 729 1834 760 a
1870 713 2070 760 domino
2101 715 2205 759 Deo
2237 721 2329 770 est,
2368 720 2413 757 et

293 810 404 841 cum
427 794 508 841 illo
534 794 620 841 fuit
639 811 842 861 semper,
860 804 905 842 et
923 804 993 842 est
1013 804 1123 842 ante
1142 811 1310 841 aevum.
1334 794 1622 858 Sapientiam
1647 793 1732 840 Dei
1754 791 2100 857 praecedentem
2124 792 2287 838 omnia
2309 791 2415 855 quis

294 873 613 938 investigavit?
639 875 772 920 Prior
791 874 1007 920 omnium
1030 884 1184 921 creata
1205 883 1275 920 est
1296 873 1524 938 sapientia
1537 909 1550 931 ,
1577 883 1624 920 et
1647 872 1912 920 intellectus
1928 871 2190 936 prudentiae
2213 869 2274 917 ab
2291 885 2411 925 aevo,

294 954 398 998 sons
420 953 659 1018 sapientiae
680 952 880 1000 verbum
903 954 990 1000 Dei
1009 953 1057 1000 in
1082 952 1296 1012 excelsis,
1323 962 1412 999 etc.
1440 974 1462 996 »
1489 952 1643 1000 David
1666 968 1859 1016 quoque
1881 960 2108 998 aeternam
2137 949 2240 996 Filii
2272 965 2415 1012 gene-

294 1032 526 1079 rationem
559 1049 616 1079 ex
642 1036 777 1080 Patre
799 1036 901 1079 Deo
926 1042 1087 1098 aperte
1112 1019 1342 1091 insinuat,
1371 1031 1452 1079 ubi
1477 1048 1733 1097 personam
1757 1031 1861 1078 Filii
1884 1029 2148 1078 introducit
2175 1028 2416 1092 loquentis

292 1111 405 1157 sic³:
440 1130 462 1155 α
486 1112 721 1159 Dominus
748 1112 864 1159 dixit
886 1111 945 1159 ad
967 1129 1069 1173 me,
1100 1111 1241 1158 Filius
1267 1128 1400 1158 meus
1427 1128 1476 1158 es
1501 1121 1574 1170 tu,
1602 1128 1691 1175 ego
1726 1110 1873 1158 hodie
1897 1110 2040 1174 genui
2064 1119 2133 1170 te,
2165 1107 2355 1174 postula
2389 1123 2415 1153 a

294 1206 368 1236 me
391 1200 437 1237 et
460 1190 587 1238 dabo
605 1191 688 1238 tibi
710 1201 868 1255 gentes
889 1191 1229 1239 haereditatem.
1260 1211 1283 1234 »
1304 1191 1413 1239 Tale
1435 1201 1503 1238 est
1522 1200 1681 1238 autem
1706 1190 1840 1255 quod
1859 1191 1922 1238 ait
1949 1208 1960 1236 ε
1991 1209 2014 1235 «
2045 1191 2141 1252 Ego
2160 1187 2307 1235 hodie
2327 1203 2416 1251 ge-

293 1269 371 1314 nui
397 1277 464 1329 te,
493 1290 516 1313 »
542 1287 598 1318 ac
634 1271 671 1317 si
709 1271 889 1318 diceret
926 1274 1155 1318 :AEterna
1188 1271 1268 1317 lux
1309 1288 1368 1318 ex
1402 1272 1505 1336 ipsa
1542 1287 1647 1317 mea
1679 1269 1941 1317 substantia
1971 1286 2046 1330 es3
2086 1284 2198 1315 nam
2232 1268 2344 1331 quia
2366 1269 2416 1313 in

289 1349 546 1396 aeternitate
569 1350 686 1396 nihil
710 1351 997 1414 praeteritum
1021 1360 1104 1397 aut
1128 1350 1338 1396 futurum
1353 1385 1365 1408 ,
1393 1350 1477 1397 sed
1505 1349 1842 1397 tantummodo
1861 1365 2093 1415 praesens,
2117 1347 2296 1416 idcirco
2323 1346 2417 1393 ad-

287 1426 451 1474 verbio
476 1429 701 1492 temporis
724 1430 982 1493 praesentis,
1005 1445 1095 1494 pro
1116 1429 1374 1475 aeternitate
1398 1438 1468 1476 est
1485 1446 1598 1475 usus
1617 1428 1824 1476 dicendo
1842 1448 1864 1472 «
1891 1428 2057 1487 hodie,
2079 1445 2102 1472 υ
2127 1443 2218 1491 pro
2245 1445 2269 1471 «
2289 1435 2418 1473 aeter·

290 1505 505 1552 naliter.»
531 1510 655 1554 Bene
679 1517 835 1555 autem
862 1508 923 1555 ad
949 1528 971 1551 «
994 1506 1141 1554 hodie
1168 1527 1190 1551 »
1216 1507 1401 1555 addidit
1428 1527 1450 1552 α
1480 1508 1644 1572 genui,
1667 1508 1846 1572 »quasi
1869 1523 2077 1572 praesens
2098 1506 2415 1571 praeteritum,

291 1594 340 1630 ut
363 1584 578 1631 videlicet
598 1587 749 1651 ipsam
770 1588 1127 1650 generationem
1149 1604 1233 1651 per
1262 1586 1445 1634 «hodie
1460 1605 1484 1631 n
1510 1597 1809 1651 praesentem,
1838 1602 2045 1652 semper,
2073 1602 2158 1651 per
2181 1605 2204 1628 c<
2224 1586 2372 1649 genui
2391 1605 2416 1630 η

289 1663 546 1726 perfectam
582 1680 683 1712 esse
714 1666 967 1727 indicaret,
1019 1683 1267 1730 nunquam
1298 1666 1475 1713 scilicet
1509 1676 1592 1714 aut
1630 1682 1814 1713 cessare
1835 1703 1847 1724 ‚
1888 1675 1970 1724 aut
2000 1666 2260 1730 incoeptam
2294 1681 2413 1712 esse.

290 1744 477 1808 Quippe
500 1759 605 1806 quae
625 1747 859 1809 praeterita
880 1755 1012 1805 sunt,
1030 1745 1130 1808 jam
1154 1746 1395 1810 completa
1417 1755 1529 1792 sunt
1551 1755 1597 1792 et
1619 1746 1852 1811 perfecta;
1888 1746 2097 1809 ideoque
2127 1744 2419 1809 praeteritum

290 1823 422 1884 quasi
439 1839 528 1887 pro
550 1824 843 1889 perfectione
877 1826 1059 1890 posuit,
1086 1825 1340 1872 ostendens
1359 1825 1537 1872 scilicet
1559 1825 1727 1872 Filium
1749 1842 1806 1872 ex
1831 1828 1965 1872 Patre
1987 1841 2177 1889 semper
2207 1825 2420 1887 generari

290 1910 336 1946 et
351 1917 536 1967 semper
551 1905 762 1965 genitum
778 1921 897 1952 esse.
917 1905 1010 1962 Qui
1025 1913 1071 1951 et
1089 1904 1201 1952 alibi
1221 1906 1430 1969 apertius
1448 1904 1758 1951 aeternitatem
1778 1904 1879 1951 Filii
1894 1913 2183 1969 protestatur
2201 1903 2388 1951 dicens'·
2406 1922 2416 1949 :

294 1998 316 2022 «
346 1982 645 2029 Permanebit
677 1999 787 2030 cum
825 1984 924 2030 sole
959 1994 1005 2031 et
1043 1993 1153 2031 ante
1188 1985 1378 2040 lunam,
1418 1984 1467 2030 in
1505 1984 1809 2047 generatione
1842 1994 1888 2031 et
1921 1984 2302 2046 generationem,
2325 2003 2349 2027 n
2375 1992 2422 2031 et

291 2063 470 2106 rursus⁵
494 2079 504 2106 :
532 2081 559 2104 <t
578 2065 754 2109 Tecum
776 2063 1080 2128 principium.
1112 2083 1134 2106 2>
1162 2065 1232 2110 De
1263 2063 1354 2110 hac
1379 2063 1520 2109 etiam
1557 2062 1790 2110 ineffabili
1818 2073 1866 2110 et
1894 2073 2069 2111 aeterna
2092 2061 2417 2126 generatione,

290 2138 384 2185 sive
413 2140 554 2188 etiam
578 2142 852 2207 temporali,
872 2159 1075 2206 quarum
1098 2151 1299 2206 utraque
1319 2141 1550 2189 mirabilis
1573 2152 1641 2189 est
1656 2179 1667 2196 ,
1697 2146 1839 2190 Isaias
1862 2142 2106 2190 admirans
2127 2139 2211 2189 ait'⁶
2238 2159 2248 2187 :
2277 2163 2299 2184 «
2327 2143 2420 2187 Ge·-

291 2219 586 2267 nerationem
623 2222 723 2285 ejus
756 2222 864 2285 quis
902 2221 1167 2269 enarrabit?
1198 2241 1219 2266 n
1260 2227 1322 2269 Ac
1357 2223 1396 2268 si
1431 2232 1592 2287 aperte
1626 2222 1836 2269 diceret:
1868 2243 1890 2265 «
1933 2225 2037 2269 Non
2076 2232 2146 2269 est
2190 2220 2285 2267 hoc
2319 2220 2422 2267 dis-

290 2317 442 2350 serere
461 2303 660 2352 humani
682 2306 885 2369 ingenii,
921 2307 1004 2354 sed
1034 2296 1179 2354 solius
1203 2307 1314 2365 Dei,
1358 2327 1380 2350 »
1415 2307 1549 2371 cujus
1587 2317 1746 2354 tamen
1785 2308 1976 2372 spiritus
2003 2308 2051 2354 in
2087 2306 2163 2353 his
2201 2305 2422 2353 fidelibus

290 2395 409 2443 quos
431 2382 532 2429 vult
553 2383 788 2448 loquitur,
809 2386 913 2450 ipso
927 2395 1177 2433 attestante
1200 2387 1282 2450 qui
1305 2387 1394 2433 ait⁷
1420 2404 1430 2432 ς
1464 2406 1486 2430 α
1515 2389 1619 2433 Non
1646 2386 1780 2432 enim⁴
1797 2402 1884 2433 vos
1906 2387 2019 2433 estis
2041 2386 2124 2449 qui
2148 2385 2416 2448 loquimini,

289 2460 370 2506 sed
389 2462 588 2526 Spiritus
615 2465 758 2528 patris
777 2466 919 2511 vestri
942 2466 1025 2528 qui
1046 2465 1259 2529 loquitur
1280 2466 1330 2511 in
1354 2465 1510 2512 vobis.
1538 2484 1560 2508 »ι
1588 2466 1909 2529 Hieronymus
1933 2466 2076 2512 etiam
2098 2481 2240 2528 super
2262 2463 2422 2509 Eccle-

290 2540 479 2586 siascem
504 2558 561 2589 eo
584 2541 693 2589 loco
717 2560 814 2607 quo
841 2543 1033 2591 dicitur⁸
1056 2563 1066 2591 z
1097 2564 1120 2589 α
1151 2544 1268 2602 Quis
1291 2545 1378 2591 scit
1401 2544 1593 2609 spiritus
1617 2544 1826 2591 filiorum
1859 2544 2115 2591 hominum
2139 2544 2178 2590 si
2198 2542 2421 2592 ascendat

294 2631 490 2677 sursum,
519 2630 565 2667 et
586 2622 777 2685 spiritus
800 2624 985 2687 pecoris
1008 2623 1266 2671 descendat
1287 2623 1510 2670 deorsum
1538 2624 1588 2670 in
1613 2625 1764 2671 terra?
1788 2644 1811 2667 »
1834 2623 1950 2670 illud
1965 2623 2099 2688 quod
2114 2623 2297 2670 dictum
2314 2632 2417 2678 est:

300 2714 320 2735 α
344 2697 706 2747 Generationem
735 2701 836 2764 ejus
857 2703 964 2765 quis
993 2702 1268 2750 enarrabit?
1299 2722 1322 2747 υ
1349 2702 1411 2749 ad
1440 2704 1713 2768 exemplum
1743 2702 1949 2750 difficilis
1985 2719 2083 2749 non
2115 2700 2423 2767 impossibilis

294 2773 435 2820 trahit
458 2775 618 2824 dicens
642 2797 652 2825 ε
681 2799 703 2822 «
722 2779 1001 2844 Adjiciendo
1029 2801 1051 2824 κ
1076 2782 1182 2845 quis
1201 2800 1224 2826 »
1248 2780 1574 2829 difficultatem
1596 2783 1664 2829 rei
1683 2782 1834 2829 voluit
1854 2782 2203 2829 demonstrare.
2232 2783 2423 2827 Prono-

300 2866 405 2898 men
431 2854 599 2900 enim«
625 2858 765 2919 quis»
786 2860 834 2904 in
859 2860 1100 2924 scripturis
1123 2860 1313 2921 sanctis,
1338 2877 1436 2907 non
1465 2877 1551 2926 pro
1574 2860 1875 2926 impossibili,
1892 2861 1976 2909 sed
1996 2877 2086 2926 pro
2112 2859 2424 2907 difficilisem-

301 2945 382 2992 per
404 2932 653 2996 accipitur,
679 2945 731 2982 ut
751 2936 815 2982 ibi
850 2955 859 2982 ε
893 2959 914 2980 «
940 2939 1311 2988 Generationem
1330 2940 1431 3004 ejus
1455 2940 1560 3005 quis
1583 2939 1858 2988 enarrabit?
1883 2941 1934 2987 id
1958 2950 2027 2988 est
2051 2940 2255 2997 Christi,
2281 2948 2370 2984 etc.
2397 2956 2419 2978 n

343 3151 563 3194 'Etymol09.,
592 3155 648 3188 ub.
682 3155 756 3196 vlt,
788 3167 857 3198 cap.
885 3169 905 3191 ι.
942 3160 1041 3201 ορρ.,
1067 3166 1091 3193 t.
1112 3161 1167 3202 111,
1194 3171 1216 3203 p
1246 3164 1317 3196 294.
1393 3165 1402 3182 ⁴
1425 3162 1539 3194 Psalm—
1574 3171 1667 3201 LXXl,
1699 3172 1728 3195 v·
1757 3164 1786 3195 5·
1810 3161 2005 3193 -⁵PS³¹¹¹¹·
2037 3168 2103 3200 ΕΙΣ,
2132 3168 2160 3191 V·
2191 3161 2221 3192 3·
2242 3157 2423 3192 ‘⁶Iffll0

302 3218 319 3233 ιι
339 3204 423 3236 Deus
437 3214 534 3244 graece
560 3209 640 3246 Θεὸς
655 3210 784 3250 dicitur,
811 3214 902 3252 quasi
933 3214 1023 3254 δέος,
1054 3216 1086 3247 id
1110 3221 1158 3247 est
1175 3217 1282 3248 timor.
1302 3228 1319 3244 n
1394 3226 1466 3257 cap.
1494 3226 1561 3255 uu,
1580 3227 1610 3250 v.
1628 3219 1659 3249 8.
1679 3234 1715 3239 --
1733 3219 1741 3236 ⁷
1759 3215 1887 3251 Mattl¹-‚
1915 3224 1982 3253 cat)-
2019 3223 2050 3251 X·
2081 3223 2107 3245 V·
2141 3215 2192 3246 20·
2218 3229 2254 3235 “·
2279 3214 2290 3231 ⁸
2305 3209 2424 3249 E⁶⁶l⁸32

302 3274 338 3279 -
356 3258 367 3276 ²
385 3256 498 3296 Eccli„
530 3268 598 3301 cap.
626 3271 647 3300 1,
670 3271 716 3293 v.-
734 3264 764 3296 1.
783 3282 819 3286 —
835 3266 846 3284 ³
864 3264 976 3299 Psalm.
1010 3276 1042 3306 n,
1075 3277 1102 3297 v.
1136 3270 1151 3298 7
1171 3273 1202 3299 et
1227 3271 1257 3301 8.
1282 3287 1321 3292 —
1395 3269 1450 3309 111,
1469 3272 1518 3302 21.
