2638 3866
267 175 362 223 ‘252
1080 178 1250 225 PETRI
1288 178 1605 228 ABAELARDI

267 278 444 324 scilicet
473 278 616 336 servi,
646 277 695 325 id
719 288 806 338 est,
833 278 973 326 bonae
994 279 1253 328 voluntatis
1281 297 1366 328 seu
1387 281 1739 347 praeceptionis,
1781 281 1859 327 cui
1891 288 1962 327 est
1994 278 2322 327 obediendum
2347 281 2410 328 ad
2448 318 2468 335 .

261 357 511 420 justitiam,
536 357 585 404 id
607 367 692 417 est,
720 358 782 406 ad
807 359 1018 425 aliquam
1030 360 1208 425 justam
1232 362 1582 426 operationem.
1626 382 1649 406 «
1680 360 1865 408 Gratias
1895 369 2076 408 autem.
2110 378 2134 404 »
2170 359 2279 407 Dixi
2311 360 2410 408 sive

265 438 448 503 peccati
471 439 568 485 sive
592 438 901 502 obeditionis,
926 442 1062 507 quasi
1084 440 1356 489 dubitarem
1382 441 1518 506 cujus
1542 442 1665 489 servi
1689 441 1806 503 sitis,
1828 440 1913 488 sed
1936 441 2125 505 gratias,
2148 439 2198 487 id
2221 450 2291 489 est
2310 457 2412 505 gra-

263 528 333 582 tes
353 521 472 579 Deo,
494 518 703 566 subaudi
726 520 900 583 refero,
924 521 1057 587 quod
1080 539 1193 569 cum
1221 522 1422 569 fuissetis
1445 522 1578 588 prius
1602 523 1725 571 servi
1753 522 1953 588 peccati,
1992 538 2125 569 nunc
2156 521 2267 569 estis
2301 522 2409 570 facti

262 599 386 645 servi
410 598 715 647 obeditionis.
745 603 803 648 Et
829 601 925 649 hoc
945 612 1031 664 est,
1061 601 1330 650 «obedistis
1353 612 1514 650 autem
1537 619 1595 650 ex
1617 602 1783 662 corde,
1813 623 1834 647 >›
1863 602 1912 650 id
1936 612 2023 660 est,
2051 618 2216 650 amore
2248 603 2408 668 potius

263 694 409 742 quam
432 679 622 741 timore,
648 680 699 726 in
720 697 827 729 eam
849 682 1071 744 formam,
1099 682 1148 730 id
1173 692 1260 741 est,
1285 682 1554 730 secundum
1578 682 1715 731 illum
1735 683 1933 731 modum
1957 683 2206 745 doctrinae,
2233 684 2283 731 in
2312 701 2408 750 qua

257 774 288 806 a
311 758 703 823 praedicatoribus
731 762 841 809 estis
865 762 1058 824 eruditi,
1098 773 1146 810 et
1179 763 1246 810 sic
1279 762 1468 811 liberati
1501 779 1530 810 a
1558 765 1781 812 servitute
1827 765 2029 830 peccati,
2069 765 2148 811 cui
2186 763 2408 813 videlicet

259 839 392 904 prius
417 839 731 889 obediebatis.
762 862 784 885 <c
805 843 940 890 Servi
964 842 1073 890 facti
1095 844 1206 890 estis
1220 844 1430 907 justitiae,
1457 863 1479 889 υ
1506 843 1557 891 ἰ(1
1577 854 1662 902 est,
1684 845 1822 909 justae
1851 844 1925 894 vel
1957 855 2095 893 rectae
2124 844 2402 907 voluntatis,

257 935 343 966 seu
365 918 536 967 divinae
559 922 908 987 praeceptionis,
942 940 1048 988 quae
1073 940 1173 971 non
1198 922 1355 971 solum
1379 925 1524 989 justa,
1561 941 1732 972 verum
1761 926 1903 973 etiam
1936 925 2037 991 ipsa
2067 935 2137 973 est
2167 926 2407 992 appellata

254 999 451 1062 justitia.
477 1003 792 1050 «Humanum
817 1002 944 1051 dico.
967 1025 990 1048 »
1020 1007 1083 1051 Ac
1103 1005 1141 1051 si
1165 1003 1360 1065 diceret,
1390 1016 1436 1053 et
1452 1004 1565 1070 quia
1589 1022 1720 1054 nunc
1744 1023 1770 1053 a
1788 1007 1906 1072 jugo
1929 1008 2112 1072 peccati
2135 1006 2324 1055 liberati
2343 1007 2405 1056 ad

259 1078 583 1129 obedientiam
599 1082 789 1146 justitiae
812 1084 923 1131 estis
946 1083 1166 1133 traducti.
