2638 3866
822 222 1219 272 INTRODUCTIO
1256 225 1339 274 AD
1373 225 1781 278 THEOLOGIAM.
2317 236 2381 283 99

228 323 512 372 naturaliter
534 326 759 386 existunt,
785 333 838 372 ut
860 323 1134 373 nullatenus
1146 341 1298 390 genus
1321 327 1424 375 sine
1445 327 1556 390 illis,
1583 329 1705 377 sicut
1726 347 1816 379 nec
1834 331 1948 397 ipsae
1970 332 2073 382 sine
2085 349 2260 399 genere
2280 351 2382 384 esse

227 406 491 472 potuerint,
513 406 636 454 sicut
660 407 901 471 quantitas
920 415 969 454 et
991 407 1168 469 unitas,
1204 408 1280 455 vel
1302 425 1534 458 numerus
1563 420 1610 457 et
1641 410 1873 460 binarius.
1918 413 1996 462 Sic
2034 424 2082 462 et
2112 413 2277 464 divina
2311 434 2382 464 sa·

228 488 424 552 pientia,
447 487 572 549 licet,
600 497 654 535 ut
677 487 860 535 dictum
887 497 976 548 est,
1003 504 1061 536 ex
1083 487 1247 536 divina
1270 492 1487 556 potentia
1514 508 1661 540 omne
1683 491 2023 559 habeat,quod
2048 505 2119 544 est
2131 495 2301 544 Filium
2326 515 2382 546 ex

231 571 369 617 Patre
388 570 535 634 gigni,
555 585 654 617 non
679 579 841 617 tamen
856 568 983 618 hanc
1007 568 1089 618 illa
1108 572 1420 636 praecesserit,
1447 589 1559 621 cum
1584 574 1860 623 nullatenus
1878 576 1982 624 sine
2007 578 2240 643 sapientia
2254 581 2383 627 Deus

229 664 332 695 esse
355 648 584 714 potuerit.
607 648 685 695 Sic
710 658 756 696 et
779 646 1152 696 innumerabilia
1171 665 1228 696 ex
1253 649 1357 698 aliis
1380 651 1510 716 gigni
1535 650 1611 700 vel
1642 668 1746 701 esse
1767 652 2011 715 videntur,
2049 671 2078 703 a
2105 655 2283 721 quibus
2313 666 2382 704 ta-

228 745 340 776 men
374 738 593 795 tempore
628 729 904 778 nullatenus
933 729 1290 796 praeceduntur,
1329 741 1382 779 ut
1413 749 1470 781 ex
1500 733 1605 781 sole
1627 732 1859 800 splendor
1898 744 1980 783 aut
2004 736 2154 796 calor,
2194 754 2299 802 quae
2322 738 2383 785 ad

230 809 593 859 similitudinem
619 811 860 860 Trinitatis
885 812 1109 860 nonnulli
1147 811 1317 860 afferre
1342 825 1728 876 consueverunt,
1753 824 1806 863 ut
1827 816 1888 863 sit
1911 815 2134 864 videlicet
2156 817 2300 865 Filius
2327 834 2383 865 ex

232 894 385 952 Patre,
411 892 533 940 sicut
571 892 804 959 splendor
835 909 892 940 ex
922 892 1040 954 sole,
1083 903 1132 941 et
1162 910 1326 942 rursus
1365 896 1569 961 Spiritus
1607 912 1664 944 ex
1692 897 1798 963 ipso
1816 934 1828 958 ‚
1867 897 1990 945 sicut
2025 914 2081 944 ex
2105 897 2206 946 sole
2231 899 2378 947 calor.

230 972 470 1037 Splendor
494 974 676 1040 quippe
698 974 760 1022 ad
789 975 1074 1040 sapientiam
1103 990 1210 1041 quae
1231 975 1418 1023 lumen¹
1441 986 1514 1025 est
1546 978 1735 1037 animae,
1761 987 1889 1026 recte
1911 977 2102 1026 videtur
2122 979 2379 1044 pertinere,

229 1063 275 1101 et
299 1053 360 1102 de
379 1055 480 1121 ipsa
497 1056 585 1103 Dei
602 1055 853 1122 sapientia,
871 1072 978 1120 quae
999 1056 1143 1104 Filius
1163 1056 1267 1121 ejus
1284 1057 1581 1123 intelligitur,
1605 1059 1838 1125 scriptum
1863 1069 1934 1107 est
1955 1058 2017 1107 ab
2032 1060 2379 1124 Evangelista²z

231 1156 253 1180 «
278 1138 391 1184 Erat
416 1136 497 1184 lux
518 1154 635 1186 vera
652 1155 759 1204 quae
779 1137 1018 1186 illuminat
1042 1155 1239 1187 omnem
1265 1138 1516 1188 hominem
1542 1140 1817 1189 venientem
1840 1142 1889 1188 in
1913 1140 2047 1189 bunc
2078 1141 2332 1189 mundum.
2358 1162 2381 1185 »

231 1219 288 1264 Et
321 1217 383 1265 ab
420 1218 529 1284 ipso
570 1218 753 1267 dictum
789 1229 860 1267 est
892 1220 1034 1268 Filio³
1062 1236 1073 1266 ε
1105 1240 1129 1265 «
1152 1223 1255 1285 Ego
1288 1238 1395 1268 sum
1424 1222 1506 1270 lux
1535 1222 1725 1270 mundi.
1757 1241 1780 1267 »
1805 1225 1863 1270 Et
1888 1222 2142 1288 Apostolus
2179 1223 2381 1287 inquit&

232 1318 255 1341 «
284 1299 524 1364 Splendor
544 1300 697 1366 gloria
724 1301 844 1366 ejus.
877 1322 900 1345 >³
931 1302 1136 1368 Spiritus
1171 1319 1289 1351 vero
1328 1313 1540 1362 sanctus,
1583 1304 1666 1369 qui
1711 1320 1852 1353 amor
1895 1303 1983 1351 Dei
2026 1303 2219 1361 dicitur,
2259 1314 2385 1351 recte

229 1395 313 1445 per
355 1380 569 1429 calorem
607 1381 807 1448 intelligi
829 1382 1039 1443 videtur,
1066 1400 1178 1431 cum
1207 1383 1255 1431 in
1282 1385 1512 1432 omnibus
1545 1385 1659 1450 ipsis
1694 1400 1834 1432 amor
1866 1401 1966 1449 quo
1990 1384 2147 1432 calere
2188 1395 2385 1450 pectora

227 1460 473 1521 dicuntur,
517 1462 792 1528 frequenter
836 1463 970 1513 calor
1005 1465 1104 1512 sive
1141 1465 1264 1529 ignis
1301 1465 1586 1531 appelletur.
1629 1468 1701 1514 De
1731 1482 1831 1531 quo
1871 1475 1918 1513 et
1957 1466 2059 1531 ipse
2082 1464 2226 1513 Filius
2261 1466 2379 1512 ait¹⁵:

231 1562 254 1587 α
272 1545 437 1607 Ignem
460 1545 572 1591 veni
596 1545 786 1593 mittere
821 1547 872 1593 in
911 1555 1108 1609 terram,
1149 1556 1197 1594 et
1237 1546 1353 1612 quid
1379 1546 1491 1594 volo
1516 1547 1608 1594 nisi
1640 1557 1694 1595 ut
1725 1546 1920 1595 ardeat?
1948 1565 1971 1591 »
1999 1548 2104 1594 Hoc
2125 1556 2196 1593 est
2219 1562 2384 1593 amore

227 1623 388 1688 potius
425 1641 573 1690 quam
617 1626 793 1675 timore
835 1627 986 1675 corda
1027 1637 1219 1676 terrena
1261 1622 1482 1693 implere.
1528 1631 1587 1675 Et
1624 1627 1872 1675 Psalmista
1914 1627 2161 1674 neminem
2203 1626 2386 1691 absque

227 1704 390 1768 aliquo
420 1705 592 1753 divinae
625 1707 786 1770 gratiae
809 1707 945 1755 dono
976 1709 1331 1774 conspiciens⁶z
1362 1727 1384 1753 t<
1410 1711 1517 1755 Non
1548 1718 1637 1770 est,
1672 1709 1853 1773 inquit,
1882 1708 1966 1772 qui
1997 1724 2048 1755 se
2072 1707 2338 1755 abscondat
2359 1725 2386 1755 a

226 1783 386 1833 calore
408 1787 526 1849 ejus.
555 1807 579 1832 »
606 1790 665 1836 Et
686 1787 815 1836 hanc
832 1788 1054 1853 profecto
1073 1788 1134 1836 de
1158 1789 1258 1837 sole
1281 1788 1646 1837 similitudinem
1669 1788 1801 1837 illam
1826 1805 1929 1837 esse
1951 1788 2190 1843 existimo,
2218 1805 2311 1853 qua
2338 1790 2384 1835 in

227 1866 402 1914 divinae
428 1867 668 1916 Trinitatis
700 1869 1024 1933 assignatione
1041 1869 1295 1918 Platonem
1321 1887 1461 1918 usum
1485 1887 1589 1918 esse
1611 1879 2018 1928 commemorant,
2046 1879 2098 1916 ut
2121 1870 2222 1934 jam
2242 1886 2386 1935 supra

227 1948 537 1996 meminimus
563 1949 771 1997 dudum.
807 1950 903 1998 Sed
929 1951 1042 2015 quia
1071 1968 1163 1998 nec
1192 1951 1464 1999 secundum
1496 1951 1836 2018 Philosophos,
1864 1951 2015 1999 idem⁷
2047 1960 2118 1998 est
2149 1951 2251 2016 ipsa
2274 1949 2387 1997 solis

225 2028 509 2091 substantia,
537 2030 672 2095 quod
695 2041 768 2078 est
790 2031 892 2095 ejus
924 2031 1156 2098 splendor
1185 2042 1269 2080 aut
1293 2033 1444 2093 calor,
1475 2032 1601 2079 sicut
1623 2032 1794 2080 eadem
1818 2042 1888 2081 est
1911 2032 2115 2080 essentia
2148 2032 2299 2080 Patris
2342 2041 2387 2078 et

226 2109 330 2156 Filii
351 2125 363 2157 :
394 2127 485 2158 nec
513 2111 648 2159 calor
673 2112 817 2160 simul
848 2113 910 2160 de
930 2113 1030 2161 sole
1054 2123 1102 2161 et
1124 2112 1386 2179 splendore
1410 2123 1510 2173 est,
1538 2113 1660 2161 sicut
1691 2114 1895 2179 Spiritus
1929 2113 2072 2161 simul
2096 2129 2152 2159 ex
2179 2115 2316 2159 Patre
2340 2121 2386 2158 et

230 2190 365 2251 Filio,
383 2207 410 2238 a
429 2191 608 2255 quibus
635 2193 737 2259 ipse
759 2194 998 2259 procedit,
1026 2195 1276 2259 magisque
1300 2194 1362 2242 de
1385 2193 1654 2242 substantia
1674 2195 1776 2259 ejus
1799 2194 1932 2243 calor
1955 2211 2058 2242 esse
2083 2193 2274 2241 videtur
2303 2193 2386 2256 qui

230 2271 552 2321 substantialis
577 2284 647 2321 est
665 2275 806 2339 ignis,
833 2292 889 2323 ac
915 2292 1001 2341 per
1022 2275 1119 2323 hoc
1144 2276 1246 2341 ipse
1284 2277 1435 2340 magis
1475 2276 1539 2324 ad
1563 2275 1735 2323 Filium
1764 2277 1848 2341 qui
1880 2275 1942 2323 de
1983 2275 2086 2340 ipsa
2120 2272 2386 2321 substantia

228 2353 375 2400 Patris
416 2364 486 2401 est
520 2371 668 2418 quam
694 2356 757 2404 ad
802 2358 1035 2422 Spiritum
1070 2358 1344 2423 pertinere;
1376 2358 1540 2405 minus
1583 2358 1780 2405 fortasse
1816 2372 1962 2422 quam
2007 2356 2250 2412 volumus,
2287 2353 2387 2400 haec

226 2433 423 2481 inducta
447 2434 509 2482 de
539 2436 640 2483 sole
674 2437 939 2485 similitudo
966 2437 1030 2486 ad
1058 2438 1295 2503 propositi
1327 2439 1483 2485 nostri
1518 2437 1984 2486 demonstrationem
2024 2434 2212 2483 sufficit.
2242 2433 2387 2491 Quod

225 2522 271 2560 et
313 2514 512 2578 quidam
545 2527 769 2564 nostrum
810 2517 1140 2578 attendentes,
1184 2535 1297 2566 cum
1338 2520 1486 2567 trium
1527 2535 1843 2585 personarum
1879 2516 2100 2565 eamdem
2134 2513 2387 2562 essentiam

227 2595 467 2659 assignare
489 2608 803 2658 conarentur,
833 2609 881 2646 et
918 2601 1042 2647 sicut
1069 2600 1243 2647 Filium
1277 2617 1333 2648 ex
1371 2603 1511 2648 Patre
1546 2617 1666 2659 esse,
1698 2600 1764 2646 sic
1796 2598 2026 2664 Spiritum
2058 2595 2120 2643 ab
2153 2595 2382 2658 utrisque,

226 2674 286 2721 de
333 2674 484 2736 fonte,
525 2688 573 2725 et
605 2679 712 2726 rivo
735 2716 747 2739 ,
795 2689 843 2726 et
887 2687 1055 2744 stagno
1103 2680 1466 2728 familiariorem
1504 2681 1730 2728 videntur
1779 2678 2071 2742 excogitasse
2114 2672 2387 2722 similitudi-

226 2771 358 2803 nem.
388 2758 569 2805 Eadem
611 2760 793 2826 quippe
836 2776 963 2824 aqua
988 2761 1134 2807 fontis
1169 2770 1216 2807 et
1257 2762 1386 2807 rivus
1415 2761 1574 2825 primo
1601 2759 1680 2820 fit,
1710 2769 1757 2807 et
1791 2756 2108 2823 postmodum
2141 2764 2383 2818 stagnum,

225 2844 272 2881 et
310 2836 429 2883 sicut
463 2839 593 2886 rivus
641 2856 698 2886 ex
745 2840 879 2888 fonte
900 2876 932 2899 ,.
959 2842 1029 2888 sic
1064 2850 1288 2904 stagnum
1322 2841 1521 2888 ex-rivo
1553 2839 1696 2887 simul
1730 2848 1779 2886 et
1816 2838 1947 2885 sonte
1980 2835 2226 2884 contrahit
2260 2850 2379 2882 esse.

226 2918 416 2963 Patrem
452 2918 617 2983 itaque
656 2919 796 2980 fonti,
829 2921 1001 2968 Filium
1032 2922 1156 2981 rivo,
1183 2912 1416 2986 Spiritum
1448 2930 1669 2968 sanctum
1704 2927 1991 2983 comparant
2025 2927 2215 2980 stagno.
2243 2913 2385 2973 Quod

226 2997 289 3043 ad
318 2997 703 3047 incarnationem
726 2999 874 3047 Verbi
896 3000 1347 3057 demonstrandam,
1376 3001 1445 3048 sic
1470 2999 1728 3048 attendunt
1760 3000 1918 3047 rivum
1951 2999 2001 3045 in
2030 2996 2214 3058 fistula,
2249 2994 2386 3059 quasi

226 3076 396 3126 Filium
426 3080 475 3126 in
502 3096 646 3128 carne
684 3081 917 3140 humana,
950 3097 1008 3129 ac
1048 3082 1088 3128 si
1114 3082 1273 3129 rivum
1307 3083 1357 3129 in
1394 3081 1580 3143 fistula,
1612 3098 1724 3129 cum
1750 3080 1971 3128 dicamus
1988 3077 2205 3126 Verbum
2234 3077 2387 3123 incar-

269 3234 345 3267 ¹Sic
363 3235 444 3270 Cod.
463 3237 543 3270 Vict.
563 3240 689 3272 Tamen
706 3249 764 3280 pro
782 3239 897 3273 lumen
914 3241 996 3272 male
1013 3240 1090 3280 legit
1114 3240 1207 3272 Amb.
1228 3257 1267 3263 —
1343 3247 1437 3279 xvur,
1466 3249 1495 3271 v.
1528 3242 1557 3272 7.
1579 3256 1617 3262 —
1643 3241 1652 3259 ⁷
1670 3237 1724 3271 Sic
1745 3204 1824 3270 C0·d.
1846 3236 1928 3269 Υἱοὶ.
1955 3233 1995 3267 Id
2021 3242 2082 3275 pro
2099 3233 2189 3265 idem
2210 3231 2290 3263 male
2306 3231 2382 3269 legit

224 3287 355 3330 ’Joan.‚
386 3299 458 3332 cap.
488 3300 512 3331 1,
542 3301 572 3325 v.
603 3295 723 3326 9.-³
744 3292 853 3332 Joan.‚
885 3303 957 3335 cap.
989 3302 1058 3331 vm,
1090 3303 1122 3326 v.
1151 3295 1203 3327 12.
1227 3310 1266 3317 -
1342 3293 1439 3326 Δηὼ.

226 3341 443 3385 ⁴Hebr.,cap.
459 3353 482 3384 ι,
498 3354 527 3377 v.
544 3348 574 3378 3.
588 3364 626 3370 —
641 3348 652 3367 ⁵
668 3346 758 3386 Luc.,
769 3357 841 3390 cap.
854 3357 913 3387 xu,
932 3357 961 3381 v.
979 3350 1032 3383 49.
1047 3366 1085 3372 --
1097 3347 1264 3385 ιιΡειιῑνη..
