2638 3866
276 147 371 192 704
1080 153 1248 200 PETRI
1284 155 1599 203 ABAELARDI

275 249 376 310 ejus
407 250 682 296 ascensione
714 251 1031 314 praemittitur,
1072 254 1290 317 quamvis
1328 255 1376 302 in
1411 273 1462 303 re
1494 257 1560 304 ita
1595 260 1908 323 corporaliter
1930 263 1989 309 sit
2014 263 2208 326 sactum,
2236 283 2416 330 quem-

275 328 387 376 dam
426 339 584 376 tamen
621 330 723 392 ejus
763 347 1016 378 ascensum
1050 332 1097 379 in
1132 333 1374 382 mentibus
1408 336 1623 385 fidelium
1656 340 1905 389 meliorem
1937 342 2168 408 designat.
2207 349 2276 393 De
2310 364 2411 412 quo

276 408 495 455 videlicet
538 425 733 456 ascensu
775 411 877 475 ipse
921 411 984 459 ad
1027 414 1225 461 Mariam
1251 414 1351 478 jam
1395 426 1533 463 antea
1576 418 1784 467 dixerat¹
1824 441 1835 468 :
1879 441 1902 466 «
1943 423 2050 470 Noli
2085 441 2162 472 me
2194 435 2407 489 tangere,

275 488 491 534 nondum
530 490 657 535 enim
697 491 889 537 ascendi
922 491 984 539 ad
1018 495 1204 540 Patrem
1242 511 1467 542 meum.»
1507 499 1640 546 Tunc
1674 500 1804 547 enim
1845 511 2076 567 tanquam
2110 504 2158 551 in
2191 505 2323 552 nube
2351 507 2414 554 ab

273 568 422 614 oculis
450 568 703 616 hominum
734 571 1000 619 sustollitur
1029 573 1245 621 Christus
1268 575 1328 622 ad
1358 577 1552 639 coelum,
1585 589 1635 627 ut
1660 579 1721 626 ad
1742 580 1988 629 dexteram
2015 584 2162 631 Patris
2187 585 2407 647 resideat,

271 648 467 711 quando
500 649 839 713 praedicatione
864 663 1141 700 sanctorum
1174 654 1236 701 ab
1270 666 1464 721 aspectu
1494 657 1744 707 laboriosae
1769 662 1873 708 vitae
1905 661 2203 726 subtractuS,
2238 666 2410 730 praedi-

271 738 406 774 catur
438 729 504 776 ita
532 730 580 776 in
616 730 766 794 gloria
797 731 1102 795 sublimatus,
1141 744 1192 782 ut
1224 736 1347 782 Patri
1378 739 1712 803 corregnando
1732 742 1910 805 pariter
1943 743 2174 791 universis
2204 745 2409 810 imperet

268 818 313 854 et
355 818 585 874 tanquam
612 813 865 876 coaequalis
896 813 1188 876 substantia,
1227 815 1303 863 vel
1339 817 1482 865 Filius
1503 835 1637 883 aeque
1674 819 1951 869 dominetur
1977 823 2221 871 omnibus.
2262 826 2407 883 Quod

267 906 380 936 vero
405 890 466 938 de
492 891 749 956 splendore
774 894 899 941 lunae
921 896 995 942 vel
1025 895 1137 942 solis
1163 896 1525 962 multiplicando
1549 899 1813 963 subjecisti,
1844 911 2074 968 tanquam
2095 905 2410 970 corporaliter

268 969 368 1016 fieri
407 970 469 1018 ad
507 972 715 1020 suturam
750 973 1115 1036 beatitudinem,
1156 975 1291 1024 facile
1323 988 1391 1024 est
1428 988 1525 1025 tam
1559 997 1615 1026 ex
1645 982 1926 1030 auctoritate
1956 983 2104 1048 ipsius
2128 985 2403 1051 prophetae,

265 1052 348 1114 qui
381 1051 499 1098 illud
528 1053 662 1112 dixit,
691 1070 837 1118 quam
860 1072 913 1102 ex
942 1056 1127 1103 ratione
1155 1058 1400 1105 manifesta
1427 1058 1591 1106 refelli.
1620 1061 1855 1109 Dominus
1880 1063 2060 1128 quippe
2089 1065 2406 1129 postmodum

264 1149 351 1195 per
393 1133 618 1180 eumdem
652 1135 855 1182 Jesaiam
894 1135 955 1183 ad
990 1137 1353 1184 Hierosolimam
1390 1138 1594 1202 loquens
1632 1150 1678 1186 et
1722 1141 1765 1188 ei
1801 1141 1968 1190 sutura?
2005 1143 2110 1190 vitae
2145 1143 2406 1192 claritatem

263 1215 548 1276 promittens
571 1215 662 1261 ait²
689 1234 699 1262 :
733 1219 877 1263 «Non
907 1217 996 1263 erit
1026 1217 1110 1264 tibi
1135 1219 1339 1283 amplius
1362 1217 1435 1265 sol
1465 1219 1524 1266 acl
1554 1219 1812 1268 lucendum
1844 1239 1929 1287 per
1955 1223 2101 1280 diem,
2133 1241 2223 1271 nec
2246 1225 2406 1290 splen-

263 1293 354 1341 dor
376 1295 500 1342 lunae
523 1295 814 1344 illuminabit
843 1306 906 1358 te,
940 1297 1024 1345 sed
1057 1299 1146 1345 erit
1175 1299 1410 1346 Dominus
1433 1300 1482 1346 in
1511 1300 1667 1348 lucem
1702 1303 2041 1368 sempiternam
2067 1314 2114 1352 et
2143 1308 2272 1352 Deus
2297 1316 2407 1353 tuus

262 1377 308 1422 in
347 1375 547 1440 gloriam
585 1387 735 1425 tuam.
778 1381 884 1425 Non
919 1379 1103 1426 occidet
1136 1378 1259 1426 ultra
1295 1380 1367 1427 sol
1399 1391 1510 1427 tuus
1544 1390 1587 1428 et
1622 1381 1736 1429 luna
1771 1393 1851 1430 tua
1870 1400 1979 1431 ¹non
2020 1385 2262 1432 minuetur
2298 1385 2399 1433 tibi.

260 1458 351 1505 Sed
389 1459 625 1505 Dominus
651 1459 738 1506 crit
764 1459 850 1506 tibi
881 1459 927 1505 in
961 1460 1114 1507 lucem
1145 1461 1487 1526 sempiternam
1511 1471 1557 1508 et
1586 1462 1958 1528 complebuntur
1986 1463 2089 1512 dies
2110 1464 2267 1512 luctus
2295 1467 2362 1513 tui
2387 1485 2397 1512 ε

261 1541 468 1604 populus
490 1550 650 1588 autem
685 1550 794 1588 tuus
817 1557 986 1588 omnes
1003 1542 1117 1605 justi
1149 1541 1489 1590 hereditabunt
1515 1553 1715 1605 terram,
1749 1554 1839 1592 etc.
1861 1565 1884 1590 »
1912 1548 2027 1604 Quae
2053 1557 2123 1593 est
2144 1547 2233 1594 ista
2255 1557 2399 1609 terra,

261 1620 322 1667 ab
351 1621 451 1681 his,
487 1622 570 1685 qui
601 1622 649 1668 in
676 1632 962 1688 perpetuum
989 1623 1102 1688 justi
1131 1623 1226 1670 sint
1258 1623 1589 1683 hereditanda,
1614 1636 1660 1673 et
1681 1628 1931 1692 praesentia
1961 1627 2133 1675 divinae
2157 1628 2397 1688 claritatis,

260 1711 487 1765 tanquam
524 1702 647 1761 sole,
677 1703 756 1766 qui
785 1720 1035 1767 nunquam
1060 1704 1265 1763 occidat,
1300 1704 1632 1767 illuminanda,
1667 1707 1756 1754 nisi
1791 1706 1869 1755 illa
1901 1707 2067 1755 futurae
2095 1707 2403 1756 beatitudinis

257 1782 539 1828 aeternitas?
584 1785 702 1840 Quae
740 1782 956 1847 profecto
994 1783 1180 1830 claritas
1217 1800 1328 1830 cum
1365 1794 1497 1832 tanta
1537 1787 1623 1846 sit,
1670 1796 1720 1833 ut
1761 1787 1895 1834 nullo
1930 1787 1991 1835 ad
2027 1787 2400 1836 illuminandum

258 1873 391 1926 egeat
421 1863 726 1926 adjumento,
756 1874 881 1912 recte
906 1865 978 1912 sol
1006 1864 1093 1911 iste
1122 1864 1327 1929 amplius
1360 1865 1663 1913 illuminandi
1697 1867 1912 1915 officium
1952 1869 2170 1916 amittere
2202 1869 2394 1930 dicitur,

256 1936 526 2007 postquam'
549 1943 769 1991 videlicet
804 1961 904 1991 non
933 1945 1032 2008 jam
1057 1944 1311 2005 animales,
1352 1945 1434 1992 sed
1470 1946 1703 2010 spiritales
1736 1947 1892 1994 effecti
1926 1947 2043 1995 illud
2077 1949 2395 2014 experiemur,

255 2024 387 2087 quod
405 2025 703 2089 praemissum
727 2034 798 2071 est
825 2044 845 2069 α
871 2027 1091 2072 Mensura
1113 2024 1343 2084 hominis,
1363 2042 1470 2090 quae
1494 2035 1540 2073 et
1564 2027 1760 2089 angeli’.
1795 2049 1818 2071 »
1847 2029 1964 2086 Quis
1981 2029 2189 2093 denique
2213 2030 2398 2092 ignoret

258 2106 445 2152 minora
491 2105 747 2152 luminaria
797 2105 1036 2169 majorum
1076 2106 1290 2171 apposita
1336 2105 1442 2153 luce
1481 2106 1639 2153 statim
1680 2106 2015 2169 obtenebrari,
2064 2118 2144 2155 aut
2183 2110 2397 2172 vigorem

254 2186 455 2249 perdere
486 2185 790 2232 illuminandi
811 2185 830 2232 ?
851 2187 998 2243 Quod
1031 2186 1173 2250 igitur
1205 2185 1420 2234 officium
1451 2186 1752 2234 illuminandi
1784 2188 1863 2235 lux
1889 2188 1955 2235 ibi
1987 2205 2219 2255 corporea
2249 2191 2398 2254 possit

253 2266 455 2324 habere,
483 2267 567 2313 ubi
602 2266 773 2313 divinae
805 2266 1031 2314 claritatis
1062 2267 1313 2332 praesentia
1344 2267 1410 2314 sic
1442 2267 1729 2315 illuminabit
1759 2268 2043 2316 abscondita
2069 2269 2392 2328 tenebrarum,

255 2356 303 2392 ut
327 2347 430 2411 ipsa
453 2347 596 2393 etiam
619 2347 887 2393 manifestet
911 2346 1109 2394 consilia
1133 2347 1368 2394 cordium.
1401 2368 1422 2390 κ
1444 2347 1673 2395 Videmus
1696 2365 1843 2410 nunc,
1870 2368 1892 2393 »
1921 2349 2073 2413 inquit
2098 2349 2391 2414 Apostolus⁴‚

255 2445 380 2493 «per
402 2428 650 2492 speculum
669 2428 781 2474 etin
805 2428 1070 2491 aenigmate,
1104 2438 1218 2475 ωηο
1254 2437 1414 2474 autem
1449 2428 1565 2474 facie
1601 2427 1662 2474 ad
1687 2427 1873 2475 faciem.
1894 2431 2031 2476 Nunc
2066 2446 2307 2493 cognosco
2337 2446 2392 2475 ex

250 2519 383 2573 parte
402 2546 413 2568 ,
438 2518 553 2555 tunc
574 2518 732 2555 autem
754 2524 1060 2572 cognoscam,
1094 2508 1213 2554 sicut
1232 2508 1451 2571 cognitus
1476 2525 1599 2554 sum.
1624 2526 1647 2550 »
1674 2510 1806 2555 Tunc
1829 2509 2007 2574 quippe
2031 2509 2259 2574 perfecte,
2280 2518 2395 2555 ωηο

251 2590 494 2637 verissime
520 2597 691 2636 cuncta
716 2598 1070 2651 cognoscentur
1097 2604 1125 2635 a
1147 2586 1305 2648 nobis,
1334 2587 1455 2634 sicut
1475 2597 1522 2634 et
1539 2587 1602 2635 ab
1623 2588 1802 2651 angelis
1823 2604 1910 2653 per
1923 2589 2090 2635 oculos
2115 2588 2290 2647 cordis,
2310 2587 2392 2634 ubi

251 2669 471 2715 omnium
502 2685 755 2728 sensuum,
782 2668 1002 2715 omnium
1027 2667 1496 2714 administrationum
1523 2666 1778 2715 cessabunt
1804 2667 1985 2730 officia,
2017 2684 2126 2715 cuni
2151 2669 2239 2715 erit
2264 2671 2395 2715 Deus

251 2750 412 2796 onmia
443 2750 492 2796 in
524 2748 766 2795 omnibus.
798 2749 908 2811 Ejus
937 2748 1116 2813 quippe
1139 2748 1259 2795 visio
1290 2748 1358 2795 sic
1386 2747 1613 2794 omnibus
1638 2748 1813 2795 nostris
1836 2765 1922 2813 per
1952 2749 2115 2795 omnia
2144 2748 2393 2796 satisfaciet

249 2828 525 2890 desideriis,
569 2840 620 2875 ut
656 2829 758 2893 ipsa
792 2846 879 2893 pet·
915 2845 964 2875 se
1002 2829 1164 2875 omnia
1202 2827 1344 2875 nobis
1381 2827 1622 2887 conferat,
1662 2845 1767 2892 quae
1801 2844 1924 2876 verae
1957 2828 2243 2876 beatitudini
2281 2840 2391 2876 sunt

251 2911 530 2957 necessaria.
560 2913 665 2974 lpsa
688 2910 768 2956 illa
799 2910 970 2956 divinae
1004 2909 1260 2973 majestatis
1283 2909 1402 2955 visio
1426 2908 1566 2955 nobis
1599 2909 1689 2956 erit
1720 2909 1802 2956 lux
1825 2907 2126 2970 indeficiens,
2166 2910 2391 2956 sanctitas

250 3005 459 3050 summa,
490 2990 623 3053 quies
656 3000 913 3054 perpetua,
942 3006 1033 3054 pax
1072 3006 1268 3037 omnem
1303 3006 1499 3036 sensum
1531 3005 1846 3054 exsuperans,
1881 3005 2028 3036 omne
2054 2988 2263 3053 denique
2292 2987 2392 3034 bo-

249 3085 391 3126 num,
422 3070 579 3115 omnis
602 3070 776 3130 virtus,
805 3086 950 3116 omne
978 3069 1221 3133 gaudium.
1250 3071 1371 3116 Cum
1395 3070 1556 3134 itaque
1585 3072 1713 3116 Deus
1744 3070 1832 3116 erit
1860 3069 2024 3117 omnia
2052 3070 2101 3116 in
2129 3067 2382 3128 omnibus,

297 3255 415 3293 donn„
432 3264 503 3295 cap.
519 3263 580 3296 xx,
601 3265 632 3286 v.
653 3257 762 3288 17.-ἒ
780 3256 868 3296 isat,
888 3266 958 3296 cap.
981 3265 1032 3295 Lx,
1052 3266 1082 3288 v.
1103 3259 1151 3295 19,
1168 3259 1482 3300 20,21.-3Αροε,,
1499 3266 1573 3298 cap.
1598 3265 1666 3297 xxi,
1685 3266 1716 3289 w
1741 3255 2032 3296 17.——⁴Corimh.,
2053 3254 2078 3295 1,
2093 3263 2163 3294 cap.
2184 3262 2259 3294 χιιι,
2279 3263 2308 3286 v.
2330 3256 2366 3288 12
