2638 3866
794 249 852 298 ΙΝ
888 249 1220 297 EPISTOLAM
1254 251 1335 298 AD
1370 251 1680 301 ROMANOS.
2222 259 2317 304 257

166 351 416 402 derabant.
456 354 515 398 Et
548 367 761 416 quorum
794 349 993 416 quidem
1029 350 1191 414 laude,
1241 353 1566 418 promissione
1609 362 1657 401 et
1693 370 1778 420 spe
1810 354 2016 421 amplius
2051 355 2102 404 in
2148 372 2319 405 eorum

163 433 456 482 desiderium
493 430 901 492 accendebantur,
940 448 1088 496 quam
1123 432 1163 480 si
1188 448 1246 481 ea
1277 434 1477 482 minime
1506 444 1771 500 sperarent,
1803 435 1878 483 vel
1902 446 2034 484 tanta
2064 453 2166 485 esse
2197 437 2322 486 didi-

165 516 357 564 cissent.
385 517 422 562 A
445 514 622 580 quibus
651 514 783 562 enim
812 513 922 561 ideo
947 513 1285 580 desperamUS,
1312 532 1414 564 non
1440 516 1649 564 multum
1672 526 1755 564 aut
1779 516 1863 564 diu
1886 534 2058 566 eorum
2081 518 2321 567 desiderio

164 606 403 645 tenemur.
432 617 455 641 «
477 595 814 663 Operabantur
837 595 886 642 in
924 594 1154 643 membris
1188 597 1385 659 nostris,
1423 606 1477 644 ut
1509 595 1852 645 fructificarent
1887 600 2048 660 morti,
2069 620 2092 644 ³)
2119 599 2215 648 hoc
2252 611 2323 649 est

166 680 493 729 damnationis
527 679 783 728 mortalem
805 678 946 726 nobis
969 678 1286 744 acquirebant
1311 680 1512 729 exitum.
1539 682 1948 747 Concupiscentiae
1973 693 2238 748 operantur
2271 685 2322 731 in

166 762 414 826 membris,
447 761 646 828 quando
676 771 967 827 conceptum
998 771 1160 809 mente
1198 760 1493 810 desiderium
1524 780 1611 828 per
1638 762 1837 828 aliquod
1872 763 2148 812 membrum
2177 781 2324 830 opere

166 842 441 908 implemus,
475 852 531 890 ut
559 859 646 910 per
680 842 901 908 genitalia
936 841 1208 904 libidinem,
1244 859 1334 908 per
1368 859 1542 891 manus
1578 843 1760 891 furtum
1793 854 1874 892 aut
1904 846 2144 910 rapinam.
2188 849 2325 893 Nunc

165 933 330 972 autem
363 923 573 972 absoluti
608 940 774 973 sumus
808 922 870 971 ab
908 923 1187 972 obedientia
1224 924 1304 972 illa
1343 925 1489 989 legis,
1530 942 1637 991 quae
1674 941 1764 992 pro
1804 926 2229 987 remuneratione,
2274 936 2327 974 ut

169 1003 355 1054 dictum
391 1015 487 1066 est,
526 1005 867 1072 temporalium
894 1005 1284 1072 impendebatur.
1318 1009 1429 1054 «Ita
1464 1015 1516 1053 ut
1545 1007 1647 1070 jam
1674 1007 1939 1055 serviamus
1968 1011 2092 1068 Deo,
2114 1027 2138 1051 »
2165 1017 2326 1055 mente

166 1087 329 1152 potius
351 1103 499 1153 quam
523 1103 688 1153 opere,
716 1087 1023 1154 spiritualiter
1048 1088 1151 1136 illas
1177 1087 1293 1153 legis
1325 1087 1502 1152 figuras
1533 1089 1684 1153 magis
1717 1105 1866 1154 quam
1900 1089 2217 1155 corporaliter
2245 1087 2329 1137 ad-

168 1167 442 1234 implentes,
471 1169 593 1217 sicut
618 1168 731 1218 alibi
754 1168 930 1217 dicitur
957 1187 968 1216 :
999 1189 1022 1216 «
1051 1169 1228 1218 Littera
1251 1169 1382 1217 enim
1413 1169 1609 1230 occidit,
1638 1170 1831 1236 spiritus
1856 1181 2021 1219 autem
2043 1170 2270 1219 vivificat.
2301 1189 2324 1215 »

173 1267 197 1294 «
213 1251 268 1296 In
291 1251 504 1299 novitate
530 1251 739 1316 spiritus,
755 1269 778 1296 »
804 1250 852 1298 id
875 1260 948 1299 est
969 1251 1021 1298 in
1043 1250 1368 1317 spiritualibus
1392 1250 1642 1299 desideriis
1662 1261 1709 1298 et
1730 1251 2062 1316 intelligentia,
2089 1270 2194 1317 quae
2217 1261 2329 1300 ante

168 1347 271 1379 non
296 1317 450 1396 erant,
471 1343 519 1381 et
538 1350 640 1382 non
664 1335 714 1381 in
731 1342 968 1382 vetustate
989 1333 1173 1395 litterae,
1197 1334 1247 1382 id
1270 1343 1342 1382 est
1364 1334 1415 1381 in
1439 1334 1650 1400 antiquis
1673 1333 1903 1399 operibus
1925 1351 2031 1399 quae
2048 1334 2183 1399 juxta
2206 1334 2331 1381 litte-

167 1428 272 1460 ram
293 1423 484 1462 tantum
506 1414 704 1477 fiebant,
727 1416 850 1464 sicut
874 1425 976 1464 erat
999 1415 1202 1463 carnalis
1226 1415 1546 1477 circumcisio,
1570 1415 1844 1463 observatio
1862 1414 2077 1477 Sabbati,
2097 1414 2329 1463 sacrificia

170 1503 218 1542 et
238 1493 329 1543 alia
351 1496 625 1546 innumera.
742 1552 750 1558 ,

236 1578 429 1634 Quaeret
462 1577 674 1626 fortassis
700 1578 901 1643 aliquis,
939 1595 1027 1626 cur
1058 1578 1203 1626 etiam
1239 1578 1614 1644 promissionem
1644 1588 1832 1626 aeternae
1864 1579 1972 1626 vitae
2003 1578 2080 1624 lex
2114 1593 2218 1624 non
2248 1576 2335 1624 ha-

168 1655 345 1717 buerit,
372 1667 425 1705 ut
447 1675 550 1706 non
576 1643 735 1707 solum
766 1669 1089 1722 terrenorum,
1123 1676 1294 1707 verum
1325 1669 1373 1708 et
1399 1659 1664 1707 coelestium
1686 1659 1934 1707 donorum
1965 1657 2214 1706 desideriis
2236 1673 2335 1705 am·

168 1736 295 1803 plius
319 1738 382 1787 ad
408 1739 741 1788 obediendum
769 1740 980 1806 populus
1006 1740 1292 1789 alliceretur.
1323 1740 1419 1788 Sed
1445 1740 1557 1806 quia
1576 1741 1858 1807 imperfecta
1880 1738 2053 1787 habuit
2078 1748 2332 1804 praecepta,

170 1818 293 1868 sicut
317 1819 433 1868 alibi
462 1821 594 1869 idem
625 1821 883 1888 Apostolus
907 1833 1276 1884 commemorat,
1306 1822 1474 1871 dicens
1505 1822 1665 1887 quod¹
1693 1842 1715 1868 ι(
1736 1822 1812 1870 lex
1837 1821 1898 1869 ad
1923 1820 2192 1887 perfectum
2215 1819 2335 1867 nihil

170 1899 399 1962 adduxit3
420 1920 444 1948 »
471 1912 519 1951 et
540 1903 727 1952 Veritas
750 1919 838 1969 per
859 1904 1170 1970 semetipsam
1184 1906 1224 1951 ²:
1250 1902 1497 1951 «Audistis
1520 1903 1634 1968 quia
1657 1902 1842 1950 dictum
1862 1912 1933 1950 est
1956 1902 2181 1967 antiquis,
2206 1910 2329 1948 etc.»

172 1980 277 2026 et³2
309 1999 333 2026 «
359 1981 458 2029 Nisi
482 1981 802 2031 abundaverit
819 1982 1003 2047 justitia
1026 1991 1202 2045 vestra,
1232 1992 1347 2044 etc.,
1380 2002 1405 2029 η
1430 1999 1533 2030 11011
1558 1982 1720 2048 potuit
1743 1982 1845 2047 ejus
1872 1998 1974 2030 esse
2009 1979 2335 2028 remuneratio

170 2059 402 2124 perfecta,
440 2078 532 2110 nec
566 2064 768 2111 terrenis
791 2063 1039 2112 desideriis
1070 2063 1282 2112 coelestia
1313 2063 1681 2130 competebant,
1711 2080 1871 2129 neque
1903 2066 2008 2111 Deo
2034 2061 2204 2126 aliquis
2238 2071 2338 2107 tam

171 2157 262 2206 pro
292 2144 494 2191 terrenis
523 2160 671 2209 quam
702 2161 794 2211 pro
828 2145 1100 2194 coelestibus
1132 2146 1348 2194 serviens
1373 2155 1513 2211 aptus
1536 2162 1638 2193 esse
1670 2154 1846 2210 potest.
1877 2143 2015 2191 Unde
2038 2143 2224 2190 Veritas
2252 2157 2339 2207 per

172 2225 479 2290 semetipsam
501 2223 734 2274 admonet
756 2226 923 2274 dicens
938 2227 950 2251 '¹
972 2245 983 2274 τ
1015 2246 1038 2270 α
1057 2227 1246 2274 Nesciat
1266 2227 1458 2275 sinistra
1485 2237 1570 2275 tua
1600 2226 1719 2292 quid
1739 2226 1878 2274 faciat
1901 2225 2096 2273 dextera
2118 2234 2218 2285 tua,
2240 2242 2263 2266 2>
2289 2221 2340 2268 id

175 2312 246 2350 est
275 2321 338 2351 ne
366 2304 634 2354 admisceas
662 2306 714 2354 in
746 2306 910 2372 aliquo
945 2317 1033 2355 tuo
1067 2324 1214 2374 opere
1246 2318 1492 2357 terrenam
1527 2308 1847 2356 intentionem
1874 2307 2072 2368 coelesti,
2110 2314 2166 2352 ut
2198 2301 2341 2351 simul

173 2399 265 2447 pro
302 2386 590 2435 transitoriis
636 2396 685 2435 et
715 2387 903 2436 aeternis
937 2387 1083 2435 bonis
1130 2387 1332 2436 obedias
1366 2392 1489 2436 Deo.
1535 2388 1630 2436 Sed
1676 2388 1877 2436 fortasse
1913 2386 2034 2434 dum
2080 2384 2342 2451 propositae

175 2466 454 2529 quaestionis
481 2467 642 2516 nodos
670 2467 856 2517 solvere
884 2468 1127 2535 cupimus,
1162 2469 1371 2534 majores
1394 2487 1448 2517 ex
1477 2471 1583 2536 ipsa
1611 2469 1854 2517 solutione
1886 2468 2193 2515 incurrimus.
2220 2466 2341 2510 Cum

174 2546 305 2593 enim
328 2547 379 2594 in
402 2547 506 2612 lege
526 2548 588 2597 de
609 2548 868 2598 dilectione
890 2560 938 2598 et
958 2551 1049 2598 Dei
1072 2560 1119 2598 et
1140 2551 1350 2616 proximi
1369 2561 1667 2617 praeceptum
1694 2551 1769 2613 sit,
1797 2560 1845 2597 et
1862 2548 1964 2596 haec
1987 2548 2085 2595 duo
2105 2555 2344 2612 praecepta

174 2625 416 2675 sufficiant
436 2629 499 2677 ad
522 2630 673 2679 vitam
695 2649 706 2678 ε
736 2631 868 2679 unde
891 2641 939 2679 et
960 2632 1202 2679 Dominus
1224 2631 1361 2680 diviti
1383 2632 1615 2698 quaerenti
1639 2630 1757 2696 quid
1780 2629 2002 2679 faciendo
2031 2628 2178 2676 vitam
2208 2636 2342 2673 aeter·

175 2724 291 2756 nam
308 2709 593 2774 possideret,
619 2713 873 2778 respondit
898 2723 952 2760 ut
974 2713 1075 2761 haec
1098 2713 1198 2761 duo
1216 2723 1456 2779 praecepta
1478 2722 1692 2760 servaret
1714 2722 1763 2759 et
1782 2710 2074 2771 sufficerent,
2097 2718 2145 2755 et
2168 2706 2349 2755 Paulus

176 2787 279 2853 ipse
307 2789 664 2854 plenitudinem
689 2793 806 2858 legis
835 2810 938 2842 esse
967 2793 1281 2842 dilectionem
1304 2793 1613 2859 profitetur⁵3
1641 2791 1858 2839 mirabile
1889 2790 2078 2838 videtur
2106 2788 2241 2854 quod
2269 2787 2342 2835 lex

176 2868 239 2916 ad
270 2870 618 2935 perfectionem
646 2872 769 2920 nihil
793 2873 1000 2936 duxerit,
1027 2884 1075 2922 et
1103 2874 1238 2939 quod
1264 2875 1367 2940 ipsa
1401 2890 1503 2921 non
1529 2872 1770 2920 suffecerit
1797 2871 1860 2920 ad
1893 2872 2060 2932 vitam,
2096 2880 2149 2917 ut
2170 2868 2342 2916 merito

176 2960 378 3014 propter
406 2951 503 3000 hoc
531 2953 816 3017 Evangelica
846 2953 1047 3002 deberet
1078 2954 1327 3002 abundare
1358 2954 1557 3019 justitia.
1600 2956 1783 3001 Revera
1812 2953 1924 3016 quia
1959 2960 2198 3017 praecepta
2229 2949 2346 3013 legis

180 3028 278 3077 sive
294 3029 356 3078 de
373 3031 631 3081 dilectione
651 3034 752 3082 sive
773 3033 835 3081 de
858 3034 1044 3100 aliisjad
1069 3035 1336 3101 perfectum
1356 3052 1457 3083 non
1479 3034 1740 3095 duxerunt,
1763 3033 1815 3081 id
1837 3042 1908 3080 est
1929 3032 1992 3080 ad
2008 3031 2228 3089 salutem,
2248 3029 2344 3077 sus·

179 3107 323 3159 ficere
353 3128 453 3160 non
478 3122 703 3179 poterant
732 3132 742 3162 :
770 3114 856 3163 sed
887 3132 1082 3164 necesse
1117 3126 1220 3164 erat
1242 3126 1304 3181 ⁴ut
1327 3115 1514 3165 veniret
1537 3114 1771 3177 ChristuS,
1800 3114 1884 3178 qui
1913 3123 1985 3161 est
2011 3112 2119 3159 finis
2148 3121 2195 3159 et
2223 3126 2341 3158 con-

222 3319 232 3339 ¹
255 3318 376 3361 Hebr.‚
390 3329 462 3363 cap.
477 3330 534 3363 vn,
552 3331 582 3355 v.
602 3324 653 3356 19.
672 3341 709 3347 -
725 3324 737 3343 ²
751 3324 880 3367 Μειιῑῐι.1
898 3333 971 3367 cap.
996 3334 1030 3366 v,
1053 3334 1084 3359 v.
1110 3326 1163 3360 27.
1178 3343 1216 3349 -
1246 3324 1375 3367 8Ιῖ)ι”σῐ.,
1397 3332 1430 3359 v.
1453 3326 1508 3359 20.
1540 3341 1578 3349 —
1607 3323 1761 3365 ‘Matthu
1780 3331 1853 3364 0³1)-
1875 3331 1920 3363 Vl,
1936 3329 1967 3355 V·
1992 3323 2066 3355 3·-
2082 3319 2196 3359 ⁵L”⁰·’
2214 3327 2284 3358 οἵῳ·
2307 3326 2340 3357 ¹⁹

181 3379 213 3406 v.
232 3372 269 3407 17
287 3377 321 3406 et
338 3376 556 3420 seq.;1tom.,
575 3385 647 3418 cap.
666 3386 779 3419 x1u,v.
800 3380 850 3414 10.

343 3447 376 3474 n
2132 3434 2181 3473 33
