2638 3866
1128 236 1450 287 APPEme.
2274 240 2374 290 787

214 333 445 379 criminum
487 334 736 382 diademate
769 348 901 398 caput
941 337 1185 382 innocentis
1220 337 1426 382 honorat.
1461 337 1619 393 Aiunt,
1653 336 1774 397 quod
1804 337 1951 398 lingua
1991 353 2095 385 men
2136 339 2376 400 inquietum

213 413 378 458 malum
399 426 478 471 est,
502 427 548 459 et
576 415 732 461 mentis
753 413 931 472 invidia,
949 431 1046 478 quoe
1067 417 1268 463 adversus
1290 418 1509 463 Abbatem
1527 417 1783 462 Glaraevallis
1803 418 2184 465 librumemmuit.
2202 421 2373 483 Quippe

213 506 346 540 tantae
366 497 602 543 sanctitatis
620 498 763 541 virum
785 512 876 542 esse
898 497 1178 554 confirmant,
1205 510 1256 542 ut
1271 499 1362 557 jain
1383 498 1492 543 coelo
1512 500 1797 560 propinquus,
1821 499 2045 544 hominum
2068 502 2251 546 evaserit
2269 505 2370 563 opi-

213 576 385 622 niones,
406 577 494 633 Qui
514 577 599 622 hoc
625 577 792 633 dicunt,
816 577 894 622 etsi
916 578 1114 638 religioso
1136 577 1293 622 vellere
1317 579 1548 636 albescant,
1572 590 1718 624 tamen
1740 579 1845 624 dun
1865 579 1957 624 siue
1977 592 2173 641 serpente
2192 584 2371 643 cupiunt

213 672 305 702 esse
336 657 552 702 columbae
565 691 576 711 ‚
613 658 809 702 fatuitate
840 657 1035 719 linguam
1065 657 1277 702 inficiunt.
1315 659 1473 703 Nonne
1504 659 1654 703 Abbas
1684 660 1819 704 homo
1849 660 1938 705 est?
1968 677 2112 706 nonne
2144 662 2369 707 nobiscum

213 739 388 800 navigat
414 753 494 799 per
522 739 608 783 hoc
628 753 757 783 >mare
785 754 993 801 magnum
1021 750 1067 784 et
1097 741 1339 800 spaciosum
1357 740 1601 795 manibus¹,
1634 741 1749 785 inter
1781 741 1951 801 reptilia
1979 758 2165 802 quorum
2195 760 2285 788 non
2307 755 2372 789 est

213 821 444 864 numems!
476 821 607 878 Cujus
621 820 759 864 navis
784 822 863 865 etsi
888 821 1150 882 prosperiori
1179 821 1342 866 feratur
1369 820 1567 883 navigio,
1598 832 1746 866 tamen
1776 823 1978 866 severitas
2005 823 2208 868 mariun
2236 825 2371 870 dubio

213 910 295 944 est.
317 899 434 944 Nam
457 915 540 945 nec
558 901 716 967 Auster
733 900 875 946 adhuc
897 901 938 946 ei
957 900 1091 946 fidem
1113 900 1252 957 dedit,
1276 916 1333 945 ne
1351 912 1492 946 ratem
1510 904 1600 960 ejus
1623 902 1857 946 concutiat.
1879 903 1970 946 Nec
1992 904 2175 947 Boream
2193 904 2373 949 calcavit

213 980 306 1041 ipse
332 980 414 1024 sub
433 980 636 1041 pedibus.
659 982 752 1026 Nec
774 983 879 1026 Euri
915 981 1105 1042 Notique
1126 981 1265 1026 minas
1298 981 1446 1026 evasit.
1471 983 1564 1027 Nec
1585 983 1641 1026 ab
1661 982 1793 1026 AEolo
1827 998 1927 1043 rege
1948 994 2179 1028 ventorum
2197 987 2373 1030 extorsit

213 1061 429 1106 inducias.
453 1060 587 1118 Quod
613 1063 765 1106 vinum
794 1074 938 1123 potest
966 1062 1180 1117 habitare,
1199 1063 1247 1106 in
1268 1063 1387 1122 pice,
1419 1073 1466 1106 et
1491 1078 1691 1123 saporem
1716 1065 1806 1120 ejus
1832 1078 1922 1106 non
1952 1062 2144 1107 mutare?
2169 1064 2300 1109 Unde
2329 1076 2374 1110 et

213 1142 450 1203 Apostolus
480 1142 639 1186 Paulus
677 1143 829 1186 vinum
863 1159 990 1187 suum
1027 1159 1053 1186 a
1086 1143 1312 1189 consorcio
1350 1143 1455 1204 picis
1492 1143 1707 1186 removeri
1741 1143 1943 1203 optabat,
1973 1154 2018 1187 et
2052 1143 2099 1187 in
2128 1159 2203 1189 vas
2226 1144 2374 1205 gloria

213 1223 516 1276 transversari,
550 1238 652 1267 cum
683 1224 847 1269 diceret
872 1239 884 1268 t
921 1243 941 1263 α
979 1224 1134 1268 Infelix
1166 1240 1249 1286 ego
1279 1225 1432 1278 homo,
1463 1224 1557 1284 quis
1591 1239 1661 1267 me
1695 1223 1897 1267 liberabit
1926 1223 1982 1267 de
2013 1239 2194 1284 corpore
2223 1226 2374 1270 mortis

213 1303 396 1360 hujusP»
423 1304 489 1348 Ac
511 1304 546 1347 si
577 1305 763 1365 apertius
783 1304 1033 1365 loqueretur
1057 1320 1068 1349 ι
1095 1305 1257 1349 Vinum
1282 1305 1363 1349 Dei
1385 1321 1505 1359 sum,
1529 1315 1574 1347 et
1593 1305 1643 1349 in
1661 1305 1756 1365 pice
1779 1319 1898 1358 sum,
1923 1303 2000 1348 sed
2016 1305 2098 1349 nisi
2119 1306 2225 1365 picis
2245 1305 2374 1350 soda-

212 1383 356 1428 litium
385 1385 706 1446 derelinquam,
731 1386 864 1430 timeo
894 1402 949 1430 ne
991 1387 1134 1447 picem
1163 1387 1328 1446 sapiam
1355 1385 1586 1429 conditori.
1618 1386 1765 1429 Potest
1786 1384 1913 1445 igitur
1940 1384 2090 1429 Abbas
2115 1395 2159 1429 et
2183 1396 2232 1430 ut
2262 1387 2373 1448 ignis

217 1463 272 1507 de
298 1464 386 1508 alto
407 1466 604 1521 subvehi,
629 1477 674 1510 et
697 1477 746 1509 ut
762 1477 875 1510 terra
893 1466 1096 1511 deorsum
1115 1466 1287 1511 cadere.
1313 1465 1523 1510 Nondum
1549 1466 1615 1509 sol
1634 1476 1715 1520 est,
1741 1465 1940 1509 nondum
1959 1464 2068 1509 fixus
2083 1476 2147 1510 est
2162 1467 2208 1510 in
2226 1466 2376 1511 firma·

214 1556 366 1588 mento
392 1561 404 1589 ι
436 1547 538 1590 satis
567 1558 631 1590 est
661 1548 697 1590 si
717 1547 817 1591 luna
849 1559 928 1592 est.
954 1548 1106 1608 Neque
1140 1544 1319 1591 aestimet
1346 1562 1418 1590 me
1446 1547 1659 1606 quispiam
1689 1546 1746 1590 ad
1767 1546 1968 1604 injuriam
1996 1547 2086 1603 ejus
2112 1547 2270 1606 stylum
2297 1564 2375 1608 per

215 1639 360 1668 ceram
391 1627 562 1671 trahere
576 1658 588 1682 ,
613 1628 689 1687 qui
715 1643 815 1672 meo
833 1627 1015 1686 judicio,
1040 1638 1287 1671 nostrorum
1302 1638 1549 1686 temporum
1579 1638 1643 1670 est
1671 1626 1898 1676 Martinus.
1923 1625 2180 1685 Simpliciter
2209 1638 2254 1670 et
2282 1629 2375 1672 sine

215 1704 346 1766 vulpe
374 1706 564 1751 candido
591 1709 759 1768 pectori
777 1719 921 1752 vestro
950 1708 1121 1768 loquor.
1154 1708 1248 1768 Ego
1275 1708 1336 1750 ita
1355 1707 1493 1751 sentio
1518 1706 1573 1750 de
1594 1706 1768 1750 Abbate
1800 1705 1920 1766 quod
1934 1707 2000 1760 *sit
2026 1705 2198 1751 lucerna
2222 1707 2377 1752 ardens

215 1795 262 1829 et
281 1785 430 1830 lucens
463 1802 473 1831 ε
508 1787 587 1831 sed
607 1799 755 1832 tamen
783 1789 830 1832 in
860 1799 970 1832 testa
999 1799 1080 1832 est.
1106 1787 1239 1843 Quod
1272 1786 1460 1831 dedecus
1486 1785 1676 1847 infigitur
1707 1802 1813 1830 auro
1841 1802 1941 1830 cum
1964 1784 2190 1842 laudatur,
2225 1788 2261 1831 si
2289 1789 2377 1845 ejus

214 1867 355 1910 scoria
381 1868 678 1928 improbetur?
699 1869 903 1913 Laudatis
932 1869 1167 1924 Abbatem,
1200 1868 1337 1928 magis
1371 1882 1453 1927 ego
1490 1866 1640 1910 laudo.
1675 1868 1763 1911 Cur
1800 1868 1929 1927 igitur
1961 1867 2192 1927 inquietius
2226 1879 2377 1912 contra

213 1961 316 1991 eum
337 1948 502 2004 scribis,
528 1948 584 1993 de
607 1965 695 2009 quo
720 1961 809 1993 tam
827 1951 941 1994 bene
964 1948 1123 1993 sentis?
1145 1947 1358 2007 Porrigite
1379 1947 1549 2007 patulas
1571 1962 1710 2000 aures,
1736 1958 1785 1990 ut
1808 1947 1988 2000 ebibant
2008 1947 2237 1991 rationem.

273 2027 564 2072 Damnaverat
589 2029 872 2073 Abaelardum
892 2039 1207 2089 praeceptorem
1228 2042 1375 2070 meum
1388 2058 1401 2082 ,
1424 2026 1569 2069 virum
1589 2025 1691 2069 fidei
1713 2026 1939 2069 buccinam
1954 2058 1966 2080 ,
1991 2026 2096 2086 legis
2125 2028 2373 2081 armarium,

213 2108 455 2152 in'morum
472 2110 543 2152 via
562 2109 677 2169 pede
696 2110 816 2170 regio
838 2109 1125 2170 gradientem.
1150 2108 1464 2161 Damnaverat,
1490 2107 1694 2166 inquam,
1719 2105 2016 2158 Abaelardum,
2042 2117 2086 2149 et
2109 2121 2263 2150 vocem
2285 2109 2376 2166 ejus

215 2189 306 2232 sine
339 2188 560 2232 audientia
588 2190 944 2250 strangulaverat.
981 2189 1112 2231 Eram
1141 2203 1194 2231 ea
1223 2197 1477 2247 tempestate
1516 2185 1791 2241 adolescens,
1824 2185 2108 2246 nondumque
2132 2187 2375 2247 impuberes

214 2268 351 2312 malas
371 2268 510 2312 nubes
530 2269 745 2330 lanuginis
767 2268 1080 2324 adumbrabat,
1106 2278 1285 2327 eratque
1305 2267 1413 2310 mihi
1432 2266 1552 2310 velut
1571 2266 1826 2310 scholastico
1867 2267 2034 2309 animus
2053 2265 2199 2310 inficta
2220 2268 2372 2311 crebro

215 2349 396 2392 materia
423 2348 682 2393 declinare2.
705 2350 843 2393 Porro
877 2349 970 2392 veri
1006 2348 1252 2392 certaminis
1285 2347 1502 2391 arridente
1538 2362 1673 2402 vena,
1708 2356 1856 2407 pectus
1890 2345 2035 2406 appuli
2068 2357 2117 2389 ut
2147 2362 2374 2408 purgarem

212 2428 522 2484 Abaelardum,
552 2429 820 2489 Abbatisque
854 2428 1128 2477 confutarem
1163 2428 1405 2472 audaciam.
1436 2427 1524 2471 Sed
1566 2442 1658 2471 non
1675 2458 1698 2482 ,.
1726 2426 1952 2486 inquiunt,
1990 2441 2016 2468 a
2050 2436 2093 2470 te
2123 2426 2375 2487 theologum

216 2508 350 2553 talem
371 2510 494 2570 argui
515 2510 763 2570 oportebat.
789 2510 858 2553 Tu
889 2509 1007 2553 enim
1031 2509 1169 2552 bestia
1198 2524 1266 2563 es,
1297 2519 1342 2552 et
1362 2518 1558 2552 montem
1578 2518 1756 2567 tangere
1780 2521 1870 2549 non
1884 2505 2040 2567 debes.
2074 2505 2245 2549 Parcius
2267 2506 2372 2561 ista,

218 2588 385 2633 fratres.
411 2589 682 2634 Mementote
705 2606 783 2633 vos
807 2591 893 2633 hoc
917 2589 1107 2648 objicere
1129 2588 1240 2632 viro.
1266 2589 1318 2631 In
1339 2604 1426 2648 quo
1454 2586 1585 2631 audet
1614 2585 1793 2630 Abbas?
1811 2585 1957 2630 Audet
1977 2586 2023 2628 in
2044 2585 2208 2639 litteris,
2234 2586 2375 2630 audeo

219 2679 264 2712 et
299 2684 398 2730 ego.
435 2669 582 2713 Audet
604 2670 650 2712 in
680 2669 958 2730 theologicis,
996 2669 1138 2713 audeo
1168 2679 1212 2712 et
1244 2684 1344 2728 eg0.
1378 2667 1526 2712 Audet
1552 2669 1598 2711 in
1631 2667 1733 2723 fide,
1760 2665 1903 2709 audeo
1938 2676 1983 2709 et
2012 2681 2110 2726 ego.
2150 2665 2296 2710 Audet
2330 2667 2376 2710 in

219 2750 444 2793 sanctitate
459 2782 472 2804 ‚
497 2750 570 2793 hic
595 2765 687 2793 non
715 2749 856 2794 audeo
889 2766 988 2811 ego.
1014 2750 1132 2806 Quid
1162 2765 1267 2810 ergo
1289 2749 1485 2810 peccavi,
1509 2749 1544 2792 si
1573 2746 1710 2791 fidelis
1731 2745 1926 2799 fidelem,
1963 2746 2107 2788 minor
2141 2747 2374 2804 majorem,

219 2830 419 2879 secularis
439 2830 687 2891 religiosum
704 2830 933 2891 redargui?
953 2830 1192 2885 Momordi,
1218 2830 1373 2884 fateor,
1397 2845 1487 2872 non
1509 2827 1914 2887 contemplativum,
1939 2825 2016 2869 sed
2037 2825 2343 2887 philosophum
2361 2841 2375 2871 t

220 2926 312 2954 non
347 2910 662 2965 confessorem,
703 2910 782 2954 sed
816 2911 1103 2971 scriptorem:
1141 2926 1232 2954 non
1266 2905 1483 2963 mentem,
1508 2907 1586 2952 sed
1606 2907 1799 2968 linguam
1832 2921 1842 2950 :
1872 2921 1962 2948 non
1998 2905 2266 2966 praecordia,
2300 2906 2379 2951 sed

219 2991 377 3050 stylum
404 3006 415 3035 :
446 3007 537 3035 non
566 2989 869 3035 meditationes
904 2992 1007 3048 viri,
1041 2990 1119 3035 sed
1140 3004 1361 3035 somnum«
1388 2991 1554 3050 Legant
1586 2987 1744 3033 eruditi
1775 2986 1854 3030 viri
1886 2985 2215 3046 Apologeticum
2249 3001 2378 3046 quem

219 3070 361 3127 edidi,
391 3081 435 3114 et
462 3071 499 3114 si
530 3070 758 3114 dominum
790 3070 1010 3115 Abbatem
1023 3072 1136 3130 juste
1165 3087 1257 3115 non
1292 3070 1435 3131 argui,
1467 3069 1647 3112 licenter
1682 3082 1752 3125 me
1780 3066 2058 3127 redarguant.
2082 3066 2270 3122 Quaerite
2303 3082 2380 3127 per

219 3160 356 3195 totam
376 3152 532 3196 seriem
553 3151 863 3211 scripturarum
891 3151 948 3195 ab
970 3163 1067 3196 ortu
1095 3151 1198 3195 solis
1226 3166 1365 3211 usque
1388 3149 1447 3194 ad
1480 3163 1682 3193 occasum
1708 3162 1720 3191 t
1748 3158 1792 3190 et
1813 3146 2015 3191 videbitis
2035 3147 2083 3191 in
2103 3162 2258 3207 campo
2278 3147 2379 3206 phi-

265 3336 279 3360 ¹
297 3338 417 3373 psalm.
449 3345 464 3373 t
481 3346 487 3351 ·
513 3346 549 3372 ‘'-
575 3340 629 3374 25.
646 3353 690 3365 —
703 3339 715 3358 ¹
733 3338 788 3373 Sic
802 3339 1008 3374 Amboesius.
1025 3338 1132 3371 Locus
1144 3342 1234 3370 certe
1249 3340 1441 3378 corruptus·
