2638 3866
860 208 919 258 IN
952 207 1284 256 EPISTOLAM
1320 207 1402 257 AD
1439 208 1739 258 ROMANOS.
2285 210 2381 257 237

226 334 249 360 α
271 311 624 362 constituentur
643 310 778 375 justi,
803 331 826 354 »
855 309 906 358 id
929 319 1001 358 est
1018 310 1083 359 ab
1107 311 1240 358 omni
1265 321 1464 377 peccato
1494 311 1686 377 penitus
1718 311 1958 359 immunes
1990 311 2133 359 etiam
2160 327 2246 376 per
2278 329 2380 377 poe-

222 410 354 442 nam.
384 395 507 441 Nota
528 390 663 456 quod
686 391 735 439 in
759 391 910 439 Adam
937 390 1054 439 dicit
1076 409 1086 438 ε
1109 411 1131 434 α
1149 392 1398 439 constituti
1417 401 1548 452 sunt,
1568 410 1590 435 »
1619 391 1666 438 in
1691 390 1900 453 Christo,
1922 392 2334 439 «constituentur.
2358 414 2377 435 »

226 478 386 541 Ipsum
399 472 598 539 quidem
612 472 724 521 Adae
741 481 990 538 peccatum
1015 472 1065 519 in
1082 470 1226 520 nobis
1250 473 1542 539 transfusum
1557 472 1694 538 quasi
1719 488 1923 538 praesens
1943 483 1991 520 et
2008 472 2379 521 determinatum

222 565 294 604 est
318 571 403 621 per
422 570 616 621 poenam
639 554 728 602 sui.
747 552 1031 612 Justificatio
1055 561 1218 600 autem
1243 552 1322 601 illa
1346 570 1433 619 per
1455 554 1700 602 Christum
1730 554 1867 618 quasi
1898 553 2058 602 futura
2090 564 2160 601 est
2199 553 2377 613 adhuc,

223 651 334 683 cum
356 635 416 683 sit
438 633 645 695 occulta,
669 643 715 682 et
737 634 959 691 maxime,
975 633 1089 698 quia
1111 632 1369 681 Christiani
1393 635 1477 699 qui
1497 643 1628 694 sunt,
1653 632 1997 681 afflictionibus
2018 633 2063 680 in
2082 634 2178 682 hoc
2197 635 2381 683 mundo

223 714 520 780 subjaceant.
539 714 678 763 Unde
694 718 906 764 Joannes
919 714 1174 780 Apostolus
1188 716 1227 761 ¹:
1251 735 1273 758 «
1288 715 1392 762 Filii
1414 715 1503 763 Dei
1523 731 1708 774 sumus,
1730 723 1776 762 et
1791 714 2012 761 nondum
2028 715 2249 780 apparuit
2263 717 2380 780 quid

223 795 418 844 erimus.
436 796 622 844 Scimus
645 796 876 861 quoniam
893 811 1005 844 cum
1020 795 1312 861 apparuerit,
1330 795 1507 843 similes
1521 795 1564 843 ei
1581 795 1779 855 erimus,
1794 803 1885 842 etc.
1911 814 1933 839 »
1956 797 2013 841 Et
2034 795 2134 860 ipse
2151 795 2327 843 Paulus
2339 799 2353 820 ²
2368 816 2376 842 :

228 897 251 920 α
270 876 394 938 Vita,
412 895 434 921 υ
456 876 631 941 inquit,
653 896 675 919 α
694 885 860 924 nostra
876 875 1164 924 abscondita
1184 884 1255 923 est
1273 891 1385 923 curn
1403 875 1596 922 Christo
1621 875 1667 922 in
1689 877 1852 922 Deo.»
1876 878 1981 922 Non
2002 885 2161 922 autem
2177 877 2383 939 segniter

223 957 613 1023 praetereundum
635 966 723 1021 est,
746 957 880 1022 quod
898 956 996 1005 hoc
1018 956 1130 1004 loco
1157 955 1415 1022 Apostolus
1436 956 1498 1003 de
1531 965 1731 1022 peccato
1766 965 1813 1003 et
1840 956 1992 1019 gratia
2031 973 2118 1021 per
2153 956 2304 1004 Adam
2337 968 2383 1005 et

223 1038 469 1086 Christum
492 1038 739 1087 transfusis
761 1039 904 1087 toties
923 1038 1143 1106 replicat,
1167 1046 1215 1086 et
1233 1037 1367 1103 quod
1390 1038 1524 1102 quasi
1550 1038 1815 1085 necessaria
1837 1038 2023 1085 ratione
2047 1054 2102 1084 ac
2135 1038 2382 1086 manifesta

218 1119 402 1183 justitia
425 1120 659 1184 exigente,
676 1119 845 1167 astruit
869 1118 1007 1185 plura
1028 1135 1115 1185 per
1137 1118 1381 1166 Christum
1398 1117 1550 1178 bona,
1571 1117 1682 1165 licet
1703 1135 1803 1166 non
1829 1117 2051 1184 pluribus
2070 1117 2247 1166 debere
2270 1137 2383 1167 con·

224 1199 334 1248 ferri
356 1216 504 1266 quam
528 1217 615 1266 per
631 1200 783 1248 Adam
810 1199 957 1263 mala,
984 1200 1123 1265 quasi
1142 1199 1251 1266 plus
1274 1199 1322 1246 in
1343 1198 1562 1263 juvando
1593 1200 1678 1247 iste
1693 1201 1905 1265 potuerit
1929 1217 2075 1265 quam
2104 1200 2179 1248 ille
2213 1201 2259 1247 in
2278 1247 2281 1251 ,
2297 1218 2382 1248 no-

222 1280 381 1330 cendo
401 1299 411 1328 :
438 1281 575 1347 quod
599 1291 825 1348 apertum
848 1292 936 1330 est.
959 1280 1053 1329 Sed
1076 1298 1132 1329 ex
1155 1279 1253 1328 hoc
1269 1280 1320 1327 ni
1345 1280 1482 1328 fallor
1505 1280 1788 1328 contuendo
1818 1281 1959 1329 nobis
1989 1281 2245 1347 Apostolus
2278 1282 2383 1331 reli·

222 1362 327 1427 quit
344 1364 500 1411 Deum
525 1362 574 1410 in
595 1362 928 1411 incarnatione
941 1361 1044 1410 Filii
1068 1363 1141 1409 sui
1165 1361 1215 1409 id
1242 1378 1439 1426 quoque
1457 1360 1548 1408 sibi
1567 1361 1897 1409 machinatum
1922 1361 2080 1422 fuisse,
2111 1372 2160 1410 ut
2182 1379 2280 1409 non
2299 1380 2383 1409 so-

222 1441 322 1490 lum
347 1442 694 1503 misericordia,
722 1460 892 1491 verum
914 1454 961 1492 et
991 1443 1173 1508 justitia
1202 1459 1288 1508 per
1327 1459 1438 1490 eum
1468 1441 1744 1491 subveniret
1783 1443 2114 1509 peccantibus,
2151 1454 2197 1491 et
2236 1444 2382 1510 ipsius

218 1523 402 1586 justitia
420 1524 726 1591 suppleretur
749 1523 884 1590 quod
904 1523 1088 1572 delictis
1113 1524 1288 1571 nostris
1313 1522 1712 1590 praepediebatur.
1741 1526 1862 1572 Cum
1894 1525 2024 1572 enim
2044 1524 2214 1572 Filium
2241 1541 2382 1572 suum

223 1606 353 1652 Deus
375 1604 626 1653 hominem
654 1605 836 1667 fecerit,
864 1622 977 1653 eum
996 1605 1215 1671 profecto
1240 1603 1331 1653 sub
1355 1604 1459 1669 lege
1487 1605 1736 1653 constituit
1766 1622 1913 1671 quam
1934 1606 2034 1670 jam
2071 1621 2381 1652 communem

223 1685 453 1733 omnibus
476 1685 677 1733 dederat
697 1684 996 1734 hominibus.
1029 1686 1255 1752 Oportuit
1278 1686 1440 1750 itaque
1462 1684 1717 1733 hominem
1730 1685 1862 1733 illum
1878 1703 1933 1734 ex
1956 1695 2197 1751 praecepto
2217 1685 2382 1733 divino

222 1766 498 1831 proximum
526 1766 687 1832 ipsum
711 1775 942 1832 tanquam
967 1784 1018 1815 se
1041 1767 1256 1831 diligere,
1284 1777 1332 1815 et
1357 1767 1406 1814 in
1430 1766 1573 1814 nobis
1605 1766 1852 1815 charitatis
1890 1784 1984 1815 suae
2026 1768 2226 1831 gratiam
2258 1784 2385 1814 exer-

221 1863 349 1909 cere,
377 1856 481 1894 tum
502 1847 790 1895 instruendo
808 1865 916 1909 nos,
941 1859 1044 1897 tum
1067 1865 1157 1914 pro
1184 1848 1325 1896 nobis
1342 1848 1549 1896 orando.
1579 1851 1825 1914 Praecepto
1849 1850 2009 1914 itaque
2037 1848 2203 1896 divino
2224 1858 2271 1896 et
2295 1866 2382 1914 pro

223 1926 381 1989 nobis,
409 1937 455 1975 et
478 1928 685 1976 maxime
709 1945 799 1994 pro
838 1928 1096 1977 dilectione
1120 1930 1163 1977 ei
1183 1928 1540 1977 adhaerentibus
1559 1945 1699 1977 orare
1716 1929 1997 1994 cogebatur,
2024 1931 2145 1977 sicut
2161 1930 2210 1976 in
2231 1932 2385 1977 Evan-

223 2008 346 2071 gelio
377 2010 564 2056 Patrem
588 2010 844 2076 saepissime
868 2009 1143 2076 interpellat
1163 2027 1252 2076 pro
1271 2010 1387 2058 suis.
1416 2012 1618 2058 Summa
1648 2027 1763 2058 vero
1801 2011 1903 2075 ejus
1934 2011 2113 2075 justitia
2148 2010 2382 2074 exigebat,

223 2097 276 2134 ut
297 2089 345 2135 in
364 2089 500 2136 nullo
520 2089 624 2153 ejus
644 2091 800 2138 oratio
818 2090 1061 2156 repulsam
1087 2091 1360 2151 sustineret,
1387 2107 1533 2155 quem
1553 2091 1673 2138 nihil
1697 2092 1788 2139 nisi
1812 2091 1947 2157 quod
1983 2090 2242 2157 oportebat
2264 2090 2385 2137 velle

224 2167 297 2215 vel
315 2168 470 2217 facere
494 2169 626 2217 unita
650 2171 695 2218 ei
720 2170 947 2219 divinitas
963 2171 1288 2237 permittebat.
1318 2171 1466 2230 Quod
1494 2173 1596 2237 ipse
1619 2172 1878 2237 Apostolus
1907 2171 2103 2220 duobus
2135 2172 2237 2219 aliis
2267 2172 2385 2218 locis

223 2247 475 2313 diligenter
491 2250 770 2312 insinuavit,
788 2251 1001 2299 scribens
1017 2252 1078 2299 de
1098 2269 1157 2300 eo
1176 2252 1239 2300 ad
1256 2251 1499 2300 Galatas⁵:
1524 2273 1546 2296 <c
1564 2255 1762 2300 Factum
1780 2270 1835 2300 ex
1857 2254 2076 2314 muliere,
2097 2252 2276 2300 factum
2296 2252 2384 2299 sub

223 2328 348 2394 lege,
378 2339 430 2377 ut
460 2346 544 2378 eos
577 2332 663 2396 qui
697 2331 788 2379 sub
819 2331 923 2397 lege
955 2342 1092 2380 erant
1115 2332 1389 2381 redimeret.
1423 2352 1445 2378 »
1475 2336 1532 2380 Et
1552 2333 1615 2381 ad
1640 2333 1895 2382 Hebraeos⁴
1922 2352 1932 2380 ε
1967 2355 1989 2377 (ι
2022 2335 2117 2392 Qui
2141 2334 2191 2380 in
2215 2332 2386 2380 diebus

223 2411 380 2458 carnis
411 2427 531 2474 suae,
570 2428 735 2476 preces
765 2413 1239 2480 supplicationesque
1274 2414 1337 2462 ad
1372 2431 1487 2462 eum
1512 2415 1596 2478 qni
1630 2416 1781 2480 possit
1811 2414 1949 2462 illurn
1972 2414 2158 2463 salvum
2182 2414 2335 2461 facere
2358 2431 2384 2461 a

224 2500 397 2553 morte,
424 2508 536 2539 cum
561 2492 773 2541 clamore
794 2493 958 2541 valido
992 2504 1038 2542 et
1067 2495 1292 2560 lacrymis
1315 2494 1540 2554 offerens,
1571 2506 1642 2543 est
1664 2496 1917 2544 exauditus
1944 2513 2032 2562 pro
2058 2512 2143 2543 sua
2167 2511 2379 2541 reveren-

224 2571 305 2630 tia,
321 2581 414 2620 etc.
437 2590 460 2617 »
479 2576 637 2620 Homo
654 2574 816 2639 itaque
834 2574 985 2623 factus
1004 2574 1109 2638 lege
1127 2577 1230 2641 ipsa
1246 2576 1519 2624 dilectionis
1532 2577 1738 2641 proximi
1753 2577 2113 2640 constringitur,
2132 2584 2184 2622 ut
2202 2591 2285 2622 eos
2302 2576 2385 2639 qui

223 2650 314 2698 sub
335 2652 438 2717 lege
461 2663 616 2716 erant,
638 2669 729 2702 nec
746 2672 833 2721 per
850 2655 1005 2720 legem
1026 2665 1253 2722 poterant
1274 2656 1463 2718 salvari,
1484 2656 1743 2704 redimeret
1764 2675 1773 2703 :
1797 2667 1844 2704 et
1864 2657 1995 2722 quod
2014 2658 2062 2703 in
2086 2656 2262 2703 nostris
2284 2672 2382 2702 non

224 2742 326 2779 erat
361 2734 558 2796 meritis,
597 2751 656 2782 ex
691 2736 789 2783 suis
822 2736 1093 2802 suppleret3
1121 2747 1167 2784 et
1194 2737 1316 2784 sicut
1348 2737 1598 2785 sanctitate
1628 2737 1880 2801 singularis
1902 2738 2102 2798 exstitit,
2133 2736 2385 2800 singularis

225 2811 360 2860 fieret
390 2813 591 2861 utilitate
630 2815 680 2862 in
713 2815 919 2864 aliorum
954 2817 1097 2864 etiam
1133 2817 1302 2864 salute.
1342 2816 1564 2882 Alioquin
1602 2817 1719 2881 quid
1756 2833 1986 2882 magnum
2023 2817 2250 2865 sanctitas
2285 2816 2386 2880 ejus

223 2903 606 2957 promereretur,
634 2896 673 2943 si
705 2912 801 2943 suae
830 2906 1018 2944 tantum
1043 2897 1325 2955 salvationi,
1360 2913 1458 2944 non
1486 2897 1652 2945 alienae
1676 2897 1948 2946 sufficeret?
1970 2897 2200 2963 Nunquid
2234 2896 2388 2945 Adam

226 2972 504 3022 obediendo
535 2976 746 3041 seipsum
776 2976 1027 3036 salvasset,
1054 2976 1190 3042 quod
1217 2978 1550 3043 unusquisque
1578 2979 1722 3026 etiam
1750 2981 2041 3027 Sanctorum
2072 2995 2158 3044 per
2188 2979 2387 3043 gratiam

226 3054 312 3100 Dei
340 3053 559 3103 obtinet?
590 3056 741 3104 Multo
764 3056 872 3122 plus
900 3057 1083 3121 aliquid
1114 3058 1163 3105 in
1189 3056 1272 3106 illo
1303 3058 1532 3123 singulari
1557 3059 1688 3123 justo
1725 3058 1888 3107 divina
1912 3061 2101 3126 operari
2129 3059 2279 3124 gratia
2304 3058 2390 3105 de-

227 3133 351 3182 buit.
384 3139 491 3184 Non
524 3146 638 3185 sunt
664 3137 808 3186 etiam
837 3138 1045 3203 copiosae
1067 3139 1279 3204 potentis
1302 3139 1503 3204 divitiae,
1527 3157 1634 3205 quae
1657 3139 1774 3188 alios
1806 3140 1959 3189 ditare
1993 3158 2091 3189 non
2125 3139 2384 3189 sufficiunt.

275 3319 307 3352 ¹1
324 3319 417 3355 Joan.
432 3347 439 3364 ‚
457 3332 530 3365 cap.
550 3333 596 3365 ιιι,
618 3335 648 3358 v.
668 3328 700 3360 2.
721 3327 784 3349 —²
798 3326 940 3367 Coloss„
961 3335 1036 3368 cap.
1059 3334 1116 3367 ιιι,
1139 3336 1171 3361 v.
1187 3329 1271 3362 3.-
1287 3327 1528 3369 ³Gala1.,cap.
1549 3337 1599 3369 iv,
1620 3337 1647 3360 v.
1669 3329 1689 3361 4
1706 3333 1738 3361 et
1761 3330 1791 3362 5.
1810 3329 1874 3353 —⁴
1893 3327 2009 3368 Hebr„
2026 3336 2099 3368 cap.
2117 3336 2154 3369 v,
2179 3335 2209 3359 v.
2230 3327 2258 3360 7.
