2638 3866
302 242 398 290 774
1218 244 1539 294 APPENDlX.

300 342 436 386 stertit
477 343 663 386 auditor.
698 343 818 386 Alius
855 344 1001 387 cubito
1036 344 1248 400 innititur,
1278 356 1328 388 ut
1362 345 1436 390 det
1468 345 1602 390 oculis
1635 346 1721 389 suis
1753 361 1968 390 somnum.
2005 345 2126 389 Alius
2155 361 2280 406 super
2310 346 2440 390 molle

297 424 476 466 cervical
500 423 804 466 dormitionem
823 425 1038 484 palpebris
1060 426 1145 469 suis
1167 426 1358 470 molitur.
1387 427 1508 470 Alius
1528 443 1655 488 super
1676 442 1815 488 genua
1837 438 1966 487 caput
1985 427 2196 470 reclinans
2218 427 2436 472 dormitat.

297 496 404 536 Cum
433 496 576 554 itaque
607 495 742 539 lector
763 497 808 539 in
833 498 949 540 Petri
971 498 1070 540 satis
1102 497 1276 557 aliquod
1304 499 1509 558 reperiret
1536 500 1773 559 spinetum,
1799 499 1937 551 surdis
1968 499 2237 543 exclamabat
2267 499 2440 542 auribus

294 575 546 632 pontificum
571 592 581 619 :
605 577 852 621 Damnatis?
883 580 1004 621 Tunc
1032 579 1208 638 quidam
1231 580 1302 622 vix
1333 579 1389 622 ad
1418 590 1654 623 extremam
1680 581 1888 641 syllabam
1919 564 2224 640 expergefacti,
2259 596 2439 623 somno-

291 654 407 697 lenta
428 671 551 711 voce,
576 658 714 717 capite
735 658 942 718 pendulo,
967 661 1252 713 Damnamus,
1277 659 1466 704 aiebant.
1490 661 1576 704 Alii
1596 677 1700 705 vero
1724 661 2022 704 damnantium
2044 660 2230 704 tumultu
2250 661 2436 714 excitati,

294 735 531 795 decapitata
546 738 684 797 prima
698 739 876 799 syllaba,
892 757 1044 783 namus
1060 741 1277 800 inquiunt.
1292 741 1405 785 Vere
1433 741 1561 796 natis,
1590 740 1667 784 sed
1692 741 1855 784 natatio
1880 751 2021 784 vestra
2036 740 2226 801 procella
2239 773 2251 795 ,
2275 741 2439 784 natatio

290 826 428 859 vestra
460 818 678 862 immersio
702 831 785 863 est.
811 821 880 864 Sic
901 821 1057 864 milites
1081 821 1342 864 dormientes
1373 822 1668 865 testimonium
1696 822 1941 881 perhibent,
1973 821 2099 880 quia¹
2146 842 2162 859 «
2183 821 2309 864 nobis
2330 821 2437 864 dor-

289 897 520 940 mientibus
541 912 749 943 venerunt
769 901 980 961 Apostoli,
1007 912 1050 945 et
1074 901 1264 945 tulerunt
1285 917 1455 962 corpus.
1481 921 1499 942 n
1529 903 1615 957 Qui
1635 902 1885 963 vigilaverat
1913 903 1959 944 in
1980 902 2075 962 lege
2098 902 2274 945 Domini
2297 900 2366 944 die
2389 917 2439 944 ac

290 988 438 1032 nocte,
466 994 581 1021 nunc
604 980 832 1023 damnatur
848 998 873 1024 a
899 981 1192 1025 sacerdotibus
1214 983 1385 1026 Bacchi.
1418 983 1486 1025 Sic
1516 981 1741 1025 morbidus
1768 981 1987 1026 medicum
2009 992 2147 1025 curat.
2172 981 2240 1024 Sic
2262 980 2438 1035 damnat

289 1058 519 1119 naufragus
546 1060 590 1101 in
621 1059 764 1104 littore
787 1062 1080 1105 constitutum.
1106 1062 1174 1105 Sic
1206 1063 1344 1122 arguit
1370 1063 1667 1106 innocentiam
1695 1062 1770 1122 qui
1799 1062 1856 1106 ad
1890 1063 2031 1106 furcas
2053 1062 2223 1106 ducitur
2255 1077 2437 1121 suspen-

288 1135 470 1182 dendus.
497 1140 614 1194 Quid
637 1141 814 1200 agimus,
843 1142 1009 1185 anima?
1023 1143 1120 1198 Quo
1144 1159 1222 1186 nos
1241 1143 1472 1187 vertimus?
1492 1143 1758 1187 Exciderunt
1777 1158 1834 1187 ne
1856 1143 1938 1187 tibi
1958 1153 2173 1204 praecepta
2194 1143 2434 1197 rhetorum,

287 1230 329 1261 et
359 1231 568 1280 occupata
588 1221 705 1264 luctu
721 1255 732 1277 ,
760 1223 997 1283 praepedita
1024 1223 1291 1283 singultibus,
1325 1223 1498 1266 dicendi
1529 1223 1729 1267 ordinem
1750 1240 1841 1266 non
1866 1223 2012 1268 tenes?
2042 1224 2226 1267 Putasne
2257 1223 2435 1266 veniens

286 1300 415 1343 Filius
452 1303 640 1345 hominis
669 1304 860 1347 inveniet
894 1303 1025 1347 fidem
1063 1302 1405 1364 superterram?
1435 1305 1596 1365 Vulpes
1631 1305 1786 1349 fovea&
1813 1306 2001 1361 habent,
2026 1316 2080 1349 «et
2109 1305 2303 1348 volucres
2341 1303 2435 1347 coeli

283 1381 412 1424 nidos
442 1397 452 1425 ε
479 1383 629 1426 Petrus
653 1395 798 1427 autem
826 1401 916 1428 non
947 1385 1081 1429 habet
1112 1386 1187 1428 ubi
1216 1396 1345 1445 caput
1372 1401 1497 1429 suum
1528 1386 1726 1430 reclinet.
1753 1386 1822 1429 Sic
1847 1386 2043 1443 judicant
2076 1387 2122 1428 in
2149 1386 2248 1428 loco
2285 1383 2442 1441 judicis

283 1461 480 1506 sedentes
508 1465 594 1520 rei;
618 1465 664 1507 in
684 1465 783 1508 loco
805 1466 983 1509 vindicis
1004 1467 1263 1510 innocentiae
1284 1477 1522 1510 vexatores.
1549 1467 1686 1510 Simul
1710 1477 1808 1510 sunt
1833 1467 1981 1510 omnia
2008 1466 2165 1509 talibus
2190 1464 2430 1523 judicibus,

283 1539 438 1583 talibus
461 1542 674 1586 actoribus
697 1543 949 1602 depravata²
980 1560 990 1587 ι

713 1708 787 1747 Hic
806 1717 912 1747 satur
931 1708 1072 1760 exiguo
1094 1710 1241 1748 mavult
1261 1718 1481 1762 turgescere
1501 1723 1654 1760 somno,

710 1771 783 1809 Hic
802 1772 1040 1822 exporrectis
1059 1773 1247 1824 ampullat
1268 1773 1390 1811 verba
1409 1773 1575 1811 labellis.

708 1833 782 1872 Hic
799 1833 972 1884 loquitur
992 1834 1123 1884 nimis,
1146 1834 1210 1873 ille
1230 1843 1330 1874 tacet
1348 1851 1357 1874 ι
1382 1835 1446 1873 hic
1465 1835 1656 1883 ambulat,
1678 1834 1743 1873 hic
1762 1843 1849 1873 stat.

706 1896 819 1935 Alter
838 1905 942 1935 amat
960 1897 1089 1945 fletus,
1109 1900 1206 1936 alter
1224 1898 1394 1950 crispare
1415 1898 1664 1937 cachinnum.

706 1962 958 2015 Diversisque
978 1964 1102 2003 modis
1118 1978 1189 2017 par
1209 1973 1267 2003 est
1285 1965 1444 2004 vesania
1462 1963 1627 2003 cunctis.

273 2120 390 2176 Quid
413 2121 458 2163 hi
480 2121 585 2164 tales
605 2123 791 2182 egerint,
816 2122 921 2182 quid
944 2122 1209 2167 decreverint
1227 2124 1484 2184 jurisperiti,
1508 2123 1766 2184 Evangelica
1799 2121 1927 2165 lectio
1950 2120 2215 2164 consolatur.
2247 2141 2264 2158 «
2288 2119 2430 2165 Colle-

272 2213 447 2262 gerunt,
471 2202 654 2262 inquit⁸‚
687 2204 916 2248 Pontifices
939 2216 982 2249 et
1008 2206 1212 2248 Pharisaei
1238 2204 1501 2261 Concilium,
1529 2216 1573 2249 et
1595 2204 1797 2248 dixerunt
1821 2219 1833 2247 t
1858 2201 1977 2258 Quid
2003 2201 2208 2245 facimus?
2237 2202 2338 2261 quia
2357 2202 2429 2245 hic

270 2284 405 2325 homo
436 2283 573 2326 multa
603 2284 713 2326 mira
743 2285 862 2328 dicit.
897 2286 941 2328 Si
970 2286 1224 2329 dimittimus
1252 2302 1353 2328 eum
1379 2287 1464 2340 sic,
1493 2301 1641 2329 omnes
1671 2284 1849 2329 credent
1876 2285 1922 2327 in
1954 2299 2070 2327 eum.
2091 2303 2109 2321 ι»
2136 2283 2259 2326 Unus
2285 2293 2428 2326 autem

270 2379 324 2407 ex
350 2364 450 2424 ipsis
472 2365 646 2408 nomine
672 2365 914 2410 Bernardus
938 2367 1088 2419 abbas,
1114 2382 1213 2409 cum
1244 2377 1352 2410 esset
1372 2367 1570 2426 pontifex
1601 2365 1772 2409 concilii
1793 2365 1922 2420 illius,
1946 2364 2220 2425 prophetavit
2242 2363 2387 2408 dicens
2413 2379 2423 2406 ε

276 2456 293 2473 «
321 2435 506 2496 Expedit
527 2437 652 2479 nobis
673 2448 722 2479 ut
744 2454 853 2481 unus
875 2439 1183 2482 exterminetur
1202 2440 1338 2482 homo
1360 2454 1383 2480 a
1405 2439 1586 2499 populo,
1613 2449 1655 2481 et
1677 2454 1768 2481 non
1790 2448 1882 2480 tota
1905 2453 2008 2497 gens
2029 2447 2194 2496 pereat.
2216 2457 2234 2474 »
2261 2435 2329 2478 Ab
2351 2434 2426 2477 illo

271 2531 373 2576 ergo
398 2515 467 2559 die
490 2518 784 2576 cogitaverunt
800 2518 1091 2562 condemnare
1115 2535 1230 2572 eum,
1257 2518 1448 2562 dicentes
1470 2517 1580 2561 illud
1602 2517 1868 2561 Salomonis¹⁴
1900 2533 1910 2560 :
1943 2537 1959 2554 «
1981 2516 2228 2559 Tendamus
2252 2515 2426 2558 insidias

267 2598 398 2653 justo,
417 2618 433 2635 »
460 2596 779 2657 supplantemus
817 2599 857 2642 ei
890 2600 1073 2660 gratiam
1108 2599 1340 2643 labiorum.
1377 2599 1652 2642 Inveniamus
1683 2598 1875 2641 radicem
1904 2583 2026 2640 verbi
2060 2607 2210 2639 contra
2243 2597 2420 2653 Justum.

271 2676 491 2721 Facientes
524 2677 681 2721 fecistis
695 2712 706 2734 ,
733 2689 776 2722 et
801 2679 967 2740 linguas
994 2680 1188 2739 vipereas
1226 2681 1270 2722 in
1304 2679 1584 2723 Abaelardum
1611 2678 1881 2738 evaginastis.
1914 2677 2113 2720 Subversi
2143 2676 2421 2727 subvertistis,

271 2767 315 2798 et
347 2758 497 2799 vinum
530 2757 829 2814 absorbuistis,
871 2761 979 2803 sicut
1015 2761 1090 2819 qui
1129 2759 1310 2803 devorat
1346 2775 1582 2820 pauperem
1594 2760 1641 2802 in
1679 2757 1951 2802 abscondito.
1993 2759 2111 2800 Inter
2145 2758 2240 2800 haec
2274 2757 2424 2799 Petrus

272 2837 465 2892 orabat⁵,
498 2839 735 2892 «Domine,
761 2839 897 2882 libera
921 2842 1108 2883 animam
1124 2856 1268 2884 meam
1286 2857 1311 2883 a
1331 2840 1456 2884 labiis
1481 2841 1652 2900 iniquis,
1679 2850 1722 2883 et
1744 2855 1770 2882 a
1790 2839 1937 2899 lingua
1966 2837 2131 2881 dolosa.
2161 2858 2178 2875 »
2200 2835 2422 2881 Interdum

271 2914 377 2959 illud
406 2917 639 2960 Psalmistae
679 2919 828 2963 sedulo
866 2920 1140 2963 ruminabat⁶
1182 2937 1192 2964 :
1225 2941 1241 2959 «
1259 2920 1647 2964 Circumdederunt
1676 2936 1746 2964 me
1774 2919 1895 2963 vituli
1926 2917 2075 2972 multi,
2105 2918 2216 2960 tauri
2244 2917 2423 2977 pingues

271 2995 535 3039 obsederunt
569 3014 656 3041 me.
681 3000 957 3059 Aperuerunt
991 3017 1118 3061 super
1149 3017 1220 3045 me
1249 3017 1297 3045 os
1332 3018 1474 3045 suum.
1495 3023 1514 3040 »
1544 3002 1656 3045 Vere
1689 3002 1894 3061 pingues,
1931 3013 2115 3057 quorum
2146 2997 2256 3040 colla
2287 2997 2422 3039 thoris

272 3075 434 3135 adipeis
463 3077 692 3122 incrassata
719 3079 929 3138 liquidam
957 3081 1171 3125 sudabant
1211 3083 1423 3126 arvinam.
1465 3082 1558 3125 Nec
1591 3082 1764 3125 mirum.
1801 3079 2088 3124 visitaverant
2118 3078 2232 3121 enim
2264 3077 2418 3120 dome-

311 3298 462 3340 ¹Matth.‚
476 3307 548 3339 cap.
566 3307 688 3340 xxvln,
702 3308 733 3332 v.
752 3300 802 3333 13.
820 3318 860 3322 —
874 3302 886 3320 ²
904 3300 1046 3343 Persius,
1071 3303 1159 3344 Sat,
1186 3302 1225 3344 V,
1244 3312 1275 3337 v.
1300 3305 1349 3338 55.
1373 3323 1413 3328 —
1428 3305 1440 3325 ³
1462 3303 1570 3346 Joan.,
1597 3313 1671 3345 cap.
1696 3313 1748 3346 xi,
1766 3313 1795 3337 v.
1818 3305 1871 3337 47.
1893 3320 1933 3326 --
1953 3303 2094 3344 ‘Prov.‚
2114 3309 2184 3341 cap.
2204 3309 2232 3340 1,
2253 3309 2284 3333 v.
2309 3300 2356 3332 11.
2376 3315 2415 3322 —·

270 3352 279 3370 ⁵
292 3350 423 3384 Psalm.
444 3358 537 3392 cxix,
555 3358 586 3383 v.
599 3352 631 3390 2,
651 3351 684 3384 4.
702 3351 765 3375 —⁶
780 3350 911 3385 Psalm.
930 3361 1007 3393 xxi,
1024 3362 1054 3386 v.
1076 3355 1115 3387 1³
1130 3358 1163 3387 et
1181 3355 1230 3387 14.
