2638 3866
264 236 358 282 742
1075 233 1246 280 PETRI
1281 233 1596 281 ABAELARDI

263 337 390 383 circa
421 352 523 382 rem
547 334 855 399 praecedentis
885 333 1132 396 dictionis,
1170 333 1286 380 dum
1319 350 1427 382 eam
1449 344 1680 398 tanquam
1708 350 1737 382 a
1759 336 1953 382 Socrate
1984 351 2251 400 possessam
2284 338 2400 385 insi·

262 425 401 475 nuat,
431 425 478 461 et
513 414 605 460 tale
637 423 706 460 est
731 413 939 460 «domus
968 414 1218 460 Socratis»
1248 430 1303 461 ac
1327 415 1367 461 si
1399 414 1637 462 diceretur
1665 432 1676 460 z
1707 414 1923 461 «domus
1947 416 2241 464 Socratica.»
2267 418 2402 465 Simi-

261 495 367 542 liter
402 494 555 541 caeteri
591 493 773 558 obliqui
811 494 1054 542 transitive
1090 493 1331 558 aliquibus
1365 494 1563 542 vocibus
1598 494 1836 559 copulati,
1878 495 2110 558 quasdam
2143 497 2402 545 terminant

259 574 574 639 proprietates
595 575 721 621 circa
742 591 816 621 res
840 573 1213 640 praecedentium
1249 574 1516 622 dictionum
1535 609 1548 635 ‚
1583 574 1848 622 secundum
1871 574 2082 639 aliquem
2116 576 2318 624 modum
2349 595 2399 626 se

259 653 470 700 habendi
508 654 570 701 ad
604 671 678 701 res
719 670 843 702 suas.
883 659 1035 718 Atque
1066 656 1131 702 ita
1165 672 1222 702 ex
1257 654 1400 702 rebus
1426 654 1799 720 praecedentium
1825 654 2092 702 dictionum
2117 666 2164 703 et
2186 658 2400 722 proprie-

258 733 435 781 tatibus
467 751 553 799 per
576 734 800 799 obliquos
824 736 951 783 circa
973 752 1051 783 eas
1074 735 1400 783 determinatis
1416 773 1428 797 ,
1466 734 1686 800 quaedam
1719 751 1826 782 unae
1850 751 1926 783 res
1948 746 2209 801 compactae
2231 737 2401 786 intelli-

256 824 452 877 guntur.
491 817 623 881 Saepe
654 826 815 863 autem
839 817 1073 880 contingit
1095 816 1146 863 in
1179 832 1278 863 uno
1315 815 1561 864 intellectu
1591 815 1753 881 plures
1786 814 1889 862 fieri
1917 816 2282 880 conjunctiones
2318 828 2400 866 aut

255 894 514 943 divisiones
536 896 632 943 sive
655 895 1025 960 disjunctiones3
1066 913 1156 944 nec
1180 906 1342 945 tamen
1365 897 1476 944 ideo
1501 897 1658 944 unitas
1679 895 1865 943 tollitur
1887 896 2180 957 intellectus,
2211 899 2324 962 quia
2348 899 2395 946 in

255 984 359 1022 toto
394 976 636 1024 intellectu
667 978 807 1024 unius
837 978 1192 1042 conjunctionis
1216 994 1404 1025 summa
1432 985 1519 1024 est.
1545 975 1693 1024 Verbi
1725 976 1891 1040 gratia,
1921 977 1960 1024 si
1980 976 2138 1025 dicam
2165 996 2176 1025 :
2206 978 2396 1027 «homo

253 1055 507 1104 ambulans
527 1057 609 1121 qui
629 1057 793 1118 currit,
810 1079 832 1101 ›>
855 1058 932 1106 vel
960 1078 982 1103 «
1001 1058 1152 1105 homo
1176 1056 1392 1105 ambulat
1415 1058 1498 1121 qui
1522 1057 1688 1118 currit,
1705 1075 1728 1101 υ
1751 1056 1858 1104 duae
1877 1067 1990 1104 sunt
2008 1057 2391 1121 conjunctiones,

253 1152 349 1183 una
384 1136 580 1200 quidem
603 1154 767 1184 cursus
790 1137 851 1185 ad
874 1137 1125 1185 hominem
1148 1139 1198 1184 in
1227 1153 1285 1185 eo
1310 1137 1444 1202 quod
1479 1136 1653 1184 dicitur
1678 1136 1830 1184 homo
1858 1138 1943 1202 qui
1965 1138 2137 1199 currit,
2163 1138 2310 1186 altera
2332 1138 2395 1186 ad

252 1215 501 1263 hominem
535 1227 809 1265 currentem
847 1234 959 1264 cum
1000 1218 1273 1282 adjungitur
1311 1217 1542 1265 ambulat.
1591 1219 1702 1264 Haec
1739 1227 1809 1264 est
1850 1217 1981 1264 enim
2017 1227 2148 1264 recta
2176 1227 2396 1265 constru-

252 1295 423 1343 ctionis
449 1297 591 1344 series
617 1315 626 1343 :
661 1317 682 1342 «
709 1298 860 1345 homo
885 1298 968 1362 qui
993 1299 1142 1345 currit
1173 1297 1452 1363 ambulans,
1485 1297 1637 1344 homo
1668 1297 1753 1362 qui
1787 1298 1937 1345 currit
1960 1296 2192 1354 ambulat,
2224 1317 2247 1341 »
2273 1306 2320 1344 et
2342 1296 2395 1344 fit

250 1376 296 1423 in
338 1394 525 1425 summa
561 1379 707 1426 totius
748 1379 980 1426 orationis
1020 1395 1114 1426 una
1161 1379 1405 1444 copulatio
1444 1377 1785 1426 ambulationis
1821 1378 2000 1425 scilicet
2046 1377 2110 1425 ad
2144 1377 2394 1425 hominem

251 1456 392 1504 talem
417 1458 466 1505 id
491 1468 561 1506 est
585 1470 876 1507 currentem.
903 1459 997 1506 Sed
1020 1468 1066 1506 et
1091 1460 1130 1506 si
1153 1458 1311 1507 dicam
1340 1479 1363 1505 «
1378 1460 1530 1507 homo
1554 1459 1638 1523 qui
1661 1458 1811 1506 currit
1836 1468 1907 1506 est
1928 1458 2081 1505 homo
2112 1459 2195 1522 qui
2220 1458 2393 1506 ambu-

249 1537 337 1597 lat,
368 1558 389 1583 υ
418 1548 515 1586 tam
537 1540 583 1586 in
607 1541 849 1605 praedicati
875 1541 1095 1588 oratione
1119 1556 1265 1604 quam
1290 1541 1339 1588 in
1366 1540 1569 1605 subjecti
1593 1555 1689 1587 una
1717 1556 1804 1604 per
1827 1556 1877 1587 se
1901 1538 1954 1586 fit
1975 1539 2272 1603 conjunctio.
2299 1538 2394 1586 Sed

248 1618 357 1680 quia
392 1619 453 1664 ad
486 1619 579 1666 hoc
611 1620 751 1667 fuerit
784 1631 835 1667 ut
869 1621 930 1668 de
964 1621 1078 1686 ipsis
1114 1637 1281 1667 rursus
1317 1621 1367 1667 in
1399 1636 1588 1668 summa
1619 1620 1768 1667 totius
1799 1619 2143 1685 propositionis
2178 1635 2277 1666 una
2311 1617 2394 1666 fiat

247 1698 545 1761 conjunctio,
572 1700 784 1748 hominis
806 1702 985 1749 scilicet
1006 1702 1088 1765 qui
1115 1701 1331 1749 ambulat
1350 1702 1411 1749 ad
1435 1702 1685 1749 hominem
1708 1701 1792 1766 qui
1815 1702 1980 1760 currit,
2006 1717 2160 1748 unum
2184 1699 2394 1747 reddunt

244 1778 558 1826 intellectum.
582 1783 703 1827 Cum
721 1781 882 1845 itaque
905 1781 1064 1846 plures
1087 1782 1455 1845 conjunctiones
1470 1783 1519 1828 in
1545 1798 1646 1828 uno
1669 1781 1915 1828 intellectu
1936 1781 2002 1828 ita
2021 1780 2320 1828 conveniunt
2341 1789 2394 1826 ut

245 1860 328 1904 uni
355 1858 654 1907 subserviant
677 1877 864 1922 omneS,
891 1871 938 1908 et
958 1871 1157 1927 propter
1177 1861 1274 1908 hoc
1297 1862 1396 1908 istae
1420 1861 1662 1908 habentur
1686 1871 1738 1907 ut
1760 1877 1856 1907 una
1879 1877 1938 1908 ex
1961 1861 2028 1908 eis
2051 1860 2388 1918 constituatur,

242 1955 394 1986 unum
431 1956 626 1989 necesse
658 1951 729 1989 est
761 1941 1058 1990 intellectum
1096 1959 1198 1990 esse
1240 1942 1302 1990 ad
1336 1958 1483 2006 quem
1518 1941 1799 1989 habendum
1832 1957 1933 1988 uno
1969 1940 2143 1988 mentis
2176 1939 2388 2004 impulsu

241 2021 470 2067 continue
505 2022 697 2069 animus
729 2021 958 2069 tenditur.
988 2022 1302 2088 Multiplicem
1333 2038 1448 2069 vero
1481 2021 1777 2069 intellectum
1803 2021 2009 2068 dicimus
2038 2020 2217 2067 multos
2252 2018 2391 2066 intel-

241 2098 389 2147 lectus
422 2100 483 2148 ab
514 2102 722 2149 invicem
747 2102 1003 2149 dissolutos
1020 2138 1032 2162 ,
1063 2110 1115 2149 ut
1137 2103 1176 2150 si
1213 2102 1370 2149 dicam
1400 2102 1584 2148 «homo
1606 2101 1826 2165 lignum»
1852 2100 1929 2148 vel
1955 2098 2231 2147 «rationale
2262 2114 2392 2145 mor-

242 2180 351 2241 tale,
368 2199 390 2224 »
420 2181 497 2228 vel
524 2202 546 2227 «
568 2183 785 2230 animal»
809 2192 855 2230 et
877 2182 1207 2248 postmodum,
1231 2182 1483 2248 paululum
1518 2182 1786 2246 quiescens,
1814 2180 1992 2228 addam
2017 2198 2027 2226 :
2059 2179 2343 2238 «rationale,
2362 2197 2386 2222 κ

240 2259 418 2308 divisos
453 2262 723 2310 intellectus
757 2281 845 2311 nec
881 2264 943 2311 ad
974 2281 1122 2312 unam
1147 2281 1250 2312 rem
1276 2263 1646 2329 concipiendam
1680 2263 2023 2310 convenientes
2054 2260 2182 2309 binis
2219 2260 2387 2307 dictio·

240 2340 382 2387 nibus
416 2342 716 2403 demonstro,
744 2361 798 2392 ex
824 2361 922 2392 una
952 2362 1143 2410 quaque
1169 2344 1347 2392 scilicet
1371 2344 1582 2391 dictione
1613 2360 1665 2391 re
1697 2360 1783 2392 sua
1814 2352 2075 2407 concepta,
2101 2340 2281 2388 scilicet
2304 2355 2386 2386 ne·

239 2438 482 2486 quaquam
524 2424 594 2470 rei
638 2424 830 2471 alterius
865 2424 1063 2473 alteram
1100 2442 1202 2472 rem
1246 2423 1523 2489 copulando
1558 2433 1611 2471 ut
1646 2440 1799 2471 unum
1832 2421 2082 2487 quoddam
2118 2419 2387 2467 intellectus

240 2502 479 2551 conficiat.
509 2506 560 2552 ln
585 2505 782 2569 singulis
805 2506 984 2571 quippe
1007 2504 1409 2570 conceptionibus
1434 2506 1484 2552 in
1507 2521 1557 2552 se
1580 2505 1753 2551 iterum
1775 2503 1964 2551 animus
1992 2501 2135 2562 redit,
2162 2500 2300 2565 quasi
2334 2499 2384 2545 in

240 2583 438 2646 singulis
460 2595 648 2632 motum
671 2586 991 2650 intelligentiae
1011 2603 1106 2634 suae
1133 2586 1353 2647 inchoet;
1382 2602 1472 2633 nec
1494 2585 1605 2633 ideo
1629 2585 1858 2632 continue
1882 2582 1944 2631 ab
1971 2598 2071 2629 uno
2094 2581 2156 2628 ad
2179 2580 2384 2628 alterum

240 2662 468 2724 decurrit,
498 2682 553 2713 ac
579 2683 667 2731 per
690 2666 785 2714 hoc
814 2667 969 2715 unitas
995 2667 1319 2731 intelligentiae
1340 2666 1527 2713 tollitur
1549 2674 1598 2714 et
1620 2664 1919 2712 continuatio
1945 2661 2258 2710 interciditur.
2274 2662 2383 2707 Haec

242 2742 301 2789 de
328 2745 512 2793 unitate
536 2763 591 2793 ac
615 2746 964 2812 multiplicitate
990 2747 1322 2795 intellectuum
1346 2747 1456 2794 satis
1479 2746 1539 2794 sit
1561 2746 1611 2794 in
1635 2744 1996 2811 praesentiarum
2019 2742 2209 2789 dixisse.

908 2871 1005 2930 Oui
1023 2871 1135 2916 sani
1160 2869 1451 2929 z'ntellectu5‚
1479 2870 1563 2934 qai
1583 2869 1723 2915 cassi.

306 2977 442 3022 Nunc
463 2978 586 3025 ordo
613 2989 700 3041 est,
723 2980 857 3042 juxta
881 2980 1119 3045 propositi
1142 2979 1292 3026 nostri
1320 2979 1739 3043 praetitulationem
1758 2977 2050 3042 distinguere
2073 2975 2157 3040 qui
2179 2975 2281 3022 sani
2306 2974 2382 3020 vel

239 3056 360 3101 cassi
397 3057 686 3119 intellectus,
722 3061 806 3124 qui
835 3060 978 3107 etiam
1009 3060 1110 3106 veri
1146 3059 1223 3106 vel
1257 3059 1361 3106 falsi
1394 3059 1589 3106 dicendi
1617 3058 1729 3105 sint.
1761 3059 1914 3105 Sanos
1947 3055 2144 3122 quidem
2179 3054 2381 3101 dicimus

238 3135 507 3184 intellectus
531 3155 617 3202 per
649 3156 983 3203 quoscumque
1015 3140 1081 3185 ita
1109 3148 1163 3185 ut
1193 3155 1293 3186 sese
1315 3156 1390 3185 res
1424 3138 1571 3186 habet
1599 3137 1920 3196 attendimus,
1955 3138 2053 3184 sive
2083 3135 2152 3183 illi
2185 3132 2380 3196 quidem

239 3216 333 3262 sint
367 3217 605 3282 simplices
642 3219 739 3265 sive
777 3219 1048 3283 compositi.
1098 3219 1228 3265 Cassi
1259 3235 1375 3265 vero
1409 3236 1435 3265 e
1458 3220 1700 3266 contrario
1733 3218 1979 3278 dicuntur,
2016 3226 2113 3263 tam
2142 3212 2380 3278 simplices

240 3313 386 3360 quam
420 3298 691 3363 compositi,
728 3315 848 3362 quos
882 3298 1174 3362 frequentius
1206 3300 1461 3363 opiniones
1493 3315 1637 3363 quam
1671 3297 1940 3344 intellectus
1971 3310 2144 3342 vocare
2179 3308 2379 3341 consue-
