2638 3866
952 253 1254 302 THEOLOGI
1266 258 1298 304 Α
1345 257 1696 307 CHRISTlANA
1708 294 1718 304 .
2303 263 2401 309 393

247 354 341 402 hoc
366 363 437 402 est
467 354 614 402 totius
646 353 903 402 mundanae
938 352 1126 403 sabricae
1154 357 1489 421 quantitatem,
1522 360 1659 425 quasi
1690 370 1861 409 cuncta
1898 361 1946 409 in
1974 361 2160 411 mundo
2199 363 2402 412 vivificet

246 444 328 484 aut
362 444 573 496 moveat,
613 434 882 495 secundum
918 434 1014 483 hoc
1043 437 1224 503 accipe,
1259 438 1391 503 quod
1426 441 1610 506 optime
1639 452 1810 490 cuncta
1838 442 2074 509 disponit,

813 591 1067 653 Stabilisque
1090 609 1269 638 manens
1288 594 1363 638 dat
1381 608 1535 641 cuncta
1556 597 1714 640 moveri
1728 596 1756 639 ¹.

248 751 417 799 Vivere
469 751 613 799 etiam
669 750 717 798 in
773 751 875 799 Deo
930 761 1106 811 cuncta
1168 752 1398 802 dicuntur
1424 791 1436 814 ,
1492 755 1759 804 secundum
1814 755 1949 821 quod
2004 757 2050 803 in
2112 758 2216 823 ipso
2269 759 2399 807 nulla

245 840 358 879 sunt
402 842 619 892 mortua,
657 831 753 880 hoc
796 843 867 880 est
914 832 1118 894 inutilia,
1170 834 1255 882 sed
1299 836 1465 884 omnia
1516 837 1693 885 utiliter
1729 846 1813 885 aut
1861 839 2206 886 convenienter
2250 839 2395 900 facta,

244 913 345 961 sive
379 911 618 961 ordinata.
664 912 805 961 Unde
844 914 1077 981 scriptum
1119 917 1212 963 est’
1251 934 1261 963 ι
1303 916 1493 974 «Quod
1531 917 1710 965 factum
1745 927 1816 965 est
1863 918 1911 965 in
1955 919 2061 984 ipso
2095 920 2189 967 vita
2233 930 2349 981 erat,
2374 942 2394 963 »

243 993 340 1042 hoc
363 1003 435 1042 est
456 994 505 1042 in
536 994 658 1060 ipsa,
696 1003 956 1059 antequam
980 995 1179 1056 fierent,
1220 996 1521 1062 providentia
1546 997 1719 1046 divinae
1741 999 1984 1064 sapientiae
2008 1000 2398 1050 commodissime

247 1085 387 1124 erant
420 1074 660 1123 ordinata.
715 1075 839 1123 Hinc
877 1093 1041 1125 rursus
1086 1076 1260 1125 dicitur
1306 1080 1477 1126 «Deus
1518 1079 1595 1126 cui
1638 1080 1804 1127 omnia
1847 1080 2050 1127 vivunt»
2096 1099 2105 1127 :
2158 1091 2205 1128 et
2252 1085 2398 1147 Apos-

245 1150 373 1199 tolus
413 1150 600 1216 inquit⁸
641 1168 652 1197 ε
697 1170 722 1196 ι(
748 1153 800 1198 ln
843 1168 943 1216 quo
988 1153 1194 1200 vivimus
1221 1189 1234 1213 ,
1279 1170 1564 1216 movemur,
1613 1164 1660 1202 et
1706 1172 1889 1203 sumus,
1930 1176 1951 1199 n
2011 1158 2125 1203 Tam
2176 1156 2399 1219 homines

244 1248 390 1297 quam
427 1231 640 1297 pecudes
673 1231 900 1295 vivificat,
935 1234 1072 1298 cujus
1105 1233 1234 1282 dona
1271 1235 1430 1300 aliqua
1465 1235 1529 1283 ad
1564 1236 1711 1284 vitam
1747 1246 1847 1284 tam
1883 1236 2216 1302 sapientissimi
2250 1255 2397 1302 quam

244 1312 482 1378 simplices
519 1322 664 1378 atque
709 1313 870 1361 idiotae
903 1313 1102 1362 habent.
1146 1314 1285 1363 Unde
1319 1325 1365 1363 et
1399 1316 1450 1362 in
1492 1316 1775 1364 Ecclesiaste
1809 1316 2032 1365 dicitur⁵z
2067 1319 2231 1376 «Quis
2263 1320 2398 1367 novit

244 1393 437 1458 spiritus
465 1393 677 1442 filiorum
709 1393 861 1442 Adam
883 1395 923 1443 si
945 1395 1171 1443 ascendat
1193 1413 1402 1456 sursum,
1432 1406 1480 1444 et
1504 1397 1542 1444 si
1563 1397 1757 1462 spiritus
1775 1397 2111 1462 jumentorum
2135 1398 2397 1448 descendat

242 1475 546 1523 deorsumP»
584 1477 689 1523 Hoc
725 1485 796 1523 est
829 1476 912 1541 qui
944 1477 1040 1524 sint
1071 1477 1392 1543 praedestinati
1422 1477 1484 1525 ad
1519 1478 1697 1540 vitam,
1725 1478 1809 1543 qui
1844 1478 2059 1544 deputati
2090 1479 2152 1526 ad
2188 1490 2395 1528 mortem

241 1555 302 1604 de
336 1556 697 1622 sapientissimis
721 1565 768 1603 et
796 1556 977 1605 idiotis.
1003 1560 1114 1605 Haec
1147 1557 1208 1606 de
1231 1558 1479 1606 Macrobio
1505 1559 1703 1607 collecta
1728 1558 1983 1608 sufficiant.
2017 1560 2064 1606 Si
2097 1560 2205 1624 quis
2234 1570 2396 1608 autem

244 1654 322 1686 me
362 1638 498 1702 quasi
541 1637 874 1704 importunum
925 1655 982 1687 ac
1018 1638 1288 1687 violentum
1333 1640 1657 1706 expositorem
1694 1650 1933 1701 causetur,
1975 1657 2034 1688 eo
2079 1640 2215 1705 quod
2255 1642 2397 1689 nimis

242 1717 467 1784 improba
497 1719 797 1784 expositione
835 1718 896 1767 ad
928 1718 1076 1767 fidem
1106 1729 1321 1768 nostram
1358 1719 1504 1768 verba
1539 1720 1946 1787 philosophorum
1978 1721 2313 1786 detorqueam,
2351 1734 2398 1771 et

239 1799 336 1848 hoc
364 1799 431 1847 eis
458 1799 709 1865 imponam
736 1800 871 1865 quod
900 1817 1210 1867 nequaquam
1234 1802 1325 1868 ipsi
1356 1801 1615 1863 senserint,
1652 1802 1867 1850 attendat
1896 1802 2023 1850 illam
2056 1802 2247 1869 Caiphae
2280 1821 2395 1869 pro-

240 1879 484 1947 phetiam,
530 1897 678 1946 quam
713 1881 917 1947 Spiritus
961 1892 1155 1930 sanctus
1194 1899 1282 1949 per
1315 1883 1688 1949 eumssprotulit,
1728 1883 1871 1949 longe
1910 1883 1973 1932 ad
2012 1884 2160 1932 alium
2199 1901 2394 1933 sensum

240 1978 348 2010 eam
380 1961 776 2025 accommodans,
809 1979 954 2028 quam
980 1964 1196 2030 prolator
1218 1965 1320 2031 ipse
1348 1965 1562 2013 senserit.
1595 1968 1715 2014 Nam
1747 1975 1794 2013 et
1816 1966 1964 2014 sancti
1990 1965 2255 2031 prophetae,
2282 1983 2393 2013 cum

239 2042 398 2108 aliqua
442 2043 646 2110 Spiritus
692 2053 886 2092 sanctus
921 2062 1009 2111 per
1043 2062 1127 2093 eos
1161 2045 1395 2110 loquitur,
1435 2063 1536 2094 non
1568 2063 1738 2094 omnes
1768 2047 2054 2108 sententias,
2091 2046 2150 2094 ad
2192 2063 2311 2111 quas
2344 2065 2394 2095 se

238 2122 422 2172 habent
460 2123 608 2173 verba
648 2141 759 2187 sua,
802 2126 1097 2190 intelligunt3
1143 2126 1229 2174 sed
1265 2144 1389 2192 saepe
1428 2143 1573 2175 unam
1613 2137 1801 2175 tantum
1839 2128 1887 2174 in
1930 2128 1997 2175 eis
2030 2126 2238 2188 habent,
2281 2144 2393 2174 cum

238 2205 443 2271 Spiritus
468 2207 571 2271 ipse
594 2207 678 2271 qui
703 2223 789 2272 per
809 2224 892 2253 eos
913 2207 1145 2271 loquitur,
1176 2207 1350 2255 multas
1373 2208 1440 2255 ibi
1466 2208 1734 2274 provideat,
1761 2225 1909 2273 quare
1938 2207 2255 2274 postmodum
2279 2208 2394 2256 alias

239 2285 341 2334 aliis
364 2286 737 2351 expositoribus,
766 2296 813 2334 et
839 2286 953 2335 alias
982 2286 1084 2335 aliis
1112 2288 1330 2353 inspirat.
1358 2289 1498 2336 Unde
1522 2290 1784 2354 Gregorius
1811 2290 1858 2336 in
1889 2291 2105 2355 Regzlrtro
2130 2288 2192 2336 ad
2216 2291 2394 2337 Janua-

238 2368 365 2415 rium
385 2367 694 2435 episcopum⁸
715 2367 1037 2416 Caralitanum
1065 2368 1278 2417 scribens
1299 2370 1516 2435 loquitur
1540 2389 1551 2416 :
1582 2392 1603 2415 «
1623 2373 1676 2417 ln
1702 2370 1948 2418 intellectu
1969 2385 2113 2417 sacrae
2139 2370 2392 2435 Scriptura*

240 2449 402 2515 respui
427 2466 527 2496 non
554 2448 699 2497 debet
723 2445 963 2515 quidquid
994 2466 1119 2497 sanae
1150 2449 1263 2498 fidei
1298 2467 1399 2498 non
1425 2452 1615 2500 resistit.
1646 2452 1776 2499 Sicut
1802 2451 1933 2499 enlm
1965 2468 2020 2498 ex
2044 2467 2144 2498 uno
2168 2466 2288 2497 auro
2304 2450 2392 2497 alii

240 2529 544 2591 murenulas,
582 2530 660 2579 alii
696 2526 1050 2590 annulOS,'alii
1079 2531 1312 2580 dextralia
1349 2532 1409 2580 ad
1452 2543 1797 2581 ornamentum
1822 2532 2002 2580 faciunt
2044 2549 2054 2578 :
2097 2531 2161 2578 ita
2202 2548 2258 2578 ex
2295 2547 2390 2577 una

240 2611 494 2676 Scripturae
530 2627 673 2659 sacrae
704 2611 939 2659 sententia
975 2613 1274 2678 expositores
1304 2613 1485 2677 quique
1518 2630 1606 2679 per
1643 2614 1923 2660 innumeros
1958 2610 2228 2659 intellectus
2259 2611 2395 2674 quasi

242 2691 371 2745 varia
403 2700 688 2740 ornamenta
722 2702 1027 2758 componunt
1053 2694 1081 2740 τ’
1104 2709 1210 2756 quae
1235 2703 1397 2740 tamen
1431 2694 1595 2740 omnia
1627 2693 1690 2740 ad
1718 2693 1943 2740 decorem
1978 2692 2181 2739 coelestis
2207 2707 2393 2756 sponsae

239 2770 518 2837 proficiunt.
556 2791 579 2816 »
618 2776 722 2837 lpse
746 2782 975 2837 praeterea
1006 2772 1280 2820 Macrobius
1316 2790 1372 2820 ea
1397 2790 1502 2838 quae
1534 2773 1596 2820 de
1624 2773 1786 2820 anima
1822 2772 1993 2819 mundi
2028 2788 2055 2819 a
2090 2770 2391 2836 philosophis

241 2852 368 2899 dicta
404 2863 533 2912 sunt,
569 2853 769 2918 mystice
792 2853 1151 2918 interpretanda
1180 2869 1283 2900 esse
1311 2869 1455 2918 supra
1488 2853 1725 2901 meminit.
1753 2855 1872 2911 Quae
1902 2852 2048 2899 etiam
2078 2868 2189 2899 cum
2217 2852 2393 2917 exponi

241 2934 475 2981 veraciter
508 2943 588 2981 aut
621 2933 966 2981 convenienter
998 2933 1270 2980 nullatenus
1302 2941 1508 2998 queant,
1541 2944 1592 2981 ut
1624 2950 1771 2998 supra
1809 2933 2141 2992 meminimus,
2168 2934 2271 2998 ipsa
2305 2949 2394 2980 nos

243 3014 399 3062 littera
429 3013 489 3061 ad
518 3014 868 3080 expositionem
891 3014 1142 3078 mysticam
1170 3014 1437 3080 compellit.
1473 3013 1694 3061 Pluribus
1723 3030 1920 3079 quoque
1953 3023 2231 3061 sanctorum
2262 3014 2392 3060 testi-

245 3096 419 3143 moniis
443 3095 701 3143 didicimus
728 3095 1023 3143 Platonicam
1058 3097 1237 3143 sect‘am
1261 3095 1508 3144 catholicae
1531 3095 1643 3143 fidei
1668 3095 1986 3154 concordare,
2013 3094 2143 3143 unde
2168 3112 2267 3143 non
2291 3095 2394 3142 sine

290 3311 600 3351 'Consol.Philos.,
618 3311 998 3353 tib.ItI.—-²Joan.,cap.
1019 3320 1042 3351 ι,
1061 3313 1193 3346 v.3.—³
1207 3312 1278 3344 Act.
1354 3314 1365 3333 ⁸
1382 3311 1458 3352 Leg.
1479 3312 1525 3344 ad
1544 3311 1778 3345 Domitianum
1790 3310 2104 3353 metropolitanum.
2123 3309 2247 3351 Epist„
2262 3309 2318 3341 tib.
2336 3306 2392 3348 111,

246 3365 380 3406 Apost.,
399 3375 469 3406 cap.
490 3375 572 3406 xvii,
591 3375 622 3399 v.
639 3368 740 3400 28.-
755 3367 766 3387 ⁴
781 3366 924 3406 Eccles.⁷
954 3375 1024 3407 cap.
1045 3375 1092 3405 ιιι,
1118 3376 1147 3398 v.
1167 3369 1219 3400 21.
1241 3384 1278 3390 —
1353 3375 1407 3407 ep.
1429 3367 1481 3400 67.

2178 3426 2198 3444 ν

402 3441 431 3463 11
2178 3425 2227 3461 00
