2638 3866
280 237 375 285 628
1093 239 1264 286 PETRI
1306 239 1620 288 ABAELARDI

279 349 349 385 est
394 354 492 385 non
517 336 800 396 adtendens,
822 356 844 380 «
865 338 1101 402 quoniam,
1115 347 1247 386 tanta
1269 339 1372 403 ejus
1392 340 1664 404 benignitas
1683 341 1743 389 ad
1765 342 2115 408 poenitentiam,
2139 360 2163 395 ι)
2183 351 2418 406 quantum

281 419 328 464 in
369 433 418 463 se
458 426 549 475 est,
593 426 682 463 «te
705 415 917 478 adducit,
941 436 965 462 »
1004 417 1100 465 hoc
1136 429 1224 478 est,
1253 419 1363 467 facit
1400 438 1485 468 cur
1507 437 1613 469 eam
1647 421 1957 471 adtendendo
1995 423 2057 470 ad
2087 422 2415 487 poenitentiam

277 495 474 543 deberes
509 496 746 554 converti,
783 496 918 560 quod
952 506 1050 544 tam
1085 497 1351 562 benignum
1395 502 1758 567 contempsisti?
1790 506 1848 550 Et
1887 503 1990 550 haec
2025 502 2221 567 quidem
2252 517 2417 548 revera

277 576 517 623 fructuosa
548 587 618 623 est
642 577 918 641 poenitentia
939 579 1142 643 peccati,
1170 596 1281 627 cum
1309 580 1390 629 hic
1412 582 1555 629 dolor
1576 577 1718 648 atque
1749 584 1973 631 contritio
2002 583 2151 630 animi
2173 599 2230 629 ex
2251 598 2416 630 amore

275 656 380 713 Dei,
400 672 545 719 quem
558 666 657 704 tam
679 657 944 721 benignum
959 658 1282 722 adtendimus,
1302 662 1463 726 potius
1481 679 1627 727 quarn
1641 680 1700 711 ex
1718 664 1892 712 timore
1905 680 2159 729 poenarum
2175 661 2410 727 procedit.

340 737 462 782 Cum
508 735 604 783 hoc
646 746 807 784 autem
843 739 1019 801 gemitu
1061 749 1108 786 et
1143 741 1433 790 contritione
1471 743 1655 804 cordis,
1698 760 1846 808 quam
1880 760 2044 791 veram
2085 742 2415 808 poenitentiam

275 814 495 875 dicimus,
525 826 776 881 peccatum
811 834 911 865 non
944 830 1211 883 permanet,
1237 821 1333 869 hoc
1363 833 1451 884 est,
1478 833 1783 888 contemptus
1809 824 1915 883 Dei,
1952 824 2051 870 sive
2080 838 2342 870 consensus
2363 822 2414 868 in

276 895 456 943 malum
484 915 493 943 :
524 898 638 961 quia
666 897 873 946 charitas
896 900 983 947 Dei
1008 900 1139 948 hunc
1166 902 1396 965 gemitum
1419 904 1658 969 inspirans
1679 921 1778 951 non
1804 904 1982 969 patitur
2005 903 2215 968 culpam3
2242 905 2294 948 ln
2320 901 2415 948 hoc

273 977 431 1023 statim
466 978 642 1041 gemitu
680 981 782 1026 Deo
819 980 1203 1043 reconciliamur,
1233 992 1282 1030 et
1317 983 1628 1048 praecedentis
1660 985 1845 1050 peccati
1872 984 2058 1031 veniam
2095 983 2410 1047 assequimur,

267 1055 403 1118 juxta
417 1057 536 1104 illud
556 1059 824 1124 Prophetae¹
850 1079 861 1105 :
892 1063 1245 1127 «Quacumque
1264 1062 1386 1111 hora
1401 1074 1628 1128 peccator
1642 1065 1944 1128 ingemuerit,
1971 1063 2127 1111 salvus
2143 1063 2256 1124 erit;
2281 1062 2414 1109 »hoc

272 1146 342 1183 est
368 1137 517 1185 salute
539 1139 710 1186 animae
741 1156 838 1186 suae
859 1140 1031 1204 dignus
1053 1141 1302 1190 efficietur.
1334 1146 1438 1191 Non
1463 1146 1527 1193 ait
1554 1163 1565 1191 :
1593 1162 1692 1209 quo
1717 1162 1863 1204 anno,
1892 1144 1967 1191 vel
1989 1161 2088 1209 quo
2110 1159 2293 1202 mense,
2315 1142 2413 1189 sive

272 1233 368 1280 qua
393 1217 719 1280 hebdomada,
747 1220 821 1266 vel
838 1237 936 1285 quo
951 1221 1046 1283 die,
1065 1222 1150 1270 sed
1163 1240 1260 1288 qua
1273 1223 1418 1283 hora;
1437 1234 1491 1271 ut
1514 1225 1616 1272 sine
1630 1225 1859 1273 dilatione
1876 1225 2017 1271 venia
2035 1223 2235 1286 dignum
2254 1232 2415 1269 osten-

271 1296 373 1344 dat:
388 1315 478 1346 nec
491 1300 535 1346 ei
550 1316 745 1364 poenam
757 1311 984 1348 aeternam
999 1301 1182 1364 deberi,
1194 1304 1243 1349 in
1257 1319 1354 1367 qua
1367 1305 1580 1352 consistit
1595 1305 1935 1352 condemnatio
1952 1305 2151 1369 peccati.
2170 1303 2267 1349 Etsi
2282 1302 2413 1349 enim

269 1378 471 1425 articulo
506 1381 799 1428 necessitatis
833 1392 1124 1446 praeventuS,
1161 1400 1261 1430 non
1287 1383 1473 1432 habeat
1504 1385 1667 1432 locum
1698 1385 1926 1433 veniendi
1959 1385 2021 1432 ad
2055 1383 2411 1431 confessionem

268 1459 343 1506 vel
376 1460 637 1523 peragendi
670 1461 1062 1521 satisfactionem,
1089 1480 1398 1529 nequaquam
1421 1466 1470 1513 in
1503 1466 1599 1513 hoc
1626 1467 1804 1529 gemitu
1843 1465 1904 1512 de
1936 1465 2029 1512 hac
2056 1465 2153 1512 vita
2183 1463 2412 1511 recedens

268 1537 537 1600 gehennam
559 1541 784 1599 incurrit;
812 1542 947 1606 quod
976 1552 1046 1590 est
1075 1543 1343 1592 condonari
1375 1563 1403 1593 a
1425 1549 1529 1593 Deo
1554 1556 1824 1611 peccatum,
1861 1545 1957 1592 hoc
1992 1555 2088 1604 est,
2127 1560 2238 1591 eum
2268 1543 2412 1591 talem

267 1617 370 1666 fieri
391 1637 535 1684 quem
553 1621 654 1684 jam
677 1639 775 1669 non
801 1624 860 1670 sit
890 1624 1091 1688 dignum
1114 1626 1235 1673 sicut
1256 1630 1421 1675 antea²
1442 1637 1641 1693 propter
1664 1626 1779 1674 illud
1819 1626 1951 1691 quod
1977 1626 2215 1691 praecessit
2236 1641 2413 1690 pecca-

268 1709 398 1761 tum,
425 1702 709 1750 aeternaliter
743 1721 770 1750 a
815 1707 919 1751 Deo
954 1706 1130 1770 puniri.
1171 1710 1277 1754 Non
1312 1709 1442 1754 enim
1472 1712 1602 1755 Deus
1635 1726 1747 1755 cum
1781 1718 2033 1773 peccatum
2071 1705 2413 1772 poenitentibus

266 1780 539 1843 condonat,
600 1799 797 1831 omnem
854 1802 1049 1849 poenam
1097 1786 1163 1832 eis
1212 1787 1443 1849 ignoscit,
1497 1788 1581 1835 sed
1634 1788 1944 1835 solummodo
1992 1797 2236 1835 aeternam.
2278 1785 2413 1832 Multi

266 1876 476 1925 namque
503 1863 816 1927 poenitenteS,
851 1865 935 1930 qui
960 1866 1186 1930 praeventi
1225 1877 1397 1927 morte,
1424 1867 1797 1915 satisfactionem
1820 1868 2108 1932 poenitentiae
2124 1868 2171 1913 in
2201 1867 2292 1913 hac
2315 1866 2414 1912 vita

267 1958 368 1988 non
394 1953 611 2006 egerunt,
645 1945 799 2008 poenis
835 1947 1140 2010 purgatoriis,
1167 1963 1267 1993 non
1293 1946 1606 1994 damnatoriis
1642 1948 1690 1995 in
1725 1947 1883 1995 futura
1920 1957 2238 1995 reservantur.
2273 1945 2411 1993 Unde

263 2037 488 2086 suprema
514 2022 684 2086 judicii
703 2023 822 2085 dies,
856 2042 952 2089 qua
979 2026 1116 2073 multi
1148 2025 1363 2074 fidelium
1384 2027 1619 2092 puniendi
1639 2037 1773 2089 sunt,
1799 2038 1980 2092 quanto
2005 2029 2158 2092 spatio
2182 2027 2412 2091 temporis

262 2102 562 2164 extendatur,
589 2104 824 2151 incertum
848 2114 944 2152 est:
965 2107 1183 2169 quamvis
1196 2109 1480 2155 resurrectio
1498 2127 1521 2153 «
1539 2110 1590 2155 in
1605 2118 1872 2169 momento,
1899 2109 1948 2154 in
1966 2108 2064 2154 ictu
2081 2107 2229 2154 oculi³
2252 2125 2275 2150 »
2297 2105 2405 2166 fiat;

261 2191 314 2229 ut
344 2182 566 2230 videlicet
615 2183 682 2230 ibi
728 2184 788 2231 de
826 2185 978 2250 culpis
1018 2186 1336 2248 satisfaciant,
1373 2197 1610 2251 quantum
1647 2192 1775 2236 Deus
1810 2188 2101 2248 decreverit,
2135 2187 2196 2235 de
2234 2185 2410 2251 quibus

264 2262 530 2311 satisfacere
564 2263 857 2325 distulerint,
901 2276 982 2314 aut
1005 2267 1221 2331 permissi
1248 2284 1347 2315 non
1374 2278 1503 2315 sunt.

1130 2458 1373 2517 CAPUT
1431 2460 1548 2518 XX.

675 2602 819 2638 Utrum
856 2600 944 2651 quis
977 2600 1026 2639 de
1065 2613 1145 2639 uno
1176 2610 1334 2652 peccato
1371 2602 1454 2640 sine
1487 2602 1610 2640 altero
1640 2602 1827 2654 poenitere
1863 2602 2010 2655 possit?

327 2732 447 2777 Sunt
472 2732 556 2795 qui
582 2743 801 2797 quaerunt
819 2743 982 2780 utrum
1004 2734 1112 2798 quis
1138 2733 1199 2781 de
1236 2751 1335 2782 uno
1361 2745 1560 2799 peccato
1583 2736 1815 2800 poenitere
1835 2737 1984 2801 possit
2014 2746 2062 2783 et
2083 2752 2182 2783 non
2203 2736 2264 2783 de
2289 2736 2403 2797 atio,

264 2819 319 2856 ut
354 2821 469 2875 pote
509 2811 571 2858 de
606 2811 888 2874 homicidio,
929 2823 976 2861 et
1017 2830 1117 2861 non
1158 2814 1221 2861 de
1255 2814 1576 2862 fornicatione
1619 2832 1766 2878 quam
1799 2816 1958 2864 adhuc
1993 2825 2269 2882 perpetrare
2304 2832 2405 2863 non

261 2888 479 2936 desistit?
515 2891 610 2938 Sed
647 2894 684 2938 si
721 2893 1017 2941 fructuosam
1055 2894 1186 2941 illam
1224 2896 1557 2959 poenitentiam
1590 2896 1934 2959 intelligamus,
1967 2912 2113 2961 quam
2143 2897 2233 2943 Dei
2266 2911 2406 2943 amor

260 2968 495 3029 immittit,
528 2981 574 3018 et
592 2988 740 3035 quam
758 2974 1016 3036 Gregorius
1048 2973 1325 3022 describens
1355 2976 1422 3022 ait
1447 2993 1458 3020 :
1491 2995 1513 3020 «
1545 2976 1829 3024 Poenitentia
1853 2986 1924 3023 est
1954 2976 2207 3023 commissa
2230 2975 2405 3022 deflere

261 3057 308 3094 et
329 3048 491 3095 flenda
518 3067 618 3097 non
642 3053 968 3111 committere,
999 3074 1021 3096 ι)
1050 3070 1356 3118 nequaquam
1382 3056 1665 3119 poenitentia
1692 3056 1786 3103 dici
1818 3066 2001 3121 potest,
2039 3056 2101 3103 ad
2139 3071 2284 3119 quam
2317 3069 2408 3100 nos

263 3143 401 3175 amor
425 3130 513 3176 Dei
530 3131 797 3196 compellit,
818 3133 1005 3196 quoties
1028 3150 1154 3181 unus
1171 3145 1476 3200 contemptus
1492 3137 1741 3183 retinetur.
1768 3137 1817 3183 Si
1845 3137 1975 3183 enim
1994 3152 2132 3183 amor
2153 3135 2258 3195 Dei,
2285 3134 2407 3181 sicut

307 3321 314 3338 ¹
331 3317 465 3358 Ezech„
483 3325 554 3357 cap.
572 3325 692 3357 xxxin,
709 3326 740 3350 ν.
761 3319 799 3351 12
810 3323 842 3350 et
855 3319 906 3353 19.
923 3320 983 3343 —2
998 3320 1049 3352 Sic
1069 3321 1241 3360 legendum
1259 3323 1470 3363 suspicamur.
1499 3322 1610 3354 Pezius
1627 3322 1795 3355 animam.
1812 3339 1849 3345 -—
1867 3319 2040 3354 3(ῐοτὶηεὴ.
2055 3319 2081 3360 1,
2097 3327 2167 3359 cap.
2187 3327 2242 3359 xv,
2254 3327 2282 3351 v.
2299 3322 2351 3352 52.
