2638 3866
324 166 415 213 108
1126 165 1296 215 PETRI
1333 164 1646 214 ABAELARDI

318 281 429 312 cum
451 265 630 313 ibidem
663 266 819 312 statim
853 266 1072 314 additum
1099 270 1174 327 sit,
1201 284 1300 315 non
1326 268 1375 314 in
1402 277 1636 332 tempore,
1662 266 1746 314 sed
1767 283 1851 332 per
1882 274 2150 330 respectum
2173 267 2447 332 temporalis

318 347 634 407 generationis
657 346 871 410 ejusdem
887 347 990 394 Filii
1011 364 1069 395 ex
1091 358 1257 407 matre,
1278 347 1327 394 id
1345 346 1526 394 dictum
1551 357 1638 405 est,
1666 357 1719 394 ut
1740 346 1957 405 videlicet
1976 345 2079 393 haec
2101 346 2376 412 principalis
2398 358 2444 394 et

315 426 472 489 prima
494 426 568 487 sit,
592 442 697 488 quae
720 436 790 473 est
808 436 1001 487 aeterna,
1023 444 1109 492 per
1133 444 1278 492 quam
1302 427 1364 474 ab
1388 426 1653 491 aequalitate
1670 426 1815 474 Patris
1828 443 1928 474 non
1946 425 2209 484 receditur3
2232 426 2311 474 illa
2327 444 2442 474 vero

312 505 444 568 quasi
469 507 705 569 posterior
738 515 786 553 et
816 507 1111 571 temporalis,
1140 506 1408 554 secundum
1432 522 1579 569 quam
1605 507 1765 553 minor
1801 509 1934 554 Patre
1959 507 2060 571 ipse
2083 506 2226 553 Filius
2248 505 2438 553 dicitur.

314 587 570 632 Possumus
602 586 744 633 etiam
780 585 938 633 dicere
967 587 1015 634 in
1042 603 1102 634 eo
1120 587 1289 633 Filium
1313 603 1371 633 ex
1394 589 1531 633 Patre
1555 587 1750 651 proprie
1772 597 1938 634 natum
1963 602 2063 633 esse
2086 586 2182 633 sive
2206 587 2436 649 genitum,

308 664 441 727 quod
478 665 705 712 naturalis
741 667 800 713 sit
833 667 933 730 ejus
968 666 1134 726 Filius,
1177 683 1277 713 non
1320 666 1599 731 adoptivus,
1637 667 1758 714 sicut
1793 676 1839 714 et
1875 666 2034 714 statim
2073 666 2436 724 determinatur,

306 759 417 791 cum
441 745 661 793 subditur
687 762 786 793 non
819 747 1042 804 aliunde,
1070 746 1155 794 sed
1188 763 1243 793 ex
1267 762 1353 793 sua
1381 745 1662 794 substantia.
1687 745 1782 794 Sed
1807 755 1856 809 et
1883 746 2150 794 secundum
2172 746 2268 794 hoc
2304 747 2438 811 quod

300 824 433 885 juxta
456 825 772 890 philosophos
794 837 905 874 nata
927 827 1024 874 sive
1049 827 1206 891 genita
1234 827 1399 874 omnia
1421 826 1672 885 dicuntur,
1698 842 1801 890 quae
1828 826 1890 873 ab
1919 826 2080 891 aliquo
2105 827 2288 875 habent
2315 844 2433 884 esse,

302 906 495 969 proprie
524 905 667 953 Filius
689 906 818 953 solus
849 924 906 954 ex
931 910 1068 954 Patre
1093 917 1232 954 natus
1253 917 1350 968 est,
1385 907 1498 971 quia
1529 906 1658 954 solus
1682 908 1780 971 ipse
1805 906 2049 955 nascendo
2073 924 2130 954 ex
2153 908 2254 972 ipsa
2287 908 2438 955 Patris

301 983 562 1037 substantia
595 996 681 1033 est.
721 987 923 1051 Spiritus
955 1004 1070 1034 vero
1108 997 1299 1035 sanctus
1330 986 1596 1034 secundum
1632 986 1725 1034 hoc
1761 1003 1819 1033 ex
1858 990 1996 1034 Patre
2031 986 2135 1034 solo
2175 986 2436 1051 procedere

299 1066 493 1129 proprie
517 1065 707 1126 dicitur,
737 1066 871 1130 quod
896 1067 956 1114 ab
984 1084 1043 1114 eo
1069 1068 1136 1115 sic
1164 1067 1400 1132 procedit,
1431 1067 1566 1131 quasi
1588 1083 1617 1114 a
1634 1083 1822 1114 summo
1851 1067 2118 1133 principio,
2139 1067 2273 1131 quod
2304 1066 2435 1115 vide-

299 1143 408 1191 licet
430 1144 490 1191 ab
520 1146 612 1192 alio
634 1162 731 1193 non
760 1156 845 1193 est.
886 1146 1000 1194 Inde
1031 1149 1161 1195 enim
1192 1147 1372 1212 aliquid
1401 1135 1661 1213 procedere
1690 1146 1882 1207 dicitur,
1920 1147 2049 1195 unde
2083 1147 2241 1213 primo
2270 1148 2433 1195 venire

297 1239 352 1270 ac
377 1226 559 1272 moveri
582 1226 749 1290 coepit,
783 1227 903 1273 sicut
924 1227 1054 1274 lacus
1079 1244 1135 1274 ex
1175 1228 1332 1287 sonte,
1370 1244 1471 1275 non
1495 1245 1551 1275 ex
1586 1228 1707 1286 rivo,
1740 1227 1823 1275 sed
1856 1244 1943 1292 per
1977 1228 2135 1274 rivum
2175 1228 2433 1293 procedere

296 1302 482 1362 dicitur,
520 1305 569 1351 in
599 1322 743 1369 quem
777 1307 955 1353 scilicet
986 1308 1142 1354 rivum
1177 1324 1303 1371 aqua
1335 1309 1481 1372 ipsius
1510 1309 1641 1356 lacus
1677 1309 1736 1356 de
1764 1309 1897 1356 fonte
1934 1308 2162 1374 prodiens
2197 1326 2283 1375 per
2319 1326 2430 1356 eum

294 1385 458 1431 transit
485 1401 540 1432 ac
567 1387 784 1450 pervenit
811 1387 857 1432 in
887 1397 1124 1450 stagnum.
1155 1388 1231 1434 Sic
1260 1397 1308 1434 et
1342 1389 1544 1453 Spiritus
1570 1399 1761 1437 sanctus
1784 1406 1841 1436 ex
1873 1392 2008 1436 Patre
2039 1390 2232 1455 proprie
2258 1407 2430 1455 proce-

293 1463 405 1510 dere
437 1464 625 1522 dicitur‚
654 1468 788 1530 quasi
813 1483 842 1514 a
877 1483 1064 1514 summa
1092 1467 1293 1532 origine,
1329 1485 1434 1532 quae
1470 1469 1648 1517 scilicet
1670 1469 1864 1517 aliunde
1899 1486 1999 1517 non
2035 1469 2113 1529 sit,
2141 1479 2189 1517 et
2223 1469 2287 1518 ab
2323 1471 2429 1535 ipso

290 1543 337 1589 in
372 1545 559 1606 Filium,
591 1548 725 1610 quasi
759 1548 808 1594 in
842 1548 1017 1608 rivum,
1048 1548 1161 1612 quia
1194 1557 1241 1595 et
1256 1548 1387 1611 quod
1427 1549 1572 1597 habet
1605 1549 1748 1597 Filius
1781 1550 1844 1598 ab
1879 1550 1985 1615 ipso
2019 1549 2166 1598 habet
2197 1567 2225 1598 a
2255 1567 2354 1615 quo
2384 1561 2429 1598 et

289 1624 385 1671 hoc
407 1625 562 1689 ipsum
586 1625 731 1674 habet
755 1627 888 1691 quod
911 1628 1013 1692 ipse
1035 1637 1123 1687 est,
1160 1639 1206 1675 et
1236 1645 1323 1693 per
1354 1629 1526 1676 Filium
1556 1630 1618 1677 ad
1646 1647 1736 1678 nos
1759 1630 1955 1678 tandem
1977 1631 2115 1695 quasi
2135 1631 2183 1677 in
2208 1640 2428 1696 stagnum

288 1704 429 1768 hujus
459 1706 619 1752 seculi.
649 1709 839 1773 Quippe
865 1709 946 1772 qui
976 1708 1217 1766 omnia,in
1245 1709 1478 1773 sapientia
1502 1709 1612 1757 facit
1646 1726 1702 1757 ac
1738 1710 1982 1775 disponit,
2015 1711 2065 1756 in
2096 1710 2188 1757 hac
2217 1712 2319 1776 ipsa
2354 1729 2427 1760 sa-

286 1786 467 1848 pientia
502 1802 586 1834 sua
620 1788 850 1852 Spiritum
889 1788 1053 1835 tribuit
1085 1805 1283 1836 suorum
1316 1789 1674 1837 distributorem
1711 1790 1987 1851 donorum,
2022 1807 2122 1836 non
2153 1791 2426 1856 imProvide

285 1865 360 1911 vel
399 1866 766 1915 inconsiderate.
806 1868 944 1916 Unde
988 1878 1035 1916 et
1078 1873 1126 1916 B.
1170 1869 1376 1918 Hilarius
1411 1871 1642 1936 Spiritum
1685 1887 1715 1918 a
1758 1874 1894 1918 Patre
1942 1887 2028 1936 per
2062 1869 2233 1918 Filium
2278 1875 2426 1936 magis

284 1962 429 2009 quam
459 1964 486 1994 a
511 1951 646 1995 Patre
669 1958 715 1995 et
730 1949 847 1996 Filio
867 1950 1130 2014 procedere
1149 1968 1234 1998 seu
1258 1968 1377 2011 esse,
1401 1952 1522 1998 sicut
1542 1962 1589 1999 et
1609 1952 1731 1999 mitti
1759 1950 1996 2017 perhibet,
2027 1952 2093 1999 ita
2115 1962 2162 1998 et
2183 1951 2246 1999 ad
2268 1955 2424 2000 Deum

284 2029 469 2074 Patrem
495 2028 557 2075 de
585 2029 760 2094 Spiritu
784 2040 952 2077 sancto
976 2041 1023 2078 et
1047 2031 1166 2078 Filio
1189 2030 1392 2096 loquens
1413 2033 1462 2078 in
1490 2035 1572 2079 ΧΠ
1598 2032 1656 2079 de
1683 2034 1915 2079 Trc'm'tate
1939 2031 2063 2079 libro
2084 2051 2096 2092 ;
2127 2053 2149 2077 «
2181 2035 2448 2094 Insancto‘

281 2107 455 2171 Spiritu
494 2118 577 2156 tuo
610 2126 665 2157 ex
702 2120 748 2157 te
778 2111 993 2175 profecto
1017 2122 1063 2158 et
1086 2128 1173 2177 per
1195 2128 1309 2159 eum
1334 2113 1495 2160 misso.
1519 2132 1542 2158 »
1572 2116 1691 2160 Item
1713 2133 1724 2160 ε
1756 2133 1778 2159 «
1813 2116 1880 2160 Ex
1914 2122 1960 2160 te
1985 2129 2070 2178 per
2094 2130 2206 2160 eum
2230 2125 2423 2162 sanctus

280 2187 480 2250 Spiritus
498 2198 607 2237 tuus
627 2201 714 2237 est.
738 2210 759 2233 »
787 2195 933 2238 Item:
966 2211 990 2236 «
1018 2191 1189 2239 Filium
1220 2202 1355 2239 tuum
1383 2210 1479 2241 una
1503 2203 1663 2241 tecum
1686 2194 1904 2255 adorem,
1940 2204 2160 2241 sanctum
2190 2195 2420 2260 Spiritum

280 2275 416 2313 tuum
439 2270 522 2333 qui
544 2287 601 2317 ex
625 2280 671 2318 te
695 2288 778 2336 per
805 2273 1100 2335 unigenitum
1135 2281 1273 2318 tuum
1307 2283 1394 2334 est,
1429 2290 1725 2338 promerear.
1759 2294 1781 2317 2>
1812 2277 1869 2320 Et
1898 2273 1994 2321 hoc
2024 2273 2222 2321 fortasse
2248 2275 2415 2336 modo,

278 2348 316 2393 si
341 2364 369 2395 a
389 2349 492 2397 solo
521 2353 656 2398 Patre
676 2351 938 2416 procedere
963 2353 1191 2416 Spiritum
1217 2354 1369 2399 Graeci
1391 2353 1674 2417 intelligant,
1702 2370 1761 2401 eo
1785 2354 1963 2401 scilicet
1985 2354 2119 2418 quod
2139 2356 2206 2401 sic
2229 2354 2291 2402 ab
2312 2356 2418 2420 ipso

278 2427 351 2487 sit,
379 2431 516 2492 quasi
547 2447 574 2478 a
609 2448 800 2478 summo
835 2442 883 2478 et
913 2448 1014 2478 non
1042 2432 1269 2478 existente
1313 2431 1373 2479 ab
1414 2432 1525 2492 alio,
1555 2433 1685 2480 nulla
1707 2443 1778 2480 est
1799 2433 2044 2480 sententiae
2067 2436 2413 2494 controversia,

278 2507 358 2553 sed
375 2509 638 2557 verborum
659 2511 1131 2558 diversitas.Certum
1155 2513 1336 2577 quippe
1359 2522 1430 2559 est
1451 2523 1498 2560 et
1521 2513 1674 2560 solam
1698 2529 1954 2578 personam
1975 2514 2126 2560 Patris
2150 2513 2245 2560 hoc
2264 2515 2414 2562 modo

281 2602 515 2636 summam
548 2590 726 2638 debere
758 2591 1022 2656 praedicari,
1048 2592 1103 2639 'et
1139 2592 1368 2657 Spiritum
1391 2610 1587 2657 quoque
1611 2593 1673 2640 ab
1707 2594 1811 2659 ipso
1838 2609 1940 2640 esse
1963 2593 2086 2640 sicut
2107 2610 2135 2641 a
2153 2593 2296 2653 Filio,
2329 2596 2414 2657 qui

280 2664 424 2727 ipsius
446 2685 639 2733 quoque
661 2672 782 2718 sicut
805 2682 852 2719 et
872 2671 975 2718 Filii
994 2672 1196 2737 Spiritus
1220 2672 1411 2720 dicitur.

344 2747 486 2801 Quod
516 2765 631 2796 vero
659 2751 878 2798 nonnulli
905 2762 1178 2811 moventur,
1206 2770 1261 2799 ex
1287 2770 1345 2801 eo
1375 2753 1511 2817 quod
1531 2754 1735 2802 dicimus
1757 2755 1928 2802 Filium
1952 2771 1980 2802 a
2004 2758 2140 2801 Patre
2159 2772 2247 2819 per
2266 2772 2411 2818 gene—

278 2825 508 2872 rationem
532 2845 649 2886 esse,
679 2841 726 2876 et
749 2833 978 2895 Spiritum
1000 2850 1028 2880 a
1054 2836 1191 2880 Patre
1223 2843 1270 2881 et
1290 2850 1319 2881 a
1343 2834 1461 2881 Filio
1491 2851 1578 2899 per
1600 2835 1976 2899 processionem,
2000 2851 2089 2881 nec
2115 2844 2275 2881 tamen
2295 2834 2410 2897 *ideo

278 2905 465 2973 Patrem
487 2924 572 2969 per
595 2909 890 2957 existentiam
913 2913 1125 2976 priorem
1147 2930 1248 2960 esse
1269 2913 1414 2974 Filio,
1439 2915 1512 2961 vel
1536 2918 1725 2963 Patrem
1747 2926 1795 2963 et
1815 2915 1988 2962 Filium
2011 2915 2191 2979 Spiritu
2213 2924 2378 2962 sancto
2393 2951 2405 2973 ,

274 2994 430 3048 potest
453 3002 509 3032 ex
532 2987 793 3035 multorum
815 2990 1124 3039 similitudine
1149 2994 1479 3058 exemplorum
1503 2995 1670 3043 refelli.
1698 2996 1819 3043 Solis
1853 2996 2032 3060 quippe
2053 2994 2313 3041 substantia
2339 3004 2410 3041 est

273 3073 319 3110 et
346 3064 594 3129 splendida
616 3077 661 3114 et
683 3068 1024 3130 illuminabilis,
1051 3072 1100 3118 id
1132 3082 1201 3119 est
1229 3083 1402 3137 potens
1425 3074 1695 3123 illuminate
1721 3075 1927 3140 aliquid,
1957 3084 2005 3121 et
2032 3091 2143 3121 cum
2167 3074 2227 3121 sit
2248 3074 2408 3139 splen-

272 3144 362 3191 dor
388 3162 443 3192 ex
473 3147 589 3206 sole,
625 3155 671 3193 et
700 3148 1073 3197 illuminabilitas
1101 3169 1157 3198 ex
1188 3153 1288 3200 sole
1318 3154 1460 3200 simul
1487 3166 1535 3202 et
1567 3156 1841 3221 splendore,
1870 3171 2118 3219 nunquam
2153 3164 2312 3202 tamen
2350 3171 2405 3201 ex

272 3224 344 3271 his
365 3225 515 3273 tribus
538 3226 732 3291 aliquod
750 3246 834 3292 per
854 3231 1148 3279 existentiam
1176 3232 1372 3298 aliquod
1396 3234 1590 3282 illorum
1612 3237 1917 3300 praecessent
