2638 3866
792 199 852 248 IN
888 199 1218 248 EPISTOLAM
1251 201 1333 250 AD
1368 199 1669 249 ROMANOS.
2040 212 2043 213 ’
2213 196 2298 245 161

160 303 289 352 tione
324 301 502 350 caeteris
539 300 812 366 praecellens
839 317 850 346 ε
878 309 1046 364 utpote
1076 300 1160 364 qui
1200 311 1364 366 raptus
1399 310 1470 348 est
1512 300 1574 348 ad
1611 299 1803 347 tertium
1827 298 2030 358 coelum,
2059 307 2106 345 et
2127 296 2310 345 audivit

160 400 334 432 arcana
353 382 524 442 verba,
555 399 658 447 quae
692 398 793 428 non
825 379 935 428 licet
957 380 1146 429 homini
1180 382 1333 446 loqui.
1361 385 1397 429 A
1423 398 1523 446 quo
1547 381 1692 428 etiam
1714 380 1816 446 ipse
1847 381 2031 446 primus
2058 378 2305 443 apostolo-

160 480 268 512 rum
308 479 337 511 a
372 464 640 529 perniciosa
677 461 983 509 simulatione
1024 472 1270 509 correctus
1306 472 1405 524 est,
1445 472 1493 510 et
1531 462 1754 509 universa
1791 461 2000 509 Ecclesia
2035 458 2309 526 spiritaliter

160 545 418 604 instructa,
444 554 498 592 ut
535 545 661 592 inter
700 543 921 590 universa
962 544 1450 608 sanctorumscripta
1484 543 1585 607 ejus
1623 542 1844 607 Epistolae
1879 541 2180 607 privilegium
2212 549 2310 587 tam

160 625 362 673 utilitate
392 609 539 690 quam
575 620 832 672 subtilitate
863 623 1048 689 adeptae
1083 625 1194 671 sint.
1233 626 1450 682 Quarum
1483 640 1615 671 nunc
1650 624 1789 670 istam
1826 639 1932 686 quae
1969 622 2031 670 ad
2066 624 2309 668 Romanos

160 705 399 769 dirigitur,
428 705 766 772 exponendam
792 706 1116 770 suscepimus3
1144 721 1251 769 quae
1274 705 1494 751 omnium
1516 703 1950 752 eruditissimorum
1979 702 2181 767 judicio,
2211 711 2307 748 tarn

161 785 328 833 litterae
347 785 627 835 difficultate
651 802 798 850 quam
817 786 1060 833 rationum
1086 784 1348 832 subtilitate
1371 785 1601 850 implicita
1619 795 1706 832 est.

231 885 255 912 «
284 868 474 914 Servus.
508 887 531 910 »
558 869 680 915 Cum
713 865 840 914 dicat
870 865 1099 932 apostolis
1133 866 1395 913 Dominus¹
1422 883 1432 911 :
1473 885 1496 910 α
1523 868 1629 913 Jam
1662 881 1763 913 non
1799 864 1961 912 dicam
1994 881 2082 912 vos
2121 880 2304 925 servos,

163 946 247 996 sed
282 948 490 1008 amicos,
520 967 543 992 υ
569 963 718 1012 quare
741 963 874 994 nunc
899 946 1154 1012 Apostolus
1176 963 1226 994 se
1254 962 1447 993 servum
1469 945 1758 1012 appellavit?
1785 946 1845 993 At
1869 961 2007 1003 vero,
2044 955 2095 992 ut
2118 954 2310 1010 praeter-

162 1028 408 1083 mittamus
433 1028 726 1092 distinguere
755 1027 856 1075 duo
889 1044 1064 1091 genera
1091 1044 1365 1087 servorum,
1389 1026 1439 1074 id
1465 1020 1533 1074 est
1557 1026 1882 1091 subjectorum
1898 1063 1910 1085 ‚
1938 1043 2147 1091 quorum
2179 1025 2312 1073 vide-

162 1107 273 1156 licet
305 1109 422 1156 alios
459 1110 604 1156 timor
639 1125 792 1175 poenae
827 1108 1068 1173 subjectos
1098 1118 1257 1169 tenet3
1289 1108 1350 1156 de
1383 1107 1559 1173 quibus
1596 1107 1770 1155 dicitur
1797 1108 1937 1172 quia²
1963 1127 1986 1151 «
2013 1124 2177 1154 servus
2209 1123 2309 1155 non

164 1199 328 1237 manet
350 1190 398 1236 in
426 1190 576 1238 domo
603 1191 651 1237 in
677 1200 931 1251 aeternum3
953 1209 976 1235 »
1002 1200 1050 1237 et
1071 1190 1246 1238 iterum
1270 1189 1414 1237 illud³
1437 1207 1447 1235 ε
1479 1209 1500 1234 «
1525 1191 1647 1236 Cum
1671 1188 1873 1236 feceritis
1897 1189 2060 1236 omnia
2085 1196 2312 1252 qu'aecun-

163 1285 258 1334 que
278 1280 517 1336 praecepta
546 1270 722 1318 fuerint
739 1271 896 1331 vobis,
923 1271 1068 1318 dicite
1095 1290 1105 1318 :
1139 1272 1272 1319 Servi
1309 1270 1501 1319 inutiles
1532 1287 1723 1330 sumus;
1754 1288 1775 1314 n
1799 1269 1918 1316 alios
1949 1286 2147 1334 quoque
2175 1285 2313 1317 amor

164 1348 444 1397 obedientes
469 1350 605 1412 facit,
634 1351 811 1416 quibus
835 1351 1032 1416 quidem
1057 1351 1255 1399 dicitur'·
1278 1371 1288 1399 z
1324 1373 1346 1396 (ι
1377 1354 1505 1416 Euge
1520 1386 1533 1409 ‚
1556 1368 1690 1399 serve
1713 1349 1844 1398 bone
1866 1360 1913 1397 et
1938 1349 2120 1411 fidelis,
2144 1359 2236 1397 etc.
2254 1370 2266 1411 ς
2287 1369 2307 1395 xv

163 1429 299 1478 facile
324 1441 418 1492 est,
438 1431 674 1496 praedictae
699 1434 951 1498 quaestioni
974 1434 1116 1481 etiam
1145 1433 1241 1480 hoc
1273 1433 1422 1480 modo
1453 1432 1773 1498 respondere,
1802 1431 1937 1495 quod
1961 1431 2054 1478 alio
2074 1430 2223 1478 modo
2246 1430 2314 1478 di-

163 1511 288 1558 citur
307 1528 472 1560 servus
495 1513 801 1578 simpliciter,
828 1513 923 1561 alio
950 1514 1101 1561 modo
1129 1531 1294 1562 servus
1317 1514 1492 1561 dicitur
1510 1513 1711 1574 Christi,
1735 1513 1833 1560 sive
1854 1528 2018 1559 servus
2041 1511 2217 1559 bonus.
2245 1510 2314 1558 lbi

164 1592 294 1639 enim
315 1593 451 1657 quasi
480 1595 669 1641 coactio
692 1594 914 1658 quaedam
938 1612 995 1642 ex
1018 1595 1175 1643 servili
1198 1596 1371 1643 timore
1400 1611 1500 1642 non
1525 1594 1796 1642 voluntaria
1818 1592 2052 1656 subjectio
2077 1602 2315 1640 monstra-

168 1681 268 1732 tur,
295 1672 374 1720 hic
398 1689 484 1737 per
507 1690 721 1721 amorem
754 1674 947 1722 filialem
970 1676 1246 1723 obedientia
1269 1676 1563 1738 designatur.
1591 1677 1689 1721 Nec
1721 1673 1918 1720 fortasse
1943 1689 2134 1720 necesse
2163 1683 2235 1720 est
2259 1690 2315 1720 ex

166 1753 364 1800 nomine
392 1753 518 1801 servi
559 1755 835 1820 simpliciter
866 1755 1329 1820 prolato‚'coactam
1360 1771 1552 1821 semper
1592 1764 1639 1802 et
1670 1771 1770 1801 non
1808 1753 2128 1801 voluntariam
2160 1753 2318 1817 subje-

164 1826 374 1881 ctionem
395 1834 589 1898 signari,
608 1836 697 1883 nisi
722 1835 843 1883 sorte
862 1853 950 1901 per
974 1835 1259 1900 adjunctum
1279 1836 1478 1902 aliquod
1497 1836 1711 1884 amicalis
1736 1834 1970 1899 subjectio
1994 1843 2314 1894 removeatur,

165 1913 312 1961 veluti
327 1932 447 1970 ⁴cum
471 1915 646 1963 dicitur
663 1919 676 1941 ⁵
698 1935 708 1963 :
744 1927 777 1960 (ε’
794 1919 899 1964 ,lam
926 1935 1027 1965 non
1047 1917 1206 1965 dicam
1221 1934 1309 1965 vos
1323 1934 1505 1975 servos,
1531 1917 1616 1965 sed
1639 1917 1840 1965 amicos.
1863 1936 1886 1960 ›>
1913 1918 2035 1964 Cum
2053 1917 2183 1963 enim
2207 1916 2318 1964 sub·

166 1993 325 2052 ditur,
356 2016 379 2039 c<
406 1995 492 2043 sed
514 1997 721 2057 amicos,
752 2017 775 2040 »
806 1999 943 2062 quasi
971 1998 1275 2046 adversando
1298 1999 1361 2047 ad
1385 1997 1504 2046 illud
1539 1998 1674 2063 quod
1698 2008 1795 2060 est,
1826 2018 1849 2041 «
1875 2013 2064 2056 servos,
2096 2017 2118 2040 n
2146 1996 2320 2044 intelli-

166 2084 344 2138 guntur
371 2092 473 2123 non
505 2078 734 2142 praemissi
762 2079 886 2126 servi
922 2079 989 2126 illi
1023 2081 1107 2144 qui
1147 2090 1337 2127 tantum
1368 2090 1480 2127 sunt
1515 2080 1669 2141 servi,
1697 2096 1797 2126 non
1832 2078 1977 2126 etiam
2015 2078 2174 2125 amici.
2215 2078 2319 2125 Alio

165 2156 318 2204 modo
342 2157 624 2221 generaliter
643 2160 767 2210 servi
790 2159 1017 2207 dicuntur
1037 2178 1207 2208 omnes
1226 2161 1294 2208 illi
1317 2171 1415 2209 tam
1435 2161 1556 2209 boni
1579 2161 1655 2208 vel
1679 2159 1816 2222 mali,
1834 2159 2011 2224 quibus
2035 2158 2212 2206 talenta
2235 2175 2321 2206 sua

167 2237 406 2284 Dominus
439 2239 696 2286 commisit.
727 2227 872 2287 Servi
893 2241 1055 2305 itaque
1082 2243 1368 2305 generaliter
1387 2242 1616 2290 dicuntur
1632 2278 1645 2302 ,
1673 2242 1772 2289 sive
1796 2258 1880 2289 eos
1902 2242 1985 2305 qui
2007 2249 2218 2305 praesunt
2248 2239 2322 2286 di·-

166 2316 316 2381 ligant
336 2318 435 2365 sive
459 2335 588 2381 non,
629 2319 899 2368 dummodo
938 2322 1005 2369 eis
1040 2323 1104 2370 ita
1139 2322 1341 2387 subjecti
1362 2324 1484 2386 sint,
1511 2331 1564 2370 ut
1588 2324 1637 2370 in
1663 2339 1834 2370 eorum
1867 2323 2058 2387 penitus
2090 2329 2322 2386 potestate

168 2407 267 2446 tam
303 2415 378 2446 res
415 2415 585 2447 eorum
616 2417 764 2464 quam
793 2402 885 2467 ipsi
918 2413 1263 2468 permaneant;
1291 2414 1346 2451 ut
1374 2421 1463 2452 nec
1489 2404 1674 2470 seipsos
1698 2420 1789 2450 nec
1824 2402 2007 2467 aliquid
2034 2403 2066 2449 ii
2093 2402 2176 2466 qui
2198 2402 2321 2448 servi

167 2477 394 2526 dicuntur
421 2480 698 2545 possideant
721 2482 993 2548 proprium.
1025 2486 1130 2537 Hoc
1160 2484 1322 2548 itaque
1352 2484 1501 2532 modo
1526 2501 1575 2532 se
1601 2483 1826 2537 hocloco
1848 2482 2105 2548 Apostolus
2130 2498 2321 2529 servum

169 2558 343 2608 Christi
365 2562 584 2610 nominat
607 2580 618 2609 ε
645 2563 724 2610 cui
747 2579 797 2610 se
819 2563 1012 2629 penitus
1030 2564 1097 2612 ita
1115 2564 1412 2628 subjecerat,
1441 2575 1495 2612 ut
1520 2564 1640 2613 nihil
1667 2581 1756 2611 suo
1776 2564 2065 2627 relinqueret
2091 2561 2289 2609 arbitrio
2305 2597 2318 2621 ,

168 2638 252 2686 sed
278 2649 434 2688 totum
455 2658 504 2689 se
524 2642 696 2690 Christi
722 2643 952 2691 subderet
974 2643 1227 2707 voluntati,
1247 2645 1412 2692 dicens
1435 2645 1554 2692 illud
1580 2646 1622 2692 ei
1644 2661 1730 2709 per
1754 2644 1916 2691 omnia
1930 2645 1943 2667 ⁶
1959 2661 1969 2688 :
1986 2663 2007 2687 «
2029 2643 2130 2689 Fiat
2149 2642 2320 2689 volun-

170 2728 240 2766 tas
258 2728 394 2768 tua.»
413 2723 533 2780 Quis
555 2723 698 2770 etiam
721 2724 899 2790 culpet,
916 2724 1053 2789 quod
1072 2742 1184 2772 cum
1208 2725 1447 2772 Dominus
1472 2742 1559 2790 per
1586 2725 1787 2788 gratiam
1814 2723 1934 2770 nolit
1956 2723 2057 2787 jam
2076 2723 2322 2788 apostolos

169 2800 412 2865 appellare
435 2819 620 2864 serVOS,
661 2804 753 2870 ipsi
779 2815 942 2853 tamen
969 2822 1056 2870 per
1076 2805 1396 2852 humilitatem
1419 2821 1470 2852 se
1498 2821 1664 2852 servos
1691 2803 2038 2869 profiteantur?
2059 2806 2166 2850 Non
2190 2804 2321 2851 enim

171 2880 236 2927 ait
259 2898 269 2926 ι
301 2901 323 2925 ι(
346 2884 451 2929 Jam
477 2899 576 2930 non
605 2883 774 2931 dicetis
797 2901 883 2933 vos
906 2902 1086 2945 servos,
1108 2885 1193 2932 sed
1216 2886 1425 2945 amicos;
1457 2905 1480 2928 >2
1508 2884 1617 2947 sed,
1649 2905 1671 2928 α
1695 2889 1795 2950 Jam
1818 2902 1919 2932 non
1944 2884 2103 2932 dicam
2121 2901 2207 2932 vos
2227 2901 2323 2933 ser-

171 2976 285 3023 vos,
310 2961 397 3009 sed
419 2963 616 3010 amicos.
643 2984 666 3007 >2
687 2967 814 3011 Bene
837 2974 998 3012 autem
1020 2965 1302 3030 Apostolus,
1335 2964 1530 3012 cum‘ad
1562 2964 1892 3012 obediendum
1912 2965 2034 3013 alios
2056 2964 2247 3026 invitet,
2273 2981 2324 3012 se

172 3040 393 3106 primitus
416 3041 724 3115 obedientem
743 3044 998 3110 profitetur
1019 3063 1029 3092 ε
1054 3055 1109 3094 ut
1129 3062 1231 3094 non
1251 3045 1410 3093 solum
1433 3045 1612 3108 verbo,
1634 3063 1801 3093 verum
1826 3046 1971 3094 etiam
1993 3045 2143 3110 magis
2167 3062 2325 3093 exem-

218 3248 356 3291 ¹Joan.,
376 3259 448 3291 cap.
472 3260 528 3292 xv,
552 3261 583 3284 v.
610 3253 659 3286 15.
679 3269 717 3276 —
731 3253 742 3272 ²
756 3252 865 3293 Joan„
890 3262 962 3295 cap.
981 3263 1059 3295 viu,
1083 3263 1112 3287 v.
1139 3257 1190 3289 35.
1212 3273 1252 3279 —
1273 3256 1286 3276 ³
1304 3254 1398 3297 Luc„
1420 3264 1494 3297 cap.
1515 3265 1600 3297 xvii,
1621 3265 1651 3289 v.
1674 3257 1723 3290 10.
1743 3256 1802 3280 —⁴
1818 3256 1946 3296 Manli„
1965 3264 2036 3297 cap.
2062 3263 2141 3294 xxv,
2161 3263 2190 3284 v.
2208 3255 2260 3286 23.
2286 3269 2323 3274 —-

160 3304 167 3320 '¹
203 3301 310 3344 joan„
328 3314 400 3346 cap.
428 3315 484 3345 xv,
501 3315 532 3338 v.
551 3308 601 3340 15.
625 3325 662 3331 —
678 3308 690 3328 ‘³'
705 3308 834 3349 Matth.‚
847 3317 918 3350 cap.
940 3317 982 3350 vi,
1002 3318 1031 3342 v.
1055 3311 1106 3344 10.

338 3379 369 3403 11
2113 3371 2157 3407 21
