2638 3866
341 200 403 246 68
1126 194 1295 245 PETRI
1330 189 1644 245 ABAELARDI

340 299 512 363 inquit,
540 298 911 363 disciplinarum,
938 312 1085 361 quam
1104 297 1409 344 Dialecticam
1430 308 1619 345 vocant.
1650 300 1759 345 Haec
1783 297 1946 345 docet1
1969 297 2160 345 docere.
2190 301 2300 347 Haec
2327 299 2469 347 docet

342 380 537 426 discere.
565 381 617 424 ln
651 378 741 424 hac
763 377 965 442 seipsam
984 380 998 403 ²
1019 378 1138 424 ratio
1164 377 1478 438 demonstrat,
1503 387 1646 443 atque
1672 379 1824 444 aperit
1843 394 1949 442 quae
1972 377 2057 438 sit,
2081 378 2199 442 quid
2217 379 2356 438 velit3
2382 381 2470 426 scit

341 459 486 519 scire3
513 458 613 505 sola
637 459 837 505 scientes
868 458 1021 505 facere
1040 475 1139 504 non
1163 457 1317 505 solum
1335 458 1437 504 vult
1452 495 1463 517 ,
1499 458 1585 506 sed
1603 460 1744 507 etiam
1768 468 1942 523 potest.
1965 478 1986 501 n
2023 458 2158 505 Idem
2181 459 2230 505 in
2256 459 2470 507 secundo

342 537 399 584 de
420 539 650 585 Doctrina
675 537 947 585 Christiana
962 576 973 598 ,
1001 555 1112 585 cum
1135 539 1258 585 inter
1279 554 1447 585 omnes
1483 548 1607 586 artes
1643 539 1881 604 praecipue
1912 537 2218 587 Dialecticam
2249 548 2296 586 et
2315 538 2471 586 Arith-

342 619 562 666 meticam
576 634 717 665 sacrae
730 618 912 684 paginae
929 619 1215 666 necessarias
1240 634 1340 665 esse
1357 617 1686 682 profiteantur,
1703 618 1832 666 illam
1851 618 2048 683 quidem
2065 618 2127 666 ad
2143 617 2471 666 dissolvendas

343 699 641 763 quaestiones,
654 698 780 745 hanc
802 699 863 745 ad
883 698 1212 762 allegoriarum
1225 699 1458 762 ‘mysteria
1480 698 1795 760 discutienda,
1808 714 1913 763 quae
1933 698 2204 761 frequenter
2225 699 2274 745 in
2291 699 2472 747 naturis

343 795 656 826 numerorum
690 779 1052 842 investigamus,
1083 788 1217 826 tanto
1251 778 1453 843 amplius
1480 779 1784 826 Dialecticam
1818 778 2006 839 extulit,
2048 788 2231 842 quanto
2268 779 2472 843 amplius

342 875 447 906 eam
471 859 784 906 necessariam
810 858 1088 921 assignavit,
1111 858 1173 905 ad
1193 874 1361 904 omnes
1377 858 1596 906 videlicet
1617 859 1935 922 quaestionum
1961 857 2285 906 dubitationes
2303 858 2472 905 termi-

342 939 542 987 nandas.
560 939 634 986 Ait
649 949 807 985 autem
834 938 899 1005 sie
913 940 949 985 ⁸:
970 958 993 981 (ε
1010 941 1202 986 Restant
1225 954 1280 985 ea
1302 954 1406 1002 quae
1426 955 1525 985 non
1546 938 1607 985 ad
1623 939 1839 1003 corporis
1858 955 2041 998 sensus,
2058 937 2143 986 sed
2159 938 2222 985 ad
2237 939 2474 985 rationem

341 1018 606 1083 pertinent,
641 1018 722 1066 ubi
762 1018 1062 1083 disciplinam
1103 1017 1440 1083 disputationis
1472 1020 1643 1082 regunt
1678 1027 1725 1065 et
1757 1018 1963 1066 numeri.
2007 1018 2101 1065 Sed
2138 1017 2476 1083 disputationis

341 1098 591 1164 disciplina
620 1098 680 1146 ad
709 1099 871 1146 omnia
899 1114 1072 1162 genera
1093 1098 1411 1163 quaestionum
1439 1114 1546 1162 quae
1568 1098 1617 1144 in
1642 1098 1817 1145 sanctis
1839 1098 1971 1145 libris
1992 1099 2302 1146 continentur
2325 1097 2487 1163 pluri-.-

342 1196 477 1226 mum
507 1179 657 1227 valet..
684 1182 861 1225 Tamen
879 1164 946 1225 ibi
969 1177 1184 1225 cavenda
1203 1188 1275 1225 est
1294 1178 1447 1225 libido
1470 1178 1672 1239 rixandi,
1707 1188 1753 1225 et
1770 1178 1964 1243 puerilis
1982 1178 2201 1243 quaedam
2219 1178 2474 1225 ostentatio

342 1257 611 1324 decipiendi
639 1257 985 1306 adversarium,
1021 1260 1142 1305 Sunt
1163 1259 1292 1305 enim
1317 1258 1514 1322 quidem
1536 1258 1686 1306 multa
1708 1275 1814 1323 quae
1836 1259 2138 1324 appellantur
2160 1258 2471 1323 sophismata,

340 1339 459 1385 sicut
494 1338 824 1386 conclusiones
856 1339 1122 1397 rationum,
1158 1347 1203 1384 et
1232 1338 1518 1402 plerumque
1550 1339 1616 1386 ita
1647 1355 1784 1386 veras
1816 1332 2080 1401 imitantes,
2111 1349 2164 1386 ut
2193 1356 2293 1386 non
2317 1339 2474 1386 solum

340 1417 518 1479 tardos,
553 1417 636 1465 sed
656 1417 928 1481 ingeniosos
951 1417 1094 1463 etiam
1113 1417 1273 1464 minus
1296 1426 1503 1464 attentos
1525 1417 1782 1483 decipiant.
1815 1419 1961 1476 Quod
1984 1409 2134 1483 genus
2155 1419 2477 1484 captiosarum

339 1498 704 1545 conclusionum
723 1498 982 1562 Scriptura,
1010 1507 1244 1562 quantum
1263 1498 1497 1559 existimo,
1521 1497 1778 1546 detestatur
1800 1499 1883 1546 illo
1905 1500 2015 1546 loco
2037 1498 2119 1546 ubi
2140 1499 2323 1546 dictum
2345 1499 2440 1546 est‘
2459 1516 2470 1544 ε

343 1600 365 1621 «
384 1580 477 1636 Qui
501 1578 757 1644 sophistice
774 1578 1009 1642 loquitur,
1032 1578 1222 1625 odibilis
1245 1588 1331 1626 est.
1354 1598 1376 1624 n
1403 1580 1497 1636 Qui
1522 1596 1712 1627 rursum
1733 1580 1783 1627 in
1806 1579 1995 1640 eodem,
2024 1595 2135 1628 cum
2160 1580 2210 1626 in
2233 1579 2346 1644 ipsis
2367 1578 2475 1644 phi-

338 1658 654 1723 losophorum
684 1657 823 1705 dictis
849 1674 1071 1722 magnam
1104 1674 1298 1705 morum
1327 1657 1716 1721 aedificationem,
1760 1669 1807 1706 et
1839 1659 2020 1707 nullam
2046 1659 2107 1707 de
2137 1658 2233 1707 fide
2267 1669 2314 1706 et
2343 1658 2476 1706 cultu

340 1740 480 1786 unius
501 1739 587 1786 Dei
607 1739 876 1787 doctrinam
896 1740 1237 1801 consideraret,
1253 1740 1427 1804 adjecit
1450 1749 1592 1804 atque
1610 1740 1675 1787 ait
1693 1758 1703 1786 :
1731 1758 1755 1784 «
1774 1739 2053 1804 Philosophi
2072 1740 2153 1804 qui
2179 1748 2413 1787 vocantur
2435 1739 2476 1786 si

339 1835 435 1883 qua
463 1819 583 1866 forte
606 1829 653 1867 et
668 1820 781 1869 fidei
803 1830 977 1868 nostrae
995 1820 1363 1868 accommodata
1381 1820 1629 1882 dixerunt,
1665 1819 1870 1868 maxime
1891 1819 2152 1881 Platonici3
2193 1835 2292 1866 non
2317 1818 2476 1865 solum

338 1899 640 1947 formidanda
665 1917 766 1947 non
789 1910 925 1960 sunt,
961 1900 1045 1948 sed
1077 1902 1219 1949 etiam
1241 1901 1303 1948 ab
1326 1901 1393 1948 eis
1412 1911 1645 1966 tanquam
1674 1901 1860 1964 injustis
1888 1898 2241 1966 possessoribus
2265 1899 2313 1946 in
2338 1915 2478 1945 usum

338 1989 555 2027 nostrum
581 1980 884 2029 vindicanda.
911 1982 1041 2029 Sicut
1064 1983 1192 2029 enim
1220 1985 1451 2047 AEgyptus
1479 1999 1580 2029 non
1605 1991 1792 2029 tantum
1814 1981 1945 2029 idola
1965 1980 2175 2035 habebat
2196 1995 2301 2043 quae
2324 1994 2478 2046 popu-

338 2059 411 2107 lus
439 2061 580 2108 Israel
605 2060 938 2122 detestaretur,
976 2061 1060 2110 sed
1093 2062 1237 2109 etiam
1258 2078 1375 2109 vasa·
1401 2071 1545 2126 atque
1567 2071 1853 2109 ornamenta
1871 2061 1933 2108 de
1955 2077 2074 2109 auro
2106 2070 2154 2108 et
2175 2068 2398 2124 argento,
2431 2067 2498 2119 et,

339 2149 518 2187 vestem
532 2157 678 2205 quam
690 2142 789 2207 ipse
809 2142 1017 2207 populus
1034 2143 1195 2190 exiens
1214 2142 1275 2190 de
1290 2144 1496 2207 AEgypto
1509 2142 1600 2189 sibi
1618 2142 1798 2207 potius,
1818 2151 2065 2204 tamquam
2079 2139 2141 2188 ad
2162 2155 2305 2187 usum*
2316 2137 2479 2186 melio·

340 2236 457 2281 rem,
487 2220 705 2268 clanculo
721 2222 983 2270 venditavit
997 2225 1011 2247 ⁴
1028 2231 1267 2288 praecepto
1290 2223 1401 2284 Dei,
1423 2223 1537 2288 ipsis
1559 2221 1790 2287 AEgyptiis
1812 2221 2079 2269 nescienter
2102 2217 2480 2268 accommodan-

339 2299 466 2346 tibus
495 2317 550 2347 ea
578 2300 750 2365 quibus
783 2318 883 2349 non
906 2302 1030 2350 bene
1054 2302 1311 2350 utebantur
1341 2321 1351 2348 :
1380 2303 1447 2350 sic
1472 2302 1701 2349 doctrinae
1729 2302 1899 2349 omnes
1924 2300 2170 2365 gentilium
2193 2309 2240 2347 et
2262 2297 2481 2346 liberales

341 2379 600 2445 disciplinae
623 2381 729 2427 usui
753 2382 960 2429 veritatis
983 2383 1209 2447 aptiores,
1236 2383 1379 2430 etiam
1398 2399 1589 2429 morum
1611 2381 1832 2446 quaedam
1853 2390 2090 2446 praecepta
2106 2380 2375 2438 continent,
2396 2376 2480 2424 de-

341 2476 436 2523 que
461 2460 566 2526 ipso
591 2463 695 2507 Deo
718 2461 923 2508 colendo
955 2462 1188 2509 nonnulla
1211 2479 1322 2510 vera
1346 2462 1477 2527 apud
1498 2478 1581 2509 eos
1605 2462 1932 2509 inveniuntur.
1958 2481 1980 2503 »ι
2005 2462 2123 2507 Item
2146 2460 2197 2506 in
2221 2457 2396 2506 eodem
2418 2456 2480 2504 de

342 2539 669 2606 philosophis:
695 2561 718 2585 <r
733 2542 984 2589 Dederunt
1010 2560 1198 2604 aurum,
1213 2553 1260 2590 et
1273 2552 1544 2606 argentum,
1562 2551 1609 2590 et
1633 2551 1811 2589 vestem
1834 2541 1970 2588 suam
1989 2540 2184 2587 exeunti
2205 2539 2266 2586 de
2275 2540 2481 2603 AEgypto

345 2621 525 2685 populo
559 2622 678 2681 Dei,
714 2623 977 2670 nescientes
1009 2622 1423 2688 quemadmodum
1453 2622 1531 2669 illa
1560 2639 1666 2687 quae
1697 2621 1878 2669 dabant
1905 2621 1954 2667 in
1987 2620 2161 2667 Christi
2191 2618 2482 2683 obsequium

346 2700 675 2749 redderentur.
697 2723 719 2746 ›>
741 2705 950 2750 Noverat
973 2704 1133 2768 itaque
1161 2704 1247 2751 iste
1275 2702 1714 2751 Ecclesiasticorum
1739 2702 1974 2749 maximus
1996 2703 2196 2760 Doctor,
2220 2716 2248 2746 a
2267 2697 2483 2764 philoso-

347 2778 461 2843 phia
483 2781 599 2827 olim
618 2781 780 2845 gentili
800 2782 862 2829 ad
887 2799 1066 2843 veram,
1098 2800 1204 2848 quae
1221 2782 1436 2830 Christus
1461 2793 1548 2844 est,
1575 2781 1797 2847 sophiam
1819 2797 2095 2842 conversus,
2118 2796 2223 2844 quae
2246 2779 2297 2825 in
2319 2777 2482 2843 philo-

349 2859 556 2924 sophicis
587 2861 647 2908 de
669 2865 772 2909 Deo
793 2863 971 2926 legerat
990 2865 1201 2929 scriptis,
1240 2873 1287 2911 et
1312 2880 1458 2927 quam
1473 2863 1727 2927 indignum
1746 2860 2104 2928 philosophicas
2121 2875 2315 2925 quoque
2339 2857 2481 2905 disci·

348 2939 525 3003 plinas,
569 2958 674 3004 quae
710 2942 832 2988 inter
866 2944 1074 2991 maxima
1103 2944 1231 2991 dona
1268 2945 1355 2991 Dei
1385 2960 1573 3008 semper
1608 2945 1656 2991 in
1693 2943 1830 2990 terris
1865 2941 2198 3001 effloruerunt,
2237 2947 2482 2987 auctorem

349 3033 488 3066 suum
509 3029 651 3084 atque
675 3022 890 3069 omnium
915 3040 1015 3070 non
1038 3039 1323 3086 agnoscere,
1350 3033 1397 3070 et
1416 3023 1460 3070 ei
1484 3040 1678 3088 quoque
1704 3023 1783 3070 cui
1801 3021 2136 3086 obtemperant
2158 3018 2323 3066 omnia
2338 3055 2350 3078 ,
2382 3032 2482 3064 non

392 3197 398 3214 ¹
421 3195 502 3228 Male
523 3198 600 3236 legit
623 3198 720 3230 Amb.
738 3198 806 3230 1100
828 3198 931 3239 docet,
954 3205 1015 3233 etc.
1037 3219 1075 3224 —
1091 3203 1101 3222 ²
1117 3201 1171 3234 Sic
1193 3202 1274 3235 Cod.
1292 3203 1373 3236 Vict.
1448 3219 1490 3225 —
1505 3203 1515 3222 ⁴
1532 3200 1628 3234 Eccli.
1643 3225 1651 3242 ‚
1668 3211 1739 3243 cap.
1756 3209 1885 3241 xxxvii,
1901 3209 1930 3231 v.
1948 3202 2000 3232 23.
2020 3215 2056 3221 -
2074 3199 2084 3218 ⁴
2099 3197 2151 3230 Sic
2168 3196 2247 3230 Cod.
2266 3197 2348 3230 Vict.
2368 3197 2487 3230 vendi-

347 3249 473 3291 seipsae
489 3249 583 3284 Amb.
595 3270 632 3275 —
643 3253 655 3272 ³
670 3251 739 3284 Lib.
758 3251 800 3292 ΙΙ,
813 3262 882 3293 cap.
899 3262 993 3294 xxxi,
1010 3255 1110 3296 opp„
1133 3260 1157 3287 t.
1173 3254 1229 3296 ΙΙΙ,
1247 3258 1309 3288 col.
1322 3258 1373 3289 38.
1449 3255 1540 3287 cavit
1555 3254 1650 3286 Amb.
