2638 3866
775 202 1169 252 INTRODUCTIO
1202 204 1286 253 AD
1318 204 1727 254 THEOLOGIAM.
2260 207 2326 255 67

180 304 415 367 firmetur,
443 323 542 355 non
569 306 821 355 assumit.»
850 308 1009 354 Restat
1030 306 1192 371 itaque
1214 323 1346 354 nunc
1370 306 1513 355 nobis
1536 317 1646 371 post
1673 311 2013 360 auctoritatum
2039 307 2325 357 fundamen-

178 394 300 444 tum,
320 385 598 436 fulcimenta
614 385 986 451 superinducere
1007 387 1267 448 rationum,
1289 387 1496 435 maxime
1522 387 1634 435 ideo
1651 405 1712 436 ne
1737 390 2000 441 verbositas
2017 390 2324 439 inimicorum

179 465 355 514 Christi
387 477 562 516 nostrae
590 466 786 515 insultet
812 466 1127 533 simplicitati,
1158 469 1242 532 qui
1277 485 1388 517 cum
1417 468 1604 533 aliquos
1626 469 1800 518 idiotas
1823 482 1905 520 aut
1928 474 2087 520 minus
2111 470 2326 519 eruditos

179 545 476 597 Christianos
506 547 846 596 inductionum
880 564 1076 596 suarum
1107 547 1290 614 laqueis
1328 549 1696 616 praepedierint,
1735 567 1931 600 summae
1965 553 2014 601 id
2046 551 2137 600 sibi
2167 551 2325 616 gloriae

179 626 439 676 ascribunt.
474 627 663 686 Quibus
697 628 896 691 quidem
927 631 1029 676 non
1059 628 1235 677 sufficit
1269 640 1323 677 ut
1349 630 1438 678 soli
1463 631 1730 678 moriantur
1749 669 1759 689 ‚
1786 634 1875 680 nisi
1897 633 2016 681 alios
2036 632 2327 699 compellant

179 707 275 755 suis
300 707 573 769 erroribus,
615 707 699 756 illo
723 708 944 756 videlicet
965 709 1242 758 Judaeorum
1266 727 1402 759 more
1417 747 1429 769 ‚
1456 727 1556 775 quo
1589 727 1673 759 eos
1695 712 1876 760 Veritas
1911 713 2051 761 dicit²
2076 735 2097 757 α
2122 729 2253 761 mare
2281 723 2328 761 et

178 786 364 835 aridam
387 789 609 848 circuire,
633 798 686 836 ut
707 789 884 837 faciant
911 789 1207 855 proselytum
1233 807 1402 838 unum.
1425 811 1448 835 n

243 868 479 917 Omnium
510 879 675 917 autem
699 869 948 918 bonorum
980 871 1118 936 quasi
1151 871 1523 919 fundamentum
1559 871 1704 920 fidem
1737 883 1910 921 sanctae
1929 875 2165 922 Trinitatis
2190 876 2328 939 poni-

177 964 308 1009 mus,
337 958 390 996 ut
407 949 470 998 ab
492 950 596 1016 ipsa
618 951 791 999 divinae
808 961 991 999 naturae
1010 953 1287 1017 cognitione
1310 955 1531 1001 omnium
1553 953 1798 1001 bonorum
1829 953 2034 1002 ducatur
2055 954 2325 1010 exordium.

176 1029 402 1094 Quisquis
422 1031 584 1096 itaque
607 1030 704 1080 hoc
729 1032 1101 1080 fundamentum
1119 1032 1402 1081 labefactare
1426 1034 1620 1099 poterit,
1647 1034 1767 1082 nihil
1791 1034 2089 1083 fructuosum
2106 1035 2248 1082 nobis
2270 1035 2330 1084 de

176 1109 251 1157 his
274 1126 380 1175 quae
399 1111 827 1177 superaedificanda
845 1124 958 1162 sunt
974 1113 1218 1179 relinquit.
1255 1114 1393 1163 Unde
1418 1124 1466 1162 et
1489 1132 1580 1163 nos
1597 1116 1810 1181 primum
1831 1116 1946 1164 huic
1963 1127 2099 1164 tanto
2116 1117 2330 1182 periculo

176 1199 273 1238 tam
304 1192 647 1240 auctoritatum
681 1210 828 1257 quam
857 1194 1101 1242 rationum
1130 1195 1342 1260 clipeum
1374 1210 1622 1261 opponere
1653 1197 1950 1259 curavimus,
1976 1198 2023 1244 in
2049 1214 2107 1245 eo
2134 1197 2330 1262 quidem

174 1270 370 1333 confisi,
397 1274 480 1338 qui
503 1290 616 1322 suos
639 1275 904 1337 confortat,
925 1275 1114 1324 dicens’
1135 1294 1145 1323 ε
1167 1295 1190 1322 «
1208 1279 1332 1324 Cum
1355 1278 1575 1325 steteritis
1602 1288 1712 1325 ante
1737 1280 1885 1343 Reges
1907 1288 1953 1326 et
1971 1278 2212 1339 PraesideS,
2243 1295 2330 1326 no·

173 1350 256 1399 lite
279 1353 508 1416 cogitare,
533 1364 625 1403 etc.
651 1375 675 1399 >1
706 1356 852 1420 Cujus
862 1355 1070 1435 „quidem
1095 1357 1243 1405 fretus
1264 1358 1459 1417 auxilio,
1481 1358 1711 1423 parvulus
1734 1358 1889 1406 David
1922 1359 2209 1406 immensum
2232 1362 2329 1406 Go-

174 1432 293 1479 liath
314 1442 363 1480 et
381 1434 623 1483 tumidum
643 1437 843 1502 proprio
864 1437 1013 1502 ipsius
1032 1437 1191 1501 gladio
1212 1437 1464 1503 jugulavit.
1482 1442 1541 1485 Et
1561 1454 1651 1486 nos
1676 1455 1810 1503 ergo,
1827 1438 2151 1487 humanarum
2174 1439 2331 1503 gladio

174 1513 440 1576 rationum,
476 1516 653 1580 quibus
677 1534 768 1565 nos
787 1526 886 1564 tam
907 1517 1187 1586 philosophi
1210 1534 1358 1583 quam
1378 1519 1587 1567 haeretici
1610 1520 1871 1586 impetunt,
1897 1521 1946 1567 in
1968 1537 2051 1568 eos
2076 1537 2329 1582 converso,

174 1608 342 1641 eorum
367 1594 520 1642 robur
541 1596 766 1661 aciesque
788 1608 1186 1661 argumentorum
1206 1616 1406 1647 suorum
1423 1601 1473 1647 in
1492 1601 1705 1647 Domino
1729 1599 2036 1665 dissipemus,
2052 1611 2104 1648 ut
2120 1602 2219 1664 jam
2247 1602 2334 1648 mi-

177 1689 267 1721 nus
288 1674 643 1740 simplicitatem
665 1676 885 1725 fidelium
908 1678 1103 1742 aggredi
1126 1690 1444 1744 praesumant,
1476 1697 1587 1728 cum
1608 1680 1669 1728 de
1685 1680 1763 1728 his
1780 1681 2016 1729 confutati
2045 1682 2244 1740 fuerint,
2273 1682 2334 1729 de

174 1754 349 1818 quibus
376 1757 618 1821 praecipue
645 1757 944 1823 impossibile
967 1759 1036 1807 eis
1052 1758 1245 1807 videtur
1259 1761 1544 1827 responderi
1570 1761 1632 1810 de
1648 1761 1919 1811 diversitate
1941 1779 2262 1829 personarum
2285 1764 2333 1810 in

174 1850 270 1883 una
301 1844 348 1883 et
372 1836 625 1884 individua
651 1839 843 1903 penitus
867 1855 925 1888 ac
947 1840 1154 1906 simplici
1185 1840 1348 1890 divina
1373 1831 1657 1902 substantia,
1690 1853 1738 1890 et
1766 1843 1828 1890 de
1855 1844 2168 1908 generatione
2191 1843 2332 1892 Verbi

172 1931 256 1962 seu
279 1916 589 1981 processione
608 1918 829 1983 Spiritus.
852 1922 925 1968 De
946 1936 1045 1984 quo
1065 1921 1265 1986 quidem
1287 1938 1377 1970 nos
1399 1923 1577 1971 docere
1595 1923 1846 1972 veritatem
1868 1941 1967 1972 non
1988 1925 2329 1990 promittimus,

175 1995 236 2043 ad
265 2012 412 2060 quam
443 2014 602 2063 neque
630 2015 721 2047 nos
756 2016 914 2065 neque
946 2001 1225 2050 mortalium
1256 2002 1469 2068 aliquem
1500 2003 1719 2052 sufficere
1746 2005 2017 2066 credimus3
2055 2006 2140 2053 sed
2165 2005 2332 2053 saltem

172 2076 354 2141 aliquid
389 2078 648 2127 verisimile
680 2089 825 2145 atque
853 2080 1079 2130 humanae
1109 2084 1288 2131 rationi
1317 2084 1556 2145 vicinum,
1594 2102 1684 2134 nec
1714 2102 1858 2134 sacrae
1891 2087 2004 2135 fidei
2035 2087 2330 2135 contrarium

174 2172 448 2222 proponere
478 2158 619 2220 libet,
658 2160 886 2210 adversus
919 2179 1004 2211 eos
1026 2165 1111 2228 qui
1133 2163 1360 2213 humanis
1384 2165 1652 2214 rationibus
1674 2166 1823 2215 fidem
1846 2184 1897 2215 se
1922 2168 2204 2233 impugnare
2228 2167 2330 2231 glo·

174 2237 383 2296 riantur,
413 2255 503 2286 nec
533 2240 625 2287 nisi
654 2240 893 2290 humanas
920 2254 1093 2292 curant
1116 2245 1328 2293 rationes
1351 2262 1472 2311 quas
1495 2258 1759 2308 noverunt,
1793 2248 2069 2313 multosque
2092 2249 2230 2296 facile
2251 2265 2330 2296 as-

172 2326 437 2366 sentatores
461 2319 740 2378 inveniunt,
766 2339 879 2371 cum
905 2324 1004 2373 fere
1031 2341 1201 2373 omnes
1225 2326 1454 2374 animales
1481 2328 1575 2375 sint
1595 2328 1835 2390 homines,
1861 2346 1916 2377 ac
1934 2330 2207 2396 paucissimi
2236 2330 2331 2394 spi-

172 2397 383 2446 rituales.
424 2399 609 2448 Sufficit
642 2412 802 2451 autem
834 2404 978 2453 nobis
1006 2422 1302 2471 quocunque
1325 2408 1477 2456 modo
1508 2425 1813 2458 summorum
1840 2411 2149 2459 inimicorum
2180 2409 2331 2457 robur

172 2477 421 2543 dissipare,
440 2482 702 2545 praesertim
719 2500 831 2532 cum
853 2484 949 2533 alio
972 2485 1124 2535 modo
1147 2504 1250 2535 non
1267 2505 1545 2554 possumus,
1572 2491 1665 2538 nisi
1685 2490 1773 2555 has
1791 2507 1911 2556 quas
1930 2500 2170 2538 noverunt
2184 2491 2329 2537 ratio·

175 2574 258 2606 nes
282 2575 338 2606 ex
365 2561 583 2625 ipsorum
606 2564 792 2612 artibus
810 2566 1083 2616 afferamus.
1112 2567 1250 2617 Absit
1274 2570 1405 2617 enim
1422 2571 1520 2618 hoc
1544 2581 1596 2618 ut
1610 2571 1864 2620 credamus
1879 2575 2062 2629 Deum,
2093 2571 2177 2635 qui
2195 2571 2331 2618 malis

172 2654 371 2704 quoque
404 2641 520 2706 ipsis
547 2642 674 2691 bene
712 2646 888 2706 utitur,
925 2663 1027 2696 non
1059 2647 1187 2697 bene
1231 2650 1377 2697 etiam
1409 2667 1580 2699 omnes
1616 2661 1740 2699 artes
1773 2669 1878 2715 quae
1912 2652 2014 2715 ejus
2051 2651 2180 2698 dona
2219 2662 2331 2699 sunt

174 2718 416 2782 ordinare,
446 2731 497 2769 ut
517 2722 619 2771 haec
639 2741 836 2790 quoque
857 2726 959 2791 ejus
984 2728 1220 2792 majestati
1241 2729 1529 2791 deserviant,
1553 2742 1993 2796 quantumcunque·
2007 2731 2133 2779 male
2155 2730 2230 2779 his
2252 2731 2333 2780 ab·

174 2807 374 2846 utuntur
400 2804 629 2865 perversi.
671 2805 810 2854 Unde
841 2816 890 2854 et
911 2810 964 2855 B.
991 2808 1309 2871 Augustinus,
1348 2811 1503 2857 caeteri
1538 2827 1735 2875 quoque
1758 2811 1984 2860 doctores
2006 2811 2325 2872 ecclesiastici,

172 2877 408 2927 seculares
441 2898 639 2947 quoque
673 2894 822 2946 artes,
855 2896 1000 2952 atque
1026 2888 1180 2953 ipsam
1203 2905 1399 2953 quoque
1422 2889 1721 2938 dialecticam
1743 2893 1984 2958 praecipue
2007 2907 2152 2940 sacrae
2174 2893 2330 2959 Scrip-

173 2967 289 3007 turae
315 2959 586 3010 admodum
619 2966 938 3014 necessariam
969 2967 1244 3032 perhibent.
1286 2969 1417 3018 Adeo
1446 2985 1658 3036 namque
1689 2972 1944 3038 praedictus
1977 2971 2152 3021 doctor
2175 2973 2259 3021 lib.
2297 2991 2329 3021 11

173 3038 231 3086 de
253 3039 477 3102 Ordine³,
517 3042 815 3093 dialecticam
846 3047 1192 3097 commendare
1221 3065 1365 3098 ausus
1402 3061 1497 3112 est,
1530 3062 1584 3100 ut
1618 3069 1727 3100 eam
1765 3053 1916 3101 solam
1951 3054 2198 3102 scientiam
2228 3070 2329 3102 esse

174 3118 389 3182 profiteri
424 3122 666 3186 videatur,
708 3142 822 3173 curn
862 3143 970 3175 eam
1001 3129 1155 3177 solam
1190 3148 1334 3196 posse
1366 3131 1521 3180 facere
1548 3132 1676 3181 dicat
1697 3134 1917 3182 scientes.
1949 3134 2323 3199 «Disciplinam,

218 3288 224 3305 '
252 3285 381 3325 Manu,
408 3298 478 3331 cap.
505 3299 600 3332 xxm,
628 3301 657 3324 v.
689 3295 737 3327 15.
758 3311 795 3317 —
812 3295 823 3313 ²
838 3294 966 3336 Matth„
993 3305 1065 3337 cap.
1083 3305 1155 3338 xlx,
1178 3306 1208 3331 v.
1231 3299 1280 3332 19.
1297 3315 1336 3323 -·-
1352 3300 1364 3319 ³
1380 3297 1458 3340 Cap.
1482 3308 1554 3340 xm,
1573 3305 1596 3333 t.
1624 3298 1651 3341 1,
1671 3301 1733 3334 col.
1763 3302 1836 3335 346.
