2638 3866
837 181 895 261 lN
931 212 1262 261 Erts‘rOLAM
1298 213 1379 263 AD
1409 213 1716 262 ROMANOS.
2259 215 2351 262 199

204 328 283 365 tur
304 324 576 383 acceptum.
604 334 627 360 «
645 313 846 363 Veloces
867 313 1015 379 pedes
1037 330 1208 361 eorum
1228 314 1289 362 ad
1307 314 1660 364 effundendum
1683 311 1986 379 sanguinem,
2011 333 2035 359 »
2060 314 2135 362 vel
2157 315 2205 363 in
2236 317 2352 364 Isaia

205 399 462 457 invenies¹,
486 397 562 445 vel
587 397 635 445 in
659 394 932 444 Proverbiis
954 397 985 442 ².
1013 415 1035 440 «
1058 394 1151 443 Sed
1169 397 1396 444 contritio
1417 406 1465 445 et
1487 396 1737 444 infelicitas
1764 396 1811 443 in
1834 396 1919 443 viis
1946 412 2135 458 eorum,
2157 405 2205 444 et
2228 398 2352 445 viam

210 498 232 523 α
259 480 391 546 pacis
413 495 513 527 non
538 486 857 544 agnoverunt,
884 496 908 521 υ
930 491 1032 523 non
1057 476 1256 541 quidem
1284 476 1346 525 ad
1369 478 1608 543 integrum
1631 475 1880 537 recordor,
1909 476 1992 524 ubi
2015 478 2250 543 scriptum
2273 479 2350 538 sit,

205 561 423 626 suspicor
446 569 606 608 tamen
629 559 678 606 in
705 574 804 606 uno
825 556 1176 623 Prophetarum
1206 557 1409 606 inveniri
1433 575 1593 625 posse.
1623 559 1675 604 In
1705 557 1900 605 Psalmis
1928 567 2087 606 autem
2123 559 2353 624 scriptum

206 644 326 690 est⁸:
358 662 381 687 α
409 644 515 689 Non
539 650 611 689 est
636 641 782 688 timor
803 639 892 687 Dei
912 648 1024 688 ante
1043 638 1214 687 oculos
1245 656 1432 689 eorum.
1472 661 1494 684 n
1528 642 1639 687 Haec
1666 649 1826 687 autem
1865 640 2138 689 testimonia
2166 641 2357 689 videtur

205 738 518 787 congregasse
540 731 594 770 ut
613 720 903 782 ostenderet,
929 720 1043 786 quia
1068 719 1204 785 quod
1221 731 1444 769 causatur
1465 724 1487 770 J
1494 720 1654 769 udaeos
1672 729 1719 768 et
1737 722 1929 768 Graecos
1943 737 2114 768 omnes
2135 721 2226 769 sub
2246 739 2355 788 peo-

204 812 312 850 cato
336 820 456 864 esse,
474 819 575 850 non
598 812 698 850 tam
724 817 812 850 sua
833 817 983 866 quam
1006 801 1264 867 Scripturae
1285 803 1520 850 sententia
1545 801 1846 868 pronuntiat,
1863 817 2032 848 omnes
2046 801 2136 848 sub
2158 813 2357 868 peccato

203 898 306 931 esse
324 900 465 948 quos,
485 882 561 931 vel
583 883 789 931 naturali
805 881 880 930 vel
897 883 1075 948 scripta
1097 882 1219 947 lege,
1243 899 1304 930 ne
1327 896 1529 948 peccent
1547 891 1735 930 constat
1758 881 1975 929 edoctos.
1994 901 2016 925 »
2038 882 2356 947 Hieronymus

203 964 253 1010 in
290 964 574 1012 Praefatione
610 963 718 1012 libri
755 981 838 1012 xw
872 964 922 1011 in
955 963 1124 1011 Isaiam
1158 962 1227 1010 ad
1258 964 1564 1011 Eustochium
1594 981 1652 1009 t«
1680 961 2088 1021 Quaestitunculam
2120 963 2355 1022 detulisti,

204 1044 338 1110 quod
362 1055 474 1093 octo
497 1061 664 1093 versus
686 1045 770 1111 qui
797 1043 1023 1110 leguntur
1044 1045 1094 1092 in
1119 1044 1355 1104 ecclesiis,
1393 1054 1440 1092 et
1473 1044 1522 1092 in
1548 1043 1786 1091 Hebraico
1809 1059 1909 1090 non
1948 1042 2208 1104 habentur,
2238 1046 2360 1092 tertii

204 1124 378 1174 decimi
413 1126 617 1188 Psalmi,
654 1126 1216 1194 Apostolusxusurparet,
1247 1145 1270 1170 «
1301 1126 1586 1192 Sepulcrum
1622 1135 1808 1191 patens,
1851 1133 1941 1171 etc.
1975 1145 1996 1168 »
2035 1125 2358 1174 Animadverti

200 1205 298 1274 hoc
334 1207 665 1254 testimonium
697 1206 758 1255 de
784 1206 985 1254 Psalmis
1014 1215 1061 1254 et
1089 1206 1204 1254 lsaia
1240 1222 1344 1254 esse
1375 1215 1671 1254 contextum.
1710 1208 1831 1254 Nam
1867 1205 1968 1253 duo
1997 1206 2140 1271 primi
2178 1222 2355 1267 versus,

207 1307 228 1330 (ι
258 1287 542 1354 Sepulcrum
566 1297 735 1354 patens
760 1298 855 1348 est,
883 1297 983 1347 etc,
1007 1307 1030 1331 n
1058 1287 1214 1352 quinti
1241 1287 1413 1352 psalmi
1444 1297 1572 1335 sunt.
1611 1286 1734 1334 Illud
1766 1295 1927 1335 autem
1960 1286 2093 1350 quod
2124 1287 2357 1352 sequitur,

208 1388 230 1411 «
253 1370 508 1417 Venenum
528 1369 750 1436 aspidum
772 1369 861 1416 sul)
879 1368 1017 1416 labiis
1034 1384 1223 1428 eorum,
1243 1389 1265 1412 υ
1286 1368 1536 1415 centesimi
1555 1367 1780 1415 tricesimi
1798 1368 1915 1414 noni
1937 1367 2124 1433 psalmi.
2156 1370 2359 1415 Rursum

203 1449 338 1514 quod
369 1449 583 1498 diciturt
614 1470 637 1496 «
671 1453 893 1509 Quorum
926 1466 980 1497 os
1013 1448 1350 1497 maledictione
1380 1458 1429 1497 et
1462 1448 1782 1496 amaritudine
1814 1448 2037 1514 plenum,
2068 1469 2090 1491 »
2134 1448 2194 1496 de
2230 1466 2363 1497 nono

203 1528 391 1595 psalmo
431 1531 665 1597 scriptum
706 1540 793 1578 est.
828 1533 940 1578 Tres
979 1539 1140 1578 autem
1179 1529 1407 1578 versiculi
1448 1529 1532 1594 qui
1571 1538 1865 1594 sequuntur,
1914 1549 1936 1574 «
1976 1529 2177 1577 Veloces
2218 1530 2364 1595 pedes

205 1626 377 1659 eorum
400 1611 462 1660 ad
485 1611 840 1660 effundendum
865 1610 1168 1676 sanguinem,
1193 1610 1422 1657 contritio
1445 1619 1493 1657 et
1515 1609 1766 1657 infelicitas
1785 1610 1834 1656 in
1855 1611 1943 1657 viis
1962 1626 2149 1670 eorum,
2175 1620 2221 1657 et
2238 1611 2363 1659 viam

203 1692 334 1757 pacis
364 1708 465 1740 non
493 1701 854 1757 cognoverunt,
887 1711 909 1736 υ
937 1692 985 1738 in
1012 1691 1132 1739 Isaia
1157 1691 1480 1756 reperiuntur.
1517 1690 1722 1738 Ultimus
1749 1707 1935 1749 versus,
1961 1690 2009 1737 id
2039 1700 2109 1738 est
2139 1701 2361 1750 octavus,

205 1793 228 1816 α
243 1774 348 1820 Non
367 1781 436 1820 est
457 1774 602 1820 timor
619 1773 707 1820 Dei
725 1781 834 1819 ante
852 1772 1019 1820 oculos
1038 1788 1228 1831 eorum,
1249 1791 1270 1813 n
1292 1771 1343 1818 in
1361 1771 1590 1818 tricesimi
1612 1771 1785 1818 Psalmi
1804 1771 1956 1836 quinti
1980 1772 2221 1837 principio
2242 1782 2361 1820 est.»

135 1856 139 1860 '
206 1855 324 1901 ltem
343 1871 354 1900 :
377 1874 400 1898 c<
422 1854 644 1919 Denique
665 1870 837 1902 omnes
860 1853 1051 1901 Graeciae
1076 1861 1358 1901 tractatores
1380 1852 1465 1917 qui
1489 1851 1632 1900 nobis
1649 1852 1932 1900 eruditionis
1956 1870 2051 1900 suae
2075 1854 2124 1900 in
2151 1855 2365 1902 Psalmos

205 1934 582 1982 commentarios
614 1933 939 1998 reliquerunt,
974 1933 1065 1982 hos
1098 1933 1359 1981 versiculos
1393 1943 1631 1982 annotant
1661 1944 1806 1999 atque
1839 1945 2156 1999 praetereunt,
2183 1935 2368 2000 liquido

204 2014 489 2064 confitentes
513 2016 562 2063 in
588 2015 826 2063 Hebraico
852 2032 943 2063 nec
974 2014 1169 2076 haberi,
1202 2031 1292 2062 nec
1318 2030 1421 2062 esse
1455 2014 1503 2061 in
1534 2016 1848 2080 Septuaginta
1877 2015 2248 2081 Interpretibus,
2283 2017 2367 2063 sed

203 2097 251 2144 in
276 2096 489 2145 editione
510 2097 706 2162 vulgata
727 2114 833 2162 quae
855 2099 1019 2145 Graece
1045 2102 1161 2149 κοινῆ
1185 2096 1379 2157 dicitur,
1407 2105 1453 2143 et
1475 2095 1524 2142 in
1552 2105 1655 2143 toto
1681 2096 1799 2143 orbe
1825 2096 2012 2144 diversa
2035 2107 2105 2144 est
2118 2099 2146 2144 ὅ.
2177 2118 2198 2141 n
2230 2100 2368 2144 Nunc

203 2187 363 2225 autem
395 2177 602 2226 litteram
631 2194 996 2244 persequamur.
1030 2177 1228 2224 Dictum
1257 2185 1328 2224 est
1355 2194 1365 2222 :
1400 2196 1424 2220 «
1451 2178 1634 2223 Omnes
1666 2176 2051 2239 declinaverunt,
2088 2188 2136 2225 et
2163 2195 2263 2226 non
2296 2189 2364 2226 est

188 2247 287 2323 'qui
309 2258 447 2306 faciat
461 2259 670 2320 bonum,
695 2280 715 2302 n
736 2268 782 2307 et
806 2275 908 2306 non
928 2257 1088 2306 solum
1107 2258 1490 2317 declinaverunt,
1511 2274 1679 2304 verum
1703 2257 1844 2305 etiam
1868 2268 1922 2306 ut
1943 2259 2063 2307 alios
2087 2259 2261 2307 faciant
2280 2259 2363 2308 de-

205 2339 401 2398 clinare,
418 2350 465 2388 et
482 2341 745 2407 plurimum
766 2349 992 2402 noceant,
1012 2340 1252 2399 nituntur,
1275 2338 1412 2402 quasi
1432 2338 1499 2385 eis
1523 2355 1622 2385 non
1644 2338 1848 2387 sufficiat
1866 2349 1919 2387 ut
1941 2339 2032 2387 soli
2052 2340 2358 2403 damnentur,

204 2421 289 2469 sed
314 2422 452 2487 quasi
484 2421 548 2470 ad
578 2421 912 2470 defensionem
943 2422 1017 2470 sui
1050 2421 1231 2469 sociam
1267 2429 1482 2485 quaerant
1514 2419 1891 2468 multitudinem.
1929 2424 2106 2469 Guttur
2135 2423 2364 2487 quoniam

206 2502 471 2551 formandae
504 2502 578 2551 vel
604 2502 906 2569 proferendae
929 2502 1060 2550 vocis
1084 2502 1461 2549 instrumentum
1484 2510 1573 2561 est,
1600 2517 1875 2549 sermonem
1895 2502 2146 2566 significat,
2174 2503 2256 2567 qui
2278 2520 2365 2567 per

206 2592 368 2647 guttur
397 2584 651 2632 emittitur.
684 2587 855 2632 Sermo
889 2584 1052 2649 itaque
1081 2599 1253 2630 eorum
1277 2581 1340 2631 ad
1363 2582 1546 2629 malum
1580 2581 1892 2647 persuadens,
1930 2584 2065 2647 quasi
2089 2583 2363 2648 sepulcrum

205 2673 374 2728 patens
397 2674 492 2727 est,
519 2682 575 2712 ex
601 2674 839 2731 concepta
863 2674 1024 2712 mente
1051 2664 1290 2727 nequitia,
1319 2662 1455 2727 quasi
1486 2679 1543 2709 ex
1573 2662 1741 2710 foetore
1770 2663 1940 2710 inclusi
1975 2664 2220 2711 cadaveris
2247 2664 2364 2712 alios

205 2760 524 2811 corrumpens
554 2755 697 2809 atque
727 2746 988 2793 astantium
1017 2760 1156 2791 nares
1179 2742 1460 2802 offendenS,
1490 2742 1541 2789 id
1565 2752 1658 2802 est,
1686 2743 1951 2790 naturalem
1980 2760 2150 2791 eorum
2184 2744 2363 2793 discre-

208 2826 390 2873 tionem
430 2825 742 2891 perturbans,
785 2842 841 2873 ac
875 2826 1064 2873 vitians.
1099 2845 1121 2868 «
1154 2823 1348 2886 Linguis
1385 2822 1500 2869 suis.
1536 2842 1558 2865 »
1592 2823 1740 2880 Quasi
1770 2825 2006 2890 expositio
2034 2835 2106 2872 est
2136 2827 2364 2891 praemissi

206 2905 480 2972 parabolice
503 2905 644 2967 dicti,
673 2923 784 2955 cum
814 2904 932 2953 dicit
957 2921 1040 2952 eos
1063 2906 1111 2951 in
1137 2903 1255 2951 dolo
1285 2902 1445 2967 loqui,
1471 2901 1522 2950 id
1544 2912 1635 2963 est,
1665 2913 1835 2952 contra
1857 2905 2203 2954 conscientiam
2227 2923 2362 2955 suam

206 3003 261 3034 ea
283 2986 628 3036 commendare
652 2986 715 3035 ad
735 3003 842 3052 quae
865 2986 1175 3052 persuadent,
1203 2985 1281 3033 vel
1300 2984 1575 3048 vituperare
1605 3001 1633 3033 a
1657 2985 1833 3049 quibus
1855 2985 2193 3035 dehortantur.

278 3089 299 3111 «
320 3071 574 3117 Venenum
599 3068 841 3134 aspidum.
864 3087 887 3112 »
915 3066 1060 3126 Quod
1081 3076 1127 3114 et
1150 3067 1251 3132 ipse
1271 3065 1484 3130 Moyses⁴
1504 3065 1769 3115 insanabile
1801 3066 1934 3130 dicit,
1960 3085 2016 3116 ac
2041 3085 2127 3134 per
2151 3068 2248 3117 hoc
2270 3087 2363 3134 pra?

254 3282 260 3299 ¹
277 3278 364 3319 lsaL,
382 3288 452 3319 cap.
482 3288 555 3318 mx,
579 3288 607 3311 v.
625 3282 657 3311 7.
680 3296 715 3301 —
733 3280 743 3297 ²
758 3278 882 3319 Prov.,
902 3287 971 3318 cap.
994 3285 1027 3318 ι,
1048 3286 1077 3310 v,
1100 3278 1151 3311 16.
1224 3278 1234 3297 ³
1252 3276 1397 3316 Psalm.‚
1417 3286 1490 3318 cap.
1509 3285 1566 3310 xm
1581 3302 1590 3317 ,
1609 3287 1637 3311 v.
1657 3280 1687 3311 3.
1705 3296 1741 3302 -
1766 3279 1774 3297 ⁴
1795 3277 1981 3319 Hieronymi
2000 3278 2084 3320 Opp.
2107 3284 2130 3311 t.
2157 3278 2216 3318 ΙΙΙ,
2236 3288 2267 3318 p.
2293 3279 2364 3310 415.

212 3333 409 3372 Deutervn„
426 3342 487 3374 cap
519 3341 632 3371 xxxu„
655 3343 683 3364 v.
702 3334 752 3365 33.
1092 3334 1096 3337 “
