2638 3866
220 240 315 289 586
1029 237 1193 284 PETRI
1226 234 1535 283 ABAELARDI

217 342 436 391 voluntas,
477 342 576 400 quia
604 341 673 382 vel
710 339 854 397 aliquo
895 339 1049 380 timore
1080 336 1302 380 mundano
1334 336 1402 379 vel
1443 337 1585 395 aliqua
1619 336 1829 380 mundiali
1866 338 2099 397 cupiditate
2131 339 2358 399 praepediri

216 419 357 466 potest
392 407 501 450 adeo
540 406 657 464 quod
688 406 848 462 justitia
886 405 932 447 in
959 404 1102 462 aliquo
1130 402 1407 453 dissolvatur,
1442 402 1542 445 ideo
1574 402 1745 446 duobus
1776 406 1895 462 quasi
1914 404 2109 463 postibus
2137 416 2180 448 et
2210 405 2357 448 firma-

217 474 369 515 mentis
400 473 578 532 indiget.
613 471 656 513 Si
688 472 804 514 enim
833 471 983 529 aliquis
1012 471 1080 520 sit,
1114 484 1242 528 quem
1271 468 1456 511 debeam
1485 469 1700 512 honorare
1729 480 1773 512 et
1803 470 1857 512 de
1878 470 2007 512 rebus
2034 471 2140 513 meis
2169 471 2207 513 ei
2231 471 2356 525 dare,

217 539 316 596 quia
348 539 514 597 sapiens
544 548 607 580 est
638 548 680 580 et
710 537 804 579 talis
833 538 903 579 cui
929 552 983 579 ex
1007 536 1167 593 justitia
1196 536 1282 578 hoc
1312 534 1526 577 debeam:
1553 534 1702 593 aliquis
1718 551 1820 578 vero
1851 535 1965 578 dicat
1982 536 2072 579 :Ne
2096 538 2181 580 hoc
2213 536 2357 591 facias,

217 619 270 645 ne
292 619 391 645 eum
422 604 500 645 tibi
526 603 748 662 adjungas,
774 603 874 661 quia
900 603 1010 662 regis
1035 602 1232 644 inimicus
1260 611 1346 654 est,
1378 611 1421 643 et
1451 599 1552 643 ideo
1583 600 1705 644 facile
1731 602 1841 661 regis
1871 601 2113 645 inimicitias
2134 603 2323 646 incurres
2345 619 2354 645 ε

213 669 297 710 1106
330 670 485 711 timore
517 668 712 728 profecto
744 668 798 710 ab
826 669 908 711 hac
937 683 1065 727 quam
1090 667 1151 709 illi
1181 666 1321 709 debeo
1343 666 1509 724 justitia
1532 667 1692 709 retrahi
1718 683 1906 726 possum,
1930 678 1972 709 et
1987 677 2081 709 tum
2109 668 2357 711 fortitudine

214 749 319 791 opus
350 745 428 777 est.
456 733 682 777 Fortitudo
728 734 844 776 enim
873 734 1005 776 virtus
1031 743 1094 776 est
1123 743 1273 775 contra
1305 732 1496 786 adversa,
1529 748 1623 790 quae
1650 732 1752 774 facit
1779 749 1835 775 ne
1863 733 2069 790 justitiam
2101 733 2255 777 timore
2289 733 2359 776 vel

214 798 356 857 aliquo
381 800 454 843 tali
480 800 740 843 deseramus.
762 800 963 842 Similiter
985 815 1084 842 cum
1102 799 1286 842 debeam
1308 798 1434 841 alicui
1452 798 1554 841 dare
1579 798 1631 840 de
1653 798 1781 840 rebus
1796 799 1918 852 meis,
1938 799 2038 856 quia
2063 799 2154 858 ipse
2174 800 2356 860 indiget,

213 875 255 906 et
280 881 360 925 ego
385 867 684 925 concupiscam
701 865 821 924 quod
844 867 987 909 habeo
1010 865 1211 918 retinere,
1237 864 1336 922 quia
1353 863 1456 906 utile
1472 864 1578 906 mihi
1601 874 1748 923 putem
1766 863 1890 917 illud,
1914 863 1983 907 vel
2007 866 2107 923 quia
2127 881 2216 908 non
2236 865 2358 908 facile

213 946 513 990 recuperarem
537 932 661 985 illud,
697 943 799 975 tunc
826 933 1064 974 necessaria
1091 941 1155 974 est
1178 930 1460 989 temperantia
1485 940 1635 972 contra
1658 946 1885 989 prospera,
1921 945 2017 988 quae
2042 931 2358 990 concupiscibi-

212 996 376 1039 litatem
418 1008 660 1057 temperans
689 998 902 1054 'justitiam
932 996 1109 1040 illaesam
1136 1005 1375 1038 conservat.
1402 995 1507 1037 Haec
1542 995 1674 1038 animi
1704 996 1901 1039 voluntas
1930 996 1996 1038 his
2031 995 2200 1039 duobus
2239 999 2360 1055 quasi

212 1061 470 1105 fulcimentis
504 1064 654 1106 innixa
668 1096 679 1118 ,
710 1063 873 1120 justitia
903 1074 980 1107 est.
1018 1062 1271 1106 Notandum
1299 1076 1402 1104 vero
1431 1072 1510 1115 est,
1544 1061 1662 1120 quod
1691 1078 1790 1104 cum
1814 1062 1975 1119 justitia
2004 1061 2200 1104 voluntas
2228 1063 2360 1105 animi

213 1128 287 1177 sit,
311 1127 606 1172 fortitudinem
623 1140 667 1172 et
687 1129 1032 1188 temperantiam,
1069 1144 1168 1171 cum
1198 1143 1348 1171 earum
1363 1128 1587 1170 contrariae
1613 1128 1879 1188 impotentiae
1902 1128 2009 1182 sint,
2028 1129 2242 1187 potentias
2269 1144 2359 1172 esse

212 1208 384 1236 11666556
419 1206 497 1237 est.
532 1195 868 1254 Intemperantia
899 1196 1092 1237 enimet
1127 1193 1339 1246 debilitas,
1374 1209 1469 1251 quae
1501 1209 1650 1236 earum
1680 1195 1903 1237 contrariae
1942 1205 2061 1249 sunt,
2094 1194 2360 1254 impotentiae

211 1259 425 1303 videntur.
457 1261 523 1302 Ex
546 1261 721 1303 caritate
749 1261 879 1320 igitur
908 1271 1008 1303 sunt
1035 1261 1127 1317 hage
1157 1259 1427 1314 fulcimenta,
1461 1275 1552 1302 non
1584 1260 1752 1303 caritas.
1788 1261 1897 1303 Cum
1932 1261 2048 1303 enim
2076 1259 2237 1303 diceret
2262 1261 2358 1304 Au-

211 1324 402 1384 gustinus
433 1342 607 1369 omnem
639 1327 842 1369 virtutem
873 1341 963 1369 6556
992 1326 1231 1380 caritatem,
1265 1326 1350 1368 hoc
1379 1325 1606 1380 intellexit,
1632 1325 1751 1384 quod
1780 1327 1922 1369 omnis
1944 1337 2053 1369 esset
2082 1327 2257 1381 caritas,
2290 1329 2360 1371 vel

210 1391 385 1434 effectus
420 1393 607 1434 caritatis
633 1408 642 1435 :
669 1393 837 1446 caritas,
871 1403 919 1434 ut
949 1407 1100 1434 omnes
1122 1392 1205 1434 illae
1229 1407 1324 1449 quae
1348 1391 1395 1433 in
1426 1391 1648 1434 voluntate
1669 1392 1929 1445 consistunt;
1955 1391 2148 1446 effectus,
2175 1403 2223 1434 ut
2242 1409 2360 1451 quae-

209 1473 379 1515 cunque
409 1469 507 1499 sunt
533 1459 755 1517 potentiae.
788 1459 883 1500 Hoc
906 1457 1021 1512 dico,
1047 1458 1082 1500 si
1103 1458 1205 1500 huic
1227 1457 1448 1500 sententiae
1477 1457 1678 1500 assentire
1699 1456 1912 1511 volumus,
1947 1457 2066 1516 quod
2087 1458 2295 1501 fortitudo
2317 1470 2361 1502 et

210 1524 494 1582 temperantia
513 1535 556 1566 et
571 1540 666 1582 quae
681 1523 759 1566 sub
777 1524 838 1566 eis
854 1525 1131 1566 continentur
1142 1524 1348 1583 potentiae
1366 1524 1498 1566 animi
1515 1523 1615 1576 sint,
1635 1533 1679 1566 et
1692 1522 1930 1566 secundum
1941 1524 2026 1566 1106
2034 1523 2148 1566 116116
2163 1523 2359 1578 dicimus,

212 1589 330 1646 quod
361 1588 484 1630 multi
507 1589 596 1631 sine
617 1590 774 1632 virtute
797 1590 1030 1644 salvantur,
1056 1590 1156 1647 quia
1185 1589 1310 1631 multi
1338 1589 1427 1632 sine
1455 1588 1648 1648 perfecta
1676 1589 1853 1632 caritate
1883 1589 2114 1644 salvantur,
2140 1590 2240 1648 quia
2262 1605 2362 1633 cum

213 1654 389 1712 quando
411 1654 668 1709 moriuntur,
683 1656 796 1697 hanc
817 1654 1084 1697 voluntatem
1104 1655 1311 1709 habeant,
1329 1654 1448 1714 quod
1464 1654 1499 1697 si
1521 1654 1640 1714 optio
1659 1655 1720 1697 eis
1743 1654 1932 1709 daretur,
1945 1654 2362 1710 morarentur¹‚non

212 1730 357 1762 tamen
372 1720 535 1762 habent
555 1720 673 1762 illam
686 1720 953 1763 voluntatem
975 1720 1147 1763 difficile
1164 1721 1388 1774 mobilem,
1414 1721 1514 1779 quia
1535 1721 1570 1763 si
1588 1721 1795 1774 viverent,
1820 1731 2058 1764 mutaretur
2079 1721 2150 1764 illa
2164 1721 2363 1765 voluntas

213 1796 256 1827 et
284 1784 384 1827 ideo
417 1801 507 1828 non
537 1796 600 1827 est
620 1788 768 1828 virtus.
795 1786 839 1828 Si
870 1798 1015 1828 autem
1046 1786 1246 1828 volumus
1281 1786 1424 1829 dicere
1459 1785 1578 1844 quod
1607 1787 1748 1828 omnis
1772 1787 1906 1829 virtus
1922 1788 1976 1829 sit
1997 1786 2194 1830 voluntas
2224 1787 2358 1843 bona,

214 1866 462 1909 possumus,
499 1850 619 1910 quod
653 1852 793 1894 omnis
832 1852 965 1894 virtus
987 1862 1052 1894 est
1073 1852 1241 1905 caritas,
1280 1862 1323 1894 et
1353 1853 1413 1893 ita
1440 1852 1591 1894 caritas
1629 1852 1710 1893 erit
1742 1867 1876 1911 genus
1910 1854 2107 1895 omnium
2135 1854 2359 1897 virtutum.

211 1917 421 1970 Diximus,
447 1928 532 1960 tres
554 1933 645 1960 esse
668 1918 829 1976 species
850 1918 1032 1969 virtutis,
1053 1917 1263 1973 justitiam
1285 1917 1457 1970 scilicet,
1482 1916 1780 1959 fortitudinem
1801 1928 1845 1960 et
1865 1918 2210 1977 temperantiam.
2235 1918 2362 1962 Nunc

210 1982 514 2040 inquirendum
536 1994 614 2036 est,
641 1982 865 2041 quomodo
886 1998 1037 2027 omnes
1059 1982 1235 2025 virtutes
1254 1982 1310 2025 ad
1331 1983 1431 2025 istas
1449 1993 1551 2036 tres,
1571 1993 1615 2025 et
1637 1998 1732 2040 quae
1757 1982 1813 2025 ad
1835 1998 1940 2041 quas
1960 1982 2238 2043 reducantur.

269 2049 463 2091 Primum
484 2049 613 2109 igitur
634 2048 879 2102 videamus,
903 2064 999 2106 quae
1023 2047 1080 2090 ad
1097 2049 1307 2104 justitiam
1327 2047 1604 2091 reducantur.
1627 2049 1788 2091 Omnes
1815 2048 1899 2090 illae
1921 2049 2113 2103 virtutes,
2140 2065 2237 2107 quae
2258 2064 2360 2108 per-

210 2114 348 2156 tinent
384 2115 440 2157 ad
467 2113 741 2157 reddendum
768 2114 999 2172 unicuique
1029 2114 1148 2172 quod
1177 2129 1301 2156 suum
1324 2125 1408 2167 est,
1435 2114 1492 2156 ad
1509 2114 1718 2170 justitiam
1742 2124 1951 2174 spectant.
1972 2114 2119 2157 Virtus
2141 2115 2236 2168 illa,
2266 2130 2364 2173 quae

212 2180 398 2239 pertinet
419 2180 475 2223 ad
496 2179 769 2223 reddendum
788 2181 883 2222 Deo
901 2179 1020 2238 quod
1039 2195 1164 2222 suum
1187 2191 1264 2234 est,
1290 2178 1336 2222 id
1355 2190 1432 2234 651,
1457 2179 1608 2239 religio
1625 2178 1681 2222 ad
1697 2180 1906 2236 justitiam
1921 2180 2122 2239 pertinet.
2144 2180 2360 2235 Similiter,

210 2262 305 2304 quae
328 2246 473 2288 reddit
493 2246 743 2305 parentibus
765 2245 886 2304 quod
908 2261 1032 2288 suum
1052 2256 1131 2300 est,
1160 2245 1207 2288 id
1229 2256 1307 2299 est,
1331 2246 1468 2304 pietas
1490 2256 1534 2288 et
1553 2245 1703 2299 virtus,
1729 2261 1825 2304 quae
1846 2245 1992 2289 reddit
2012 2246 2269 2302 majoribus,
2293 2247 2363 2288 vel

210 2312 449 2354 minoribus
463 2345 473 2365 ⁷
498 2312 566 2354 vel
590 2312 823 2370 aequalibus
845 2311 964 2370 quod
989 2327 1114 2354 suum
1135 2322 1214 2366 est,
1235 2311 1304 2354 vel
1329 2312 1461 2353 virtus
1484 2326 1580 2370 quae
1607 2310 1871 2370 pauperibus
1901 2311 2021 2370 quod
2043 2327 2168 2355 suum
2191 2322 2253 2354 est
2272 2312 2363 2355 lar-

211 2378 324 2436 gitur
350 2394 359 2420 z
386 2378 480 2420 haec
495 2410 506 2430 ,
532 2378 730 2435 inquam,
757 2379 903 2419 omnia
934 2377 991 2419 ad
1007 2378 1216 2433 justitiam
1237 2388 1461 2434 tamquam
1488 2385 1630 2436 partes
1652 2377 1882 2436 integrales
1908 2377 2168 2420 referuntur.
2194 2377 2323 2421 Unde
2350 2393 2360 2420 :

211 2444 303 2486 Nisi
326 2444 611 2487 abundaverit
638 2444 800 2500 justitia
822 2455 963 2486 vestra
982 2443 1078 2502 plus
1106 2459 1234 2502 quam
1258 2443 1505 2485 Scribarum
1521 2454 1565 2486 et
1581 2443 1912 2487 Pharisaeorum.
1937 2443 1992 2486 Et
2017 2443 2072 2486 de
2094 2443 2365 2503 eleemosyna

212 2511 350 2553 David
378 2526 388 2553 ε
413 2510 642 2569 Dispersit‚
669 2509 789 2552 dedit
819 2509 1106 2568 pauperibus,
1126 2509 1289 2565 justitia
1321 2510 1411 2565 ejus
1434 2520 1581 2551 manet
1611 2509 1657 2550 in
1686 2508 1877 2551 seculum
1906 2509 2038 2552 seculi
2063 2525 2073 2551 :
2099 2526 2195 2567 quae
2218 2511 2363 2552 omnia

212 2576 374 2619 faciunt
395 2577 453 2618 sic
478 2576 702 2632 justitiam,
730 2576 839 2617 sicut
866 2575 1043 2618 scientia
1070 2574 1319 2617 inveniendi
1346 2586 1389 2617 et
1411 2574 1633 2631 judicandi
1655 2574 1841 2634 logicam
1863 2574 2041 2618 faciunt.
2072 2575 2224 2633 Neque
2247 2576 2364 2618 enim

212 2643 370 2700 species
400 2643 573 2699 justitiae
605 2642 689 2685 dici
709 2652 904 2701 possunt,
937 2656 1037 2683 cum
1058 2641 1177 2683 nulla
1199 2641 1370 2683 illarum
1398 2656 1477 2701 per
1498 2656 1544 2684 se
1563 2642 1726 2697 justum
1756 2640 1904 2693 faciat,
1928 2640 1975 2683 id
1997 2651 2085 2694 est,
2108 2640 2363 2684 reddentem

213 2709 439 2767 unicuique
462 2708 580 2767 quod
602 2723 726 2751 suum
747 2718 826 2761 est,
850 2707 926 2750 sed
948 2707 1062 2749 sicut'
1076 2718 1292 2750 conventu
1312 2708 1487 2767 parietis
1507 2707 1610 2750 tecti
1632 2716 1676 2749 et
1697 2705 1968 2749 fundamenti
1991 2706 2145 2750 domus
2165 2706 2361 2761 efficitur,

213 2773 270 2813 sic
297 2774 473 2816 istarum
494 2775 702 2816 virtutum
725 2783 942 2816 conventu
962 2774 1097 2829 justus
1126 2772 1322 2815 efficitur.
1348 2773 1458 2815 Visis
1485 2788 1588 2832 ergo
1603 2805 1615 2826 ,
1641 2788 1737 2831 quae
1761 2772 1817 2815 ad
1834 2772 2043 2829 justitiam
2063 2772 2324 2816 reducantur
2350 2788 2360 2815 ε

214 2853 308 2894 quae
334 2839 390 2880 ad
410 2839 722 2892 fortitudinem,
749 2855 845 2898 quae
867 2839 923 2882 ad
945 2840 1273 2898 temperantiam
1294 2839 1551 2892 referantur,
1572 2838 1720 2881 videre
1739 2849 1886 2882 restat.
1909 2839 2154 2893 Fortitudo,
2181 2849 2224 2882 et
2248 2849 2363 2882 tem—

214 2904 421 2959 perantia,
453 2915 501 2945 ut
530 2905 692 2947 dictum
722 2916 806 2958 est,
837 2905 1043 2964 potentiae
1078 2915 1192 2958 sunt,
1226 2906 1327 2963 quia
1360 2920 1512 2948 earum
1542 2905 1768 2947 contrariae
1798 2915 1848 2947 ut
1874 2905 2141 2964 impotentiae
2164 2904 2365 2963 quaedam

217 2967 416 3019 existunt,
452 2980 494 3011 et
524 2985 624 3011 cum
644 2971 728 3012 hoc
750 2971 817 3021 sit,
844 2987 935 3013 non
953 2982 1100 3013 tamen
1132 2970 1336 3013 desinunt
1361 2971 1536 3013 habitus
1570 2986 1676 3013 esse.
1713 2971 1913 3014 Potentia
1946 2986 2050 3014 vero
2088 2969 2292 3012 naturalis
2321 2978 2364 3010 et

215 3032 385 3074 habitus
414 3036 609 3092 opposita
640 3046 754 3082 sunt.
788 3036 874 3078 Sed
903 3037 1110 3095 potentiae
1147 3052 1242 3094 quae
1270 3052 1349 3095 per
1378 3037 1712 3096 applicationem
1742 3036 1922 3093 subjecti
1951 3036 2154 3089 veniunt,
2191 3033 2362 3076 habitus

215 3108 328 3140 sunt.
343 3099 642 3157 Temperantia
661 3101 791 3159 igitur
812 3116 910 3143 cum
926 3102 979 3143 sit
997 3102 1188 3160 potentia
1201 3102 1370 3145 illicitos
1391 3113 1534 3145 motus
1551 3101 1815 3154 refrenandi,
1836 3101 1983 3144 omnia
1999 3116 2094 3159 quae
2117 3099 2173 3142 ad
2193 3098 2361 3141 illicitos

214 3173 354 3205 motus
381 3165 596 3222 pertinent
616 3165 915 3219 refrenandos,
941 3166 997 3208 ad
1018 3182 1116 3209 eam
1137 3166 1366 3210 referenda
1389 3183 1478 3211 esse
1500 3168 1776 3211 manifestum
1799 3178 1883 3222 est,
1909 3177 1958 3210 ut
1979 3163 2241 3208 continentia
2265 3178 2359 3222 quae

267 3316 332 3350 'Sic
355 3317 558 3358 Rheinwald,
576 3318 665 3358 quod
679 3319 774 3350 nobis
789 3320 911 3360 absque
929 3329 1026 3353 sensu
1042 3326 1101 3354 est.
1121 3320 1243 3354 Forsan
1261 3323 1440 3363 conjeceris
1456 3322 1678 3355 morirentur.
