2638 3866
350 184 447 230 254
1159 175 1335 223 PETRI
1369 175 1684 224 ABAELARDI

346 282 516 331 buistis
541 281 587 326 in
614 280 704 326 illis
727 293 870 342 supra
895 276 1079 341 positis,
1100 274 1405 322 immunditia
1422 275 1600 322 scilicet
1618 286 1665 322 et
1685 275 1950 340 iniquitate,
1973 298 1996 320 <c
2014 278 2063 325 in
2082 279 2275 342 quibus,
2294 299 2316 322 ²)
2335 281 2385 328 id
2404 293 2490 345 est,

348 363 408 410 de
430 377 637 426 quorum
663 358 1036 424 perpetratione,
1058 376 1080 401 «
1098 354 1232 402 nunc
1255 355 1550 402 erubescitis.
1569 375 1591 400 »
1610 359 1668 402 Et
1692 356 1771 403 hic
1789 367 1859 404 est
1878 358 1985 405 finis
2005 359 2254 419 «illorum,
2277 381 2301 406 >2
2318 363 2495 412 scilicet

348 443 409 490 ad
436 441 571 504 quod
596 439 798 498 ducunt,
825 437 901 484 vel
929 438 1125 484 effectus
1143 436 1276 501 prior
1298 436 1365 482 eis
1396 435 1587 482 debitus
1610 452 1741 483 mors
1764 447 1850 495 est,
1870 439 2040 486 animae
2069 439 2304 500 videlicet,
2329 442 2380 489 id
2402 455 2488 505 est,

344 532 585 587 perpetuae
610 519 847 565 cruciatus
870 534 1039 582 poenae.
1071 536 1094 561 «
1112 519 1248 562 Nunc
1263 532 1378 563 vero
1403 515 1592 563 liberati
1616 533 1642 563 a
1667 527 1880 581 peccato,
1911 537 1931 563 n
1967 519 2014 565 id
2049 530 2118 566 est
2141 537 2170 568 a
2193 522 2324 584 gravi
2359 523 2492 571 malae

345 599 706 649 consuetudinis
723 600 858 662 jugo,
890 597 1144 644 «hahetis»
1168 598 1266 660 jam
1284 596 1364 643 hic
1397 616 1419 641 κ
1445 596 1653 644 fructum
1677 607 1890 645 vestrum
1913 600 1960 646 in
1991 601 2437 665 sanctificationem,
2465 625 2488 649 »

340 682 389 728 id
414 691 500 738 est,
524 681 677 744 ipsam
702 679 1033 726 remissionem
1053 687 1384 741 peccatorum,
1412 693 1507 741 qua
1532 676 1814 725 sanctificati
1842 680 1968 740 estis,
1997 680 2184 728 habetis
2216 699 2306 747 pro
2339 701 2494 732 remu-

339 762 605 809 neratione.
637 779 660 804 «
685 760 848 806 Finem
873 775 1003 813 vero,
1039 777 1061 800 2>
1095 756 1142 803 id
1168 766 1239 803 est
1264 757 1470 815 exitum,
1499 757 1561 805 ad
1597 775 1742 823 quem
1772 759 1872 806 haec
1900 760 2213 809 sanctificatio
2244 763 2487 827 perducit,

337 840 524 888 habetis
541 841 642 904 jam
667 837 804 886 vobis
824 847 1162 903 praeparatum.
1186 856 1208 882 α
1231 837 1389 884 Vitam
1409 847 1655 886 aeternam.
1676 859 1698 883 2>
1720 840 1889 887 Merito
1912 840 2059 889 finem
2084 841 2199 889 dicit
2221 852 2320 891 tam
2343 845 2492 898 vitam

339 938 487 986 quam
507 931 712 968 mortem
732 920 900 967 animae
921 928 1168 978 aeternam,
1203 934 1309 982 quae
1331 918 1426 966 vita
1448 919 1537 967 ista
1562 921 1781 985 corporis
1801 930 1849 968 et
1872 932 2026 969 morte
2045 924 2300 988 temporali
2316 924 2487 986 finitis,

338 1011 558 1049 extremae
582 1009 960 1064 consequuntur.
991 1018 1014 1041 «
1049 997 1295 1063 Stipendia
1325 999 1472 1046 enim.
1497 1018 1521 1044 >2
1549 1000 1619 1047 Ad
1644 1000 1744 1048 duo
1768 1001 1847 1049 illa
1875 1003 2119 1067 praemissa.
2144 1022 2154 1050 :
2187 1024 2210 1048 <c
2235 1007 2355 1053 Nam
2383 1004 2492 1057 finis
2569 1034 2572 1035 ν

340 1081 550 1141 illorum,
572 1101 594 1126 »
621 1090 668 1128 et
690 1099 699 1126 :
726 1101 748 1125 (ε
767 1080 890 1126 Hinc
909 1095 1024 1125 vero
1042 1078 1247 1140 liberati,
1272 1089 1386 1139 etc.,
1412 1100 1435 1123 ›>
1464 1080 1554 1128 ista
1573 1080 1674 1128 duo
1698 1081 1955 1142 subnectit,
1983 1102 2006 1128 t(
2029 1084 2268 1149 stipendia
2292 1086 2441 1146 enim,
2462 1105 2488 1131 ιι

294 1171 297 1174 “
336 1171 400 1222 et,
432 1182 454 1207 «
483 1162 632 1225 gratia
654 1170 814 1208 autem
850 1159 956 1220 Dei,
986 1169 1098 1218 etc.,
1120 1178 1143 1203 n
1170 1159 1430 1208 ostendens
1462 1161 1684 1209 videlicet
1717 1163 1920 1227 qualiter
1959 1163 2022 1211 ad
2050 1163 2176 1212 duos
2209 1164 2318 1213 illos
2349 1165 2487 1227 fines,

338 1259 461 1307 quos
485 1242 715 1302 distinxit,
744 1250 950 1287 mortem
975 1239 1154 1287 scilicet
1176 1256 1232 1288 ac
1255 1241 1404 1289 vitam
1424 1242 1747 1307 perveniatur.
1775 1244 1848 1292 Ad
1872 1254 2079 1292 mortem
2099 1245 2298 1310 quidem
2325 1262 2384 1295 ex
2412 1247 2492 1311 ju-

334 1322 478 1384 stitia,
504 1322 567 1370 ad
592 1322 741 1370 vitam
765 1331 926 1369 autem
950 1337 1006 1368 ex
1031 1321 1183 1384 gratia
1207 1337 1295 1386 per
1312 1324 1475 1370 Jesum
1487 1333 1599 1371 ante
1613 1324 1803 1375 collata.
1831 1329 1938 1373 Non
1957 1335 2076 1373 sunt
2091 1326 2221 1375 enim
2239 1326 2492 1391 condignae

335 1403 580 1468 passiones
603 1401 747 1466 hujus
769 1402 997 1467 temporis
1021 1401 1084 1449 ad
1111 1401 1320 1451 suturam
1344 1402 1569 1467 gloriam,
1596 1421 1702 1468 quae
1736 1405 2028 1457 revelabitur
2058 1407 2110 1454 in
2149 1406 2309 1458 nohis.
2353 1406 2493 1457 Unde

333 1482 459 1530 bene
482 1484 924 1530 remunerationem
946 1483 1130 1548 peccati
1154 1483 1215 1530 de
1236 1494 1392 1532 morte
1417 1495 1561 1533 vocat
1576 1486 1897 1551 stipendium,
1937 1489 2494 1541 remunerationemauae-

334 1573 430 1611 tem
456 1563 741 1611 obedientiae
763 1564 852 1610 Dei
871 1563 933 1611 de
951 1564 1049 1611 vita
1081 1573 1257 1612 aeterna
1279 1581 1380 1613 non
1406 1566 1721 1631 stipendium,
1759 1567 1844 1628 sed
1867 1567 2082 1632 ,gloriam
2116 1568 2354 1617 nominat.
2393 1569 2493 1620 sti-

331 1644 566 1709 pendium
600 1644 779 1709 quippe
803 1661 829 1692 a
852 1644 974 1710 stipe
997 1645 1215 1704 nomine,
1241 1654 1289 1692 et
1313 1664 1485 1710 penso,
1505 1665 1689 1711 pensas
1723 1647 1873 1695 verbo
1909 1648 2102 1699 dicitur.
2138 1649 2307 1714 Stipes>
2329 1658 2493 1699 autem

331 1725 406 1772 vel
429 1726 546 1790 stips
569 1724 749 1773 dicitur
773 1742 956 1773 merces
979 1742 1086 1790 quae
1109 1725 1342 1774 militibus
1358 1726 1596 1788 redditur,
1624 1738 2024 1793 pensato-eorum
2039 1728 2228 1790 labore,
2250 1729 2348 1776 sive
2371 1745 2492 1779 con·-

332 1805 535 1852 siderata
563 1805 876 1855 dominorum
901 1805 1124 1854 utilitate.
1151 1809 1340 1871 Haymo
1364 1824 1480 1855 vero
1505 1809 1573 1855 sic
1594 1809 1659 1855 ait
1683 1826 1693 1854 ε
1726 1829 1748 1852 α
1774 1809 2039 1874 Stipendia,
2067 1809 2119 1856 id
2141 1817 2238 1870 est,
2265 1824 2495 1856 remune-

331 1885 455 1932 ratio
478 1886 773 1951 stipendium
795 1886 971 1934 dicitur
989 1902 1018 1932 a
1040 1886 1163 1951 stipe
1186 1886 1464 1952 pendenda,
1499 1887 1547 1935 id
1575 1897 1662 1949 est,
1689 1888 1955 1938 substantia
1987 1888 2324 1954 ponderanda.
2360 1888 2494 1937 Anti-

333 1966 496 2028 quitus
528 1967 658 2013 enim
698 1967 858 2032 potius
882 1966 1246 2033 ponderabatur
1271 1969 1480 2033 pecunia
1514 1985 1662 2033 quam
1691 1969 2055 2021 numerabatur.
2082 1989 2104 2013 >2
2133 1970 2211 2016 Sic
2238 1969 2488 2021 continua.

332 2046 440 2093 Dixi
462 2047 576 2110 quia
592 2046 702 2095 finis
724 2048 936 2106 illorum,
964 2046 1017 2094 id
1034 2057 1123 2108 est,
1150 2047 1469 2096 immunditiae
1495 2059 1543 2096 et
1565 2049 1849 2114 iniquitatis,
1875 2067 2008 2098 mors
2034 2060 2121 2111 est,
2145 2059 2195 2098 et
2217 2048 2344 2096 bene
2379 2048 2494 2113 quia

332 2128 491 2174 omnis
514 2128 700 2192 peccati
723 2127 962 2193 stipendia
979 2137 1110 2190 sunt,
1135 2128 1187 2178 id
1202 2138 1291 2186 est,
1313 2128 1440 2192 justa
1464 2139 1511 2177 et
1533 2130 1696 2179 debita
1715 2131 2041 2183 remuneratio
2061 2147 2212 2191 mors,
2253 2129 2331 2177 his
2358 2128 2493 2182 vide-

331 2206 442 2254 licet
471 2209 554 2272 qui
578 2209 626 2256 in
651 2225 711 2255 eo
737 2219 1072 2273 perseverant3
1097 2208 1184 2257 sed
1215 2210 1313 2257 vita
1346 2220 1526 2259 aeterna
1546 2211 1711 2278 potius
1733 2222 1804 2259 est
1826 2213 1975 2276 gratia
1995 2212 2084 2259 Dei
2114 2209 2323 2260 dicenda
2345 2225 2493 2274 quam

331 2287 566 2352 stipendia
591 2299 775 2348 nostra,
796 2289 847 2336 id
863 2291 1115 2353 est,‡gratis
1139 2291 1302 2356 potius
1324 2291 1466 2340 nobis
1489 2292 1678 2354 collata,
1705 2310 1853 2357 quam
1887 2293 2067 2340 meritis
2098 2289 2489 2343 nostrisvdebita.

332 2370 392 2414 Et
414 2367 509 2415 hoc
532 2378 602 2415 est
625 2385 711 2434 per
734 2368 980 2416 Christum
996 2373 1177 2431 Jesum,
1205 2386 1293 2435 per
1315 2388 1461 2435 quem
1483 2375 1588 2419 Deo
1605 2373 1901 2423 reconciliati
1923 2390 2108 2424 sumus.

388 2467 427 2492 >a
447 2452 517 2495 An
541 2448 788 2512 ignoratis.
812 2468 834 2492 n
858 2448 1054 2497 Dixerat
1075 2450 1295 2514 superius
1317 2452 1574 2515 Apostolus
1601 2470 1658 2498 :-«
1681 2456 1785 2500 Non
1809 2454 1940 2501 enim
1975 2452 2066 2500 sub
2099 2452 2203 2515 lege
2240 2451 2371 2511 estis,
2399 2449 2493 2502 sod

331 2527 422 2575 sub
451 2530 633 2591 gratia:
657 2547 681 2573 »
706 2538 755 2576 et
773 2546 938 2579 rursus
961 2529 1040 2577 hic
1067 2529 1330 2578 novissime
1353 2530 1543 2594 adjecit,
1579 2552 1603 2578 «
1634 2548 1720 2598 per
1749 2536 1912 2581 Jesum
1946 2532 2191 2580 Christum
2227 2530 2493 2582 Dominum

331 2618 569 2669 nostrum,
586 2628 610 2654 »
641 2609 802 2674 potius
826 2627 973 2674 quam
1007 2627 1094 2675 per
1128 2610 1301 2674 legem,
1344 2628 1436 2661 nos
1469 2611 1597 2660 hanc
1633 2613 1834 2677 gratiam
1866 2613 1975 2663 vitae
2000 2622 2192 2661 aeternae
2222 2618 2488 2662 »assecutos-

335 2689 474 2736 Unde
504 2690 619 2753 quia
643 2689 816 2755 aliquis
838 2691 990 2755 possit
1006 2707 1240 2755 quaerere,
1261 2700 1379 2755 post.
1391 2691 1547 2756 legem
1571 2692 1734 2742 datam
1756 2692 2010 2758 quomodo
2024 2695 2036 2717 ¹
2061 2692 2233 2757 aliquis
2250 2692 2360 2739 sine
2388 2690 2492 2754 ejus

335 2767 753 2819 observationibus
774 2779 935 2836 potest
957 2770 1149 2830 salvari,
1176 2771 1449 2836 cuicunque
1466 2784 1740 2838 apponatur
1759 2774 1926 2838 gratia,
1950 2772 2261 2823 convenienti
2272 2769 2493 2822 similitu·-

336 2847 448 2895 dine
468 2851 724 2913 Apostolus
744 2851 888 2898 talem
922 2836 1154 2916 praevenit
1176 2861 1225 2898 et
1240 2851 1759 2917 'solvitquaestionem3
1797 2853 2060 2906 ostendens
2094 2852 2319 2903 videlicet
2348 2848 2493 2915 quad

338 2929 752 2990 quemadmodum
775 2931 967 2989 mulier,
984 2931 1145 2995 priore
1158 2931 1264 2978 viro
1282 2931 1529 2994 defuncto,
1550 2944 1707 2999 potest
1728 2934 1789 2983 ad
1813 2931 2339 2999 attaminculpahiliter
2356 2939 2489 2980 111³ss-

337 3006 447 3066 sire,
474 3008 537 3054 ita
558 3010 766 3072 populus
790 3011 881 3057 Dei
897 3011 1029 3074 prius
1047 3011 1167 3074 jugo
1191 3011 1307 3074 legis
1326 3012 1543 3077 alligatus
1567 3016 1704 3079 quasi
1730 3015 1902 3063 mulier
1928 3015 2051 3076 viro,
2084 3013 2166 3062 cui
2198 3010 2343 3059 debet
2370 3008 2490 3060 ohe-

336 3086 456 3144 dire,
480 3097 637 3152 potest
654 3089 755 3151 jam
776 3089 880 3152 lege
905 3089 1132 3138 defuncta
1146 3090 1209 3138 ad
1232 3090 1504 3141 libertatem
1531 3095 1774 3160 Evangelii
1806 3097 1909 3143 sine
1940 3095 2084 3160 culpa
2118 3108 2296 3143 meare.
2329 3094 2490 3155 Usque

387 3273 395 3292 ¹
410 3270 492 3304 Male
506 3272 662 3305 Amboes.
686 3272 839 3311 Quando.
