<?xml version="1.0" encoding="UTF-8"?>
<!DOCTYPE html PUBLIC "-//W3C//DTD XHTML 1.0 Transitional//EN"
    "http://www.w3.org/TR/xhtml1/DTD/xhtml1-transitional.dtd">
<html xmlns="http://www.w3.org/1999/xhtml" xml:lang="en" lang="en">
 <head>
  <title>
</title>
<meta http-equiv="Content-Type" content="text/html;charset=utf-8" />
  <meta name='ocr-system' content='tesseract 3.04.00' />
  <meta name='ocr-capabilities' content='ocr_page ocr_carea ocr_par ocr_line ocrx_word'/>
</head>
<body>
  <div class='ocr_page' id='page_1' title='image "./operahactenusseo00abeluoft_0254.png"; bbox 0 0 2638 3866; ppageno 0'>
   <div class='ocr_carea' id='block_1_1' title="bbox 331 163 1656 220">
    <p class='ocr_par' dir='ltr' id='par_1_1' title="bbox 331 163 1656 220">
     <span class='ocr_line' id='line_1_1' title="bbox 331 163 1656 220; baseline -0.01 0"><span class='ocrx_word' id='word_1_1' title='bbox 331 173 427 220; x_wconf 78' lang='lat'>244</span> <span class='ocrx_word' id='word_1_2' title='bbox 1137 164 1306 210; x_wconf 87' lang='lat' dir='ltr'>PETRI</span> <span class='ocrx_word' id='word_1_3' title='bbox 1341 163 1656 212; x_wconf 81' lang='lat' dir='ltr'><strong>ABAELARDI</strong></span> 
     </span>
    </p>
   </div>
   <div class='ocr_carea' id='block_1_2' title="bbox 307 262 2465 3127">
    <p class='ocr_par' dir='ltr' id='par_1_2' title="bbox 307 262 2465 3127">
     <span class='ocr_line' id='line_1_2' title="bbox 332 262 2465 334; baseline -0.005 -13"><span class='ocrx_word' id='word_1_4' title='bbox 332 289 509 331; x_wconf 82' lang='lat' dir='ltr'>ramuS,</span> <span class='ocrx_word' id='word_1_5' title='bbox 534 272 658 334; x_wconf 89' lang='lat' dir='ltr'>juste</span> <span class='ocrx_word' id='word_1_6' title='bbox 681 284 792 317; x_wconf 91' lang='lat' dir='ltr'>eum</span> <span class='ocrx_word' id='word_1_7' title='bbox 808 267 1065 333; x_wconf 86' lang='lat' dir='ltr'>puniamus</span> <span class='ocrx_word' id='word_1_8' title='bbox 1087 265 1170 328; x_wconf 91' lang='lat' dir='ltr'>qui</span> <span class='ocrx_word' id='word_1_9' title='bbox 1183 264 1310 327; x_wconf 89' lang='lat' dir='ltr'>juste</span> <span class='ocrx_word' id='word_1_10' title='bbox 1329 279 1429 310; x_wconf 91' lang='lat' dir='ltr'>non</span> <span class='ocrx_word' id='word_1_11' title='bbox 1455 263 1671 328; x_wconf 88' lang='lat' dir='ltr'>punitur,</span> <span class='ocrx_word' id='word_1_12' title='bbox 1699 271 1746 309; x_wconf 90' lang='lat' dir='ltr'>et</span> <span class='ocrx_word' id='word_1_13' title='bbox 1764 263 1889 326; x_wconf 92' lang='lat' dir='ltr'>juste</span> <span class='ocrx_word' id='word_1_14' title='bbox 1915 262 1961 309; x_wconf 92' lang='lat' dir='ltr'>id</span> <span class='ocrx_word' id='word_1_15' title='bbox 1995 278 2191 326; x_wconf 86' lang='lat' dir='ltr'>agamus</span> <span class='ocrx_word' id='word_1_16' title='bbox 2226 263 2359 327; x_wconf 92' lang='lat' dir='ltr'>quod</span> <span class='ocrx_word' id='word_1_17' title='bbox 2385 264 2465 327; x_wconf 86' lang='lat' dir='ltr'>ju-</span> 
     </span>
     <span class='ocr_line' id='line_1_3' title="bbox 329 340 2463 412; baseline -0.005 -13"><span class='ocrx_word' id='word_1_18' title='bbox 329 363 455 399; x_wconf 87' lang='lat' dir='ltr'>stum</span> <span class='ocrx_word' id='word_1_19' title='bbox 478 367 577 398; x_wconf 89' lang='lat' dir='ltr'>non</span> <span class='ocrx_word' id='word_1_20' title='bbox 602 359 688 410; x_wconf 87' lang='lat' dir='ltr'>est,</span> <span class='ocrx_word' id='word_1_21' title='bbox 712 346 1004 412; x_wconf 84' lang='lat' dir='ltr'>competenti</span> <span class='ocrx_word' id='word_1_22' title='bbox 1029 361 1173 409; x_wconf 86' lang='lat' dir='ltr'>super</span> <span class='ocrx_word' id='word_1_23' title='bbox 1191 343 1287 389; x_wconf 91' lang='lat' dir='ltr'>hoc</span> <span class='ocrx_word' id='word_1_24' title='bbox 1307 341 1652 389; x_wconf 83' lang='lat' dir='ltr'>deliberatione</span> <span class='ocrx_word' id='word_1_25' title='bbox 1673 340 1853 402; x_wconf 85' lang='lat' dir='ltr'>habita,</span> <span class='ocrx_word' id='word_1_26' title='bbox 1881 358 1942 389; x_wconf 90' lang='lat' dir='ltr'>ne</span> <span class='ocrx_word' id='word_1_27' title='bbox 1966 343 2049 389; x_wconf 91' lang='lat' dir='ltr'>uni</span> <span class='ocrx_word' id='word_1_28' title='bbox 2079 342 2326 407; x_wconf 89' lang='lat' dir='ltr'>parcendo</span> <span class='ocrx_word' id='word_1_29' title='bbox 2356 342 2463 407; x_wconf 89' lang='lat' dir='ltr'>plu-</span> 
     </span>
     <span class='ocr_line' id='line_1_4' title="bbox 331 421 2465 488; baseline -0.005 -10"><span class='ocrx_word' id='word_1_30' title='bbox 331 431 466 478; x_wconf 89' lang='lat' dir='ltr'>ribus</span> <span class='ocrx_word' id='word_1_31' title='bbox 485 445 763 476; x_wconf 86' lang='lat' dir='ltr'>noceamus.</span> <span class='ocrx_word' id='word_1_32' title='bbox 792 427 868 473; x_wconf 92' lang='lat' dir='ltr'>Sic</span> <span class='ocrx_word' id='word_1_33' title='bbox 895 425 1038 472; x_wconf 90' lang='lat' dir='ltr'>etiam</span> <span class='ocrx_word' id='word_1_34' title='bbox 1058 425 1105 470; x_wconf 92' lang='lat' dir='ltr'>in</span> <span class='ocrx_word' id='word_1_35' title='bbox 1130 421 1441 488; x_wconf 86' lang='lat' dir='ltr'>parvulorum</span> <span class='ocrx_word' id='word_1_36' title='bbox 1463 421 1790 478; x_wconf 84' lang='lat' dir='ltr'>damnatione,</span> <span class='ocrx_word' id='word_1_37' title='bbox 1829 438 1938 469; x_wconf 91' lang='lat' dir='ltr'>cum</span> <span class='ocrx_word' id='word_1_38' title='bbox 1970 422 2104 487; x_wconf 90' lang='lat' dir='ltr'>quod</span> <span class='ocrx_word' id='word_1_39' title='bbox 2139 438 2237 468; x_wconf 92' lang='lat' dir='ltr'>non</span> <span class='ocrx_word' id='word_1_40' title='bbox 2276 438 2465 469; x_wconf 85' lang='lat' dir='ltr'>merue-</span> 
     </span>
     <span class='ocr_line' id='line_1_5' title="bbox 328 501 2460 574; baseline -0.004 -17"><span class='ocrx_word' id='word_1_41' title='bbox 328 512 423 557; x_wconf 87' lang='lat' dir='ltr'>rint</span> <span class='ocrx_word' id='word_1_42' title='bbox 442 510 733 574; x_wconf 88' lang='lat' dir='ltr'>plectuntur‚</span> <span class='ocrx_word' id='word_1_43' title='bbox 751 505 910 555; x_wconf 80' lang='lat' dir='ltr'>multae</span> <span class='ocrx_word' id='word_1_44' title='bbox 935 512 1134 571; x_wconf 86' lang='lat' dir='ltr'>possunt</span> <span class='ocrx_word' id='word_1_45' title='bbox 1144 502 1368 550; x_wconf 83' lang='lat' dir='ltr'>exsistere</span> <span class='ocrx_word' id='word_1_46' title='bbox 1382 518 1535 548; x_wconf 87' lang='lat' dir='ltr'>causae</span> <span class='ocrx_word' id='word_1_47' title='bbox 1553 501 1727 548; x_wconf 83' lang='lat' dir='ltr'>divinae</span> <span class='ocrx_word' id='word_1_48' title='bbox 1741 501 2109 566; x_wconf 83' lang='lat' dir='ltr'>dispensationis</span> <span class='ocrx_word' id='word_1_49' title='bbox 2123 501 2460 562; x_wconf 81' lang='lat' dir='ltr'>saluberrimae,</span> 
     </span>
     <span class='ocr_line' id='line_1_6' title="bbox 327 581 2463 654; baseline -0.004 -18"><span class='ocrx_word' id='word_1_50' title='bbox 327 599 496 654; x_wconf 86' lang='lat' dir='ltr'>praeter</span> <span class='ocrx_word' id='word_1_51' title='bbox 535 589 620 635; x_wconf 91' lang='lat' dir='ltr'>has</span> <span class='ocrx_word' id='word_1_52' title='bbox 656 588 797 636; x_wconf 86' lang='lat' dir='ltr'>etiam</span> <span class='ocrx_word' id='word_1_53' title='bbox 829 601 948 650; x_wconf 90' lang='lat' dir='ltr'>quas</span> <span class='ocrx_word' id='word_1_54' title='bbox 979 583 1340 646; x_wconf 81' lang='lat' dir='ltr'>assignavimUS‚</span> <span class='ocrx_word' id='word_1_55' title='bbox 1377 591 1431 628; x_wconf 88' lang='lat' dir='ltr'>ut</span> <span class='ocrx_word' id='word_1_56' title='bbox 1458 597 1558 627; x_wconf 91' lang='lat' dir='ltr'>non</span> <span class='ocrx_word' id='word_1_57' title='bbox 1593 582 1653 628; x_wconf 91' lang='lat' dir='ltr'>sit</span> <span class='ocrx_word' id='word_1_58' title='bbox 1679 582 1898 646; x_wconf 90' lang='lat' dir='ltr'>iniquum</span> <span class='ocrx_word' id='word_1_59' title='bbox 1930 599 2012 629; x_wconf 91' lang='lat' dir='ltr'>eos</span> <span class='ocrx_word' id='word_1_60' title='bbox 2043 582 2110 628; x_wconf 92' lang='lat' dir='ltr'>sic</span> <span class='ocrx_word' id='word_1_61' title='bbox 2145 581 2322 646; x_wconf 86' lang='lat' dir='ltr'>puniri,</span> <span class='ocrx_word' id='word_1_62' title='bbox 2354 581 2463 628; x_wconf 88' lang='lat' dir='ltr'>licet</span> 
     </span>
     <span class='ocr_line' id='line_1_7' title="bbox 327 660 2462 731; baseline -0.003 -17"><span class='ocrx_word' id='word_1_63' title='bbox 327 685 427 715; x_wconf 90' lang='lat' dir='ltr'>non</span> <span class='ocrx_word' id='word_1_64' title='bbox 452 668 744 715; x_wconf 85' lang='lat' dir='ltr'>meruerint:</span> <span class='ocrx_word' id='word_1_65' title='bbox 769 666 1002 731; x_wconf 89' lang='lat' dir='ltr'>quoniam</span> <span class='ocrx_word' id='word_1_66' title='bbox 1027 667 1154 709; x_wconf 93' lang='lat' dir='ltr'>Deus</span> <span class='ocrx_word' id='word_1_67' title='bbox 1176 661 1344 708; x_wconf 84' lang='lat' dir='ltr'>talium</span> <span class='ocrx_word' id='word_1_68' title='bbox 1370 676 1515 726; x_wconf 84' lang='lat' dir='ltr'>poena</span> <span class='ocrx_word' id='word_1_69' title='bbox 1542 671 1640 708; x_wconf 88' lang='lat' dir='ltr'>tam</span> <span class='ocrx_word' id='word_1_70' title='bbox 1670 662 1785 726; x_wconf 91' lang='lat' dir='ltr'>ipsis</span> <span class='ocrx_word' id='word_1_71' title='bbox 1810 678 1956 726; x_wconf 90' lang='lat' dir='ltr'>quam</span> <span class='ocrx_word' id='word_1_72' title='bbox 1985 661 2088 709; x_wconf 88' lang='lat' dir='ltr'>aliis</span> <span class='ocrx_word' id='word_1_73' title='bbox 2110 678 2210 708; x_wconf 91' lang='lat' dir='ltr'>non</span> <span class='ocrx_word' id='word_1_74' title='bbox 2233 660 2462 708; x_wconf 87' lang='lat' dir='ltr'>inutiliter</span> 
     </span>
     <span class='ocr_line' id='line_1_8' title="bbox 328 740 2462 813; baseline -0.003 -18"><span class='ocrx_word' id='word_1_75' title='bbox 328 749 493 807; x_wconf 86' lang='lat' dir='ltr'>utitur,</span> <span class='ocrx_word' id='word_1_76' title='bbox 516 757 568 794; x_wconf 90' lang='lat' dir='ltr'>ut</span> <span class='ocrx_word' id='word_1_77' title='bbox 592 764 735 813; x_wconf 90' lang='lat' dir='ltr'>supra</span> <span class='ocrx_word' id='word_1_78' title='bbox 758 745 996 810; x_wconf 84' lang='lat' dir='ltr'>aliquibus</span> <span class='ocrx_word' id='word_1_79' title='bbox 1013 759 1111 790; x_wconf 93' lang='lat' dir='ltr'>non</span> <span class='ocrx_word' id='word_1_80' title='bbox 1135 740 1537 806; x_wconf 82' lang='lat' dir='ltr'>improbabilibus</span> <span class='ocrx_word' id='word_1_81' title='bbox 1551 741 1890 805; x_wconf 87' lang='lat' dir='ltr'>assignavimus</span> <span class='ocrx_word' id='word_1_82' title='bbox 1903 740 2232 807; x_wconf 90' lang='lat' dir='ltr'>opinionibus,</span> <span class='ocrx_word' id='word_1_83' title='bbox 2250 742 2462 804; x_wconf 88' lang='lat' dir='ltr'>utmagis</span> 
     </span>
     <span class='ocr_line' id='line_1_9' title="bbox 326 820 2460 892; baseline -0.003 -17"><span class='ocrx_word' id='word_1_84' title='bbox 326 828 387 875; x_wconf 89' lang='lat' dir='ltr'>ad</span> <span class='ocrx_word' id='word_1_85' title='bbox 409 829 608 892; x_wconf 83' lang='lat' dir='ltr'>gratiam</span> <span class='ocrx_word' id='word_1_86' title='bbox 644 828 730 874; x_wconf 90' lang='lat' dir='ltr'>Dei</span> <span class='ocrx_word' id='word_1_87' title='bbox 763 841 906 890; x_wconf 89' lang='lat' dir='ltr'>quam</span> <span class='ocrx_word' id='word_1_88' title='bbox 940 823 1002 870; x_wconf 88' lang='lat' dir='ltr'>ad</span> <span class='ocrx_word' id='word_1_89' title='bbox 1036 821 1270 885; x_wconf 88' lang='lat' dir='ltr'>justitiam</span> <span class='ocrx_word' id='word_1_90' title='bbox 1297 821 1398 868; x_wconf 81' lang='lat' dir='ltr'>haec</span> <span class='ocrx_word' id='word_1_91' title='bbox 1421 821 1669 868; x_wconf 89' lang='lat' dir='ltr'>mitissima</span> <span class='ocrx_word' id='word_1_92' title='bbox 1693 821 2006 886; x_wconf 85' lang='lat' dir='ltr'>parvulorum</span> <span class='ocrx_word' id='word_1_93' title='bbox 2038 837 2181 886; x_wconf 87' lang='lat' dir='ltr'>poena</span> <span class='ocrx_word' id='word_1_94' title='bbox 2211 820 2460 868; x_wconf 87' lang='lat' dir='ltr'>referenda</span> 
     </span>
     <span class='ocr_line' id='line_1_10' title="bbox 325 900 2460 970; baseline -0.003 -17"><span class='ocrx_word' id='word_1_95' title='bbox 325 907 561 969; x_wconf 82' lang='lat' dir='ltr'>videatur,</span> <span class='ocrx_word' id='word_1_96' title='bbox 587 906 698 955; x_wconf 89' lang='lat' dir='ltr'>etin</span> <span class='ocrx_word' id='word_1_97' title='bbox 718 922 817 970; x_wconf 92' lang='lat' dir='ltr'>quo</span> <span class='ocrx_word' id='word_1_98' title='bbox 843 903 1052 950; x_wconf 87' lang='lat' dir='ltr'>maxima</span> <span class='ocrx_word' id='word_1_99' title='bbox 1076 902 1161 949; x_wconf 92' lang='lat' dir='ltr'>Dei</span> <span class='ocrx_word' id='word_1_100' title='bbox 1183 900 1372 958; x_wconf 85' lang='lat' dir='ltr'>videtur</span> <span class='ocrx_word' id='word_1_101' title='bbox 1386 900 1660 960; x_wconf 88' lang='lat' dir='ltr'>crudelitas,</span> <span class='ocrx_word' id='word_1_102' title='bbox 1688 917 1872 966; x_wconf 87' lang='lat' dir='ltr'>magnae</span> <span class='ocrx_word' id='word_1_103' title='bbox 1897 901 2190 966; x_wconf 89' lang='lat' dir='ltr'>dispensatio</span> <span class='ocrx_word' id='word_1_104' title='bbox 2219 902 2378 964; x_wconf 86' lang='lat' dir='ltr'>gratiae</span> <span class='ocrx_word' id='word_1_105' title='bbox 2400 902 2460 948; x_wconf 88' lang='lat' dir='ltr'>sit</span> 
     </span>
     <span class='ocr_line' id='line_1_11' title="bbox 326 979 2454 1051; baseline -0.004 -15"><span class='ocrx_word' id='word_1_106' title='bbox 326 988 645 1051; x_wconf 79' lang='lat' dir='ltr'>praedicanda.</span> <span class='ocrx_word' id='word_1_107' title='bbox 668 991 762 1034; x_wconf 90' lang='lat' dir='ltr'>Nec</span> <span class='ocrx_word' id='word_1_108' title='bbox 783 985 879 1031; x_wconf 91' lang='lat' dir='ltr'>hoc</span> <span class='ocrx_word' id='word_1_109' title='bbox 902 982 1075 1030; x_wconf 87' lang='lat' dir='ltr'>rationi</span> <span class='ocrx_word' id='word_1_110' title='bbox 1100 982 1394 1029; x_wconf 84' lang='lat' dir='ltr'>contrarium</span> <span class='ocrx_word' id='word_1_111' title='bbox 1417 990 1503 1041; x_wconf 89' lang='lat' dir='ltr'>est,</span> <span class='ocrx_word' id='word_1_112' title='bbox 1529 982 1567 1028; x_wconf 93' lang='lat' dir='ltr'>si</span> <span class='ocrx_word' id='word_1_113' title='bbox 1593 981 1727 1046; x_wconf 88' lang='lat' dir='ltr'>quod</span> <span class='ocrx_word' id='word_1_114' title='bbox 1746 981 1995 1029; x_wconf 90' lang='lat' dir='ltr'>dimissum</span> <span class='ocrx_word' id='word_1_115' title='bbox 2010 991 2080 1029; x_wconf 90' lang='lat' dir='ltr'>est</span> <span class='ocrx_word' id='word_1_116' title='bbox 2094 982 2143 1028; x_wconf 91' lang='lat' dir='ltr'>in</span> <span class='ocrx_word' id='word_1_117' title='bbox 2160 979 2454 1046; x_wconf 87' lang='lat' dir='ltr'>parentibus,</span> 
     </span>
     <span class='ocr_line' id='line_1_12' title="bbox 324 1061 2458 1130; baseline -0.003 -15"><span class='ocrx_word' id='word_1_118' title='bbox 324 1068 550 1130; x_wconf 84' lang='lat' dir='ltr'>puniatur</span> <span class='ocrx_word' id='word_1_119' title='bbox 585 1068 632 1114; x_wconf 90' lang='lat' dir='ltr'>in</span> <span class='ocrx_word' id='word_1_120' title='bbox 669 1065 807 1112; x_wconf 86' lang='lat' dir='ltr'>filiis:</span> <span class='ocrx_word' id='word_1_121' title='bbox 838 1065 949 1112; x_wconf 91' lang='lat' dir='ltr'>licet</span> <span class='ocrx_word' id='word_1_122' title='bbox 978 1063 1075 1110; x_wconf 92' lang='lat' dir='ltr'>hoc</span> <span class='ocrx_word' id='word_1_123' title='bbox 1105 1062 1189 1110; x_wconf 88' lang='lat' dir='ltr'>filii</span> <span class='ocrx_word' id='word_1_124' title='bbox 1224 1079 1282 1110; x_wconf 86' lang='lat' dir='ltr'>ex</span> <span class='ocrx_word' id='word_1_125' title='bbox 1313 1062 1454 1128; x_wconf 89' lang='lat' dir='ltr'>culpa</span> <span class='ocrx_word' id='word_1_126' title='bbox 1489 1061 1779 1111; x_wconf 87' lang='lat' dir='ltr'>contrahant</span> <span class='ocrx_word' id='word_1_127' title='bbox 1812 1071 2087 1128; x_wconf 87' lang='lat' dir='ltr'>parentum.</span> <span class='ocrx_word' id='word_1_128' title='bbox 2129 1061 2297 1125; x_wconf 85' lang='lat' dir='ltr'>Aliqua</span> <span class='ocrx_word' id='word_1_129' title='bbox 2328 1061 2458 1108; x_wconf 87' lang='lat' dir='ltr'>enim</span> 
     </span>
     <span class='ocr_line' id='line_1_13' title="bbox 323 1140 2453 1213; baseline -0.002 -21"><span class='ocrx_word' id='word_1_130' title='bbox 323 1164 413 1211; x_wconf 91' lang='lat' dir='ltr'>pro</span> <span class='ocrx_word' id='word_1_131' title='bbox 438 1147 716 1213; x_wconf 81' lang='lat' dir='ltr'>parentibus</span> <span class='ocrx_word' id='word_1_132' title='bbox 733 1144 988 1193; x_wconf 88' lang='lat' dir='ltr'>satisfactio</span> <span class='ocrx_word' id='word_1_133' title='bbox 1011 1143 1282 1202; x_wconf 88' lang='lat' dir='ltr'>intercedit,</span> <span class='ocrx_word' id='word_1_134' title='bbox 1311 1153 1358 1191; x_wconf 90' lang='lat' dir='ltr'>et</span> <span class='ocrx_word' id='word_1_135' title='bbox 1373 1144 1439 1191; x_wconf 91' lang='lat' dir='ltr'>eis</span> <span class='ocrx_word' id='word_1_136' title='bbox 1460 1153 1646 1192; x_wconf 90' lang='lat' dir='ltr'>tantum</span> <span class='ocrx_word' id='word_1_137' title='bbox 1669 1141 1908 1191; x_wconf 82' lang='lat' dir='ltr'>sufficiens</span> <span class='ocrx_word' id='word_1_138' title='bbox 1931 1153 2018 1199; x_wconf 91' lang='lat' dir='ltr'>est,</span> <span class='ocrx_word' id='word_1_139' title='bbox 2045 1158 2144 1189; x_wconf 87' lang='lat' dir='ltr'>non</span> <span class='ocrx_word' id='word_1_140' title='bbox 2165 1142 2312 1188; x_wconf 88' lang='lat' dir='ltr'>etiam</span> <span class='ocrx_word' id='word_1_141' title='bbox 2330 1140 2453 1188; x_wconf 87' lang='lat' dir='ltr'>filiis.</span> 
     </span>
     <span class='ocr_line' id='line_1_14' title="bbox 323 1221 2459 1291; baseline -0.001 -20"><span class='ocrx_word' id='word_1_142' title='bbox 323 1226 469 1274; x_wconf 87' lang='lat' dir='ltr'>Verbi</span> <span class='ocrx_word' id='word_1_143' title='bbox 492 1228 657 1291; x_wconf 84' lang='lat' dir='ltr'>gratia,</span> <span class='ocrx_word' id='word_1_144' title='bbox 683 1236 884 1290; x_wconf 85' lang='lat' dir='ltr'>egerunt</span> <span class='ocrx_word' id='word_1_145' title='bbox 905 1224 1057 1272; x_wconf 89' lang='lat' dir='ltr'>Adam</span> <span class='ocrx_word' id='word_1_146' title='bbox 1082 1234 1129 1272; x_wconf 90' lang='lat' dir='ltr'>et</span> <span class='ocrx_word' id='word_1_147' title='bbox 1153 1226 1251 1271; x_wconf 89' lang='lat' dir='ltr'>Eva</span> <span class='ocrx_word' id='word_1_148' title='bbox 1274 1224 1411 1287; x_wconf 88' lang='lat' dir='ltr'>ejecti</span> <span class='ocrx_word' id='word_1_149' title='bbox 1434 1224 1494 1272; x_wconf 82' lang='lat' dir='ltr'>de</span> <span class='ocrx_word' id='word_1_150' title='bbox 1524 1224 1747 1289; x_wconf 87' lang='lat' dir='ltr'>paradiso</span> <span class='ocrx_word' id='word_1_151' title='bbox 1768 1224 1817 1271; x_wconf 91' lang='lat' dir='ltr'>in</span> <span class='ocrx_word' id='word_1_152' title='bbox 1840 1223 2016 1271; x_wconf 88' lang='lat' dir='ltr'>sudore</span> <span class='ocrx_word' id='word_1_153' title='bbox 2041 1222 2199 1270; x_wconf 81' lang='lat' dir='ltr'>vultus</span> <span class='ocrx_word' id='word_1_154' title='bbox 2222 1232 2268 1270; x_wconf 91' lang='lat' dir='ltr'>et</span> <span class='ocrx_word' id='word_1_155' title='bbox 2289 1221 2459 1270; x_wconf 88' lang='lat' dir='ltr'>dolore</span> 
     </span>
     <span class='ocr_line' id='line_1_15' title="bbox 320 1304 2460 1370; baseline -0.002 -16"><span class='ocrx_word' id='word_1_156' title='bbox 320 1316 484 1370; x_wconf 87' lang='lat' dir='ltr'>partus</span> <span class='ocrx_word' id='word_1_157' title='bbox 519 1308 593 1354; x_wconf 88' lang='lat' dir='ltr'>vel</span> <span class='ocrx_word' id='word_1_158' title='bbox 626 1307 805 1354; x_wconf 81' lang='lat' dir='ltr'>caeteris</span> <span class='ocrx_word' id='word_1_159' title='bbox 840 1305 1180 1353; x_wconf 82' lang='lat' dir='ltr'>afflictionibus</span> <span class='ocrx_word' id='word_1_160' title='bbox 1216 1305 1546 1370; x_wconf 84' lang='lat' dir='ltr'>poenitentiam</span> <span class='ocrx_word' id='word_1_161' title='bbox 1589 1304 1650 1352; x_wconf 91' lang='lat' dir='ltr'>de</span> <span class='ocrx_word' id='word_1_162' title='bbox 1688 1305 1944 1352; x_wconf 88' lang='lat' dir='ltr'>commissa</span> <span class='ocrx_word' id='word_1_163' title='bbox 1982 1305 2370 1368; x_wconf 83' lang='lat' dir='ltr'>transgressione,</span> <span class='ocrx_word' id='word_1_164' title='bbox 2413 1313 2460 1350; x_wconf 89' lang='lat' dir='ltr'>et</span> 
     </span>
     <span class='ocr_line' id='line_1_16' title="bbox 321 1383 2458 1452; baseline -0.001 -19"><span class='ocrx_word' id='word_1_165' title='bbox 321 1388 605 1452; x_wconf 87' lang='lat' dir='ltr'>propitiatus</span> <span class='ocrx_word' id='word_1_166' title='bbox 631 1397 701 1435; x_wconf 88' lang='lat' dir='ltr'>est</span> <span class='ocrx_word' id='word_1_167' title='bbox 720 1388 785 1434; x_wconf 89' lang='lat' dir='ltr'>eis</span> <span class='ocrx_word' id='word_1_168' title='bbox 805 1390 933 1434; x_wconf 89' lang='lat' dir='ltr'>Deus</span> <span class='ocrx_word' id='word_1_169' title='bbox 951 1386 1148 1451; x_wconf 86' lang='lat' dir='ltr'>propria</span> <span class='ocrx_word' id='word_1_170' title='bbox 1172 1386 1389 1451; x_wconf 86' lang='lat' dir='ltr'>ipsorum</span> <span class='ocrx_word' id='word_1_171' title='bbox 1412 1386 1749 1433; x_wconf 84' lang='lat' dir='ltr'>satisfactione.</span> <span class='ocrx_word' id='word_1_172' title='bbox 1777 1388 1930 1433; x_wconf 91' lang='lat' dir='ltr'>Morte</span> <span class='ocrx_word' id='word_1_173' title='bbox 1963 1385 2172 1450; x_wconf 79' lang='lat' dir='ltr'>denique</span> <span class='ocrx_word' id='word_1_174' title='bbox 2206 1383 2458 1449; x_wconf 86' lang='lat' dir='ltr'>temporali</span> 
     </span>
     <span class='ocr_line' id='line_1_17' title="bbox 320 1465 2458 1532; baseline -0 -20"><span class='ocrx_word' id='word_1_175' title='bbox 320 1483 429 1513; x_wconf 89' lang='lat' dir='ltr'>cum</span> <span class='ocrx_word' id='word_1_176' title='bbox 465 1468 557 1515; x_wconf 87' lang='lat' dir='ltr'>sint</span> <span class='ocrx_word' id='word_1_177' title='bbox 590 1484 677 1532; x_wconf 89' lang='lat' dir='ltr'>pro</span> <span class='ocrx_word' id='word_1_178' title='bbox 714 1466 794 1514; x_wconf 89' lang='lat' dir='ltr'>illa</span> <span class='ocrx_word' id='word_1_179' title='bbox 827 1467 1205 1531; x_wconf 85' lang='lat' dir='ltr'>transgressione</span> <span class='ocrx_word' id='word_1_180' title='bbox 1247 1482 1393 1530; x_wconf 89' lang='lat' dir='ltr'>quam</span> <span class='ocrx_word' id='word_1_181' title='bbox 1428 1466 1768 1513; x_wconf 88' lang='lat' dir='ltr'>commiserant</span> <span class='ocrx_word' id='word_1_182' title='bbox 1806 1466 1897 1530; x_wconf 88' lang='lat' dir='ltr'>ipsi</span> <span class='ocrx_word' id='word_1_183' title='bbox 1932 1465 2112 1530; x_wconf 89' lang='lat' dir='ltr'>puniti,</span> <span class='ocrx_word' id='word_1_184' title='bbox 2152 1480 2458 1529; x_wconf 89' lang='lat' dir='ltr'>nequaquam</span> 
     </span>
     <span class='ocr_line' id='line_1_18' title="bbox 320 1545 2456 1612; baseline 0 -20"><span class='ocrx_word' id='word_1_185' title='bbox 320 1557 518 1612; x_wconf 84' lang='lat' dir='ltr'>propter</span> <span class='ocrx_word' id='word_1_186' title='bbox 546 1548 699 1612; x_wconf 87' lang='lat' dir='ltr'>ipsam</span> <span class='ocrx_word' id='word_1_187' title='bbox 729 1556 914 1594; x_wconf 80' lang='lat' dir='ltr'>aeternae</span> <span class='ocrx_word' id='word_1_188' title='bbox 945 1547 1090 1593; x_wconf 86' lang='lat' dir='ltr'>morti</span> <span class='ocrx_word' id='word_1_189' title='bbox 1125 1555 1238 1593; x_wconf 91' lang='lat' dir='ltr'>sunt</span> <span class='ocrx_word' id='word_1_190' title='bbox 1259 1546 1552 1603; x_wconf 87' lang='lat' dir='ltr'>reservandi,</span> <span class='ocrx_word' id='word_1_191' title='bbox 1574 1546 1711 1610; x_wconf 83' lang='lat' dir='ltr'>juxta</span> <span class='ocrx_word' id='word_1_192' title='bbox 1731 1545 1851 1593; x_wconf 85' lang='lat' dir='ltr'>illud</span> <span class='ocrx_word' id='word_1_193' title='bbox 1876 1545 2273 1610; x_wconf 75' lang='lat' dir='ltr'>propheticum1:</span> <span class='ocrx_word' id='word_1_194' title='bbox 2306 1563 2330 1589; x_wconf 87' lang='lat'><strong><em>«</em></strong></span> <span class='ocrx_word' id='word_1_195' title='bbox 2350 1547 2456 1592; x_wconf 88' lang='lat' dir='ltr'>Non</span> 
     </span>
     <span class='ocr_line' id='line_1_19' title="bbox 314 1623 2454 1692; baseline -0 -20"><span class='ocrx_word' id='word_1_196' title='bbox 314 1626 547 1688; x_wconf 89' lang='lat' dir='ltr'>judicabit</span> <span class='ocrx_word' id='word_1_197' title='bbox 566 1627 801 1674; x_wconf 89' lang='lat' dir='ltr'>Dominus</span> <span class='ocrx_word' id='word_1_198' title='bbox 822 1627 894 1674; x_wconf 92' lang='lat' dir='ltr'>bis</span> <span class='ocrx_word' id='word_1_199' title='bbox 917 1627 965 1674; x_wconf 93' lang='lat' dir='ltr'>in</span> <span class='ocrx_word' id='word_1_200' title='bbox 988 1627 1216 1692; x_wconf 78' lang='lat' dir='ltr'>idipsum,</span> <span class='ocrx_word' id='word_1_201' title='bbox 1250 1636 1297 1673; x_wconf 88' lang='lat' dir='ltr'>et</span> <span class='ocrx_word' id='word_1_202' title='bbox 1319 1643 1416 1673; x_wconf 88' lang='lat' dir='ltr'>non</span> <span class='ocrx_word' id='word_1_203' title='bbox 1445 1636 1702 1690; x_wconf 82' lang='lat' dir='ltr'>consurget</span> <span class='ocrx_word' id='word_1_204' title='bbox 1733 1625 1910 1691; x_wconf 85' lang='lat' dir='ltr'>duplex</span> <span class='ocrx_word' id='word_1_205' title='bbox 1938 1624 2201 1684; x_wconf 87' lang='lat' dir='ltr'>tribulatio,</span> <span class='ocrx_word' id='word_1_206' title='bbox 2234 1645 2256 1667; x_wconf 85' lang='lat'>»</span> <span class='ocrx_word' id='word_1_207' title='bbox 2284 1623 2334 1671; x_wconf 90' lang='lat' dir='ltr'>id</span> <span class='ocrx_word' id='word_1_208' title='bbox 2367 1634 2454 1684; x_wconf 87' lang='lat' dir='ltr'>est,</span> 
     </span>
     <span class='ocr_line' id='line_1_20' title="bbox 318 1703 2460 1772; baseline 0 -20"><span class='ocrx_word' id='word_1_209' title='bbox 318 1722 463 1754; x_wconf 92' lang='lat' dir='ltr'>nemo</span> <span class='ocrx_word' id='word_1_210' title='bbox 483 1707 543 1754; x_wconf 92' lang='lat' dir='ltr'>de</span> <span class='ocrx_word' id='word_1_211' title='bbox 566 1725 665 1755; x_wconf 93' lang='lat' dir='ltr'>uno</span> <span class='ocrx_word' id='word_1_212' title='bbox 688 1707 957 1771; x_wconf 91' lang='lat' dir='ltr'>eodemque</span> <span class='ocrx_word' id='word_1_213' title='bbox 973 1708 1173 1772; x_wconf 88' lang='lat' dir='ltr'>proprio</span> <span class='ocrx_word' id='word_1_214' title='bbox 1194 1716 1393 1772; x_wconf 88' lang='lat' dir='ltr'>peccato</span> <span class='ocrx_word' id='word_1_215' title='bbox 1418 1716 1465 1754; x_wconf 92' lang='lat' dir='ltr'>et</span> <span class='ocrx_word' id='word_1_216' title='bbox 1491 1706 1732 1772; x_wconf 90' lang='lat' dir='ltr'>corporali</span> <span class='ocrx_word' id='word_1_217' title='bbox 1755 1715 1803 1753; x_wconf 89' lang='lat' dir='ltr'>et</span> <span class='ocrx_word' id='word_1_218' title='bbox 1824 1715 2000 1753; x_wconf 87' lang='lat' dir='ltr'>aeterna</span> <span class='ocrx_word' id='word_1_219' title='bbox 2013 1715 2166 1753; x_wconf 91' lang='lat' dir='ltr'>morte</span> <span class='ocrx_word' id='word_1_220' title='bbox 2186 1703 2460 1770; x_wconf 89' lang='lat' dir='ltr'>puniendus</span> 
     </span>
     <span class='ocr_line' id='line_1_21' title="bbox 319 1785 2459 1853; baseline -0 -21"><span class='ocrx_word' id='word_1_221' title='bbox 319 1796 404 1833; x_wconf 90' lang='lat' dir='ltr'>est.</span> <span class='ocrx_word' id='word_1_222' title='bbox 432 1787 558 1835; x_wconf 89' lang='lat' dir='ltr'>Filiis</span> <span class='ocrx_word' id='word_1_223' title='bbox 587 1797 745 1835; x_wconf 87' lang='lat' dir='ltr'>autem</span> <span class='ocrx_word' id='word_1_224' title='bbox 771 1787 963 1835; x_wconf 89' lang='lat' dir='ltr'>illorum</span> <span class='ocrx_word' id='word_1_225' title='bbox 990 1787 1212 1835; x_wconf 89' lang='lat' dir='ltr'>videlicet</span> <span class='ocrx_word' id='word_1_226' title='bbox 1237 1788 1507 1852; x_wconf 88' lang='lat' dir='ltr'>primorum</span> <span class='ocrx_word' id='word_1_227' title='bbox 1530 1797 1803 1853; x_wconf 89' lang='lat' dir='ltr'>parentum,</span> <span class='ocrx_word' id='word_1_228' title='bbox 1833 1785 2010 1850; x_wconf 90' lang='lat' dir='ltr'>quibus</span> <span class='ocrx_word' id='word_1_229' title='bbox 2035 1786 2211 1851; x_wconf 89' lang='lat' dir='ltr'>pariter</span> <span class='ocrx_word' id='word_1_230' title='bbox 2230 1785 2459 1850; x_wconf 86' lang='lat' dir='ltr'>omnibus</span> 
     </span>
     <span class='ocr_line' id='line_1_22' title="bbox 318 1865 2458 1934; baseline 0 -22"><span class='ocrx_word' id='word_1_231' title='bbox 318 1866 460 1913; x_wconf 86' lang='lat' dir='ltr'>etiam</span> <span class='ocrx_word' id='word_1_232' title='bbox 485 1884 576 1932; x_wconf 89' lang='lat' dir='ltr'>pro</span> <span class='ocrx_word' id='word_1_233' title='bbox 599 1868 741 1933; x_wconf 91' lang='lat' dir='ltr'>culpa</span> <span class='ocrx_word' id='word_1_234' title='bbox 763 1869 981 1933; x_wconf 90' lang='lat' dir='ltr'>ipsorum</span> <span class='ocrx_word' id='word_1_235' title='bbox 1009 1878 1201 1934; x_wconf 85' lang='lat' dir='ltr'>patrum</span> <span class='ocrx_word' id='word_1_236' title='bbox 1231 1867 1379 1915; x_wconf 82' lang='lat' dir='ltr'>iratus</span> <span class='ocrx_word' id='word_1_237' title='bbox 1409 1878 1480 1915; x_wconf 87' lang='lat' dir='ltr'>est</span> <span class='ocrx_word' id='word_1_238' title='bbox 1505 1870 1647 1926; x_wconf 88' lang='lat' dir='ltr'>Deus,</span> <span class='ocrx_word' id='word_1_239' title='bbox 1678 1878 1911 1931; x_wconf 87' lang='lat' dir='ltr'>tanquam</span> <span class='ocrx_word' id='word_1_240' title='bbox 1945 1867 1994 1913; x_wconf 91' lang='lat' dir='ltr'>in</span> <span class='ocrx_word' id='word_1_241' title='bbox 2023 1876 2220 1931; x_wconf 86' lang='lat' dir='ltr'>peccato</span> <span class='ocrx_word' id='word_1_242' title='bbox 2256 1865 2458 1913; x_wconf 87' lang='lat' dir='ltr'>carnalis</span> 
     </span>
     <span class='ocr_line' id='line_1_23' title="bbox 318 1946 2456 2015; baseline -0.001 -21"><span class='ocrx_word' id='word_1_243' title='bbox 318 1948 715 2012; x_wconf 84' lang='lat' dir='ltr'>concupiscentiae</span> <span class='ocrx_word' id='word_1_244' title='bbox 740 1951 1004 2015; x_wconf 87' lang='lat' dir='ltr'>conceptis,</span> <span class='ocrx_word' id='word_1_245' title='bbox 1028 1966 1173 2013; x_wconf 87' lang='lat' dir='ltr'>quam</span> <span class='ocrx_word' id='word_1_246' title='bbox 1193 1949 1284 2014; x_wconf 92' lang='lat' dir='ltr'>ipsi</span> <span class='ocrx_word' id='word_1_247' title='bbox 1303 1947 1526 1995; x_wconf 88' lang='lat' dir='ltr'>videlicet</span> <span class='ocrx_word' id='word_1_248' title='bbox 1545 1957 1704 2013; x_wconf 89' lang='lat' dir='ltr'>patres</span> <span class='ocrx_word' id='word_1_249' title='bbox 1729 1964 1786 1995; x_wconf 86' lang='lat' dir='ltr'>ex</span> <span class='ocrx_word' id='word_1_250' title='bbox 1809 1948 1963 2012; x_wconf 84' lang='lat' dir='ltr'>prima</span> <span class='ocrx_word' id='word_1_251' title='bbox 1987 1946 2361 2010; x_wconf 85' lang='lat' dir='ltr'>transgressione</span> <span class='ocrx_word' id='word_1_252' title='bbox 2383 1946 2456 1992; x_wconf 88' lang='lat' dir='ltr'>in-</span> 
     </span>
     <span class='ocr_line' id='line_1_24' title="bbox 317 2025 2456 2094; baseline -0 -21"><span class='ocrx_word' id='word_1_253' title='bbox 317 2037 586 2087; x_wconf 85' lang='lat' dir='ltr'>currerunt,</span> <span class='ocrx_word' id='word_1_254' title='bbox 610 2028 806 2091; x_wconf 90' lang='lat' dir='ltr'>singulis</span> <span class='ocrx_word' id='word_1_255' title='bbox 830 2030 1027 2094; x_wconf 88' lang='lat' dir='ltr'>propria</span> <span class='ocrx_word' id='word_1_256' title='bbox 1052 2029 1317 2076; x_wconf 88' lang='lat' dir='ltr'>necessaria</span> <span class='ocrx_word' id='word_1_257' title='bbox 1336 2037 1408 2075; x_wconf 91' lang='lat' dir='ltr'>est</span> <span class='ocrx_word' id='word_1_258' title='bbox 1422 2027 1678 2088; x_wconf 89' lang='lat' dir='ltr'>absolutio,</span> <span class='ocrx_word' id='word_1_259' title='bbox 1699 2045 1804 2092; x_wconf 87' lang='lat' dir='ltr'>quae</span> <span class='ocrx_word' id='word_1_260' title='bbox 1827 2027 2064 2075; x_wconf 87' lang='lat' dir='ltr'>levissima</span> <span class='ocrx_word' id='word_1_261' title='bbox 2085 2025 2228 2074; x_wconf 90' lang='lat' dir='ltr'>nobis</span> <span class='ocrx_word' id='word_1_262' title='bbox 2243 2025 2456 2073; x_wconf 85' lang='lat' dir='ltr'>instituta</span> 
     </span>
     <span class='ocr_line' id='line_1_25' title="bbox 317 2107 2457 2174; baseline -0.001 -21"><span class='ocrx_word' id='word_1_263' title='bbox 317 2117 386 2153; x_wconf 87' lang='lat' dir='ltr'>est</span> <span class='ocrx_word' id='word_1_264' title='bbox 408 2110 455 2156; x_wconf 92' lang='lat' dir='ltr'>in</span> <span class='ocrx_word' id='word_1_265' title='bbox 477 2108 736 2174; x_wconf 89' lang='lat' dir='ltr'>baptismo,</span> <span class='ocrx_word' id='word_1_266' title='bbox 765 2109 850 2156; x_wconf 85' lang='lat' dir='ltr'>uhi</span> <span class='ocrx_word' id='word_1_267' title='bbox 871 2127 962 2174; x_wconf 89' lang='lat' dir='ltr'>pro</span> <span class='ocrx_word' id='word_1_268' title='bbox 981 2109 1140 2158; x_wconf 88' lang='lat' dir='ltr'>alieno</span> <span class='ocrx_word' id='word_1_269' title='bbox 1164 2126 1262 2174; x_wconf 91' lang='lat' dir='ltr'>quo</span> <span class='ocrx_word' id='word_1_270' title='bbox 1289 2109 1562 2172; x_wconf 89' lang='lat' dir='ltr'>obligantur</span> <span class='ocrx_word' id='word_1_271' title='bbox 1585 2118 1786 2174; x_wconf 86' lang='lat' dir='ltr'>peccato</span> <span class='ocrx_word' id='word_1_272' title='bbox 1813 2109 1967 2155; x_wconf 86' lang='lat' dir='ltr'>aliena</span> <span class='ocrx_word' id='word_1_273' title='bbox 1986 2107 2106 2155; x_wconf 87' lang='lat' dir='ltr'>fides</span> <span class='ocrx_word' id='word_1_274' title='bbox 2128 2107 2457 2173; x_wconf 89' lang='lat' dir='ltr'>patrinorum-</span> 
     </span>
     <span class='ocr_line' id='line_1_26' title="bbox 316 2187 2457 2254; baseline -0 -21"><span class='ocrx_word' id='word_1_275' title='bbox 316 2203 410 2249; x_wconf 88' lang='lat' dir='ltr'>que</span> <span class='ocrx_word' id='word_1_276' title='bbox 434 2187 670 2234; x_wconf 91' lang='lat' dir='ltr'>confessio</span> <span class='ocrx_word' id='word_1_277' title='bbox 694 2188 975 2236; x_wconf 86' lang='lat' dir='ltr'>intercedat.</span> <span class='ocrx_word' id='word_1_278' title='bbox 1007 2189 1197 2253; x_wconf 89' lang='lat' dir='ltr'>Quippe</span> <span class='ocrx_word' id='word_1_279' title='bbox 1219 2189 1302 2252; x_wconf 92' lang='lat' dir='ltr'>qui</span> <span class='ocrx_word' id='word_1_280' title='bbox 1325 2188 1560 2253; x_wconf 89' lang='lat' dir='ltr'>obligatus</span> <span class='ocrx_word' id='word_1_281' title='bbox 1597 2198 1792 2254; x_wconf 87' lang='lat' dir='ltr'>peccato</span> <span class='ocrx_word' id='word_1_282' title='bbox 1829 2188 2057 2248; x_wconf 86' lang='lat' dir='ltr'>nascitur,</span> <span class='ocrx_word' id='word_1_283' title='bbox 2098 2203 2188 2252; x_wconf 91' lang='lat' dir='ltr'>pro</span> <span class='ocrx_word' id='word_1_284' title='bbox 2219 2187 2326 2251; x_wconf 87' lang='lat' dir='ltr'>ipso</span> <span class='ocrx_word' id='word_1_285' title='bbox 2356 2203 2457 2250; x_wconf 90' lang='lat' dir='ltr'>quo</span> 
     </span>
     <span class='ocr_line' id='line_1_27' title="bbox 319 2259 2457 2333; baseline 0 -21"><span class='ocrx_word' id='word_1_286' title='bbox 319 2274 505 2313; x_wconf 87' lang='lat' dir='ltr'>tenetur</span> <span class='ocrx_word' id='word_1_287' title='bbox 523 2259 744 2313; x_wconf 87' lang='lat' dir='ltr'>nondum</span> <span class='ocrx_word' id='word_1_288' title='bbox 767 2268 1036 2315; x_wconf 88' lang='lat' dir='ltr'>satisfacere</span> <span class='ocrx_word' id='word_1_289' title='bbox 1058 2268 1135 2315; x_wconf 85' lang='lat' dir='ltr'>vel</span> <span class='ocrx_word' id='word_1_290' title='bbox 1154 2286 1242 2333; x_wconf 88' lang='lat' dir='ltr'>pro</span> <span class='ocrx_word' id='word_1_291' title='bbox 1264 2286 1313 2316; x_wconf 92' lang='lat' dir='ltr'>se</span> <span class='ocrx_word' id='word_1_292' title='bbox 1335 2270 1475 2330; x_wconf 85' lang='lat' dir='ltr'>valet,</span> <span class='ocrx_word' id='word_1_293' title='bbox 1497 2269 1581 2317; x_wconf 90' lang='lat' dir='ltr'>sed</span> <span class='ocrx_word' id='word_1_294' title='bbox 1600 2269 1771 2317; x_wconf 88' lang='lat' dir='ltr'>divinae</span> <span class='ocrx_word' id='word_1_295' title='bbox 1794 2270 1951 2333; x_wconf 85' lang='lat' dir='ltr'>gratiae</span> <span class='ocrx_word' id='word_1_296' title='bbox 1974 2277 2275 2316; x_wconf 84' lang='lat' dir='ltr'>sacramento</span> <span class='ocrx_word' id='word_1_297' title='bbox 2305 2272 2457 2314; x_wconf 83' lang='lat' dir='ltr'>mun-</span> 
     </span>
     <span class='ocr_line' id='line_1_28' title="bbox 317 2344 2453 2415; baseline 0.001 -23"><span class='ocrx_word' id='word_1_298' title='bbox 317 2344 474 2392; x_wconf 81' lang='lat' dir='ltr'>datur.</span> <span class='ocrx_word' id='word_1_299' title='bbox 505 2350 612 2393; x_wconf 91' lang='lat' dir='ltr'>Non</span> <span class='ocrx_word' id='word_1_300' title='bbox 635 2348 810 2394; x_wconf 90' lang='lat' dir='ltr'>mirum</span> <span class='ocrx_word' id='word_1_301' title='bbox 834 2347 983 2394; x_wconf 86' lang='lat' dir='ltr'>videri</span> <span class='ocrx_word' id='word_1_302' title='bbox 1009 2348 1155 2394; x_wconf 89' lang='lat' dir='ltr'>debet</span> <span class='ocrx_word' id='word_1_303' title='bbox 1177 2350 1215 2395; x_wconf 92' lang='lat' dir='ltr'>si</span> <span class='ocrx_word' id='word_1_304' title='bbox 1238 2350 1373 2412; x_wconf 92' lang='lat' dir='ltr'>quod</span> <span class='ocrx_word' id='word_1_305' title='bbox 1396 2350 1673 2413; x_wconf 88' lang='lat' dir='ltr'>indulgetur</span> <span class='ocrx_word' id='word_1_306' title='bbox 1696 2350 1992 2415; x_wconf 87' lang='lat' dir='ltr'>parentibus,</span> <span class='ocrx_word' id='word_1_307' title='bbox 2024 2350 2237 2412; x_wconf 79' lang='lat' dir='ltr'>exigatur</span> <span class='ocrx_word' id='word_1_308' title='bbox 2257 2364 2285 2395; x_wconf 88' lang='lat' dir='ltr'>a</span> <span class='ocrx_word' id='word_1_309' title='bbox 2310 2347 2419 2395; x_wconf 86' lang='lat' dir='ltr'>filiis</span> <span class='ocrx_word' id='word_1_310' title='bbox 2438 2365 2453 2406; x_wconf 86' lang='lat'>;</span> 
     </span>
     <span class='ocr_line' id='line_1_29' title="bbox 315 2427 2454 2494; baseline 0.001 -23"><span class='ocrx_word' id='word_1_311' title='bbox 315 2443 425 2473; x_wconf 92' lang='lat' dir='ltr'>cum</span> <span class='ocrx_word' id='word_1_312' title='bbox 448 2427 550 2492; x_wconf 90' lang='lat' dir='ltr'>ipsa</span> <span class='ocrx_word' id='word_1_313' title='bbox 569 2428 740 2475; x_wconf 89' lang='lat' dir='ltr'>vitiosa</span> <span class='ocrx_word' id='word_1_314' title='bbox 758 2429 959 2476; x_wconf 89' lang='lat' dir='ltr'>carnalis</span> <span class='ocrx_word' id='word_1_315' title='bbox 982 2429 1381 2493; x_wconf 83' lang='lat' dir='ltr'>concupiscentiae</span> <span class='ocrx_word' id='word_1_316' title='bbox 1398 2431 1639 2494; x_wconf 88' lang='lat' dir='ltr'>generatio</span> <span class='ocrx_word' id='word_1_317' title='bbox 1663 2439 1914 2494; x_wconf 90' lang='lat' dir='ltr'>peccatum</span> <span class='ocrx_word' id='word_1_318' title='bbox 1932 2427 2250 2483; x_wconf 88' lang='lat' dir='ltr'>transfundat,</span> <span class='ocrx_word' id='word_1_319' title='bbox 2271 2436 2318 2474; x_wconf 89' lang='lat' dir='ltr'>et</span> <span class='ocrx_word' id='word_1_320' title='bbox 2334 2428 2454 2474; x_wconf 88' lang='lat' dir='ltr'>iram</span> 
     </span>
     <span class='ocr_line' id='line_1_30' title="bbox 314 2508 2453 2574; baseline 0 -22"><span class='ocrx_word' id='word_1_321' title='bbox 314 2517 569 2555; x_wconf 87' lang='lat' dir='ltr'>mereatur.</span> <span class='ocrx_word' id='word_1_322' title='bbox 595 2508 733 2555; x_wconf 84' lang='lat' dir='ltr'>Unde</span> <span class='ocrx_word' id='word_1_323' title='bbox 752 2508 1031 2573; x_wconf 75' lang='lat' dir='ltr'>Apostolus²</span> <span class='ocrx_word' id='word_1_324' title='bbox 1052 2527 1063 2555; x_wconf 89' lang='lat'>:</span> <span class='ocrx_word' id='word_1_325' title='bbox 1088 2512 1306 2556; x_wconf 83' lang='lat' dir='ltr'>«Natura</span> <span class='ocrx_word' id='word_1_326' title='bbox 1329 2509 1410 2556; x_wconf 84' lang='lat' dir='ltr'>filii</span> <span class='ocrx_word' id='word_1_327' title='bbox 1428 2512 1523 2571; x_wconf 81' lang='lat' dir='ltr'>irae,</span> <span class='ocrx_word' id='word_1_328' title='bbox 1546 2529 1568 2554; x_wconf 89' lang='lat'>»</span> <span class='ocrx_word' id='word_1_329' title='bbox 1589 2526 1617 2557; x_wconf 94' lang='lat' dir='ltr'>a</span> <span class='ocrx_word' id='word_1_330' title='bbox 1633 2526 1727 2574; x_wconf 90' lang='lat' dir='ltr'>qua</span> <span class='ocrx_word' id='word_1_331' title='bbox 1751 2509 1948 2574; x_wconf 86' lang='lat' dir='ltr'>quidem</span> <span class='ocrx_word' id='word_1_332' title='bbox 1971 2509 2042 2554; x_wconf 90' lang='lat' dir='ltr'>ira</span> <span class='ocrx_word' id='word_1_333' title='bbox 2065 2516 2288 2572; x_wconf 86' lang='lat' dir='ltr'>parentes</span> <span class='ocrx_word' id='word_1_334' title='bbox 2310 2508 2453 2572; x_wconf 88' lang='lat' dir='ltr'>primi</span> 
     </span>
     <span class='ocr_line' id='line_1_31' title="bbox 314 2586 2456 2653; baseline 0.001 -21"><span class='ocrx_word' id='word_1_335' title='bbox 314 2587 631 2635; x_wconf 90' lang='lat' dir='ltr'>satisfactione</span> <span class='ocrx_word' id='word_1_336' title='bbox 648 2589 844 2653; x_wconf 88' lang='lat' dir='ltr'>propria</span> <span class='ocrx_word' id='word_1_337' title='bbox 867 2599 977 2635; x_wconf 90' lang='lat' dir='ltr'>sunt</span> <span class='ocrx_word' id='word_1_338' title='bbox 998 2588 1201 2636; x_wconf 92' lang='lat' dir='ltr'>liberati.</span> <span class='ocrx_word' id='word_1_339' title='bbox 1230 2592 1390 2637; x_wconf 88' lang='lat' dir='ltr'>Potest</span> <span class='ocrx_word' id='word_1_340' title='bbox 1415 2600 1575 2637; x_wconf 90' lang='lat' dir='ltr'>autem</span> <span class='ocrx_word' id='word_1_341' title='bbox 1598 2607 1688 2638; x_wconf 88' lang='lat' dir='ltr'>usu</span> <span class='ocrx_word' id='word_1_342' title='bbox 1714 2590 1907 2637; x_wconf 90' lang='lat' dir='ltr'>evenire</span> <span class='ocrx_word' id='word_1_343' title='bbox 1930 2598 1984 2635; x_wconf 89' lang='lat' dir='ltr'>ut</span> <span class='ocrx_word' id='word_1_344' title='bbox 2006 2604 2119 2635; x_wconf 88' lang='lat' dir='ltr'>cum</span> <span class='ocrx_word' id='word_1_345' title='bbox 2144 2586 2314 2651; x_wconf 91' lang='lat' dir='ltr'>aliquis</span> <span class='ocrx_word' id='word_1_346' title='bbox 2334 2603 2456 2652; x_wconf 88' lang='lat' dir='ltr'>pau-</span> 
     </span>
     <span class='ocr_line' id='line_1_32' title="bbox 313 2663 2454 2732; baseline 0.001 -23"><span class='ocrx_word' id='word_1_347' title='bbox 313 2680 398 2726; x_wconf 87' lang='lat' dir='ltr'>per</span> <span class='ocrx_word' id='word_1_348' title='bbox 423 2663 624 2711; x_wconf 92' lang='lat' dir='ltr'>domino</span> <span class='ocrx_word' id='word_1_349' title='bbox 656 2665 797 2712; x_wconf 87' lang='lat' dir='ltr'>alicui</span> <span class='ocrx_word' id='word_1_350' title='bbox 827 2683 878 2712; x_wconf 91' lang='lat' dir='ltr'>se</span> <span class='ocrx_word' id='word_1_351' title='bbox 907 2665 1301 2729; x_wconf 86' lang='lat' dir='ltr'>subjugaveritet</span> <span class='ocrx_word' id='word_1_352' title='bbox 1324 2668 1550 2731; x_wconf 90' lang='lat' dir='ltr'>parvulos</span> <span class='ocrx_word' id='word_1_353' title='bbox 1573 2685 1703 2726; x_wconf 89' lang='lat' dir='ltr'>suos,</span> <span class='ocrx_word' id='word_1_354' title='bbox 1742 2668 1844 2732; x_wconf 90' lang='lat' dir='ltr'>ipse</span> <span class='ocrx_word' id='word_1_355' title='bbox 1867 2676 2028 2713; x_wconf 89' lang='lat' dir='ltr'>tamen</span> <span class='ocrx_word' id='word_1_356' title='bbox 2058 2674 2226 2730; x_wconf 87' lang='lat' dir='ltr'>postea</span> <span class='ocrx_word' id='word_1_357' title='bbox 2248 2666 2454 2729; x_wconf 84' lang='lat' dir='ltr'>propriae</span> 
     </span>
     <span class='ocr_line' id='line_1_33' title="bbox 314 2743 2452 2811; baseline 0.002 -25"><span class='ocrx_word' id='word_1_358' title='bbox 314 2743 497 2790; x_wconf 86' lang='lat' dir='ltr'>virtutis</span> <span class='ocrx_word' id='word_1_359' title='bbox 525 2745 648 2792; x_wconf 90' lang='lat' dir='ltr'>facto</span> <span class='ocrx_word' id='word_1_360' title='bbox 672 2746 833 2810; x_wconf 90' lang='lat' dir='ltr'>aliquo</span> <span class='ocrx_word' id='word_1_361' title='bbox 850 2745 925 2793; x_wconf 89' lang='lat' dir='ltr'>vel</span> <span class='ocrx_word' id='word_1_362' title='bbox 950 2746 1107 2811; x_wconf 91' lang='lat' dir='ltr'>pretio</span> <span class='ocrx_word' id='word_1_363' title='bbox 1131 2746 1401 2795; x_wconf 88' lang='lat' dir='ltr'>libertatem</span> <span class='ocrx_word' id='word_1_364' title='bbox 1423 2747 1531 2809; x_wconf 82' lang='lat' dir='ltr'>sibi,</span> <span class='ocrx_word' id='word_1_365' title='bbox 1558 2764 1658 2794; x_wconf 91' lang='lat' dir='ltr'>non</span> <span class='ocrx_word' id='word_1_366' title='bbox 1697 2746 1806 2794; x_wconf 86' lang='lat' dir='ltr'>filiis</span> <span class='ocrx_word' id='word_1_367' title='bbox 1837 2746 2068 2810; x_wconf 87' lang='lat' dir='ltr'>acquirat.</span> <span class='ocrx_word' id='word_1_368' title='bbox 2098 2747 2153 2791; x_wconf 90' lang='lat' dir='ltr'>In</span> <span class='ocrx_word' id='word_1_369' title='bbox 2175 2744 2289 2808; x_wconf 88' lang='lat' dir='ltr'>ipsis</span> <span class='ocrx_word' id='word_1_370' title='bbox 2311 2744 2452 2791; x_wconf 89' lang='lat' dir='ltr'>etiam</span> 
     </span>
     <span class='ocr_line' id='line_1_34' title="bbox 314 2821 2449 2889; baseline 0.001 -25"><span class='ocrx_word' id='word_1_371' title='bbox 314 2835 476 2866; x_wconf 89' lang='lat' dir='ltr'>rerum</span> <span class='ocrx_word' id='word_1_372' title='bbox 499 2823 680 2869; x_wconf 88' lang='lat' dir='ltr'>naturis</span> <span class='ocrx_word' id='word_1_373' title='bbox 699 2839 800 2869; x_wconf 91' lang='lat' dir='ltr'>non</span> <span class='ocrx_word' id='word_1_374' title='bbox 823 2823 1143 2887; x_wconf 83' lang='lat' dir='ltr'>incongruam</span> <span class='ocrx_word' id='word_1_375' title='bbox 1166 2824 1309 2871; x_wconf 92' lang='lat' dir='ltr'>nobis</span> <span class='ocrx_word' id='word_1_376' title='bbox 1328 2825 1566 2871; x_wconf 91' lang='lat' dir='ltr'>Dominus</span> <span class='ocrx_word' id='word_1_377' title='bbox 1582 2823 1726 2889; x_wconf 78' lang='lat' dir='ltr'>huJus</span> <span class='ocrx_word' id='word_1_378' title='bbox 1736 2824 1804 2870; x_wconf 88' lang='lat' dir='ltr'>rei</span> <span class='ocrx_word' id='word_1_379' title='bbox 1818 2822 2178 2870; x_wconf 88' lang='lat' dir='ltr'>similitudinem</span> <span class='ocrx_word' id='word_1_380' title='bbox 2193 2821 2449 2885; x_wconf 87' lang='lat' dir='ltr'>impressit,</span> 
     </span>
     <span class='ocr_line' id='line_1_35' title="bbox 314 2898 2452 2968; baseline 0 -24"><span class='ocrx_word' id='word_1_381' title='bbox 314 2915 418 2961; x_wconf 79' lang='lat' dir='ltr'>quae</span> <span class='ocrx_word' id='word_1_382' title='bbox 440 2899 718 2963; x_wconf 86' lang='lat' dir='ltr'>hujusmodi</span> <span class='ocrx_word' id='word_1_383' title='bbox 743 2903 1004 2966; x_wconf 88' lang='lat' dir='ltr'>objectioni</span> <span class='ocrx_word' id='word_1_384' title='bbox 1027 2904 1299 2951; x_wconf 85' lang='lat' dir='ltr'>satisfacere</span> <span class='ocrx_word' id='word_1_385' title='bbox 1322 2904 1691 2968; x_wconf 89' lang='lat' dir='ltr'>quodammodo</span> <span class='ocrx_word' id='word_1_386' title='bbox 1719 2903 1956 2964; x_wconf 83' lang='lat' dir='ltr'>videatur,</span> <span class='ocrx_word' id='word_1_387' title='bbox 1979 2919 2091 2950; x_wconf 90' lang='lat' dir='ltr'>cum</span> <span class='ocrx_word' id='word_1_388' title='bbox 2114 2911 2212 2948; x_wconf 90' lang='lat' dir='ltr'>tam</span> <span class='ocrx_word' id='word_1_389' title='bbox 2232 2898 2452 2946; x_wconf 88' lang='lat' dir='ltr'>videlicet</span> 
     </span>
     <span class='ocr_line' id='line_1_36' title="bbox 314 2978 2450 3046; baseline 0 -23"><span class='ocrx_word' id='word_1_390' title='bbox 314 2995 370 3023; x_wconf 83' lang='lat' dir='ltr'>ex</span> <span class='ocrx_word' id='word_1_391' title='bbox 396 2978 530 3026; x_wconf 81' lang='lat' dir='ltr'>olivae</span> <span class='ocrx_word' id='word_1_392' title='bbox 556 2996 699 3042; x_wconf 86' lang='lat' dir='ltr'>quam</span> <span class='ocrx_word' id='word_1_393' title='bbox 721 2997 776 3027; x_wconf 89' lang='lat' dir='ltr'>ex</span> <span class='ocrx_word' id='word_1_394' title='bbox 798 2982 988 3029; x_wconf 90' lang='lat' dir='ltr'>oleastri</span> <span class='ocrx_word' id='word_1_395' title='bbox 1015 2984 1197 3030; x_wconf 89' lang='lat' dir='ltr'>semine</span> <span class='ocrx_word' id='word_1_396' title='bbox 1217 3000 1315 3030; x_wconf 92' lang='lat' dir='ltr'>non</span> <span class='ocrx_word' id='word_1_397' title='bbox 1340 2984 1431 3030; x_wconf 89' lang='lat' dir='ltr'>nisi</span> <span class='ocrx_word' id='word_1_398' title='bbox 1456 2984 1660 3032; x_wconf 88' lang='lat' dir='ltr'>oleaster</span> <span class='ocrx_word' id='word_1_399' title='bbox 1677 2993 1918 3044; x_wconf 86' lang='lat' dir='ltr'>nascatur,</span> <span class='ocrx_word' id='word_1_400' title='bbox 1947 2982 2070 3029; x_wconf 87' lang='lat' dir='ltr'>sicut</span> <span class='ocrx_word' id='word_1_401' title='bbox 2089 2991 2184 3027; x_wconf 84' lang='lat' dir='ltr'>tam</span> <span class='ocrx_word' id='word_1_402' title='bbox 2219 2995 2277 3025; x_wconf 86' lang='lat' dir='ltr'>ex</span> <span class='ocrx_word' id='word_1_403' title='bbox 2293 2994 2450 3046; x_wconf 11' lang='lat' dir='ltr'>(carne</span> 
     </span>
     <span class='ocr_line' id='line_1_37' title="bbox 307 3050 2447 3127; baseline 0.002 -25"><span class='ocrx_word' id='word_1_404' title='bbox 307 3056 421 3118; x_wconf 90' lang='lat' dir='ltr'>justi</span> <span class='ocrx_word' id='word_1_405' title='bbox 444 3074 591 3121; x_wconf 88' lang='lat' dir='ltr'>quam</span> <span class='ocrx_word' id='word_1_406' title='bbox 611 3075 666 3104; x_wconf 88' lang='lat' dir='ltr'>ex</span> <span class='ocrx_word' id='word_1_407' title='bbox 686 3075 828 3107; x_wconf 87' lang='lat' dir='ltr'>carne</span> <span class='ocrx_word' id='word_1_408' title='bbox 844 3062 1110 3124; x_wconf 86' lang='lat' dir='ltr'>peccatoris</span> <span class='ocrx_word' id='word_1_409' title='bbox 1127 3050 1227 3108; x_wconf 91' lang='lat' dir='ltr'>non</span> <span class='ocrx_word' id='word_1_410' title='bbox 1251 3063 1340 3108; x_wconf 87' lang='lat' dir='ltr'>nisi</span> <span class='ocrx_word' id='word_1_411' title='bbox 1363 3073 1589 3127; x_wconf 87' lang='lat' dir='ltr'>peccator</span> <span class='ocrx_word' id='word_1_412' title='bbox 1611 3064 1837 3125; x_wconf 88' lang='lat' dir='ltr'>nascitur,</span> <span class='ocrx_word' id='word_1_413' title='bbox 1860 3071 1906 3109; x_wconf 91' lang='lat' dir='ltr'>et</span> <span class='ocrx_word' id='word_1_414' title='bbox 1925 3078 1983 3109; x_wconf 88' lang='lat' dir='ltr'>ex</span> <span class='ocrx_word' id='word_1_415' title='bbox 1999 3061 2243 3109; x_wconf 89' lang='lat' dir='ltr'>frumento</span> <span class='ocrx_word' id='word_1_416' title='bbox 2263 3074 2290 3105; x_wconf 86' lang='lat' dir='ltr'>a</span> <span class='ocrx_word' id='word_1_417' title='bbox 2313 3058 2447 3123; x_wconf 85' lang='lat' dir='ltr'>palea</span> 
     </span>
    </p>
   </div>
   <div class='ocr_carea' id='block_1_3' title="bbox 360 3237 1199 3285">
    <p class='ocr_par' dir='ltr' id='par_1_3' title="bbox 360 3237 1199 3285">
     <span class='ocr_line' id='line_1_38' title="bbox 360 3237 1199 3285; baseline 0.01 -15"><span class='ocrx_word' id='word_1_418' title='bbox 360 3237 520 3281; x_wconf 86' lang='lat' dir='ltr'>¹Nahum‚</span> <span class='ocrx_word' id='word_1_419' title='bbox 542 3249 656 3282; x_wconf 81' lang='lat' dir='ltr'>cap.1‚</span> <span class='ocrx_word' id='word_1_420' title='bbox 671 3250 703 3274; x_wconf 82' lang='grc' dir='ltr'>ν.</span> <span class='ocrx_word' id='word_1_421' title='bbox 721 3243 752 3275; x_wconf 88' lang='grc'>9.</span> <span class='ocrx_word' id='word_1_422' title='bbox 774 3259 810 3266; x_wconf 92' lang='lat'>-——</span> <span class='ocrx_word' id='word_1_423' title='bbox 829 3243 994 3285; x_wconf 69' lang='lat' dir='ltr'>²Ephes.,</span> <span class='ocrx_word' id='word_1_424' title='bbox 1011 3253 1040 3277; x_wconf 87' lang='lat' dir='ltr'>c.</span> <span class='ocrx_word' id='word_1_425' title='bbox 1062 3253 1096 3282; x_wconf 80' lang='grc' dir='ltr'>ιι,</span> <span class='ocrx_word' id='word_1_426' title='bbox 1119 3253 1149 3278; x_wconf 89' lang='lat' dir='ltr'>v.</span> <span class='ocrx_word' id='word_1_427' title='bbox 1169 3247 1199 3278; x_wconf 88' lang='lat'>3.</span> 
     </span>
    </p>
   </div>
  </div>
 </body>
</html>
