2638 3866
886 202 944 250 IN
978 201 1307 250 EPISTOLAM
1341 203 1422 252 AD
1457 203 1761 252 ROMANOS.
2297 205 2392 253 355

247 306 450 356 tandum
486 303 621 371 quod
659 319 772 352 cum
808 301 992 350 dictum
1027 304 1115 365 sit,
1155 323 1179 350 «
1201 304 1245 352 ei
1283 305 1367 370 qui
1403 314 1577 371 potens
1611 314 1700 365 est,
1722 322 1746 349 n
1781 303 1972 352 videtur
2003 304 2297 371 superfluere
2332 305 2394 354 ad

248 405 443 438 sensum
473 388 547 436 vel
568 385 996 447 constructionem,
1030 385 1164 450 quod
1191 386 1240 434 in
1267 386 1364 435 fine
1386 386 1667 452 subposuit,
1707 405 1731 431 «
1755 386 1832 434 cui
1848 422 1862 448 ‚
1879 406 1903 432 n
1930 404 2042 435 cum
2074 388 2123 436 in
2155 387 2394 452 principio

248 469 428 518 scilicet
449 469 642 517 dixisset
670 467 773 526 «ei,
794 484 818 511 »
845 465 936 513 nisi
963 465 1084 514 forte
1108 477 1308 533 propter
1329 468 1528 531 longam
1550 467 1967 532 interpositionem
1988 467 2037 516 id
2062 467 2165 516 fieri
2185 468 2390 516 dicatur.

248 549 397 599 Multa
429 550 610 615 quippe
650 557 763 596 sunt
796 547 1078 612 interposita
1112 549 1237 596 inter
1265 544 1382 596 illud
1419 549 1562 610 «ei‚»
1588 547 1723 613 quod
1761 558 1831 596 est
1870 550 2184 614 praemissum,
2222 559 2270 598 et
2303 549 2398 597 hoc

250 631 387 696 quod
423 631 474 679 in
510 630 607 678 fine
640 627 961 693 subjungitur,
993 629 1193 678 «honor
1225 639 1272 678 et
1307 630 1474 694 gloria.
1495 629 1748 694 »Ideoque
1782 631 1918 694 quasi
1953 630 2130 679 oblitus
2160 631 2220 678 sit
2251 631 2399 697 impe·

250 713 370 759 ritus
410 711 562 759 lector
593 709 672 757 cui
707 709 992 774 adjungatur
1027 709 1189 758 honor
1226 720 1274 758 et
1312 710 1480 775 gloria,
1522 710 1826 776 suppositum
1861 721 1931 758 est
1967 713 2138 759 acui.»
2183 715 2244 758 Ut
2282 729 2396 776 ergo

249 793 415 840 litterae
452 790 748 839 constructio
785 790 1138 855 quoquomodo
1174 801 1386 852 texatur,
1424 792 1487 839 ita
1523 792 1668 856 hujus
1714 792 1936 839 versiculi
1977 793 2269 858 principium
2314 792 2395 839 fini

250 872 509 936 conjunge.
543 892 566 916 <c
588 872 644 918 Ei
666 881 827 919 autem
863 871 946 936 qui
967 881 1141 937 potens
1164 882 1235 920 est
1257 890 1370 933 vos,
1398 882 1490 920 etc.
1513 893 1535 917 >³
1561 872 1724 920 honor
1747 882 1795 919 et
1817 872 1968 936 gloria
1999 873 2081 934 sit,
2121 872 2326 919 subaudi
2351 882 2398 920 et

250 969 432 1012 rursus,
462 952 592 1014 «cui,
611 970 635 997 »
661 951 976 1001 subaudiatur
1001 962 1126 1013 «est,
1144 971 1164 994 υ
1186 969 1242 1000 ac
1260 953 1534 1001 sividelicet
1558 952 1746 1000 dicatur
1773 971 1782 999 :
1814 954 1867 999 Ei
1893 953 1952 1000 sit
1973 952 2135 1000 honor
2159 963 2204 1000 et
2227 952 2394 1016 gloria,

251 1034 388 1098 cujus
423 1042 518 1095 est,
545 1049 600 1081 ac
633 1034 672 1080 si
694 1033 882 1081 dicatur
905 1034 1045 1081 sicuti
1074 1050 1240 1082 revera
1264 1044 1357 1097 est,
1389 1035 1449 1082 sit
1471 1035 1670 1099 inquam
1701 1051 1786 1099 per
1816 1037 1977 1081 Jesum
2011 1034 2283 1095 Christum,
2315 1051 2400 1099 per

253 1131 400 1179 quem
433 1113 773 1178 glorificandus
811 1124 883 1162 est
914 1118 1070 1163 Pater.
1104 1118 1173 1162 Ex
1204 1115 1297 1163 hac
1331 1115 1530 1181 quidem
1562 1114 1658 1163 fine
1688 1114 1897 1180 epistolae
1935 1115 2143 1162 arbitror
2177 1114 2401 1162 ecclesia-

252 1195 396 1243 sticos
434 1195 658 1244 doctores
708 1196 1031 1261 expositiones
1065 1205 1111 1243 et
1149 1213 1395 1244 sermones
1433 1214 1546 1244 suos
1585 1196 1823 1244 consimili
1861 1195 1957 1243 fine
1993 1195 2309 1255 concludere,
2353 1196 2399 1242 in

253 1275 443 1324 actione
474 1276 698 1324 videlicet
731 1277 990 1341 gratiarum
1012 1277 1118 1324 Dei.
1150 1296 1173 1322 «
1191 1276 1489 1325 Confirmare
1510 1298 1532 1321 »
1559 1278 1609 1324 in
1643 1276 1738 1324 fide
1761 1276 1940 1324 scilicet
1961 1293 2065 1341 quae
2090 1286 2159 1323 est
2184 1277 2401 1323 omnium

252 1355 501 1404 bonorum
551 1356 951 1420 fundamentum,
997 1358 1171 1422 «juxta
1210 1359 1524 1423 Evangelium
1573 1375 1735 1405 meum
1775 1368 1821 1405 et
1860 1357 2250 1423 praedicationem
2289 1359 2398 1404 Jesu

253 1434 445 1499 Christi,
467 1457 490 1482 >³
519 1438 790 1490 secundum
821 1438 1092 1487 doctrinam
1119 1456 1237 1487 meae
1259 1439 1628 1505 praedicationis,
1663 1455 1768 1503 quae
1804 1448 1874 1486 est
1906 1439 2051 1486 etiam
2072 1441 2182 1485 Jesu
2207 1438 2398 1497 Christi,

254 1533 356 1564 non
389 1517 482 1566 alia
503 1518 796 1584 proedicatio,
821 1520 934 1584 quia
954 1519 1083 1567 idem
1107 1521 1240 1586 quod
1261 1521 1339 1569 ille
1367 1520 1578 1586 praedico
1603 1519 1914 1584 Evangelium
1947 1536 2129 1578 meum,
2159 1519 2256 1566 sive
2282 1535 2402 1584 prae·

256 1596 553 1646 dicationem
586 1602 696 1646 Jesu
730 1599 906 1647 Christi
940 1599 1052 1648 dico
1091 1601 1292 1663 factam,
1335 1600 1645 1649 «secundum
1680 1600 2021 1648 revelationem
2047 1599 2301 1663 mysterii»
2328 1598 2404 1646 vel

256 1678 535 1728 confirmari
571 1680 843 1729 secundum
877 1681 1222 1730 revelationem
1256 1699 1434 1730 meam.
1468 1682 1747 1747 Mysterium
1779 1681 1954 1728 dicitur
1978 1690 2213 1728 secretum
2249 1689 2294 1727 et
2330 1696 2407 1727 oc-

255 1759 457 1808 cultum.
485 1760 626 1809 Unde
652 1771 700 1809 et
722 1763 921 1827 mystica
952 1762 1133 1810 locutio
1159 1762 1336 1810 dicitur
1359 1762 1690 1826 significativa,
1719 1779 1824 1828 quae
1852 1778 1952 1809 non
1984 1771 2056 1810 est
2087 1770 2265 1827 aperta.
2306 1763 2405 1825 My·

255 1840 454 1888 sterium
482 1841 618 1906 quod
649 1859 784 1890 nunc
814 1843 1108 1909 patefactum
1144 1854 1238 1905 est,
1273 1844 1375 1910 ipse
1405 1853 1475 1891 est
1505 1843 1851 1910 redemptionis
1884 1852 2059 1890 nostrae
2083 1841 2283 1902 moduS,
2323 1843 2405 1906 qui

257 1920 375 1968 olim
412 1921 594 1970 latebat
629 1923 679 1970 in
717 1923 1013 1990 propheticis
1048 1924 1237 1990 scriptis
1271 1924 1493 1973 nondum
1527 1925 1776 1991 expositis,
1827 1923 1911 1971 sed
1942 1940 2074 1970 nunc
2100 1923 2213 1988 ipsis
2247 1932 2345 1970 tam
2380 1940 2406 1970 a

257 2001 447 2050 Christo
470 2018 618 2068 quam
641 2019 670 2051 a
691 2003 836 2052 nobis
859 2005 1112 2071 expositis,
1145 2004 1382 2054 revelatus
1407 2016 1494 2053 est.
1538 2009 1609 2054 De
1638 2005 1826 2052 Christo
1851 2005 2030 2069 quippe
2053 2004 2284 2068 scriptum
2308 2013 2403 2062 est,

259 2083 373 2146 quia
401 2102 425 2128 κ
447 2084 684 2150 incipiens
721 2102 750 2133 a
771 2088 936 2150 Moyse
971 2095 1020 2134 et
1042 2085 1270 2133 omnibus
1292 2086 1558 2152 prophetis,
1582 2085 2001 2151 interpretabatur,
2036 2094 2129 2131 etc.
2158 2105 2180 2126 »
2211 2103 2233 2128 «
2261 2084 2405 2131 Taciti

258 2164 445 2212 aeternis
462 2165 781 2230 temporibus,
795 2166 931 2231 quod
945 2183 1077 2214 nunc
1099 2167 1393 2232 patefactum
1414 2177 1484 2215 est
1505 2184 1592 2233 per
1607 2168 1867 2233 scripturas
1877 2164 2224 2231 prophetarum
2237 2181 2407 2212 secun-

259 2243 379 2291 dum
402 2255 695 2310 praeceptum
718 2247 882 2294 aeterni
911 2248 999 2295 Dei
1023 2246 1085 2295 ad
1109 2246 1436 2295 obedientiam
1467 2247 1579 2295 fidei
1607 2267 1629 2292 »
1652 2248 1701 2295 id
1724 2257 1794 2295 est
1820 2245 2090 2294 absconditi
2112 2261 2263 2308 usque
2276 2261 2408 2292 nunc

259 2340 468 2390 semper,
486 2342 578 2373 nec
598 2343 686 2391 per
697 2327 1049 2392 expositionem
1062 2328 1257 2376 revelati
1276 2345 1494 2393 unquam
1517 2328 1732 2376 ulterius.
1756 2328 1948 2393 Quippe
1971 2343 2081 2374 cum
2105 2326 2194 2391 ipsi
2216 2342 2411 2390 quoque

260 2405 562 2470 septuaginta
587 2406 872 2473 interpretes
901 2408 951 2456 in
985 2410 1083 2457 suis
1107 2408 1502 2457 translationibus
1523 2425 1630 2473 quae
1649 2409 1710 2456 de
1727 2408 1846 2456 Filio
1860 2408 1949 2455 Dei
1962 2407 2188 2454 dicuntur
2205 2394 2409 2453 maxime

260 2485 529 2546 reticuisse,
559 2486 636 2534 vel
661 2486 842 2536 velasse
862 2490 1142 2552 credantur,
1175 2509 1198 2535 «
1220 2490 1570 2556 prophetarum
1594 2510 1616 2535 »
1642 2490 1758 2538 dicit
1781 2489 1942 2554 potius
1967 2504 2114 2552 quam
2137 2486 2269 2551 legis,
2300 2486 2411 2550 quia

260 2561 471 2608 maxime
506 2560 603 2609 hoc
637 2563 920 2627 mysterium
955 2565 1005 2612 in
1039 2565 1289 2631 prophetis
1323 2566 1616 2625 continetur,
1654 2565 1737 2612 ubi
1767 2564 1978 2630 apertius
2009 2563 2107 2609 sive
2136 2561 2324 2626 plenius
2352 2560 2412 2606 de

260 2639 452 2688 Christo
487 2651 588 2688 erat
611 2643 972 2709 prophetatum.
1006 2646 1296 2694 Patefactum
1331 2654 1403 2693 est
1434 2645 1544 2692 dico
1568 2646 1617 2692 in
1643 2644 1868 2692 omnibus
1892 2642 2126 2689 Gentibus
2149 2640 2412 2688 secundum

263 2729 557 2785 praeceptum
588 2724 753 2771 aeterni
786 2725 897 2787 Dei,
933 2724 983 2772 id
1018 2735 1088 2773 est
1123 2725 1297 2772 Christi
1336 2725 1561 2772 dicentis¹
1592 2743 1602 2771 ε
1635 2744 1659 2769 ι(
1687 2728 1864 2772 Euntes
1887 2723 1936 2769 in
1961 2721 2200 2769 mundum
2222 2721 2413 2768 univer-

263 2814 390 2860 sum,
426 2809 559 2847 etc.»
596 2802 686 2849 Dei
715 2802 846 2865 dico,
886 2805 1105 2866 «aeterni,
1130 2825 1153 2849 ³)
1180 2805 1289 2852 licet
1321 2805 1588 2852 secundum
1622 2804 1873 2851 hominem
1906 2803 2091 2849 initium
2121 2800 2307 2848 habuit.
2346 2800 2414 2847 Ad

265 2877 385 2936 hoc,
419 2879 592 2943 inquit,
629 2891 700 2928 est
736 2883 1045 2947 patefactum,
1084 2901 1185 2931 non
1219 2884 1379 2931 solum
1412 2894 1467 2932 ut
1492 2885 1691 2933 credant
1731 2900 1900 2931 omnes
1936 2892 2121 2947 gentes,
2150 2880 2235 2929 sed
2268 2881 2416 2945 magis

265 2968 320 3007 ut
350 2959 394 3007 ei
427 2958 679 3019 obediant,
706 2961 755 3009 id
788 2972 859 3009 est
882 2963 1151 3011 secundum
1174 2963 1320 3012 fidem
1349 2974 1640 3031 operentur,
1673 2985 1695 3009 «
1717 2965 1787 3023 Ei,
1822 2965 2039 3029 inquam,
2069 2962 2262 3026 cognito
2286 2977 2416 3008 nuuc

264 3055 352 3104 per
388 3042 553 3087 Jesum
587 3040 830 3089 Christum
864 3043 952 3090 soli
991 3044 1194 3109 sapienti
1222 3047 1343 3107 Deo,
1371 3064 1394 3090 »
1426 3045 1475 3092 id
1510 3054 1582 3093 est
1617 3045 1699 3110 qui
1730 3060 1862 3091 nunc
1897 3042 2195 3107 singulariter
2229 3042 2418 3107 sapiens

265 3129 465 3185 apparet
486 3137 544 3168 ex
577 3120 673 3168 hoc
695 3122 833 3187 quod
857 3140 946 3189 per
967 3123 1210 3173 Christum
1231 3126 1376 3190 egerit
1400 3126 1449 3173 in
1472 3125 1568 3174 hoc
1592 3124 1938 3191 redemptionis
1967 3133 2141 3171 nostrae
2171 3122 2416 3187 mysterio,

311 3318 318 3337 ¹
342 3317 461 3365 Marc„
479 3330 553 3364 cap.
573 3332 646 3367 xvi,
666 3333 697 3357 v.
720 3328 768 3360 15.
