2638 3866
781 228 1177 280 lNTRODUCTlo
1213 231 1294 281 AD
1327 225 1738 278 THEOLOGIAM.
2247 232 2337 278 ⁴27

178 332 394 393 veniret,
418 331 541 379 sicut
558 340 700 378 antea
721 329 1003 396 praedictum
1022 330 1175 381 fuerat
1193 368 1206 393 ,
1232 330 1308 380 vel
1331 346 1359 379 a
1381 332 1486 378 Deo
1500 328 1805 396 dispositum.
1836 330 1975 379 Unde
1997 331 2143 379 etiam
2169 348 2339 380 conse·

184 421 389 477 quenter
420 411 657 469 annectit,
696 410 861 459 dicens
894 429 956 458 :a
983 411 1249 471 Quomodo
1284 428 1399 478 ergo
1433 409 1769 477 implebuntur
1801 411 2081 478 Scripturae,
2127 412 2240 477 quia
2275 413 2343 460 sic

186 501 377 558 oportet
392 491 513 540 fleri¹
528 492 548 539 Ξ)
563 512 585 536 »
601 492 651 539 Si
669 507 784 557 ergo
802 491 876 539 vel
894 492 961 540 sic
985 501 1101 540 ωηο
1123 491 1382 559 oportebat
1401 491 1523 551 fieri,
1546 490 1799 556 quomodo
1816 502 2006 558 poterat
2028 509 2200 559 rogare
2226 502 2341 545 tunc

186 572 355 634 Filius,
379 582 433 621 ut
452 589 551 622 non
572 572 706 621 fieret
730 571 875 632 illud3
899 572 975 622 vel
998 576 1135 622 Pater
1155 573 1428 622 disturbare
1453 582 1571 621 tunc
1592 588 1655 620 ne
1680 571 1837 634 fieret,
1861 573 1995 637 quod
2019 583 2135 622 tunc
2157 573 2341 622 distur-

183 652 286 703 bari
309 653 508 703 minime
530 653 716 702 bonum
743 653 892 702 esset?
915 655 1018 702 Imo
1041 663 1157 702 tunc
1179 654 1279 703 fieri
1305 652 1594 721 oportebat,
1617 653 1741 700 sicut
1764 663 1812 701 et
1831 652 2116 719 dispositum
2146 665 2191 702 et
2219 671 2341 721 prae-

184 734 369 783 dictum
392 735 559 784 fuerat.
592 738 652 784 Ut
676 744 836 784 autem
862 735 912 782 in
936 734 1096 783 verbis
1119 735 1318 783 Domini
1340 733 1587 783 sententiae
1606 735 1781 782 veritas
1811 743 2056 797 teneatur,
2084 752 2175 783 nec
2198 736 2342 801 quid·

184 831 331 881 quam
368 833 395 864 a
429 817 614 865 ratione
654 816 905 865 dissonum
926 816 1170 879 videatur,
1211 816 1304 865 tale
1338 825 1411 864 est
1443 814 1580 881 quod
1616 814 1819 863 dicitur:
1852 836 1875 859 <c
1907 818 1976 862 An
2003 825 2171 881 putaS,
2197 826 2290 864 etc.
2317 837 2338 862 »

185 899 250 945 Ac
287 897 327 945 si
367 907 530 964 aperte
567 897 810 946 diceretur
838 915 848 944 :
877 896 1125 962 Numquid
1155 897 1372 961 ignoras,
1399 895 1551 962 quod,
1582 895 1621 944 si
1657 912 1878 961 rogarem
1915 899 2105 944 Patrem
2144 895 2206 945 de
2238 914 2342 946 mea

182 976 489 1040 liberatione,
517 979 567 1027 id
603 979 874 1028 obtinerem
903 978 1087 1044 absque
1119 978 1376 1040 dilatione,
1406 995 1494 1044 per
1517 987 1590 1025 tot
1618 978 1762 1026 etiam
1788 978 2074 1043 angelorum
2103 978 2338 1043 legiones,

182 1069 304 1125 quot
327 1076 415 1108 vos
440 1061 551 1108 estis
580 1059 806 1109 homines
829 1059 948 1108 mihi
972 1070 1202 1126 tanquam
1239 1059 1464 1126 discipuli
1497 1058 1795 1108 adhaerentes
1814 1098 1826 1122 ,
1860 1070 1907 1107 et
1934 1060 1983 1107 in
2011 1058 2343 1108 defensionem

182 1156 360 1204 meam,
377 1142 417 1190 si
433 1142 654 1208 possetis,
671 1142 853 1208 parati?
874 1143 1091 1205 Summa,
1110 1142 1331 1206 inquam,
1349 1141 1596 1189 sententiae
1615 1150 1686 1189 est
1702 1159 1713 1188 t
1736 1144 1878 1189 Putas
1895 1141 2165 1190 orationem
2184 1158 2343 1189 meam

181 1221 231 1269 in
256 1220 354 1270 hoc
376 1238 572 1289 quoque
606 1222 869 1273 efficaciam
897 1240 1000 1271 non
1028 1222 1236 1284 habere,
1269 1223 1307 1270 si
1341 1222 1439 1270 hoc
1467 1238 1546 1270 me
1575 1237 1602 1269 a
1633 1225 1771 1270 Patre
1801 1232 2047 1289 oporteret
2069 1222 2344 1289 postulare?

182 1306 321 1352 Juxta
344 1320 492 1370 quam
513 1304 712 1368 quidem
731 1304 1046 1371 expositionis
1068 1305 1358 1354 sententiam
1380 1319 1687 1368 nequaquam
1711 1303 2082 1351 concedendum
2100 1314 2188 1365 est,
2207 1305 2340 1370 quod

182 1383 257 1432 vel
288 1394 403 1434 tunc
427 1386 662 1434 Dominus
686 1402 827 1435 orare
856 1395 1046 1451 poterat
1071 1385 1206 1451 quod
1237 1384 1479 1433 orandum
1515 1401 1614 1431 non
1647 1394 1776 1444 erat,
1808 1384 1881 1432 vel
1912 1387 2049 1432 Pater
2084 1386 2125 1433 ei
2160 1386 2209 1432 in
2247 1385 2343 1433 hoc

180 1465 439 1514 subvenire
463 1468 512 1514 in
535 1484 634 1532 quo
661 1467 1048 1515 subveniendum
1071 1483 1173 1514 non
1209 1476 1348 1515 esset.
1376 1464 1780 1513 Conditionaliter
1815 1465 2019 1531 quippe,
2044 1475 2097 1513 ut
2121 1468 2343 1532 exposui-

182 1562 317 1610 mus,
345 1548 496 1612 magis
525 1565 675 1614 quam
705 1548 926 1596 absolute
960 1548 1089 1596 idem
1120 1547 1319 1595 Domini
1357 1546 1539 1594 dictum
1575 1546 1913 1612 accipiendum
1946 1556 2042 1608 est,
2071 1563 2174 1594 non
2210 1547 2343 1612 quod

181 1626 402 1677 videlicet
421 1644 591 1694 rogare
605 1638 793 1695 poterat
811 1629 884 1678 vel
901 1629 1185 1695 impetrare,
1203 1627 1288 1676 sed
1308 1627 1442 1693 quod
1458 1627 1737 1693 impetraret
1750 1627 1788 1674 si
1802 1639 1994 1693 rogaret
2006 1665 2018 1688 ‚
2035 1643 2149 1676 cum
2165 1627 2343 1675 seilicet

181 1708 282 1771 ejus
307 1710 464 1758 oratio
497 1709 773 1759 nullatenus
796 1726 930 1759 cassa
952 1709 1056 1758 fieri
1076 1709 1249 1776 possit.
1271 1712 1381 1757 Non
1412 1709 1574 1772 itaque
1599 1725 1656 1756 ex
1679 1707 1775 1756 hoc
1805 1708 2055 1757 dominico
2080 1708 2212 1756 dicto
2235 1710 2343 1774 cogi

177 1805 435 1854 possumus
454 1808 565 1840 eum
590 1790 771 1857 aliquid
790 1808 932 1858 posse
956 1790 1112 1839 facere
1129 1790 1266 1856 quod
1290 1805 1545 1855 nunquam
1568 1789 1728 1850 faciat,
1746 1788 1809 1838 de
1828 1806 1929 1855 quo
1950 1790 2115 1856 potius
2133 1791 2344 1839 sentien-

178 1869 297 1919 dum
320 1871 512 1920 videtur
551 1872 602 1920 id
632 1871 945 1921 solummodo
983 1889 1097 1921 eum
1128 1887 1272 1939 posse
1306 1871 1465 1919 facere
1501 1869 1636 1936 quod
1660 1871 1722 1919 ab
1748 1888 1809 1919 eo
1842 1870 1946 1919 fieri
1978 1880 2187 1938 oportet.
2217 1871 2342 1920 Nihil

177 1960 339 2000 autem
359 1952 421 2001 ab
443 1970 503 2002 eo
526 1953 629 2002 fieri
654 1963 849 2020 oportet
863 1991 875 2015 ,
893 1953 1031 2019 quod
1052 1968 1307 2018 nunquam
1330 1951 1392 2000 ab
1411 1968 1470 2000 eo
1493 1951 1594 2000 fiet.
1622 1951 1848 2018 Alioquin
1865 1952 2048 2018 optime
2060 1951 2224 2000 bonus
2241 1969 2342 2000 non

178 2041 321 2094 esset,
346 2034 385 2081 si
416 2034 535 2100 quid
560 2034 716 2083 facere
743 2034 1029 2097 dimitteret,
1051 2032 1187 2100 quod
1212 2049 1240 2082 a
1267 2050 1318 2081 se
1344 2043 1623 2099 opportune
1653 2032 1930 2081 faciendum
1956 2049 2058 2080 esse
2080 2033 2339 2099 praesciret.

178 2113 306 2170 Quin
329 2115 475 2164 etiam
490 2116 530 2164 si
554 2116 679 2165 mala
697 2133 803 2182 quae
822 2115 945 2164 fiunt
968 2114 1242 2164 disturbare
1262 2124 1443 2181 posset,
1458 2124 1508 2162 et
1529 2114 1579 2162 id
1604 2114 1748 2161 etiam
1770 2123 2047 2180 opportune
2068 2113 2241 2176 facere,
2259 2116 2342 2179 qui

180 2193 299 2242 nih-il
322 2195 602 2262 importune
625 2197 780 2246 facere
797 2206 978 2264 potest3
1001 2196 1222 2263 profecto
1243 2212 1344 2244 non
1367 2195 1511 2243 video
1533 2195 1788 2261 quomodo
1804 2195 2115 2243 consentiens
2135 2196 2343 2260 peccatis

179 2290 279 2323 non
300 2286 438 2325 esset.
468 2278 586 2336 Quis
605 2279 738 2326 ’enim
762 2277 1044 2327 consentire
1062 2276 1191 2325 malo
1214 2276 1451 2325 dicendus
1470 2286 1542 2324 est
1555 2314 1567 2336 ,
1594 2276 1686 2323 nisi
1703 2277 1743 2324 is
1763 2293 1853 2343 per
1872 2290 2020 2342 quem
2033 2275 2151 2323 illud
2167 2292 2345 2342 oppor-

179 2364 294 2404 tune
325 2356 585 2407 disturbari
607 2359 796 2425 potest?
819 2362 957 2407 Cum*
978 2368 1163 2419 autem,
1187 2358 1317 2406 sicut
1344 2367 1393 2405 et
1422 2356 1593 2405 beatus
1625 2357 1848 2404 meminit
1876 2357 2190 2421 Augustinus,
2217 2358 2343 2405 mala

179 2436 450 2487 etiam->fieri
471 2438 662 2488 bonum
681 2441 764 2503 sit,
790 2457 898 2507 quae
920 2443 1050 2504 Deus
1077 2455 1274 2505 quoque
1312 2439 1497 2505 opti-me
1533 2438 1757 2486 ordinat:
1779 2454 2090 2503 nequaquam
2116 2437 2179 2486 ab
2201 2454 2261 2485 eo
2286 2454 2341 2485 ea

177 2517 436 2569 disturbari
460 2522 691 2570 convenit
713 2538 775 2570 ne
798 2521 939 2578 fiant,
967 2536 1092 2587 quae,
1118 2522 1226 2587 ipso
1252 2521 1396 2569 etiam
1424 2528 1695 2582 attestante,
1723 2518 1828 2567 fieri
1853 2534 2048 2567 necesse
2072 2527 2166 2578 est,
2190 2534 2247 2565 ac
2267 2517 2340 2564 di-

177 2609 315 2648 cente
343 2619 353 2648 z
382 2620 403 2647 a
434 2604 636 2651 Necesse
657 2611 729 2651 est
742 2603 880 2651 enim
906 2602 1363 2651 veniantscandala.
1379 2604 1462 2650 Vae
1478 2610 1639 2649 autem
1653 2603 1683 2657 ²,
1707 2609 1800 2648 etc.
1823 2619 1847 2645 »
1875 2603 1998 2647 Cum
2016 2600 2179 2664 itaque
2201 2614 2339 2645 scan-

177 2679 310 2743 dala,
336 2698 445 2746 quae
464 2681 653 2731 bonum
677 2694 747 2732 est
766 2683 898 2745 fieri,
925 2683 1200 2731 disturbare
1223 2691 1501 2748 opportune
1532 2698 1633 2728 non
1663 2681 1814 2746 possit
1830 2718 1842 2741 ,
1867 2691 1950 2728 aut
1967 2680 2172 2727 omnino
2195 2680 2340 2727 etiam

177 2776 276 2807 non
311 2763 486 2827 possit,
524 2764 609 2829 qui
641 2764 761 2812 nihil
803 2774 973 2812 contra
1013 2764 1257 2813 rationem
1284 2771 1473 2828 potest,
1510 2762 1729 2827 profecto
1756 2761 2034 2809 nullatenus
2065 2761 2340 2809 consentire

177 2843 385 2905 peccatis
406 2842 642 2892 dicendus
669 2854 757 2892 est,
777 2845 998 2892 ¹Primum
1022 2844 1184 2909 itaque
1206 2851 1651 2908 atquessopportune
1675 2841 1738 2889 de
1757 2843 1862 2889 Deo
1882 2840 2067 2889 dictum
2087 2851 2160 2890 est
2173 2879 2186 2904 ,
2204 2842 2340 2907 quod

175 2921 219 2968 ei
241 2921 405 2970 subest
428 2940 570 2989 posse
590 2938 706 2972 eum
723 2924 978 2985 volueriff,
1006 2934 1060 2972 ut
1082 2923 1263 2972 scilicet
1282 2923 1330 2970 in
1350 2921 1555 2987 singulis
1581 2921 1814 2970 faciendis
1845 2922 1910 2970 ita
1936 2921 2043 2986 ejus
2065 2932 2276 2988 potestas
2295 2934 2341 2971 et

175 3002 397 3052 voluntas
422 3020 525 3052 sese
547 3004 868 3070 comitentur,
895 3014 950 3053 ut
985 3004 1119 3070 quod
1148 3003 1262 3053 veli-t
1293 3003 1530 3051 maxime⁴
1555 3003 1731 3070 possit,
1759 3019 1850 3051 nec
1878 3005 2031 3069 possit
2052 3004 2199 3052 etiam
2223 3013 2341 3052 tunc

177 3081 354 3146 faeere,
382 3084 585 3150 quando
600 3095 657 3133 nt
688 3084 772 3133 flat
794 3077 897 3133 non
918 3084 1048 3133 vult:
1077 3084 1226 3133 veluti
1250 3084 1401 3133 modo
1423 3084 1638 3150 pluviam
1668 3083 1823 3132 facer-e
1847 3100 1947 3132 non
1969 3084 2094 3142 vult,
2127 3086 2212 3149 qui
2243 3084 2340 3131 hoc

176 3151 411 3211 ideo‘fieri
436 3182 537 3213 non
565 3165 668 3214 vult
690 3166 867 3225 modo,
895 3166 1008 3232 quia
1040 3165 1088 3214 id
1115 3165 1265 3214 modo
1303 3165 1407 3213 fieri
1444 3181 1544 3213 non
1575 3165 1869 3224 convenire,
1904 3182 1995 3213 nec
2027 3165 2122 3213 hoc
2150 3174 2340 3229 tempus

225 3349 230 3366 ¹
254 3347 469 3392 Matth.,cap.
488 3359 575 3393 xxvi,
590 3360 622 3385 v.
638 3353 692 3386 54.
706 3370 742 3376 —
760 3353 772 3372 ²
788 3353 926 3394 naith„
948 3360 1020 3394 cap.
1036 3361 1128 3392 xviii,
1145 3361 1178 3384 v.
1197 3355 1228 3386 7.
1248 3369 1285 3377 -
1303 3353 1314 3374 ²
1332 3353 1430 3394 Sap„
1445 3361 1518 3393 cap.
1538 3360 1595 3392 ιιι,
1613 3361 1643 3386 v.
1666 3353 1714 3385 18.
1732 3368 1771 3376 —
1785 3350 1860 3384 *δίο
1879 3349 1961 3384 Ood.
1979 3348 2064 3383 vict.
2079 3348 2224 3382 Minime
2238 3348 2334 3379 Δηώ.
