2638 3866
291 192 388 240 538
1102 188 1274 234 PETRI
1311 187 1626 235 ABAELARDI

290 292 534 356 evangelia
567 291 806 354 suscipere
842 298 890 335 et
925 288 1143 336 venerari
1182 286 1464 352 profitetur3
1502 286 1632 335 unde
1668 297 1715 335 et
1749 305 1920 337 eorum
1955 289 2113 338 verbis
2146 306 2247 336 non
2283 292 2435 355 tnagis

289 388 435 436 quam
455 369 738 433 evangelicis
760 367 835 414 vel
865 367 1045 415 addere
1070 366 1252 431 aliquid
1273 366 1349 415 vel
1373 366 1654 415 subtrahere
1667 384 1756 415 nos
1771 369 2018 434 permittit,
2043 370 2109 417 ita
2126 371 2425 430 Constantio,

289 453 516 516 episcopo
543 447 908 508 Mediolanensi,
937 448 997 495 de
1022 464 1121 495 uno
1146 464 1316 495 eorum
1351 447 1565 494 scribens
1603 465 1613 493 :
1643 469 1666 493 «
1686 451 1783 496 Nos
1817 460 2013 498 auctore
2054 451 2278 511 veritate,
2313 460 2431 498 teste

286 530 600 586 conscientia,
629 528 832 576 fatemur
854 528 1000 575 fidem
1032 527 1438 576 Chalcedonensis
1471 527 1678 591 symboli
1705 528 1935 577 illibatam
1969 546 2055 596 per
2079 529 2244 577 omnia
2268 540 2432 590 custo-

286 611 406 671 dire,
430 609 647 675 nihilque
671 610 772 674 ejus
789 609 1066 656 diffinitioni
1085 608 1280 667 addere,
1305 608 1426 655 nihil
1447 608 1725 657 subtrahere
1745 610 1939 658 audere.
1964 610 2056 658 Sed
2081 611 2119 657 si
2140 611 2245 675 quis
2264 621 2432 658 contra

286 706 390 737 eam
416 690 615 754 ejusque
640 689 825 754 Synodi
850 689 1016 750 fidem,
1045 689 1144 736 sive
1175 688 1284 753 plus
1317 689 1537 737 minusve
1573 689 1632 736 ad
1666 691 1951 755 sapiendum
1975 706 2205 756 usurpare
2228 691 2430 756 appetit,

288 786 418 831 eum,
446 771 583 818 omni
607 770 836 818 dilatione
861 770 1145 836 postposita,
1179 768 1653 831 anathematizamus,
1677 780 1820 836 atque
1851 788 1877 819 a
1906 772 2015 818 sinu
2038 771 2201 818 matris
2224 770 2435 818 ecclesiae

284 849 492 897 alienum
520 867 621 898 esse
645 850 968 898 decernimus.
992 870 1014 893 >2
1044 848 1140 897 Sed
1162 849 1381 914 profecto
1407 866 1519 896 cum
1542 850 1861 913 interdicitur,
1889 868 1950 899 ne
1974 852 2080 916 quis
2103 851 2237 898 aliter
2259 850 2433 910 doceat

285 939 366 976 aut
401 930 627 995 praedicet
661 930 950 979 catholicam
982 929 1153 990 fidem,
1188 946 1334 994 quam
1370 930 1418 976 in
1453 930 1689 995 praedictis
1723 931 2000 978 continetur
2034 930 2269 990 conciliis,
2296 931 2435 978 aliter

285 1008 468 1056 dictum
497 1021 637 1076 puto,
676 1027 775 1058 non
807 1010 1073 1057 secundum
1104 1008 1367 1062 verborum
1405 1010 1748 1068 diversitatem,
1779 1011 1864 1058 sed
1889 1009 2155 1058 secundum
2181 1009 2294 1057 fidei
2317 1027 2436 1058 0011-

288 1090 598 1148 trarietatem,
627 1106 682 1138 ac
705 1091 744 1137 si
766 1090 954 1137 dicatur
977 1090 1113 1138 aliter
1128 1127 1140 1151 ‚
1162 1089 1257 1136 1100
1280 1099 1351 1137 est
1369 1090 1614 1137 contrario
1637 1090 1804 1149 modo,
1833 1107 1933 1138 non
1959 1090 2148 1137 diverso
2169 1088 2434 1138 verborum

286 1185 443 1217 sono:
467 1171 580 1235 quia
603 1181 649 1217 et
671 1187 762 1217 nos
784 1171 931 1218 latine
955 1170 1158 1218 dicimus
1189 1170 1322 1234 quod
1346 1170 1414 1217 illi
1441 1187 1607 1233 graece.
1636 1171 1769 1217 Sicut
1801 1187 1916 1235 ergo
1943 1170 2185 1218 diversum
2215 1186 2306 1239 pro
2342 1187 2432 1236 op-

285 1250 445 1313 posito
466 1250 658 1310 dicitur,
692 1251 759 1297 ita
784 1249 974 1297 diverso
993 1250 1144 1297 modo
1171 1249 1306 1314 quod
1338 1259 1409 1297 est
1431 1250 1567 1296 aliter
1587 1267 1679 1315 pro
1706 1251 1929 1316 opposito
1961 1249 2111 1297 modo
2135 1266 2237 1297 non
2263 1251 2434 1298 incon-

284 1346 400 1392 grue
423 1331 643 1377 sumitur.
672 1329 893 1394 Alioquin
918 1347 1031 1377 cum
1055 1329 1439 1394 unumquodque
1462 1330 1656 1377 illorum
1681 1330 1998 1378 conciliorum
2019 1329 2271 1394 proprium
2295 1346 2431 1377 com-

283 1411 496 1474 posuerit
531 1421 676 1476 atque
707 1411 964 1458 instituerit
987 1410 1288 1476 symbolum,
1326 1411 1518 1475 sintque
1543 1411 1656 1476 ipsis
1693 1410 1914 1476 symbola
1950 1410 2011 1458 ad
2035 1410 2244 1457 invicem
2275 1410 2434 1458 verbis

283 1489 497 1550 dlversa,
527 1507 584 1539 ac
610 1491 808 1538 sortasse
839 1490 1131 1556 quibusdam
1157 1491 1423 1552 sententiis,
1455 1507 1568 1538 cum
1593 1507 1746 1538 unum
1781 1505 2152 1555 nonnumquam
2187 1491 2435 1537 contineat

283 1571 415 1634 quod
454 1571 658 1618 alterum
698 1588 799 1618 non
832 1570 1005 1633 habet,
1047 1571 1265 1636 profecto
1302 1571 1620 1619 anathematis
1661 1587 1770 1618 reus
1806 1580 1954 1632 esset,
1989 1571 2071 1635 qui
2091 1586 2190 1617 uno
2215 1580 2430 1635 recepto,

283 1661 440 1698 cetera
468 1651 687 1715 symbola
714 1652 1005 1698 decantaret.
1031 1651 1212 1699 Eadem
1236 1652 1423 1698 ratione
1448 1652 1516 1698 rei
1542 1661 1816 1698 teneremur
1845 1668 1900 1698 ex
1931 1650 2267 1716 supplemento
2289 1667 2434 1698 evan·-

283 1731 392 1793 gelii
430 1731 610 1790 additi,
648 1748 758 1778 cum
787 1732 837 1777 in
870 1732 1239 1778 Deuteronomio
1273 1734 1464 1795 Moyses
1500 1732 1668 1791 dicat¹‚
1711 1731 1897 1789 «Quod
1933 1731 2158 1797 praecipio
2194 1730 2299 1788 tibi,
2336 1730 2435 1789 hoc

285 1820 472 1858 tantum
505 1811 647 1858 facias
677 1811 908 1871 Domino,
945 1827 1035 1858 nec
1065 1810 1216 1858 addas
1251 1811 1529 1875 quicquam,
1565 1827 1656 1857 nec
1687 1811 1934 1858 minuas.»
1970 1811 2094 1858 Addi
2124 1813 2286 1875 itaque
2317 1827 2427 1876 pro-

282 1890 441 1938 hibuit
461 1892 759 1939 contrarium
782 1891 981 1956 aliquid,
1008 1908 1108 1938 non
1133 1891 1267 1956 quod
1287 1891 1571 1956 perfectioni
1596 1891 1759 1938 deerat
1785 1891 2013 1955 suppleri.
2034 1891 2265 1948 Quamvis
2288 1891 2431 1938 etiam

282 1971 348 2019 ita
367 1972 518 2037 possit
531 1971 746 2036 intelligi,
764 1982 845 2018 aut
863 1972 1064 2018 omnino
1078 1974 1093 1996 ²
1111 1971 1425 2037 prohibeatur
1441 1971 1594 2017 homo
1609 1988 1663 2018 ex
1683 1971 1841 2036 seipso
1860 1970 2017 2018 verbis
2036 1971 2235 2018 Domini
2250 1971 2433 2036 aliquid

282 2051 524 2117 supplere.
566 2055 700 2098 Tunc
734 2068 848 2099 vero
889 2052 1040 2099 homo
1073 2068 1130 2098 ex
1161 2069 1211 2099 se
1249 2052 1429 2116 aliquid
1464 2051 1681 2113 adderet,
1720 2051 1758 2098 si
1794 2051 1891 2098 1100
1925 2067 1980 2097 ex
2013 2067 2153 2098 sensu
2185 2067 2293 2111 su0,
2327 2067 2429 2101 non

281 2147 339 2178 ex
378 2132 693 2197 inspiratione
737 2131 939 2196 Spiritus
975 2142 1302 2197 praesumeret.
1343 2135 1414 2178 De
1451 2148 1550 2196 quo
1593 2131 1790 2196 quidem
1828 2131 2005 2196 Spiritu
2042 2131 2274 2196 scriptum
2314 2132 2429 2191 est³,

286 2231 309 2255 «
328 2214 433 2258 Non
459 2212 601 2260 etiam
625 2229 712 2259 vos
749 2212 859 2259 estis
893 2212 975 2277 qui
1006 2212 1281 2276 loquimini,
1319 2211 1403 2259 sed
1436 2212 1638 2277 Spiritus
1662 2211 1812 2258 Patris
1845 2211 1986 2258 vestri
2017 2211 2099 2275 qui
2135 2210 2350 2275 loquitur
2379 2210 2431 2256 in

281 2291 438 2338 vobis.
464 2310 485 2334 »
524 2293 675 2339 Multa
703 2293 832 2339 enim
865 2292 925 2339 de
956 2292 1197 2339 miraculis
1222 2301 1500 2339 sanctornm
1530 2301 1576 2338 et
1610 2291 1671 2338 de
1696 2291 1772 2338 his
1807 2307 1912 2355 quae
1944 2291 2098 2338 sancti
2130 2293 2290 2338 Patres
2322 2299 2432 2355 post

283 2370 529 2435 apostolos
560 2372 849 2436 scripserunt
878 2371 1220 2437 praedicamus,
1253 2389 1365 2419 cum
1394 2381 1553 2419 tamen
1579 2372 1836 2436 Apostolus
1859 2370 1987 2418 dicat
2010 2371 2071 2418 ad
2094 2370 2285 2419 Galatas
2310 2370 2433 2417 scri-

283 2450 437 2512 110004,
478 2452 645 2498 «Licet
671 2468 778 2510 nos,
808 2462 891 2499 aut
912 2452 1117 2516 Angelus
1140 2452 1200 2498 de
1224 2452 1345 2498 coelo
1370 2451 1660 2514 evangelizet
1685 2451 1823 2499 vobis
1846 2461 2016 2516 praeter
2038 2451 2172 2515 quod
2196 2449 2434 2514 evangeli-

282 2548 445 2578 zamus
478 2531 633 2591 vobis,
674 2531 931 2580 anathema
959 2533 1033 2579 sit.
1067 2533 1198 2579 Sicut
1229 2531 1446 2597 praedixi,
1473 2542 1519 2578 et
1546 2549 1679 2578 nunc
1713 2531 1886 2578 iterum
1917 2531 2056 2578 dico:
2084 2531 2133 2576 Si
2162 2532 2268 2594 quis
2294 2530 2433 2578 vobis

280 2611 673 2676 evangelizaverit
695 2622 866 2678 praeter
890 2612 939 2658 id
957 2612 1089 2677 quod
1111 2612 1374 2677 accepistis,
1396 2612 1653 2660 anathema
1676 2612 1752 2658 sit.
1771 2630 1793 2655 »
1817 2611 1963 2669 Quod
1987 2620 2146 2658 autem
2173 2619 2430 2676 opponunt

281 2693 432 2739 Graeci
471 2692 795 2756 evangelicam
834 2692 1143 2740 traditionem
1185 2692 1247 2740 ad
1283 2693 1518 2757 integram
1562 2691 1675 2739 fidei
1710 2691 2014 2757 disciplinam
2052 2691 2300 2752 sufficere,
2338 2707 2429 2738 nec

282 2773 540 2837 quicquam
570 2773 769 2820 ulterius
801 2772 1081 2820 addendum
1116 2789 1216 2820 esse
1249 2782 1420 2837 praeter
1455 2789 1509 2819 ea
1542 2788 1649 2836 quae
1671 2771 1720 2818 in
1742 2771 1902 2818 verbis
1936 2771 2245 2818 continentur
2276 2786 2430 2818 evan—

283 2852 467 2914 gelicis,
500 2853 548 2899 in
579 2853 760 2917 seipsos
788 2855 1074 2901 sententiam
1099 2853 1378 2918 proferunt,
1411 2869 1524 2900 cum
1550 2853 1683 2900 aiunt
1707 2852 1937 2916 Spiritum
1968 2868 1996 2899 a
2020 2851 2123 2898 solo
2149 2853 2285 2898 Patre
2313 2867 2427 2915 pro-

283 2931 471 2978 cedere.
512 2935 618 2978 Non
648 2933 778 2978 enim
817 2933 1128 2997 Evangelium
1154 2950 1266 2980 cum
1296 2949 1324 2980 a
1357 2937 1493 2980 Patre
1527 2932 1790 2998 procedere
1819 2933 2051 2996 Spiritum
2079 2931 2212 2992 dicit,
2243 2929 2424 2976 «solo»

283 3009 517 3074 adjungit,
545 3012 680 3075 quod
704 3013 792 3077 ipsi
824 3023 1100 3079 apponunt3
1128 3014 1212 3060 sed
1238 3014 1578 3060 tantummodo
1607 3029 1668 3059 «a
1696 3016 1870 3059 Patre»
1896 3012 2028 3059 dicit.
2062 3011 2210 3058 Multa
2233 3026 2428 3074 quoque

282 3088 398 3136 fidei
430 3093 694 3138 necessaria
731 3103 840 3155 post
875 3095 1116 3156 evangelia
1151 3094 1212 3140 ab
1249 3094 1480 3158 apostolis
1513 3094 1589 3141 vel
1625 3093 1902 3158 apostolicis
1939 3093 2052 3139 viris
2083 3091 2250 3138 addita
2283 3100 2424 3149 sunt,

327 3273 334 3290 ¹
349 3271 502 3311 Deuter„
519 3280 591 3313 cap.
603 3281 662 3312 xu,
678 3281 709 3306 v.
727 3275 781 3306 32.
801 3291 841 3296 —
853 3275 864 3292 ²
881 3275 966 3314 Lege
987 3276 1026 3308 Ut
1042 3276 1240 3308 omnino.—
1257 3278 1269 3297 ³
1286 3277 1416 3318 Matth.‚
1435 3287 1508 3318 cap.
1522 3286 1556 3318 x,
1573 3286 1601 3310 v.
1621 3278 1675 3309 20.
1687 3293 1728 3299 —
1742 3274 1876 3308 ⁴Galat.
1888 3298 1897 3314 ‚
1913 3283 1985 3315 cap.
2001 3282 2032 3313 1,
2053 3282 2085 3305 v.
2100 3275 2130 3307 8.
