2638 3866
759 196 1156 247 lNTRODUCTlO
1193 199 1273 247 AD
1307 198 1718 250 THEOLOGIAM.
2252 206 2307 251 91

165 314 264 352 tere
301 316 404 349 esse
444 314 696 349 sermones
730 315 742 346 ε
782 297 919 364 quod
954 307 1081 346 recte
1114 300 1376 366 Gregorius
1409 300 1664 350 attendens
1697 302 1747 348 in
1782 301 1988 368 prologo
2024 302 2312 363 Moralium,

165 385 256 433 ait¹
277 402 288 431 ε
313 381 609 447 «Indignum
633 380 947 434 vehementer
978 380 1216 441 existimo,
1244 391 1296 429 ut
1319 380 1466 429 verba
1488 381 1691 429 coelestis
1714 383 1895 431 oraculi
1918 384 2201 448 restringam
2225 384 2315 432 sub

165 461 341 527 regulis
371 460 564 508 Donati.
587 479 609 503 >2
649 457 745 507 Sed
778 474 869 508 nec
903 458 1156 524 proprium
1190 468 1238 507 et
1269 460 1499 508 usitatum
1529 476 1708 507 nomen
1743 462 1831 509 Dei
1860 461 1923 509 ad
1959 462 2090 511 illam
2122 462 2315 511 unicam

165 541 428 591 divinitatis
463 543 782 605 maJestatem,
823 555 931 605 quae
970 539 1229 604 excogitari
1266 558 1368 588 non
1399 540 1550 601 valet,
1586 540 1768 589 nedum
1804 541 1994 604 disseri,
2030 543 2121 609 ipsi
2155 546 2316 609 magni

166 622 446 689 philosophi
474 630 719 670 noverunt
739 619 1136 681 accommodare,
1161 621 1245 686 qui
1272 638 1386 669 cum
1414 624 1572 670 Deum
1607 622 1656 669 in
1685 624 1820 670 arce’
1850 622 2134 686 nominant,
2170 641 2317 690 quem

166 703 360 752 animali
394 703 571 752 rationi
592 711 901 768 supponunt,
936 700 999 749 de
1020 700 1207 749 mundo
1230 712 1279 750 et
1300 702 1576 751 coelestibus
1597 702 1888 768 corporibus
1915 702 2060 763 illud,
2095 714 2147 752 ut
2171 722 2314 770 supra

167 784 492 846 meminimus,
521 783 783 850 accipiunt.
821 782 951 842 Quid
985 782 1148 848 itaque
1177 783 1375 844 mirum,
1402 784 1459 844 si,
1492 800 1609 832 cum
1641 783 1804 831 omnia
1829 783 2140 833 ineffabiliter
2167 796 2319 834 trans·

165 864 340 914 cendat
361 867 515 926 Deus,
543 880 744 913 omnem
765 879 962 929 quoque
986 863 1298 912 institutionis
1319 863 1544 915 humanae
1569 881 1844 913 sermonem
1863 865 2101 913 excedat?
2128 868 2184 914 Et
2206 884 2317 915 cum

165 946 268 1009 ejus
294 946 575 994 excellentia
605 961 804 993 omnem
834 945 981 1009 longe
1011 954 1264 1011 exsuperet
1284 945 1601 1008 intellectum,
1630 955 1831 1012 propter
1852 946 2123 996 intellectus
2156 958 2316 996 autem

166 1042 310 1075 voces
349 1036 462 1074 sunt
501 1026 748 1087 institutae,
782 1024 903 1091 quid
938 1026 1119 1074 mirum
1155 1026 1197 1074 si
1230 1026 1500 1075 intellectus
1533 1027 1867 1088 transcendat,
1906 1028 1991 1093 qui
2027 1029 2320 1077 transcendit

166 1107 362 1157 causas?
397 1108 551 1157 multo
589 1108 770 1174 quippe
809 1106 993 1156 facilius
1026 1124 1103 1157 res
1137 1108 1414 1174 excogitari,
1443 1126 1590 1175 quam
1623 1108 1789 1157 disseri
1825 1109 1970 1157 valet.
2012 1109 2141 1169 Quid
2176 1110 2320 1159 etiam

168 1190 344 1238 mirum
374 1189 414 1238 si
440 1190 491 1237 in
515 1189 675 1255 seipso
697 1191 828 1237 Deus
847 1188 1258 1256 philosophorum
1282 1189 1510 1255 infringat
1540 1190 1727 1257 regulas
1749 1200 1833 1239 aut
1854 1190 2102 1257 exempla,
2140 1208 2246 1256 quae
2270 1192 2318 1240 in

167 1270 302 1319 factis
331 1270 431 1319 suis
463 1270 742 1337 frequenter
768 1271 957 1318 cassat?
989 1273 1112 1319 Cum
1137 1270 1361 1320 videlicet
1394 1272 1555 1337 aliqua
1583 1289 1711 1321 nova
1735 1282 1906 1320 contra
1937 1282 2164 1337 naturam>
2190 1273 2317 1334 facit,

165 1353 266 1399 sive
299 1367 446 1418 supra
480 1360 723 1412 naturam,
763 1350 861 1399 hoc
892 1360 965 1399 est
999 1367 1145 1418 super
1168 1351 1266 1401 hoc
1292 1353 1427 1417 quod
1461 1354 1619 1419 prima
1652 1353 1918 1401 institutio⁸
1949 1370 2110 1402 rerum
2141 1363 2316 1421 potest.

168 1433 415 1499 Numquid
445 1433 576 1481 enim
611 1431 964 1480 illuminatione
991 1433 1132 1494 caeci,
1157 1441 1275 1480 nota
1302 1432 1382 1481 illa
1414 1433 1818 1500 philosophorum
1852 1435 2015 1500 regula
2048 1434 2324 1500 infringitur

167 1529 263 1580 qua
291 1515 354 1563 ab
377 1514 630 1563 Aristotele
652 1513 838 1562 dictum
860 1522 932 1562 est
954 1531 964 1560 :
992 1513 1064 1561 Ab
1081 1513 1253 1562 habitu
1275 1514 1475 1580 quidem
1505 1516 1556 1563 in
1583 1516 1906 1582 privationem
1930 1516 1983 1564 fit
2007 1517 2210 1565 mutatio
2224 1552 2236 1576 ‚
2275 1518 2322 1563 in

169 1595 387 1644 habitum
422 1612 538 1644 vero
572 1612 600 1644 a
627 1595 898 1661 privatione
929 1594 1227 1661 impossibile
1258 1597 1362 1643 est?
1395 1599 1560 1661 Neque
1594 1597 1726 1644 enim
1756 1613 1911 1645 caecus
1941 1596 2095 1645 factus
2131 1614 2323 1646 rursum

169 1676 317 1737 videt,
344 1686 435 1725 etc.
467 1675 715 1742 Numquid
741 1685 791 1725 et
820 1675 1018 1741 virginis
1051 1685 1215 1741 partus
1239 1677 1442 1724 omnino
1466 1677 1533 1724 illi
1557 1676 1839 1742 praejudicat
1864 1678 2187 1744 propositioni
2219 1695 2324 1745 quae

170 1758 447 1822 frequenter
469 1774 497 1806 a
525 1756 830 1823 philosophis
851 1757 902 1804 in
924 1756 1204 1822 exemplum
1226 1757 1507 1806 necessariae
1529 1758 1887 1822 consequentiae
1914 1776 2000 1807 seu
2021 1771 2325 1823 argumenta-

169 1839 313 1886 tionis
335 1839 533 1886 affertur
556 1855 566 1886 :
593 1839 643 1885 Si
663 1838 869 1903 peperit,
897 1853 1011 1885 cum
1035 1837 1142 1885 viro
1168 1837 1467 1886 concubuit?
1488 1841 1556 1887 -Ut
1576 1838 1692 1886 hinc
1714 1856 1913 1905 quoque
1935 1850 2164 1906 appareat
2194 1842 2325 1905 quod

172 1921 425 1985 Apostolus
440 1920 551 1968 ait¹':
577 1938 601 1965 «
620 1922 795 1967 Nonne
811 1918 1007 1966 stultam
1026 1917 1138 1967 fecit
1150 1921 1281 1967 Deus
1302 1913 1589 1985 sapientiam
1606 1920 1751 1985 hujus
1768 1920 1941 1970 mundi
1952 1918 1978 1970 P
1994 1942 2019 1965 »
2036 1921 2184 1981 Quod
2196 1922 2253 1983 si,
2275 1932 2327 1970 ut

169 2000 488 2066 philosophos
510 2000 682 2060 salves,
720 2015 773 2047 ea
804 2016 913 2065 quae
941 2016 1029 2066 per
1056 2000 1290 2049 miracula
1320 1999 1445 2049 fiunt
1476 2016 1506 2049 a
1533 2000 1797 2068 disciplinis
1823 2001 1900 2050 vel
1932 2004 2108 2067 regulis
2133 2003 2326 2051 illorum

170 2083 396 2148 excipias,
425 2091 508 2130 aut
536 2082 586 2129 in
611 2081 686 2129 his
714 2080 955 2129 vocabula
978 2081 1230 2147 propriam
1254 2081 1657 2146 significationem
1688 2099 1789 2131 non
1813 2083 2069 2132 observare
2098 2084 2247 2144 dicas,
2276 2096 2326 2132 ut

173 2162 397 2211 videlicet
409 2163 606 2228 proprie
628 2161 819 2210 dicatur
841 2162 963 2209 visio
987 2160 1064 2209 vel
1089 2172 1256 2227 partus
1272 2163 1356 2228 qui
1377 2163 1718 2229 per-miracula
1741 2163 1880 2225 fiunt,
1907 2175 2093 2230 quanto
2104 2166 2254 2230 magis
2277 2167 2325 2213 in

175 2244 280 2309 ipso
313 2253 511 2292 auctore
547 2243 893 2291 miraculorum
911 2242 963 2291 id
984 2242 1193 2291 concedi
1215 2253 1465 2310 oporteat,
1491 2254 1546 2292 ut
1568 2245 1695 2292 illius
1719 2245 2007 2294 excellentiae
2028 2246 2326 2311 singularitas

133 2332 138 2337 '
173 2325 357 2389 aliquid
383 2324 559 2372 habeat
589 2324 860 2391 proprium,
883 2322 1019 2388 quod
1041 2325 1166 2372 sicut
1200 2323 1440 2373 humanas
1472 2326 1804 2389 cogitationes,
1837 2327 1904 2374 ita
1929 2336 1976 2375 et
2004 2327 2329 2376 humanarum

174 2406 539 2471 disciplinarum
566 2404 878 2453 transcendat
903 2403 1223 2453 traditiones?
1256 2404 1317 2453 de
1340 2404 1522 2471 quibus
1540 2415 1672 2455 recte
1706 2407 1964 2473 Apostolus
1994 2407 2226 2456 admonet
2253 2408 2323 2457 di-

174 2503 288 2534 cens
302 2489 316 2512 ¹⁵
339 2505 349 2533 ε
375 2507 396 2532 α
417 2486 585 2535 Videte
606 2504 668 2535 ne
682 2487 790 2552 quis
814 2501 901 2533 vos
921 2484 1134 2552 decipiat
1155 2503 1245 2552 per
1267 2486 1573 2553 prophetiam
1598 2498 1646 2536 et
1666 2489 1863 2536 inanem
1882 2488 2134 2547 fallaciam,
2159 2505 2332 2537 secun-

175 2567 295 2615 dum
335 2566 645 2616 traditionem
688 2567 967 2627 hominum,
1015 2567 1284 2616 secundum
1327 2568 1567 2617 elementa
1603 2569 1794 2630 mundi,
1839 2580 1886 2618 et
1921 2587 2023 2617 non
2066 2569 2332 2619 secundum

177 2648 436 2697 Christum.
460 2669 483 2693 ι)
520 2651 643 2696 Ecce
684 2648 816 2696 enim
853 2647 1126 2695 secundum
1147 2649 1297 2714 ipsius
1333 2649 1534 2697 Domini
1554 2649 1931 2712 documentum,
1972 2653 2056 2710 et⁶,
2098 2660 2153 2698 ut
2186 2668 2331 2718 supra

178 2729 516 2789 meminimus,
562 2729 894 2777 testimonium
933 2727 1055 2789 Job,
1098 2745 1212 2776 eum
1251 2729 1410 2776 solum
1450 2731 1644 2795 proprie
1685 2747 1788 2778 esse
1824 2730 2041 2796 profiteri
2080 2733 2329 2798 cogimur,

179 2826 324 2874 quem
356 2811 548 2874 penitus
579 2809 702 2856 nihil
737 2825 838 2856 esse
869 2817 1084 2867 constat,
1109 2807 1381 2856 secundum
1404 2807 1548 2856 illam*
1569 2810 1859 2858 secularium
1889 2811 2193 2878 disciplinam
2212 2812 2332 2861 doc-

180 2900 366 2952 torum,
404 2907 510 2955 quae
540 2890 761 2937 omnium
796 2906 978 2951 rerum,
1013 2899 1067 2937 ut
1100 2888 1286 2936 dictum
1319 2898 1405 2950 est,
1447 2899 1642 2938 naturas
1675 2892 1726 2939 in
1762 2891 1933 2941 decem
1966 2893 2335 2959 praedicamenta

181 2971 440 3019 distribuit.
471 2969 732 3029 Attendite,
774 2969 943 3017 fratres
975 2979 1023 3016 et
1061 2968 1253 3017 verbosi
1280 2970 1444 3032 amici,
1482 2982 1719 3036 quantum
1758 2972 1825 3021 ab·
1853 2974 2063 3023 invicem
2088 2974 2338 3024 dissonent

182 3052 356 3100 divinae
386 3062 433 3100 et
454 3052 680 3099 humanae
712 3050 1014 3111 traditioneS‚
1047 3050 1317 3116 spirituales
1349 3061 1397 3099 et
1415 3052 1652 3101 animales
1685 3054 2259 3121 philosophi5>sacrarum
2289 3066 2338 3104 et

232 3265 238 3282 ¹
268 3264 348 3305 Cap.
379 3273 410 3297 v.
428 3282 465 3287 —
481 3265 492 3283 ²
509 3264 562 3297 Sic
588 3263 668 3297 Cod.
691 3262 774 3296 Vict.
797 3267 831 3296 et
851 3261 968 3296 Theoi.
994 3262 1113 3295 christ.
1139 3262 1227 3295 Cum
1298 3261 1485 3295 Instructio
1498 3261 1596 3296 Amb.
1615 3283 1653 3287 —
1673 3266 1682 3285 ⁴
1699 3265 1711 3297 l
1735 3266 1906 3306 Corinth..
1927 3277 1999 3310 cap.
2023 3277 2045 3310 ι,
2064 3278 2095 3302 ν.
2113 3271 2165 3303 20.
2185 3285 2226 3293 --
2241 3270 2253 3290 ⁸
2274 3269 2338 3302 co.

187 3319 293 3352 Marte
315 3327 376 3359 pro
397 3322 434 3351 in
455 3328 532 3352 arce
549 3320 631 3351 male
653 3319 730 3359 legit
751 3318 845 3350 Amb.
867 3336 908 3342 -
928 3318 941 3338 ³
956 3318 1009 3350 Sic
1034 3317 1114 3350 Cod.
1144 3316 1223 3349 Vict.
1304 3315 1395 3357 loss„
1412 3325 1483 3357 cap.
1503 3324 1539 3357 n,
1554 3326 1585 3350 v.
1604 3320 1635 3351 8.
1656 3336 1693 3342 -
1709 3319 1721 3339 ⁶
1735 3319 1787 3352 Sic
1805 3320 1885 3354 Cod.
1906 3321 1988 3354 Vict.
2006 3322 2050 3355 Ee
2066 3324 2157 3356 deest
2172 3323 2266 3356 Amb.
