2638 3866
919 225 1258 275 THEOLOGIA
1294 226 1664 276 CHRISTIANA.
2270 229 2362 275 447

1009 593 1323 682 LIBER
1411 594 1569 681 ΙΙΙ.

284 848 403 894 Cum
437 845 598 894 omnis
630 843 968 893 controversiae
991 842 1224 891 discussio
1257 852 1340 891 aut
1369 843 1417 890 in
1449 843 1629 908 scripto
1653 853 1736 893 aut
1768 843 1815 890 in
1842 843 2028 890 ratione
2058 854 2287 903 versetur,
2315 856 2363 893 ut

217 925 398 975 eisdem
428 926 733 986 terminetur,
769 924 806 972 si
830 922 1112 988 hujusmodi
1147 934 1219 971 est
1241 941 1347 989 quae
1369 923 1514 971 finem
1540 924 1762 990 accipiat,
1797 923 1956 989 primo
1980 923 2122 971 nobis
2145 941 2367 974 necessa—

218 1007 342 1055 rium
372 1006 599 1055 duximus
627 1023 685 1054 ex
709 1004 897 1071 scriptis
923 1003 1297 1070 praecellentium
1330 1005 1621 1069 sapientium
1654 1004 1717 1052 ad
1752 1014 1925 1052 nostrae
1955 1004 2067 1052 fidei
2092 1004 2365 1054 firmamen-

218 1098 320 1135 tum
349 1088 656 1136 auctoritates
678 1085 927 1146 conferre3
961 1083 1137 1132 deinde
1159 1085 1286 1150 ipsas
1319 1085 1464 1133 etiam
1488 1085 1796 1133 auctoritates
1832 1085 1894 1132 ad
1922 1095 2095 1133 nostrae
2119 1087 2367 1152 perfectio·

218 1185 329 1217 nem
364 1168 703 1235 disputationis
738 1175 953 1233 superest
987 1164 1258 1213 rationibus
1300 1166 1499 1215 fulcire:
1527 1167 1577 1214 in
1615 1166 1691 1214 his
1727 1165 1925 1231 quidem
1960 1167 2008 1214 in
2047 1167 2223 1232 quibus
2265 1186 2363 1218 non

216 1249 605 1298 irrationabiliter
631 1248 858 1296 videntur
889 1247 1179 1313 oppugnari,
1214 1263 1275 1295 ne
1300 1248 1422 1295 forte
1460 1247 1578 1295 illud
1615 1247 1790 1295 comici
1823 1257 1973 1312 poetae
2011 1248 2153 1295 nohis
2183 1251 2363 1317 impro-

217 1340 410 1395 peretur
435 1347 446 1376 :
475 1330 598 1377 Huic
626 1346 751 1395 opus
789 1337 859 1376 est
888 1337 1113 1394 patronO,
1146 1344 1294 1392 quem
1322 1328 1441 1375 mihi
1465 1344 1582 1393 paro
1617 1328 1941 1376 defensorem.
1976 1332 2146 1376 Beatus
2170 1347 2364 1397 quoque

216 1411 504 1474 Augustinus
536 1410 692 1476 capite
717 1426 754 1457 11
786 1408 896 1456 libri
927 1407 985 1455 de
1011 1407 1224 1455 Moribus
1248 1407 1468 1456 Ecclesiae
1501 1419 1672 1456 contra
1709 1408 1995 1457 Manichaeos
2030 1411 2362 1461 auctoritatem

220 1492 392 1538 rationi
414 1490 799 1557 praemittendam
822 1499 1002 1550 censet,
1028 1487 1228 1536 dicens:
1262 1491 1495 1536 «Naturae
1533 1489 1730 1553 quidem
1766 1489 1887 1537 ordo
1922 1489 1987 1538 ita
2020 1507 2069 1538 se
2105 1490 2270 1549 habet,
2315 1505 2367 1542 ut

217 1587 328 1618 cum
351 1571 532 1636 aliquid
553 1571 779 1631 dicimus,
808 1571 1051 1618 rationem
1073 1569 1312 1636 praecedat
1336 1570 1611 1618 auctoritas.
1643 1572 1760 1617 Nam
1789 1579 1836 1617 et
1857 1569 2048 1618 infirma
2071 1572 2192 1619 ratio
2214 1572 2366 1621 videri

217 1667 317 1699 non
352 1661 529 1717 potest,
572 1668 679 1716 quae
712 1668 824 1699 cum
862 1650 1050 1699 reddita
1085 1650 1246 1710 fuerit,
1282 1650 1615 1697 auctoritatem
1644 1659 1810 1715 postea
1842 1666 1930 1715 per
1968 1667 2115 1715 quam
2151 1651 2369 1702 firmetur

216 1732 464 1778 assumit.»
496 1733 656 1780 Restat
678 1732 841 1795 itaque
863 1747 996 1778 nunc
1019 1729 1162 1778 nobis
1186 1740 1296 1795 post
1321 1730 1664 1778 auctoritatum
1701 1729 2070 1777 fundamentum
2092 1731 2367 1782 fulcimenta

215 1811 594 1876 superinducere
625 1812 887 1867 rationum,
917 1811 1124 1859 maxime
1148 1810 1260 1858 ideo
1286 1827 1348 1858 ne
1370 1810 1636 1858 verbositas
1658 1810 1968 1857 inimicorum
1998 1810 2172 1859 Christi
2195 1823 2368 1862 nostrae

215 1891 409 1939 insultet
443 1891 751 1957 simplicitati.
802 1891 894 1950 Qui
931 1907 1044 1938 cum
1081 1891 1268 1955 aliquos
1301 1890 1473 1938 idiotas
1510 1901 1592 1938 aut
1628 1891 1789 1937 minus
1829 1890 2043 1938 eruditos
2084 1891 2370 1943 christIanos

216 1971 555 2020 inductionum
590 1988 787 2020 suarum
819 1971 1004 2036 laqueis
1037 1971 1394 2039 praepedierint,
1433 1989 1633 2019 summae
1667 1970 1717 2018 id
1748 1970 1839 2019 sibi
1864 1971 2025 2036 gloriae
2054 1972 2363 2022 adscribunt:

216 2052 389 2117 quibus
422 2052 620 2118 quidem
645 2069 744 2100 non
770 2051 949 2100 sufficit
984 2062 1037 2100 ut
1058 2053 1149 2100 soli
1174 2053 1462 2113 moriantur,
1489 2053 1582 2100 nisi
1606 2052 1749 2100 etiam
1773 2051 1893 2099 alios
1916 2053 2013 2099 suis
2037 2054 2366 2120 consepeliant

215 2133 479 2194 erroribus,
515 2133 600 2181 illo
643 2133 866 2181 videlicet
902 2132 1180 2181 Judaeorum
1221 2151 1376 2193 more,
1415 2150 1514 2197 quo
1559 2150 1641 2180 eos
1674 2133 1863 2180 Veritas
1903 2132 2064 2195 dicit¹‚
2108 2154 2132 2178 u
2147 2152 2280 2183 mare
2320 2146 2366 2184 et

216 2214 399 2262 aridam
430 2215 661 2276 circuire,
703 2223 757 2261 ut
789 2230 943 2260 unum
982 2213 1157 2261 faciant
1196 2213 1512 2279 proselytum.
1540 2234 1562 2257 »

281 2295 515 2342 Omnium
554 2303 715 2342 autem
750 2293 997 2341 bonorum
1028 2294 1166 2358 quasi
1198 2293 1574 2341 fundamentum
1611 2304 1786 2343 sanctae
1817 2295 2059 2343 Trinitatis
2096 2295 2241 2344 fidem
2276 2315 2366 2364 po-

216 2374 390 2434 nimus,
425 2386 479 2422 ut
512 2373 574 2422 ab
602 2375 706 2441 ipsa
737 2374 911 2422 divinae
934 2384 1115 2422 naturae
1140 2374 1431 2439 cogitatione
1457 2375 1679 2423 omnium
1713 2374 1961 2423 bonorum
1991 2375 2197 2424 ducatur
2230 2395 2368 2426 exor-

216 2454 369 2503 dium.
398 2455 628 2519 Quisquis
651 2457 814 2521 itaque
838 2455 935 2503 hoc
958 2454 1328 2503 fundamentum
1354 2454 1643 2503 labefactare
1674 2456 1869 2522 poterit,
1910 2457 2029 2505 nihil
2066 2457 2366 2507 fructuosum

216 2535 276 2584 de
308 2536 382 2584 bis
412 2537 556 2585 etiam
590 2536 735 2603 [quae]
763 2536 1193 2603 superaedificanda
1225 2546 1337 2584 sunt
1366 2536 1611 2602 relinquit.
1641 2537 1780 2585 Unde
1815 2548 1863 2586 et
1895 2555 1985 2585 nos
2017 2539 2228 2604 primum
2254 2540 2368 2588 huic

217 2626 349 2665 tanto
373 2617 589 2683 periculo
613 2627 712 2666 tam
736 2618 1091 2678 auctoritatum,
1112 2634 1257 2682 quam
1284 2618 1529 2665 rationum
1548 2618 1772 2684 clypeum
1795 2636 2044 2686 opponere
2067 2621 2363 2676 curavimus,

217 2697 265 2743 in
289 2713 350 2744 eo
374 2696 573 2761 quidem
597 2697 767 2746 confisi
792 2699 876 2763 qui
899 2715 1013 2745 suos
1042 2697 1301 2758 confortat,
1328 2697 1514 2745 dicens²
1543 2716 1553 2744 ε
1586 2700 1746 2745 «Cum
1777 2699 2000 2746 steteritis
2028 2709 2138 2747 ante
2162 2718 2295 2764 reges
2318 2712 2366 2749 et

216 2776 456 2841 praesides,
483 2776 631 2825 nolite
664 2778 873 2841 cogitare
896 2778 1166 2842 quomodo,
1194 2787 1276 2825 aut
1306 2777 1423 2842 quid
1450 2777 1735 2842 loquamini,
1774 2778 1969 2825 dabitur
2002 2780 2129 2827 enim
2154 2781 2292 2828 vobis
2314 2782 2362 2829 in

217 2857 295 2904 illa
319 2857 443 2905 hora
467 2857 583 2921 quid
606 2857 892 2922 loquamini.
920 2877 944 2903 n
969 2860 1115 2921 Cujus
1137 2857 1335 2922 quidem
1363 2858 1510 2904 fretus
1533 2858 1710 2906 auxilio
1735 2860 1962 2924 parvulus
1982 2861 2136 2908 David
2158 2863 2365 2911 immen-

216 2954 324 2985 sum
343 2947 391 2985 et
413 2937 657 2985 tumidum
679 2938 867 2985 Goliam
893 2937 1093 3003 proprio
1119 2938 1269 3002 ipsius
1294 2937 1444 2985 Goliae
1467 2937 1630 3001 gladio
1649 2938 1900 3003 jugulavit.
1929 2943 1985 2988 Et
2010 2959 2100 2989 nos
2125 2960 2240 3007 ergo
2261 2944 2366 3010 ipso

217 3017 539 3066 humanarum
573 3018 734 3082 gladio
757 3019 1020 3078 rationum,
1043 3016 1219 3082 quibus
1253 3035 1344 3066 nos
1379 3028 1473 3066 tam
1499 3018 1778 3086 philosophi
1802 3037 1949 3085 quam
1974 3021 2184 3071 haeretici
2212 3025 2366 3091 impe·

217 3100 365 3161 tunt⁸‚
391 3099 442 3146 in
476 3115 560 3146 eos
589 3115 824 3147 converso
859 3098 1036 3146 robore
1061 3115 1250 3146 eorum.
1282 3098 1417 3146 Multi
1449 3115 1663 3165 namque
1683 3100 1781 3164 jam
1806 3100 2017 3150 clamant
2047 3105 2209 3170 magni
2236 3106 2368 3153 Anti-

260 3282 267 3300 ¹
286 3279 421 3323 Manli..
439 3291 513 3324 cap.
536 3291 630 3322 xxm,
647 3291 677 3315 v.
702 3284 753 3316 15.
768 3300 809 3306 —
825 3284 835 3302 ²
852 3281 983 3321 Manli„
1002 3291 1076 3323 cap.
1102 3291 1139 3323 x,
1156 3291 1187 3315 v.
1208 3283 1258 3315 19.
1276 3299 1314 3305 —
1333 3282 1346 3302 ³
1361 3281 1421 3314 fflc
1435 3282 1547 3315 deesse
1573 3283 1704 3315 videtur
1728 3284 1861 3325 aliquod
1886 3285 2040 3326 verbum,
2063 3286 2283 3328 accingamur
2311 3293 2366 3320 aut

218 3337 371 3366 utamur.
