2638 3866
292 200 352 248 78
1082 196 1256 243 PETRI
1290 193 1605 243 ABAELARDI

290 309 508 349 asserunt
539 299 604 346 nil
619 298 695 349 ,ad
733 295 976 344 catholicae
1008 295 1124 344 fidei
1153 295 1375 359 mysteria
1396 295 1640 359 pertinens
1669 295 1855 342 ratione
1886 293 2271 357 investigandum
2292 311 2410 357 esse,

291 380 375 428 sed
409 380 471 426 de
508 377 730 425 omnibus
763 376 1034 423 auctoritati
1069 376 1226 423 statim
1261 373 1557 420 credendum
1594 391 1718 433 esse,
1747 383 2180 438 :quantumcunque
2218 371 2318 422 hiec
2351 376 2413 423 ab

290 460 499 507 humana
520 459 704 506 ratione
725 466 910 504 remota
933 473 1036 504 esse
1056 455 1291 503 videatur.
1312 452 1458 510 Quod
1473 452 1670 517 quidem
1691 454 1730 500 si
1749 454 2021 518 recipiatur,
2048 454 2208 519 ipsum
2221 470 2414 519 quoque

289 539 572 602 Gregorium
594 538 643 584 in
667 536 873 600 hisquae
893 546 1035 583 antea
1059 535 1119 582 de
1145 534 1282 582 dictis
1306 533 1408 596 ejus
1432 532 1791 597 collegeramus,
1817 532 2097 599 sibimetipsi
2119 535 2414 582 contrarium

290 619 605 683 reperiemus;
633 633 723 664 nec
749 615 841 664 sibi
860 626 1045 664 tantum
1079 614 1162 662 sed
1193 614 1370 661 caeteris
1395 611 1623 660 omnibus
1661 612 1757 660 fere
1791 613 2083 661 Doctoribus
2110 614 2304 673 sanctiS,
2331 616 2414 678 qui

289 714 376 745 nos
391 698 567 762 pariter
589 713 698 744 cum
723 697 828 761 ipso
851 695 912 743 ad
933 697 1141 743 rationes
1154 693 1265 741 fidei
1287 702 1461 740 nostrae
1484 693 1829 758 perquirendas
1853 710 1935 741 seu
1954 693 2225 742 reddendas
2237 693 2415 742 adhor-

288 787 464 826 tantur.
489 776 730 841 Alioquin,
753 785 807 822 ut
831 792 974 841 supra
995 790 1187 838 quoque
1207 773 1531 833 meminimus,
1552 773 1784 839 cujusque
1806 773 1978 839 populi
1999 773 2138 836 fides,
2158 784 2412 839 quantam-

287 873 477 921 cunque
499 866 678 905 astruat
705 856 969 911 falsitatem,
1000 853 1146 900 refelli
1169 869 1270 900 non
1294 853 1615 917 poterit,-etsi
1645 854 1696 900 in
1724 862 1907 901 tantam
1932 853 2160 902 devoluta
2193 855 2253 902 sit
2285 856 2414 902 caeci-

287 946 432 984 tatem
467 946 519 982 ut
558 935 743 983 idolum
782 933 1030 997 quodlibet
1067 935 1221 980 Deum
1257 949 1359 981 esse
1391 949 1449 979 ac
1486 932 1593 980 coeli
1622 949 1681 980 ac
1717 942 1852 981 ter-rae
1885 942 2154 981 creatorem
2190 933 2409 981 fateatur.

286 1016 451 1063 Statim
478 1016 655 1080 quippe
679 1015 761 1079 qui
788 1014 882 1060 hoc
917 1013 1164 1077 receperit,
1192 1028 1303 1060 cum
1339 1012 1454 1060 hinc
1474 1012 1665 1078 pulsare
1688 1029 1801 1061 eum
1826 1013 2130 1079 coeperimus,
2156 1013 2279 1061 sicut
2299 1014 2413 1062 olim

284 1098 508 1160 Martyres
531 1095 782 1152 faciebant,
819 1110 928 1140 cum
964 1092 1244 1140 idololatriae
1269 1092 1452 1140 cultum
1485 1092 1757 1141 Gentilibus
1783 1094 2185 1159 improperarent,
2212 1110 2413 1158 respon-

284 1175 397 1222 dere
418 1175 608 1240 poterit,
635 1172 897 1221 secundum
923 1189 1014 1220 nos
1034 1174 1181 1238 ipsos,
1214 1174 1359 1221 etiam
1390 1173 1451 1221 de
1479 1173 1576 1222 fide
1598 1172 1986 1239 ratiocinandum
2010 1189 2112 1221 non
2135 1189 2256 1235 esse,
2276 1190 2367 1221 nec
2387 1190 2415 1221 a

283 1254 421 1301 nobis
436 1255 553 1301 alios
572 1254 737 1319 impeti
759 1252 953 1308 debere,
975 1252 1106 1300 unde
1124 1268 1216 1300 nos
1234 1252 1297 1301 ab
1315 1253 1419 1301 aliis
1446 1269 1698 1302 censemus
1718 1253 2023 1319 impetendos
2043 1269 2145 1301 non
2168 1269 2284 1302 esse.
2312 1255 2415 1301 No-

282 1335 434 1389 vimus
452 1335 632 1398 quippe
655 1334 809 1398 ipsum
836 1332 1031 1380 beatum
1054 1332 1342 1397 Gregorium
1363 1333 1534 1399 saepius
1554 1334 1605 1381 in
1628 1334 1814 1399 scriptis
1837 1333 1934 1381 suis
1959 1350 2042 1382 eos
2071 1334 2155 1398 qui
2174 1333 2235 1381 de
2254 1350 2415 1381 resur·

282 1414 490 1461 rectione
530 1412 769 1471 dubitant,
808 1414 1032 1477 congruis
1072 1429 1234 1461 rerum
1275 1412 1505 1477 exemplis
1533 1413 1618 1460 -vel
1652 1413 2046 1461 similitudinibus
2077 1414 2412 1462 ratiocinando

279 1495 430 1557 ipsam
453 1503 678 1551 astruere,
703 1509 793 1559 pro
821 1509 916 1557 qua
942 1502 1106 1541 tamen
1135 1493 1354 1559 superius
1378 1492 1525 1554 dixit,
1570 1492 1717 1541 fidem
1747 1509 1851 1541 non
1873 1493 2053 1542 habere
2083 1494 2307 1541 meritum
2336 1495 2415 1541 cui

280 1573 489 1619 bumana
525 1573 645 1619 ratio
682 1572 860 1638 praebet
891 1573 1292 1637 experimentum.
1323 1575 1580 1636 Nunquam
1604 1571 1655 1619 hi
1683 1589 1805 1637 quos
1827 1572 2095 1621 rationibus
2118 1573 2217 1620 suis
2241 1573 2291 1620 in
2318 1572 2414 1621 fide

281 1652 637 1698 resurrectionis
658 1651 893 1698 aedificare
918 1651 1128 1712 volebat,
1153 1651 1241 1699 has
1263 1652 1365 1716 ejus
1386 1651 1610 1713 rationes,
1644 1650 1914 1699 secundum
1934 1652 2083 1717 ipsius
2105 1651 2409 1712 sententiam,

281 1731 489 1778 refellere
518 1741 755 1795 poterant,
782 1732 1046 1779 secundum
1070 1748 1218 1796 quam
1240 1732 1419 1780 scilicet
1439 1741 1652 1780 astruere
1679 1731 1871 1793 dicitur,
1899 1747 2207 1796 nequaquam
2231 1732 2291 1779 de
2317 1731 2414 1780 fide

282 1811 503 1862 humanis
535 1811 798 1859 rationibus
827 1811 1157 1860 disserendum
1181 1829 1298 1875 esse,
1325 1813 1408 1878 qui
1435 1829 1529 1861 nec
1550 1812 1646 1861 hoc
1668 1821 1880 1860 astruere
1909 1811 2067 1873 dictis,
2093 1813 2195 1877 ipse
2219 1813 2413 1878 proprie

280 1890 496 1939 exhibuit
520 1891 668 1940 factis.
694 1893 788 1951 Qui
825 1909 913 1940 nec
944 1894 1089 1941 etiam
1122 1892 1256 1955 dixit,
1296 1911 1395 1941 non
1418 1910 1521 1942 esse
1542 1892 1931 1941 ratiocinandum
1951 1893 2013 1940 de
2039 1891 2155 1953 fide,
2190 1909 2282 1941 nec
2315 1892 2413 1940 hu-

281 1973 632 2020 mana‘ratione
656 1973 807 2037 ipsam
847 1973 977 2038 apud
1014 1976 1172 2022 Deum
1201 1973 1383 2022 habere
1418 1975 1663 2036 meritum,
1703 1974 1765 2023 ad
1798 1989 1946 2039 quam
1972 1989 2073 2022 non
2107 1983 2204 2022 tam
2239 1973 2412 2021 divinae

278 2052 568 2101 auctoritatis
589 2052 772 2100 inducit
794 2053 1138 2115 testimonium,
1165 2069 1313 2118 quam
1334 2054 1559 2104 humanae
1578 2054 1777 2102 rationis
1794 2054 1924 2119 cogit
1936 2062 2291 2119 argumentum.
2316 2056 2412 2101 Nec

278 2132 389 2195 quia
430 2134 559 2179 Deus
599 2132 647 2179 id
685 2132 867 2180 dixerat
901 2133 1129 2196 creditur,
1171 2134 1256 2182 sed
1291 2136 1403 2200 quia
1439 2135 1536 2183 hoc
1571 2136 1640 2183 sic
1675 2151 1779 2184 esse
1809 2135 2132 2195 convincitur,
2165 2134 2406 2200 recipitur.

278 2212 591 2275 Distinguitur
613 2213 770 2276 itaque
796 2213 913 2261 fides
933 2215 1038 2262 talis
1061 2231 1088 2262 a
1113 2214 1210 2262 fide
1232 2215 1448 2275 Abrahae,
1474 2216 1557 2281 qui
1581 2225 1752 2264 contra
1778 2231 1916 2281 spem
1943 2217 1993 2263 in
2019 2231 2156 2281 spem
2177 2212 2406 2271 credidit3

276 2307 366 2338 nec
388 2301 566 2339 naturae
592 2293 976 2357 possibilitatem,
1002 2295 1087 2343 sed
1111 2296 1435 2361 promittentis
1458 2295 1662 2345 attendit
1684 2297 1950 2344 veritatem.
1987 2298 2045 2343 At
2077 2309 2349 2359 nunquam,
2373 2294 2410 2341 si

278 2370 388 2417 fidei
412 2381 584 2419 nostrae
602 2373 865 2437 primordia
887 2375 1049 2422 statim
1069 2376 1294 2422 meritum
1310 2391 1411 2422 non
1435 2375 1634 2434 habent,
1663 2375 1774 2423 ideo
1794 2376 1895 2441 ipsa
1917 2391 2115 2440 prorsus
2138 2373 2319 2422 inutilis
2341 2382 2410 2420 est

274 2451 548 2512 judicanda,
572 2447 721 2517 'quam
758 2451 1083 2519 postmodum.
1106 2455 1311 2502 charitas
1356 2454 1626 2512 subsecuta,
1667 2455 1853 2503 obtinet
1887 2454 2024 2519 quod
2063 2454 2132 2501 illi
2172 2452 2405 2501 defuerat.

278 2533 395 2577 Nam
426 2548 572 2596 quam
597 2532 775 2595 multi¹,
798 2551 909 2582 cum
934 2534 1009 2582 his
1028 2551 1134 2599 qnae
1155 2534 1539 2599 praedicabantur
1569 2551 1670 2582 non
1692 2533 1958 2592 crederent,
1986 2534 2200 2599 ipsarum
2222 2531 2406 2580 exhibi-

280 2610 405 2657 tione
439 2627 598 2659 rerum
639 2623 687 2660 et
727 2614 1057 2678 magnitudine
1088 2614 1434 2662 miraculorum
1473 2614 1668 2662 credere
1708 2624 1822 2662 sunt
1859 2611 2122 2678 compulsi!
2152 2611 2301 2671 Quod
2347 2611 2408 2659 de

281 2690 506 2751 Apostolo
544 2692 687 2739 etiam
720 2693 904 2741 Thoma
920 2731 933 2756 ,
973 2711 1084 2741 cum
1121 2693 1181 2741 de
1215 2695 1565 2743 resurrectione
1589 2694 1785 2741 Domini
1812 2692 2071 2751 dubitaret,
2098 2692 2279 2740 sactum
2306 2708 2408 2739 esse

280 2771 624 2830 cognoscimus.
669 2774 744 2819 Sic
773 2784 819 2820 et
846 2775 895 2820 in
936 2775 1070 2822 Pauli
1095 2776 1411 2823 conversione
1443 2784 1629 2839 gestum
1657 2773 1899 2832 videmus,
1931 2773 2016 2837 qui
2051 2788 2163 2820 cum
2194 2772 2405 2837 superari

282 2848 464 2896 ratione
486 2866 584 2896 non
610 2863 783 2915 posset,
824 2853 958 2901 factis
987 2855 1102 2919 ipsis
1132 2856 1438 2914 constrictus,
1472 2853 1536 2903 ad
1557 2853 1705 2902 fidem
1736 2863 1806 2901 est
1838 2851 2133 2918 compulsus,
2155 2861 2202 2900 et
2223 2861 2406 2916 quanto

281 2928 468 2989 gravior
510 2929 610 2994 ipse
655 2941 764 2978 ante
798 2934 1162 2981 conversionem
1210 2935 1378 2994 fuerit,
1419 2944 1554 2981 tanto
1593 2932 1906 3000 postmodum
1943 2931 2065 2980 fides
2103 2932 2206 2995 ejus
2239 2931 2408 2978 fortior

280 3008 468 3055 exstitit.
494 3009 581 3055 Vix
613 3011 741 3057 enim
777 3014 858 3074 qui
896 3012 1140 3076 loquenti’
1171 3014 1337 3062 leviter
1359 3014 1579 3073 credidit,
1606 3013 1773 3062 firmus
1794 3014 1844 3061 in
1875 3013 1972 3061 fide
1995 3012 2282 3078 permansit;
2317 3027 2406 3058 nec

279 3087 413 3152 quod
440 3089 628 3138 levitate
663 3092 853 3153 geritur,
880 3093 1132 3141 stabilitate
1164 3094 1447 3142 firmabitur.
1477 3096 1615 3142 Unde
1647 3106 1691 3142 et
1731 3097 1780 3141 in
1811 3094 2140 3141 Ecclesiastico
2176 3092 2403 3156 scriptum

324 3271 329 3287 ¹
348 3267 430 3301 Male
442 3270 519 3308 legit
535 3269 727 3302 Amboesius
745 3271 936 3312 Numquam
954 3271 1064 3305 multi.
1078 3290 1113 3296 -
1139 3275 1349 3308 ²Amboesius
1367 3275 1528 3317 loquitur.
