<?xml version="1.0" encoding="UTF-8"?>
<!DOCTYPE html PUBLIC "-//W3C//DTD XHTML 1.0 Transitional//EN"
    "http://www.w3.org/TR/xhtml1/DTD/xhtml1-transitional.dtd">
<html xmlns="http://www.w3.org/1999/xhtml" xml:lang="en" lang="en">
 <head>
  <title>
</title>
<meta http-equiv="Content-Type" content="text/html;charset=utf-8" />
  <meta name='ocr-system' content='tesseract 3.04.00' />
  <meta name='ocr-capabilities' content='ocr_page ocr_carea ocr_par ocr_line ocrx_word'/>
</head>
<body>
  <div class='ocr_page' id='page_1' title='image "./operahactenusseo00abeluoft_0619.png"; bbox 0 0 2638 3866; ppageno 0'>
   <div class='ocr_carea' id='block_1_1' title="bbox 658 261 2399 316">
    <p class='ocr_par' dir='ltr' id='par_1_1' title="bbox 658 261 2399 316">
     <span class='ocr_line' id='line_1_1' title="bbox 658 261 2399 316; baseline 0.004 -9"><span class='ocrx_word' id='word_1_1' title='bbox 658 261 871 309; x_wconf 86' lang='lat' dir='ltr'><strong>ETHICA</strong></span> <span class='ocrx_word' id='word_1_2' title='bbox 907 263 1016 309; x_wconf 83' lang='lat' dir='ltr'><strong>SEU</strong></span> <span class='ocrx_word' id='word_1_3' title='bbox 1052 264 1223 313; x_wconf 85' lang='lat' dir='ltr'><strong>LlBER</strong></span> <span class='ocrx_word' id='word_1_4' title='bbox 1258 266 1496 316; x_wconf 85' lang='lat' dir='ltr'>DICTUS:</span> <span class='ocrx_word' id='word_1_5' title='bbox 1535 268 1699 316; x_wconf 85' lang='lat' dir='ltr'><strong>SCITO</strong></span> <span class='ocrx_word' id='word_1_6' title='bbox 1733 268 2000 316; x_wconf 80' lang='lat' dir='ltr'><strong>TEtPsUM.</strong></span> <span class='ocrx_word' id='word_1_7' title='bbox 2304 267 2399 314; x_wconf 80' lang='lat'><strong>609</strong></span> 
     </span>
    </p>
   </div>
   <div class='ocr_carea' id='block_1_2' title="bbox 256 356 2411 1553">
    <p class='ocr_par' dir='ltr' id='par_1_2' title="bbox 256 356 2411 1553">
     <span class='ocr_line' id='line_1_2' title="bbox 260 356 2397 433; baseline 0.003 -29"><span class='ocrx_word' id='word_1_8' title='bbox 260 373 405 422; x_wconf 91' lang='lat' dir='ltr'><strong>quam</strong></span> <span class='ocrx_word' id='word_1_9' title='bbox 426 356 575 422; x_wconf 83' lang='lat' dir='ltr'><strong>judex</strong></span> <span class='ocrx_word' id='word_1_10' title='bbox 601 359 860 407; x_wconf 79' lang='lat' dir='ltr'>manifestis</span> <span class='ocrx_word' id='word_1_11' title='bbox 884 360 945 406; x_wconf 91' lang='lat' dir='ltr'><strong>de</strong></span> <span class='ocrx_word' id='word_1_12' title='bbox 964 362 1117 409; x_wconf 90' lang='lat' dir='ltr'><strong>causis</strong></span> <span class='ocrx_word' id='word_1_13' title='bbox 1139 363 1353 412; x_wconf 81' lang='lat' dir='ltr'><strong>refellere</strong></span> <span class='ocrx_word' id='word_1_14' title='bbox 1375 366 1542 430; x_wconf 85' lang='lat' dir='ltr'><strong>possit,</strong></span> <span class='ocrx_word' id='word_1_15' title='bbox 1575 382 1659 413; x_wconf 90' lang='lat' dir='ltr'><strong>eos</strong></span> <span class='ocrx_word' id='word_1_16' title='bbox 1683 367 1924 433; x_wconf 85' lang='lat' dir='ltr'><strong>suscipere</strong></span> <span class='ocrx_word' id='word_1_17' title='bbox 1946 366 2048 430; x_wconf 85' lang='lat' dir='ltr'><strong>lege</strong></span> <span class='ocrx_word' id='word_1_18' title='bbox 2071 363 2397 430; x_wconf 71' lang='lat' dir='ltr'><strong>compellitur,</strong></span> 
     </span>
     <span class='ocr_line' id='line_1_3' title="bbox 260 437 2397 511; baseline 0.003 -27"><span class='ocrx_word' id='word_1_19' title='bbox 260 446 307 484; x_wconf 91' lang='lat' dir='ltr'><strong>et</strong></span> <span class='ocrx_word' id='word_1_20' title='bbox 327 453 496 485; x_wconf 88' lang='lat' dir='ltr'><strong>eorum</strong></span> <span class='ocrx_word' id='word_1_21' title='bbox 522 437 810 503; x_wconf 84' lang='lat' dir='ltr'><strong>probatione</strong></span> <span class='ocrx_word' id='word_1_22' title='bbox 834 450 1069 505; x_wconf 83' lang='lat' dir='ltr'><strong>suscepta,</strong></span> <span class='ocrx_word' id='word_1_23' title='bbox 1097 444 1269 507; x_wconf 89' lang='lat' dir='ltr'><strong>punire</strong></span> <span class='ocrx_word' id='word_1_24' title='bbox 1291 445 1601 492; x_wconf 87' lang='lat' dir='ltr'><strong>innocentem</strong></span> <span class='ocrx_word' id='word_1_25' title='bbox 1626 445 1793 504; x_wconf 90' lang='lat' dir='ltr'><strong>debet,</strong></span> <span class='ocrx_word' id='word_1_26' title='bbox 1819 447 1903 509; x_wconf 90' lang='lat' dir='ltr'><strong>qui</strong></span> <span class='ocrx_word' id='word_1_27' title='bbox 1927 446 2088 511; x_wconf 89' lang='lat' dir='ltr'><strong>puniri</strong></span> <span class='ocrx_word' id='word_1_28' title='bbox 2112 462 2211 492; x_wconf 92' lang='lat' dir='ltr'><strong>non</strong></span> <span class='ocrx_word' id='word_1_29' title='bbox 2233 443 2397 492; x_wconf 88' lang='lat' dir='ltr'><strong>debet.</strong></span> 
     </span>
     <span class='ocr_line' id='line_1_4' title="bbox 262 518 2404 591; baseline 0.003 -27"><span class='ocrx_word' id='word_1_30' title='bbox 262 521 428 583; x_wconf 90' lang='lat' dir='ltr'><strong>Itaque</strong></span> <span class='ocrx_word' id='word_1_31' title='bbox 455 519 626 583; x_wconf 88' lang='lat' dir='ltr'><strong>punire</strong></span> <span class='ocrx_word' id='word_1_32' title='bbox 651 518 810 578; x_wconf 91' lang='lat' dir='ltr'><strong>debet,</strong></span> <span class='ocrx_word' id='word_1_33' title='bbox 839 519 946 567; x_wconf 89' lang='lat' dir='ltr'><strong>licet</strong></span> <span class='ocrx_word' id='word_1_34' title='bbox 976 537 1075 567; x_wconf 90' lang='lat' dir='ltr'><strong>non</strong></span> <span class='ocrx_word' id='word_1_35' title='bbox 1102 525 1344 585; x_wconf 88' lang='lat' dir='ltr'><strong>meruerit,</strong></span> <span class='ocrx_word' id='word_1_36' title='bbox 1371 542 1481 573; x_wconf 89' lang='lat' dir='ltr'><strong>cum</strong></span> <span class='ocrx_word' id='word_1_37' title='bbox 1512 534 1672 573; x_wconf 89' lang='lat' dir='ltr'><strong>tamen</strong></span> <span class='ocrx_word' id='word_1_38' title='bbox 1703 526 1805 589; x_wconf 88' lang='lat' dir='ltr'><strong>lege</strong></span> <span class='ocrx_word' id='word_1_39' title='bbox 1835 526 2138 591; x_wconf 73' lang='lat' dir='ltr'><strong>praecipiente</strong></span> <span class='ocrx_word' id='word_1_40' title='bbox 2161 525 2255 572; x_wconf 90' lang='lat' dir='ltr'><strong>hoc</strong></span> <span class='ocrx_word' id='word_1_41' title='bbox 2278 525 2404 588; x_wconf 91' lang='lat' dir='ltr'><strong>juste</strong></span> 
     </span>
     <span class='ocr_line' id='line_1_5' title="bbox 256 599 2403 671; baseline 0.003 -25"><span class='ocrx_word' id='word_1_42' title='bbox 256 599 403 662; x_wconf 87' lang='lat' dir='ltr'><strong>judex</strong></span> <span class='ocrx_word' id='word_1_43' title='bbox 433 601 631 665; x_wconf 82' lang='lat' dir='ltr'><strong>peragit.</strong></span> <span class='ocrx_word' id='word_1_44' title='bbox 666 603 728 648; x_wconf 86' lang='lat' dir='ltr'><strong>Ex</strong></span> <span class='ocrx_word' id='word_1_45' title='bbox 756 601 830 649; x_wconf 91' lang='lat' dir='ltr'><strong>his</strong></span> <span class='ocrx_word' id='word_1_46' title='bbox 853 601 1014 666; x_wconf 90' lang='lat' dir='ltr'><strong>itaque</strong></span> <span class='ocrx_word' id='word_1_47' title='bbox 1044 602 1194 666; x_wconf 90' lang='lat' dir='ltr'><strong>liquet</strong></span> <span class='ocrx_word' id='word_1_48' title='bbox 1225 621 1322 652; x_wconf 92' lang='lat' dir='ltr'><strong>non</strong></span> <span class='ocrx_word' id='word_1_49' title='bbox 1355 622 1605 670; x_wconf 86' lang='lat' dir='ltr'><strong>nunqnam</strong></span> <span class='ocrx_word' id='word_1_50' title='bbox 1634 623 1827 671; x_wconf 85' lang='lat' dir='ltr'><strong>poenam</strong></span> <span class='ocrx_word' id='word_1_51' title='bbox 1852 606 2199 654; x_wconf 85' lang='lat' dir='ltr'><strong>rationabiliter</strong></span> <span class='ocrx_word' id='word_1_52' title='bbox 2221 606 2403 669; x_wconf 86' lang='lat' dir='ltr'><strong>injungi</strong></span> 
     </span>
     <span class='ocr_line' id='line_1_6' title="bbox 262 680 2395 751; baseline 0.002 -24"><span class='ocrx_word' id='word_1_53' title='bbox 262 680 302 727; x_wconf 90' lang='lat' dir='ltr'><strong>ei</strong></span> <span class='ocrx_word' id='word_1_54' title='bbox 338 681 386 727; x_wconf 89' lang='lat' dir='ltr'><strong>in</strong></span> <span class='ocrx_word' id='word_1_55' title='bbox 421 697 519 745; x_wconf 91' lang='lat' dir='ltr'><strong>quo</strong></span> <span class='ocrx_word' id='word_1_56' title='bbox 556 681 687 729; x_wconf 89' lang='lat' dir='ltr'><strong>nulla</strong></span> <span class='ocrx_word' id='word_1_57' title='bbox 716 682 858 746; x_wconf 90' lang='lat' dir='ltr'><strong>culpa</strong></span> <span class='ocrx_word' id='word_1_58' title='bbox 886 683 1141 746; x_wconf 77' lang='lat' dir='ltr'><strong>praecessit.</strong></span> <span class='ocrx_word' id='word_1_59' title='bbox 1168 685 1296 742; x_wconf 87' lang='lat' dir='ltr'><strong>Quid</strong></span> <span class='ocrx_word' id='word_1_60' title='bbox 1332 685 1474 749; x_wconf 87' lang='lat' dir='ltr'><strong>igitur</strong></span> <span class='ocrx_word' id='word_1_61' title='bbox 1506 687 1697 747; x_wconf 86' lang='lat' dir='ltr'><strong>mirum,</strong></span> <span class='ocrx_word' id='word_1_62' title='bbox 1730 687 1768 733; x_wconf 92' lang='lat' dir='ltr'><strong>si</strong></span> <span class='ocrx_word' id='word_1_63' title='bbox 1800 685 1883 733; x_wconf 86' lang='lat' dir='ltr'><strong>ubi</strong></span> <span class='ocrx_word' id='word_1_64' title='bbox 1911 686 2054 751; x_wconf 90' lang='lat' dir='ltr'><strong>culpa</strong></span> <span class='ocrx_word' id='word_1_65' title='bbox 2085 687 2395 750; x_wconf 85' lang='lat' dir='ltr'><strong>praecesserit,</strong></span> 
     </span>
     <span class='ocr_line' id='line_1_7' title="bbox 263 760 2405 831; baseline 0.002 -24"><span class='ocrx_word' id='word_1_66' title='bbox 263 761 482 826; x_wconf 88' lang='lat' dir='ltr'><strong>operatio</strong></span> <span class='ocrx_word' id='word_1_67' title='bbox 506 760 760 809; x_wconf 89' lang='lat' dir='ltr'><strong>subsecuta</strong></span> <span class='ocrx_word' id='word_1_68' title='bbox 792 778 982 827; x_wconf 85' lang='lat' dir='ltr'><strong>poenam</strong></span> <span class='ocrx_word' id='word_1_69' title='bbox 1014 773 1186 827; x_wconf 87' lang='lat' dir='ltr'><strong>augeat</strong></span> <span class='ocrx_word' id='word_1_70' title='bbox 1217 765 1346 830; x_wconf 90' lang='lat' dir='ltr'><strong>apud</strong></span> <span class='ocrx_word' id='word_1_71' title='bbox 1379 766 1602 814; x_wconf 89' lang='lat' dir='ltr'><strong>homines</strong></span> <span class='ocrx_word' id='word_1_72' title='bbox 1631 767 1678 813; x_wconf 89' lang='lat' dir='ltr'><strong>in</strong></span> <span class='ocrx_word' id='word_1_73' title='bbox 1703 766 1795 813; x_wconf 88' lang='lat' dir='ltr'><strong>hac</strong></span> <span class='ocrx_word' id='word_1_74' title='bbox 1818 767 1912 814; x_wconf 88' lang='lat' dir='ltr'><strong>vita</strong></span> <span class='ocrx_word' id='word_1_75' title='bbox 1929 804 1941 827; x_wconf 89' lang='lat'><strong>‚</strong></span> <span class='ocrx_word' id='word_1_76' title='bbox 1969 783 2069 813; x_wconf 87' lang='lat' dir='ltr'><strong>non</strong></span> <span class='ocrx_word' id='word_1_77' title='bbox 2099 766 2228 831; x_wconf 91' lang='lat' dir='ltr'><strong>apud</strong></span> <span class='ocrx_word' id='word_1_78' title='bbox 2249 769 2405 813; x_wconf 84' lang='lat' dir='ltr'><strong>Deum</strong></span> 
     </span>
     <span class='ocr_line' id='line_1_8' title="bbox 263 840 2406 910; baseline 0.003 -24"><span class='ocrx_word' id='word_1_79' title='bbox 263 840 311 886; x_wconf 91' lang='lat' dir='ltr'><strong>in</strong></span> <span class='ocrx_word' id='word_1_80' title='bbox 346 840 538 889; x_wconf 80' lang='lat' dir='ltr'><strong>futura?</strong></span> <span class='ocrx_word' id='word_1_81' title='bbox 564 843 669 888; x_wconf 92' lang='lat' dir='ltr'><strong>Non</strong></span> <span class='ocrx_word' id='word_1_82' title='bbox 696 842 825 890; x_wconf 89' lang='lat' dir='ltr'><strong>enim</strong></span> <span class='ocrx_word' id='word_1_83' title='bbox 854 842 1077 890; x_wconf 87' lang='lat' dir='ltr'><strong>homines</strong></span> <span class='ocrx_word' id='word_1_84' title='bbox 1101 843 1162 890; x_wconf 92' lang='lat' dir='ltr'><strong>de</strong></span> <span class='ocrx_word' id='word_1_85' title='bbox 1195 845 1412 905; x_wconf 87' lang='lat' dir='ltr'><strong>occultis,</strong></span> <span class='ocrx_word' id='word_1_86' title='bbox 1444 846 1527 893; x_wconf 91' lang='lat' dir='ltr'><strong>sed</strong></span> <span class='ocrx_word' id='word_1_87' title='bbox 1553 846 1613 893; x_wconf 90' lang='lat' dir='ltr'><strong>de</strong></span> <span class='ocrx_word' id='word_1_88' title='bbox 1638 846 1899 894; x_wconf 84' lang='lat' dir='ltr'><strong>manifestis</strong></span> <span class='ocrx_word' id='word_1_89' title='bbox 1923 846 2158 910; x_wconf 86' lang='lat' dir='ltr'><strong>judicant,</strong></span> <span class='ocrx_word' id='word_1_90' title='bbox 2196 862 2286 893; x_wconf 91' lang='lat' dir='ltr'><strong>nec</strong></span> <span class='ocrx_word' id='word_1_91' title='bbox 2308 856 2406 893; x_wconf 90' lang='lat' dir='ltr'><strong>tam</strong></span> 
     </span>
     <span class='ocr_line' id='line_1_9' title="bbox 263 920 2406 990; baseline 0.002 -23"><span class='ocrx_word' id='word_1_92' title='bbox 263 920 414 986; x_wconf 86' lang='lat' dir='ltr'><strong>culpae</strong></span> <span class='ocrx_word' id='word_1_93' title='bbox 429 931 631 983; x_wconf 87' lang='lat' dir='ltr'><strong>reatum,</strong></span> <span class='ocrx_word' id='word_1_94' title='bbox 653 938 800 986; x_wconf 88' lang='lat' dir='ltr'><strong>quam</strong></span> <span class='ocrx_word' id='word_1_95' title='bbox 815 923 974 988; x_wconf 91' lang='lat' dir='ltr'><strong>operis</strong></span> <span class='ocrx_word' id='word_1_96' title='bbox 998 933 1201 988; x_wconf 86' lang='lat' dir='ltr'><strong>pensant</strong></span> <span class='ocrx_word' id='word_1_97' title='bbox 1221 923 1462 972; x_wconf 85' lang='lat' dir='ltr'><strong>effectum.</strong></span> <span class='ocrx_word' id='word_1_98' title='bbox 1487 929 1615 973; x_wconf 84' lang='lat' dir='ltr'><strong>Deus</strong></span> <span class='ocrx_word' id='word_1_99' title='bbox 1637 943 1751 974; x_wconf 90' lang='lat' dir='ltr'><strong>vero</strong></span> <span class='ocrx_word' id='word_1_100' title='bbox 1777 926 1907 974; x_wconf 92' lang='lat' dir='ltr'><strong>solus</strong></span> <span class='ocrx_word' id='word_1_101' title='bbox 1937 927 2020 990; x_wconf 91' lang='lat' dir='ltr'><strong>qui</strong></span> <span class='ocrx_word' id='word_1_102' title='bbox 2051 943 2150 974; x_wconf 90' lang='lat' dir='ltr'><strong>non</strong></span> <span class='ocrx_word' id='word_1_103' title='bbox 2182 935 2280 973; x_wconf 87' lang='lat' dir='ltr'><strong>tam</strong></span> <span class='ocrx_word' id='word_1_104' title='bbox 2303 942 2406 989; x_wconf 85' lang='lat' dir='ltr'><strong>quae</strong></span> 
     </span>
     <span class='ocr_line' id='line_1_10' title="bbox 264 1002 2407 1067; baseline 0.002 -20"><span class='ocrx_word' id='word_1_105' title='bbox 264 1011 396 1060; x_wconf 92' lang='lat' dir='ltr'><strong>sunt,</strong></span> <span class='ocrx_word' id='word_1_106' title='bbox 436 1017 582 1065; x_wconf 89' lang='lat' dir='ltr'><strong>quam</strong></span> <span class='ocrx_word' id='word_1_107' title='bbox 613 1019 711 1067; x_wconf 92' lang='lat' dir='ltr'><strong>quo</strong></span> <span class='ocrx_word' id='word_1_108' title='bbox 747 1003 910 1051; x_wconf 90' lang='lat' dir='ltr'><strong>animo</strong></span> <span class='ocrx_word' id='word_1_109' title='bbox 948 1002 1092 1062; x_wconf 75' lang='lat' dir='ltr'><strong>fiant,</strong></span> <span class='ocrx_word' id='word_1_110' title='bbox 1122 1003 1351 1064; x_wconf 86' lang='lat' dir='ltr'><strong>attendit,</strong></span> <span class='ocrx_word' id='word_1_111' title='bbox 1379 1007 1609 1054; x_wconf 88' lang='lat' dir='ltr'><strong>veraciter</strong></span> <span class='ocrx_word' id='word_1_112' title='bbox 1645 1008 1693 1054; x_wconf 91' lang='lat' dir='ltr'><strong>in</strong></span> <span class='ocrx_word' id='word_1_113' title='bbox 1725 1007 1994 1054; x_wconf 89' lang='lat' dir='ltr'><strong>intentione</strong></span> <span class='ocrx_word' id='word_1_114' title='bbox 2028 1016 2188 1054; x_wconf 90' lang='lat' dir='ltr'><strong>nostra</strong></span> <span class='ocrx_word' id='word_1_115' title='bbox 2223 1015 2407 1053; x_wconf 89' lang='lat' dir='ltr'><strong>reatum</strong></span> 
     </span>
     <span class='ocr_line' id='line_1_11' title="bbox 266 1084 2405 1153; baseline 0 -24"><span class='ocrx_word' id='word_1_116' title='bbox 266 1092 450 1147; x_wconf 88' lang='lat' dir='ltr'><strong>pensat,</strong></span> <span class='ocrx_word' id='word_1_117' title='bbox 469 1092 517 1130; x_wconf 87' lang='lat' dir='ltr'><strong>et</strong></span> <span class='ocrx_word' id='word_1_118' title='bbox 540 1100 655 1131; x_wconf 89' lang='lat' dir='ltr'><strong>vero</strong></span> <span class='ocrx_word' id='word_1_119' title='bbox 672 1084 859 1147; x_wconf 87' lang='lat' dir='ltr'><strong>judicio</strong></span> <span class='ocrx_word' id='word_1_120' title='bbox 881 1085 1075 1151; x_wconf 90' lang='lat' dir='ltr'><strong>culpam</strong></span> <span class='ocrx_word' id='word_1_121' title='bbox 1096 1085 1336 1133; x_wconf 82' lang='lat' dir='ltr'><strong>examinat</strong></span> <span class='ocrx_word' id='word_1_122' title='bbox 1364 1105 1374 1132; x_wconf 74' lang='grc' dir='ltr'><strong><em>ι</em></strong></span> <span class='ocrx_word' id='word_1_123' title='bbox 1404 1087 1533 1134; x_wconf 90' lang='lat' dir='ltr'><strong>unde</strong></span> <span class='ocrx_word' id='word_1_124' title='bbox 1555 1097 1603 1135; x_wconf 90' lang='lat' dir='ltr'><strong>et</strong></span> <span class='ocrx_word' id='word_1_125' title='bbox 1629 1108 1651 1132; x_wconf 69' lang='grc' dir='ltr'><strong>(ι</strong></span> <span class='ocrx_word' id='word_1_126' title='bbox 1674 1087 1905 1153; x_wconf 87' lang='lat' dir='ltr'><strong>probator</strong></span> <span class='ocrx_word' id='word_1_127' title='bbox 1929 1087 2090 1135; x_wconf 89' lang='lat' dir='ltr'><strong>cordis</strong></span> <span class='ocrx_word' id='word_1_128' title='bbox 2108 1097 2155 1134; x_wconf 91' lang='lat' dir='ltr'><strong>et</strong></span> <span class='ocrx_word' id='word_1_129' title='bbox 2179 1089 2405 1134; x_wconf 86' lang='lat' dir='ltr'><strong>renum¹»</strong></span> 
     </span>
     <span class='ocr_line' id='line_1_12' title="bbox 265 1163 2408 1231; baseline 0.002 -21"><span class='ocrx_word' id='word_1_130' title='bbox 265 1163 457 1223; x_wconf 88' lang='lat' dir='ltr'><strong>dicitur,</strong></span> <span class='ocrx_word' id='word_1_131' title='bbox 484 1173 532 1211; x_wconf 89' lang='lat' dir='ltr'><strong>et</strong></span> <span class='ocrx_word' id='word_1_132' title='bbox 555 1165 606 1212; x_wconf 91' lang='lat' dir='ltr'><strong>in</strong></span> <span class='ocrx_word' id='word_1_133' title='bbox 637 1165 922 1212; x_wconf 76' lang='lat' dir='ltr'><strong>abscondito</strong></span> <span class='ocrx_word' id='word_1_134' title='bbox 950 1165 1111 1214; x_wconf 85' lang='lat' dir='ltr'><strong>videre</strong></span> <span class='ocrx_word' id='word_1_135' title='bbox 1125 1169 1154 1213; x_wconf 77' lang='lat'><strong>².</strong></span> <span class='ocrx_word' id='word_1_136' title='bbox 1183 1166 1255 1214; x_wconf 86' lang='lat' dir='ltr'><strong>lbi</strong></span> <span class='ocrx_word' id='word_1_137' title='bbox 1285 1168 1414 1214; x_wconf 89' lang='lat' dir='ltr'><strong>enim</strong></span> <span class='ocrx_word' id='word_1_138' title='bbox 1445 1169 1649 1215; x_wconf 86' lang='lat' dir='ltr'><strong>maxime</strong></span> <span class='ocrx_word' id='word_1_139' title='bbox 1675 1168 1807 1216; x_wconf 90' lang='lat' dir='ltr'><strong>videt</strong></span> <span class='ocrx_word' id='word_1_140' title='bbox 1830 1168 1914 1215; x_wconf 86' lang='lat' dir='ltr'><strong>ubi</strong></span> <span class='ocrx_word' id='word_1_141' title='bbox 1938 1184 2082 1216; x_wconf 89' lang='lat' dir='ltr'><strong>nemo</strong></span> <span class='ocrx_word' id='word_1_142' title='bbox 2101 1167 2232 1214; x_wconf 92' lang='lat' dir='ltr'><strong>videt</strong></span> <span class='ocrx_word' id='word_1_143' title='bbox 2259 1186 2269 1213; x_wconf 88' lang='lat'>:</span> <span class='ocrx_word' id='word_1_144' title='bbox 2297 1168 2408 1231; x_wconf 92' lang='lat' dir='ltr'><strong>quia</strong></span> 
     </span>
     <span class='ocr_line' id='line_1_13' title="bbox 265 1245 2408 1312; baseline 0.002 -21"><span class='ocrx_word' id='word_1_145' title='bbox 265 1246 314 1291; x_wconf 90' lang='lat' dir='ltr'><strong>in</strong></span> <span class='ocrx_word' id='word_1_146' title='bbox 338 1245 588 1310; x_wconf 85' lang='lat' dir='ltr'><strong>puniendo</strong></span> <span class='ocrx_word' id='word_1_147' title='bbox 611 1256 886 1310; x_wconf 90' lang='lat' dir='ltr'><strong>peccatum,</strong></span> <span class='ocrx_word' id='word_1_148' title='bbox 916 1263 1015 1293; x_wconf 89' lang='lat' dir='ltr'><strong>non</strong></span> <span class='ocrx_word' id='word_1_149' title='bbox 1050 1263 1173 1312; x_wconf 89' lang='lat' dir='ltr'><strong>opus</strong></span> <span class='ocrx_word' id='word_1_150' title='bbox 1196 1247 1432 1306; x_wconf 85' lang='lat' dir='ltr'><strong>adtendit,</strong></span> <span class='ocrx_word' id='word_1_151' title='bbox 1458 1249 1542 1296; x_wconf 85' lang='lat' dir='ltr'><strong>sed</strong></span> <span class='ocrx_word' id='word_1_152' title='bbox 1577 1250 1823 1307; x_wconf 72' lang='lat' dir='ltr'><strong>animum,</strong></span> <span class='ocrx_word' id='word_1_153' title='bbox 1850 1250 1972 1296; x_wconf 92' lang='lat' dir='ltr'><strong>sicut</strong></span> <span class='ocrx_word' id='word_1_154' title='bbox 2000 1265 2091 1296; x_wconf 93' lang='lat' dir='ltr'><strong>nos</strong></span> <span class='ocrx_word' id='word_1_155' title='bbox 2124 1265 2151 1295; x_wconf 90' lang='lat' dir='ltr'><strong>e</strong></span> <span class='ocrx_word' id='word_1_156' title='bbox 2173 1264 2408 1295; x_wconf 86' lang='lat' dir='ltr'><strong>converso</strong></span> 
     </span>
     <span class='ocr_line' id='line_1_14' title="bbox 267 1326 2410 1393; baseline 0.001 -21"><span class='ocrx_word' id='word_1_157' title='bbox 267 1342 365 1372; x_wconf 90' lang='lat' dir='ltr'><strong>non</strong></span> <span class='ocrx_word' id='word_1_158' title='bbox 403 1326 619 1372; x_wconf 91' lang='lat' dir='ltr'><strong>animum</strong></span> <span class='ocrx_word' id='word_1_159' title='bbox 641 1343 797 1390; x_wconf 53' lang='lat' dir='ltr'><strong>⁴quem</strong></span> <span class='ocrx_word' id='word_1_160' title='bbox 838 1343 937 1374; x_wconf 88' lang='lat' dir='ltr'><strong>non</strong></span> <span class='ocrx_word' id='word_1_161' title='bbox 981 1327 1223 1387; x_wconf 90' lang='lat' dir='ltr'><strong>videmus,</strong></span> <span class='ocrx_word' id='word_1_162' title='bbox 1262 1328 1346 1375; x_wconf 90' lang='lat' dir='ltr'><strong>sed</strong></span> <span class='ocrx_word' id='word_1_163' title='bbox 1382 1345 1505 1393; x_wconf 91' lang='lat' dir='ltr'><strong>opus</strong></span> <span class='ocrx_word' id='word_1_164' title='bbox 1543 1329 1677 1393; x_wconf 91' lang='lat' dir='ltr'><strong>quod</strong></span> <span class='ocrx_word' id='word_1_165' title='bbox 1719 1330 1960 1377; x_wconf 88' lang='lat' dir='ltr'><strong>novimus.</strong></span> <span class='ocrx_word' id='word_1_166' title='bbox 2004 1328 2140 1376; x_wconf 90' lang='lat' dir='ltr'><strong>Unde</strong></span> <span class='ocrx_word' id='word_1_167' title='bbox 2171 1345 2294 1393; x_wconf 87' lang='lat' dir='ltr'><strong>saepe</strong></span> <span class='ocrx_word' id='word_1_168' title='bbox 2325 1346 2410 1393; x_wconf 91' lang='lat' dir='ltr'><strong>per</strong></span> 
     </span>
     <span class='ocr_line' id='line_1_15' title="bbox 265 1406 2411 1474; baseline 0.001 -21"><span class='ocrx_word' id='word_1_169' title='bbox 265 1423 496 1467; x_wconf 85' lang='lat' dir='ltr'><strong>errorem,</strong></span> <span class='ocrx_word' id='word_1_170' title='bbox 522 1406 596 1454; x_wconf 89' lang='lat' dir='ltr'><strong>vel</strong></span> <span class='ocrx_word' id='word_1_171' title='bbox 616 1423 702 1471; x_wconf 89' lang='lat' dir='ltr'><strong>per</strong></span> <span class='ocrx_word' id='word_1_172' title='bbox 727 1408 856 1470; x_wconf 85' lang='lat' dir='ltr'><strong>legis,</strong></span> <span class='ocrx_word' id='word_1_173' title='bbox 881 1417 932 1454; x_wconf 91' lang='lat' dir='ltr'><strong>ut</strong></span> <span class='ocrx_word' id='word_1_174' title='bbox 955 1408 1181 1467; x_wconf 88' lang='lat' dir='ltr'><strong>diximus,</strong></span> <span class='ocrx_word' id='word_1_175' title='bbox 1208 1408 1528 1467; x_wconf 86' lang='lat' dir='ltr'><strong>coactionem,</strong></span> <span class='ocrx_word' id='word_1_176' title='bbox 1553 1411 1835 1457; x_wconf 89' lang='lat' dir='ltr'><strong>innocentes</strong></span> <span class='ocrx_word' id='word_1_177' title='bbox 1861 1410 2107 1474; x_wconf 88' lang='lat' dir='ltr'><strong>punimus,</strong></span> <span class='ocrx_word' id='word_1_178' title='bbox 2133 1409 2210 1457; x_wconf 91' lang='lat' dir='ltr'><strong>vel</strong></span> <span class='ocrx_word' id='word_1_179' title='bbox 2240 1409 2411 1456; x_wconf 87' lang='lat' dir='ltr'><strong>noxios</strong></span> 
     </span>
     <span class='ocr_line' id='line_1_16' title="bbox 263 1486 2408 1553; baseline 0.001 -19"><span class='ocrx_word' id='word_1_180' title='bbox 263 1486 575 1535; x_wconf 88' lang='lat' dir='ltr'><strong>absolvimus.</strong></span> <span class='ocrx_word' id='word_1_181' title='bbox 619 1488 854 1535; x_wconf 88' lang='lat' dir='ltr'><strong>Probator</strong></span> <span class='ocrx_word' id='word_1_182' title='bbox 889 1488 1048 1535; x_wconf 89' lang='lat' dir='ltr'><strong>cordis</strong></span> <span class='ocrx_word' id='word_1_183' title='bbox 1089 1499 1135 1535; x_wconf 87' lang='lat' dir='ltr'><strong>et</strong></span> <span class='ocrx_word' id='word_1_184' title='bbox 1176 1504 1348 1535; x_wconf 89' lang='lat' dir='ltr'><strong>renum</strong></span> <span class='ocrx_word' id='word_1_185' title='bbox 1381 1488 1557 1536; x_wconf 85' lang='lat' dir='ltr'><strong>dicitur</strong></span> <span class='ocrx_word' id='word_1_186' title='bbox 1593 1493 1744 1547; x_wconf 80' lang='lat' dir='ltr'><strong>Deus3</strong></span> <span class='ocrx_word' id='word_1_187' title='bbox 1795 1490 1890 1537; x_wconf 88' lang='lat' dir='ltr'><strong>hoc</strong></span> <span class='ocrx_word' id='word_1_188' title='bbox 1933 1499 2032 1548; x_wconf 89' lang='lat' dir='ltr'><strong>est,</strong></span> <span class='ocrx_word' id='word_1_189' title='bbox 2079 1489 2408 1553; x_wconf 88' lang='lat' dir='ltr'><strong>quarumlibet</strong></span> 
     </span>
    </p>
   </div>
   <div class='ocr_carea' id='block_1_3' title="bbox 266 1568 2413 1712">
    <p class='ocr_par' dir='ltr' id='par_1_3' title="bbox 266 1568 2413 1712">
     <span class='ocr_line' id='line_1_17' title="bbox 266 1568 2413 1628; baseline 0.001 -14"><span class='ocrx_word' id='word_1_190' title='bbox 266 1568 590 1614; x_wconf 83' lang='lat' dir='ltr'><strong>intentionum</strong></span> <span class='ocrx_word' id='word_1_191' title='bbox 635 1585 692 1615; x_wconf 85' lang='lat' dir='ltr'><strong>ex</strong></span> <span class='ocrx_word' id='word_1_192' title='bbox 743 1569 996 1616; x_wconf 87' lang='lat' dir='ltr'><strong>affectione</strong></span> <span class='ocrx_word' id='word_1_193' title='bbox 1045 1570 1242 1627; x_wconf 85' lang='lat' dir='ltr'><strong>animae,</strong></span> <span class='ocrx_word' id='word_1_194' title='bbox 1291 1569 1365 1615; x_wconf 88' lang='lat' dir='ltr'><strong>vel</strong></span> <span class='ocrx_word' id='word_1_195' title='bbox 1412 1568 1713 1628; x_wconf 76' lang='lat' dir='ltr'><strong>infirmitate,</strong></span> <span class='ocrx_word' id='word_1_196' title='bbox 1756 1586 1838 1617; x_wconf 87' lang='lat' dir='ltr'><strong>seu</strong></span> <span class='ocrx_word' id='word_1_197' title='bbox 1888 1569 2206 1617; x_wconf 88' lang='lat' dir='ltr'><strong>delectatione</strong></span> <span class='ocrx_word' id='word_1_198' title='bbox 2256 1570 2413 1618; x_wconf 87' lang='lat' dir='ltr'><strong>carnis</strong></span> 
     </span>
     <span class='ocr_line' id='line_1_18' title="bbox 267 1649 668 1712; baseline 0.002 -18"><span class='ocrx_word' id='word_1_199' title='bbox 267 1649 668 1712; x_wconf 88' lang='lat' dir='ltr'><strong>provenientium.</strong></span> 
     </span>
    </p>
   </div>
   <div class='ocr_carea' id='block_1_4' title="bbox 1150 1780 1536 1840">
    <p class='ocr_par' dir='ltr' id='par_1_4' title="bbox 1150 1780 1536 1840">
     <span class='ocr_line' id='line_1_19' title="bbox 1150 1780 1536 1840; baseline -0.003 -1"><span class='ocrx_word' id='word_1_200' title='bbox 1150 1780 1394 1840; x_wconf 87' lang='lat' dir='ltr'><strong>CAPUT</strong></span> <span class='ocrx_word' id='word_1_201' title='bbox 1434 1781 1536 1839; x_wconf 89' lang='lat' dir='ltr'><strong>VI.</strong></span> 
     </span>
    </p>
   </div>
   <div class='ocr_carea' id='block_1_5' title="bbox 879 1921 1804 1975">
    <p class='ocr_par' dir='ltr' id='par_1_5' title="bbox 879 1921 1804 1975">
     <span class='ocr_line' id='line_1_20' title="bbox 879 1921 1804 1975; baseline -0.001 -13"><span class='ocrx_word' id='word_1_202' title='bbox 879 1927 936 1962; x_wconf 90' lang='lat' dir='ltr'><strong>De</strong></span> <span class='ocrx_word' id='word_1_203' title='bbox 972 1923 1137 1975; x_wconf 88' lang='lat' dir='ltr'><strong>peccatis</strong></span> <span class='ocrx_word' id='word_1_204' title='bbox 1171 1922 1437 1975; x_wconf 83' lang='lat' dir='ltr'><strong>spiritualibus</strong></span> <span class='ocrx_word' id='word_1_205' title='bbox 1472 1923 1534 1961; x_wconf 85' lang='lat' dir='ltr'><strong>vel</strong></span> <span class='ocrx_word' id='word_1_206' title='bbox 1569 1921 1804 1961; x_wconf 83' lang='lat' dir='ltr'><strong>carnalibus.</strong></span> 
     </span>
    </p>
   </div>
   <div class='ocr_carea' id='block_1_6' title="bbox 266 2045 2416 2757">
    <p class='ocr_par' dir='ltr' id='par_1_6' title="bbox 266 2045 2416 2757">
     <span class='ocr_line' id='line_1_21' title="bbox 332 2045 2416 2114; baseline -0.003 -16"><span class='ocrx_word' id='word_1_207' title='bbox 332 2053 454 2099; x_wconf 89' lang='lat' dir='ltr'><strong>Cum</strong></span> <span class='ocrx_word' id='word_1_208' title='bbox 476 2050 607 2098; x_wconf 88' lang='lat' dir='ltr'><strong>enim</strong></span> <span class='ocrx_word' id='word_1_209' title='bbox 627 2050 793 2097; x_wconf 90' lang='lat' dir='ltr'><strong>omnia</strong></span> <span class='ocrx_word' id='word_1_210' title='bbox 815 2059 1011 2114; x_wconf 91' lang='lat' dir='ltr'><strong>peccata</strong></span> <span class='ocrx_word' id='word_1_211' title='bbox 1035 2049 1129 2096; x_wconf 93' lang='lat' dir='ltr'><strong>sint</strong></span> <span class='ocrx_word' id='word_1_212' title='bbox 1151 2049 1323 2096; x_wconf 88' lang='lat' dir='ltr'><strong>animae</strong></span> <span class='ocrx_word' id='word_1_213' title='bbox 1346 2058 1550 2107; x_wconf 89' lang='lat' dir='ltr'><strong>tantum,</strong></span> <span class='ocrx_word' id='word_1_214' title='bbox 1578 2065 1678 2094; x_wconf 93' lang='lat' dir='ltr'><strong>non</strong></span> <span class='ocrx_word' id='word_1_215' title='bbox 1709 2048 1882 2102; x_wconf 90' lang='lat' dir='ltr'><strong>carnis,</strong></span> <span class='ocrx_word' id='word_1_216' title='bbox 1910 2046 1976 2093; x_wconf 90' lang='lat' dir='ltr'><strong>ibi</strong></span> <span class='ocrx_word' id='word_1_217' title='bbox 1999 2046 2180 2111; x_wconf 90' lang='lat' dir='ltr'><strong>quippe</strong></span> <span class='ocrx_word' id='word_1_218' title='bbox 2202 2045 2344 2110; x_wconf 91' lang='lat' dir='ltr'><strong>culpa</strong></span> <span class='ocrx_word' id='word_1_219' title='bbox 2369 2056 2416 2093; x_wconf 91' lang='lat' dir='ltr'><strong>et</strong></span> 
     </span>
     <span class='ocr_line' id='line_1_22' title="bbox 266 2125 2414 2196; baseline -0.003 -16"><span class='ocrx_word' id='word_1_220' title='bbox 266 2141 572 2196; x_wconf 90' lang='lat' dir='ltr'><strong>contemptus</strong></span> <span class='ocrx_word' id='word_1_221' title='bbox 605 2130 695 2187; x_wconf 89' lang='lat' dir='ltr'><strong>Dei</strong></span> <span class='ocrx_word' id='word_1_222' title='bbox 725 2146 826 2176; x_wconf 91' lang='lat' dir='ltr'><strong>esse</strong></span> <span class='ocrx_word' id='word_1_223' title='bbox 850 2138 1025 2194; x_wconf 90' lang='lat' dir='ltr'><strong>potest,</strong></span> <span class='ocrx_word' id='word_1_224' title='bbox 1055 2128 1136 2175; x_wconf 93' lang='lat' dir='ltr'><strong>ubi</strong></span> <span class='ocrx_word' id='word_1_225' title='bbox 1166 2129 1267 2191; x_wconf 88' lang='lat' dir='ltr'><strong>ejus</strong></span> <span class='ocrx_word' id='word_1_226' title='bbox 1298 2129 1469 2176; x_wconf 83' lang='lat' dir='ltr'><strong>notitia</strong></span> <span class='ocrx_word' id='word_1_227' title='bbox 1500 2139 1549 2176; x_wconf 92' lang='lat' dir='ltr'><strong>et</strong></span> <span class='ocrx_word' id='word_1_228' title='bbox 1571 2129 1691 2176; x_wconf 88' lang='lat' dir='ltr'><strong>ratio</strong></span> <span class='ocrx_word' id='word_1_229' title='bbox 1723 2128 1982 2175; x_wconf 86' lang='lat' dir='ltr'><strong>consistere</strong></span> <span class='ocrx_word' id='word_1_230' title='bbox 2004 2125 2168 2185; x_wconf 90' lang='lat' dir='ltr'><strong>habet,</strong></span> <span class='ocrx_word' id='word_1_231' title='bbox 2195 2125 2414 2189; x_wconf 85' lang='lat' dir='ltr'><strong>quaedam</strong></span> 
     </span>
     <span class='ocr_line' id='line_1_23' title="bbox 269 2206 2415 2276; baseline -0.003 -16"><span class='ocrx_word' id='word_1_232' title='bbox 269 2212 428 2261; x_wconf 85' lang='lat' dir='ltr'><strong>tamen</strong></span> <span class='ocrx_word' id='word_1_233' title='bbox 466 2220 659 2276; x_wconf 90' lang='lat' dir='ltr'><strong>peccata</strong></span> <span class='ocrx_word' id='word_1_234' title='bbox 713 2209 1002 2275; x_wconf 88' lang='lat' dir='ltr'><strong>spiritualia,</strong></span> <span class='ocrx_word' id='word_1_235' title='bbox 1044 2209 1265 2273; x_wconf 87' lang='lat' dir='ltr'><strong>quaedam</strong></span> <span class='ocrx_word' id='word_1_236' title='bbox 1301 2209 1510 2256; x_wconf 91' lang='lat' dir='ltr'><strong>carnalia</strong></span> <span class='ocrx_word' id='word_1_237' title='bbox 1549 2208 1791 2268; x_wconf 89' lang='lat' dir='ltr'><strong>dicuntur,</strong></span> <span class='ocrx_word' id='word_1_238' title='bbox 1833 2207 1929 2254; x_wconf 92' lang='lat' dir='ltr'><strong>hoc</strong></span> <span class='ocrx_word' id='word_1_239' title='bbox 1967 2217 2065 2266; x_wconf 89' lang='lat' dir='ltr'><strong>est,</strong></span> <span class='ocrx_word' id='word_1_240' title='bbox 2101 2206 2321 2271; x_wconf 81' lang='lat' dir='ltr'><strong>quaedam</strong></span> <span class='ocrx_word' id='word_1_241' title='bbox 2357 2224 2415 2254; x_wconf 88' lang='lat' dir='ltr'><strong>ex</strong></span> 
     </span>
     <span class='ocr_line' id='line_1_24' title="bbox 268 2289 2415 2355; baseline -0.003 -15"><span class='ocrx_word' id='word_1_242' title='bbox 268 2293 393 2341; x_wconf 91' lang='lat' dir='ltr'><strong>vitiis</strong></span> <span class='ocrx_word' id='word_1_243' title='bbox 421 2292 616 2351; x_wconf 89' lang='lat' dir='ltr'><strong>animae,</strong></span> <span class='ocrx_word' id='word_1_244' title='bbox 654 2289 875 2355; x_wconf 84' lang='lat' dir='ltr'><strong>quaedam</strong></span> <span class='ocrx_word' id='word_1_245' title='bbox 906 2307 963 2337; x_wconf 84' lang='lat' dir='ltr'><strong>ex</strong></span> <span class='ocrx_word' id='word_1_246' title='bbox 997 2289 1272 2337; x_wconf 88' lang='lat' dir='ltr'><strong>infirmitate</strong></span> <span class='ocrx_word' id='word_1_247' title='bbox 1310 2290 1467 2337; x_wconf 90' lang='lat' dir='ltr'><strong>carnis</strong></span> <span class='ocrx_word' id='word_1_248' title='bbox 1501 2289 1847 2354; x_wconf 89' lang='lat' dir='ltr'><strong>provenientia.</strong></span> <span class='ocrx_word' id='word_1_249' title='bbox 1891 2291 1948 2334; x_wconf 93' lang='lat' dir='ltr'><strong>Et</strong></span> <span class='ocrx_word' id='word_1_250' title='bbox 1980 2289 2200 2352; x_wconf 89' lang='lat' dir='ltr'><strong>quamvis</strong></span> <span class='ocrx_word' id='word_1_251' title='bbox 2235 2304 2415 2335; x_wconf 92' lang='lat' dir='ltr'><strong>concu-</strong></span> 
     </span>
     <span class='ocr_line' id='line_1_25' title="bbox 270 2368 2416 2439; baseline -0.003 -18"><span class='ocrx_word' id='word_1_252' title='bbox 270 2373 501 2439; x_wconf 88' lang='lat' dir='ltr'><strong>piscentia</strong></span> <span class='ocrx_word' id='word_1_253' title='bbox 523 2371 670 2419; x_wconf 90' lang='lat' dir='ltr'><strong>solius</strong></span> <span class='ocrx_word' id='word_1_254' title='bbox 696 2372 754 2418; x_wconf 88' lang='lat' dir='ltr'><strong>sit</strong></span> <span class='ocrx_word' id='word_1_255' title='bbox 783 2371 970 2429; x_wconf 88' lang='lat' dir='ltr'><strong>animae,</strong></span> <span class='ocrx_word' id='word_1_256' title='bbox 1000 2371 1121 2418; x_wconf 91' lang='lat' dir='ltr'><strong>sicut</strong></span> <span class='ocrx_word' id='word_1_257' title='bbox 1142 2380 1190 2418; x_wconf 88' lang='lat' dir='ltr'><strong>et</strong></span> <span class='ocrx_word' id='word_1_258' title='bbox 1218 2370 1458 2429; x_wconf 90' lang='lat' dir='ltr'><strong>voluntas,</strong></span> <span class='ocrx_word' id='word_1_259' title='bbox 1486 2387 1586 2416; x_wconf 89' lang='lat' dir='ltr'><strong>non</strong></span> <span class='ocrx_word' id='word_1_260' title='bbox 1618 2370 1747 2416; x_wconf 88' lang='lat' dir='ltr'><strong>enim</strong></span> <span class='ocrx_word' id='word_1_261' title='bbox 1770 2369 2110 2434; x_wconf 89' lang='lat' dir='ltr'><strong>concupiscere</strong></span> <span class='ocrx_word' id='word_1_262' title='bbox 2132 2368 2208 2415; x_wconf 90' lang='lat' dir='ltr'><strong>vel</strong></span> <span class='ocrx_word' id='word_1_263' title='bbox 2231 2368 2416 2415; x_wconf 90' lang='lat' dir='ltr'><strong>deside-</strong></span> 
     </span>
     <span class='ocr_line' id='line_1_26' title="bbox 269 2447 2416 2516; baseline -0.003 -18"><span class='ocrx_word' id='word_1_264' title='bbox 269 2467 375 2516; x_wconf 88' lang='lat' dir='ltr'><strong>rare</strong></span> <span class='ocrx_word' id='word_1_265' title='bbox 413 2449 594 2514; x_wconf 92' lang='lat' dir='ltr'><strong>aliquid</strong></span> <span class='ocrx_word' id='word_1_266' title='bbox 646 2450 735 2496; x_wconf 91' lang='lat' dir='ltr'><strong>nisi</strong></span> <span class='ocrx_word' id='word_1_267' title='bbox 777 2448 986 2496; x_wconf 89' lang='lat' dir='ltr'><strong>volendo</strong></span> <span class='ocrx_word' id='word_1_268' title='bbox 1024 2465 1303 2514; x_wconf 81' lang='lat' dir='ltr'><strong>possumuS,</strong></span> <span class='ocrx_word' id='word_1_269' title='bbox 1350 2448 1740 2512; x_wconf 89' lang='lat' dir='ltr'><strong>concupiscentia</strong></span> <span class='ocrx_word' id='word_1_270' title='bbox 1784 2456 1944 2494; x_wconf 84' lang='lat' dir='ltr'><strong>tamen</strong></span> <span class='ocrx_word' id='word_1_271' title='bbox 1983 2447 2166 2507; x_wconf 87' lang='lat' dir='ltr'><strong>carnis,</strong></span> <span class='ocrx_word' id='word_1_272' title='bbox 2207 2447 2327 2493; x_wconf 90' lang='lat' dir='ltr'><strong>sicut</strong></span> <span class='ocrx_word' id='word_1_273' title='bbox 2369 2457 2416 2492; x_wconf 90' lang='lat' dir='ltr'><strong>et</strong></span> 
     </span>
     <span class='ocr_line' id='line_1_27' title="bbox 268 2525 2415 2596; baseline -0.003 -18"><span class='ocrx_word' id='word_1_274' title='bbox 268 2525 659 2596; x_wconf 84' lang='lat' dir='ltr'><strong>concupiscentia</strong></span> <span class='ocrx_word' id='word_1_275' title='bbox 681 2530 874 2596; x_wconf 88' lang='lat' dir='ltr'><strong>spiritus</strong></span> <span class='ocrx_word' id='word_1_276' title='bbox 897 2529 1073 2577; x_wconf 87' lang='lat' dir='ltr'><strong>dicitur</strong></span> <span class='ocrx_word' id='word_1_277' title='bbox 1100 2547 1109 2575; x_wconf 76' lang='grc' dir='ltr'>ε</span> <span class='ocrx_word' id='word_1_278' title='bbox 1138 2532 1261 2575; x_wconf 90' lang='lat' dir='ltr'><strong>Caro</strong></span> <span class='ocrx_word' id='word_1_279' title='bbox 1284 2529 1433 2583; x_wconf 90' lang='lat' dir='ltr'><strong>enim,</strong></span> <span class='ocrx_word' id='word_1_280' title='bbox 1460 2529 1526 2575; x_wconf 90' lang='lat' dir='ltr'><strong>ait</strong></span> <span class='ocrx_word' id='word_1_281' title='bbox 1548 2527 1839 2593; x_wconf 67' lang='lat' dir='ltr'><strong>Apostolus2,</strong></span> <span class='ocrx_word' id='word_1_282' title='bbox 1867 2527 2166 2592; x_wconf 87' lang='lat' dir='ltr'><strong>concupiscit</strong></span> <span class='ocrx_word' id='word_1_283' title='bbox 2189 2526 2415 2573; x_wconf 91' lang='lat' dir='ltr'><strong>adversus</strong></span> 
     </span>
     <span class='ocr_line' id='line_1_28' title="bbox 271 2606 2415 2676; baseline -0.002 -19"><span class='ocrx_word' id='word_1_284' title='bbox 271 2611 500 2676; x_wconf 87' lang='lat' dir='ltr'><strong>Spiritum</strong></span> <span class='ocrx_word' id='word_1_285' title='bbox 526 2620 569 2658; x_wconf 86' lang='lat' dir='ltr'><strong>et</strong></span> <span class='ocrx_word' id='word_1_286' title='bbox 599 2611 800 2675; x_wconf 88' lang='lat' dir='ltr'><strong>Spiritus</strong></span> <span class='ocrx_word' id='word_1_287' title='bbox 825 2609 1054 2657; x_wconf 90' lang='lat' dir='ltr'><strong>adversus</strong></span> <span class='ocrx_word' id='word_1_288' title='bbox 1080 2625 1305 2669; x_wconf 89' lang='lat' dir='ltr'><strong>carnem;</strong></span> <span class='ocrx_word' id='word_1_289' title='bbox 1335 2608 1431 2655; x_wconf 93' lang='lat' dir='ltr'><strong>hoc</strong></span> <span class='ocrx_word' id='word_1_290' title='bbox 1464 2618 1553 2669; x_wconf 91' lang='lat' dir='ltr'><strong>est,</strong></span> <span class='ocrx_word' id='word_1_291' title='bbox 1605 2625 1661 2655; x_wconf 87' lang='lat' dir='ltr'><strong>ex</strong></span> <span class='ocrx_word' id='word_1_292' title='bbox 1685 2608 2000 2655; x_wconf 88' lang='lat' dir='ltr'><strong>delectatione</strong></span> <span class='ocrx_word' id='word_1_293' title='bbox 2030 2624 2176 2671; x_wconf 91' lang='lat' dir='ltr'><strong>quam</strong></span> <span class='ocrx_word' id='word_1_294' title='bbox 2199 2606 2344 2654; x_wconf 87' lang='lat' dir='ltr'><strong>habet</strong></span> <span class='ocrx_word' id='word_1_295' title='bbox 2366 2607 2415 2653; x_wconf 92' lang='lat' dir='ltr'><strong>in</strong></span> 
     </span>
     <span class='ocr_line' id='line_1_29' title="bbox 270 2686 2412 2757; baseline -0.002 -19"><span class='ocrx_word' id='word_1_296' title='bbox 270 2709 432 2751; x_wconf 89' lang='lat' dir='ltr'><strong>carne,</strong></span> <span class='ocrx_word' id='word_1_297' title='bbox 455 2692 674 2756; x_wconf 82' lang='lat' dir='ltr'><strong>quaedam</strong></span> <span class='ocrx_word' id='word_1_298' title='bbox 691 2692 890 2757; x_wconf 89' lang='lat' dir='ltr'><strong>appetit,</strong></span> <span class='ocrx_word' id='word_1_299' title='bbox 909 2707 1014 2755; x_wconf 86' lang='lat' dir='ltr'><strong>quae</strong></span> <span class='ocrx_word' id='word_1_300' title='bbox 1033 2700 1191 2738; x_wconf 86' lang='lat' dir='ltr'><strong>tamen</strong></span> <span class='ocrx_word' id='word_1_301' title='bbox 1205 2689 1389 2752; x_wconf 89' lang='lat' dir='ltr'><strong>judicio</strong></span> <span class='ocrx_word' id='word_1_302' title='bbox 1409 2689 1606 2755; x_wconf 89' lang='lat' dir='ltr'><strong>rationis</strong></span> <span class='ocrx_word' id='word_1_303' title='bbox 1629 2688 1818 2750; x_wconf 87' lang='lat' dir='ltr'><strong>refugit,</strong></span> <span class='ocrx_word' id='word_1_304' title='bbox 1848 2687 1920 2735; x_wconf 88' lang='lat' dir='ltr'><strong>vel</strong></span> <span class='ocrx_word' id='word_1_305' title='bbox 1941 2686 2213 2752; x_wconf 88' lang='lat' dir='ltr'><strong>appetenda</strong></span> <span class='ocrx_word' id='word_1_306' title='bbox 2235 2696 2412 2734; x_wconf 88' lang='lat' dir='ltr'><strong>censet.</strong></span> 
     </span>
    </p>
   </div>
   <div class='ocr_carea' id='block_1_7' title="bbox 272 2879 2415 3003">
    <p class='ocr_par' dir='ltr' id='par_1_7' title="bbox 272 2879 2415 3003">
     <span class='ocr_line' id='line_1_30' title="bbox 315 2879 2415 2940; baseline -0.002 -9"><span class='ocrx_word' id='word_1_307' title='bbox 315 2901 322 2919; x_wconf 88' lang='lat'><strong>¹</strong></span> <span class='ocrx_word' id='word_1_308' title='bbox 346 2898 519 2931; x_wconf 77' lang='lat' dir='ltr'><strong>Probator</strong></span> <span class='ocrx_word' id='word_1_309' title='bbox 535 2898 624 2940; x_wconf 79' lang='lat' dir='ltr'><strong>justi</strong></span> <span class='ocrx_word' id='word_1_310' title='bbox 646 2898 708 2938; x_wconf 80' lang='lat' dir='ltr'><strong>qui</strong></span> <span class='ocrx_word' id='word_1_311' title='bbox 735 2897 828 2930; x_wconf 76' lang='lat' dir='ltr'><strong>vides</strong></span> <span class='ocrx_word' id='word_1_312' title='bbox 853 2905 919 2929; x_wconf 80' lang='lat' dir='ltr'><strong>cor.</strong></span> <span class='ocrx_word' id='word_1_313' title='bbox 948 2900 979 2928; x_wconf 82' lang='lat' dir='ltr'><strong>et</strong></span> <span class='ocrx_word' id='word_1_314' title='bbox 1009 2905 1135 2934; x_wconf 80' lang='lat' dir='ltr'><strong>renes.,</strong></span> <span class='ocrx_word' id='word_1_315' title='bbox 1165 2894 1305 2931; x_wconf 68' lang='lat' dir='ltr'><strong>Jerem..</strong></span> <span class='ocrx_word' id='word_1_316' title='bbox 1351 2879 1353 2881; x_wconf 30' lang='lat'><strong><em>¹</em></strong></span> <span class='ocrx_word' id='word_1_317' title='bbox 1380 2894 1584 2926; x_wconf 71' lang='lat' dir='ltr'><strong>abscondito.</strong></span> <span class='ocrx_word' id='word_1_318' title='bbox 1605 2892 1742 2934; x_wconf 85' lang='lat' dir='ltr'><strong>Ezech.,</strong></span> <span class='ocrx_word' id='word_1_319' title='bbox 1758 2903 1830 2935; x_wconf 83' lang='lat' dir='ltr'><strong>cap.</strong></span> <span class='ocrx_word' id='word_1_320' title='bbox 1848 2902 1923 2933; x_wconf 76' lang='lat' dir='ltr'><strong>vm,</strong></span> <span class='ocrx_word' id='word_1_321' title='bbox 1941 2902 1972 2926; x_wconf 90' lang='lat' dir='ltr'><strong>v.</strong></span> <span class='ocrx_word' id='word_1_322' title='bbox 1993 2895 2043 2927; x_wconf 78' lang='lat'><strong>12.</strong></span> <span class='ocrx_word' id='word_1_323' title='bbox 2057 2894 2121 2918; x_wconf 87' lang='lat'><strong>—-³</strong></span> <span class='ocrx_word' id='word_1_324' title='bbox 2135 2892 2267 2935; x_wconf 56' lang='lat' dir='ltr'><strong>Galat„</strong></span> <span class='ocrx_word' id='word_1_325' title='bbox 2284 2901 2356 2935; x_wconf 87' lang='lat' dir='ltr'><strong>cap.</strong></span> <span class='ocrx_word' id='word_1_326' title='bbox 2375 2904 2415 2935; x_wconf 83' lang='lat' dir='ltr'><strong>v,</strong></span> 
     </span>
     <span class='ocr_line' id='line_1_31' title="bbox 272 2948 1483 3003; baseline -0.005 -18"><span class='ocrx_word' id='word_1_327' title='bbox 272 2961 345 3003; x_wconf 81' lang='lat' dir='ltr'><strong>cap.</strong></span> <span class='ocrx_word' id='word_1_328' title='bbox 361 2961 418 2992; x_wconf 84' lang='lat' dir='ltr'><strong>xx,</strong></span> <span class='ocrx_word' id='word_1_329' title='bbox 432 2962 464 2984; x_wconf 85' lang='lat' dir='ltr'><strong>v.</strong></span> <span class='ocrx_word' id='word_1_330' title='bbox 483 2951 532 2985; x_wconf 74' lang='lat'><strong>12.</strong></span> <span class='ocrx_word' id='word_1_331' title='bbox 556 2969 593 2975; x_wconf 89' lang='lat'><strong>—-</strong></span> <span class='ocrx_word' id='word_1_332' title='bbox 615 2953 626 2970; x_wconf 84' lang='lat'><em>²</em></span> <span class='ocrx_word' id='word_1_333' title='bbox 646 2951 742 2983; x_wconf 69' lang='lat' dir='ltr'><strong>Vides</strong></span> <span class='ocrx_word' id='word_1_334' title='bbox 768 2959 843 2991; x_wconf 77' lang='lat' dir='ltr'><strong>quae</strong></span> <span class='ocrx_word' id='word_1_335' title='bbox 866 2949 996 2992; x_wconf 77' lang='lat' dir='ltr'><strong>facium</strong></span> <span class='ocrx_word' id='word_1_336' title='bbox 1018 2949 1252 2990; x_wconf 79' lang='lat' dir='ltr'><strong>unusquisque</strong></span> <span class='ocrx_word' id='word_1_337' title='bbox 1272 2948 1310 2980; x_wconf 75' lang='lat' dir='ltr'><strong>in</strong></span> <span class='ocrx_word' id='word_1_338' title='bbox 1331 2982 1334 2988; x_wconf 55' lang='grc'><em>,</em></span> <span class='ocrx_word' id='word_1_339' title='bbox 1383 2957 1414 2980; x_wconf 88' lang='lat' dir='ltr'><strong>v.</strong></span> <span class='ocrx_word' id='word_1_340' title='bbox 1437 2949 1483 2981; x_wconf 81' lang='lat'><strong>17.</strong></span> 
     </span>
    </p>
   </div>
   <div class='ocr_carea' id='block_1_8' title="bbox 490 3414 2285 3464">
    <p class='ocr_par' dir='ltr' id='par_1_8' title="bbox 490 3414 2285 3464">
     <span class='ocr_line' id='line_1_32' title="bbox 490 3414 2285 3464; baseline -0.003 -10"><span class='ocrx_word' id='word_1_341' title='bbox 490 3435 521 3464; x_wconf 82' lang='lat'><strong>11</strong></span> <span class='ocrx_word' id='word_1_342' title='bbox 2236 3414 2285 3450; x_wconf 86' lang='lat'><strong>77</strong></span> 
     </span>
    </p>
   </div>
  </div>
 </body>
</html>
