2638 3866
888 562 1176 644 LIBER
1245 562 1645 644 PRIMUS.

1099 854 1345 915 CAPUT
1399 857 1447 914 L

263 1009 450 1057 Summi
467 1007 586 1056 boni
611 1007 975 1074 perfectionem,
996 1004 1131 1071 quod
1152 1007 1284 1053 Deus
1309 1014 1396 1065 est,
1423 1005 1526 1070 ipsa
1550 1003 1638 1052 Dei
1660 1004 1905 1070 Sapientia
1927 1004 2175 1052 incarnata
2197 1003 2351 1052 Chris-

199 1101 273 1138 tus
305 1090 544 1137 Dominus
574 1087 915 1150 describendo,
950 1086 1102 1135 tribus
1138 1085 1423 1134 nominibus
1458 1085 1710 1150 diligenter
1741 1084 1971 1147 distinxit,
2014 1101 2127 1132 cum
2163 1085 2353 1133 unicam

197 1181 245 1219 et
271 1170 561 1235 singularem
596 1169 897 1217 individuam
926 1169 1121 1235 penitus
1155 1184 1210 1216 ac
1245 1166 1515 1233 simplicem
1550 1166 1867 1214 substantiam
1898 1166 2131 1225 divinam,
2163 1167 2353 1214 Patrem

197 1262 244 1299 et
267 1251 438 1299 Filium
462 1261 511 1299 et
532 1251 763 1317 Spiritum
786 1260 1008 1299 sanctum
1032 1249 1188 1297 tribus
1210 1248 1270 1296 de
1294 1249 1449 1297 causis
1471 1248 1797 1314 appellaverit.

267 1331 547 1380 Ambrosius
569 1331 631 1379 de
650 1332 765 1380 Fide
791 1332 852 1380 ad
876 1332 1162 1380 Gratianum
1186 1331 1529 1396 imperatorem
1556 1350 1565 1375 :
1602 1348 1625 1375 «
1647 1329 1793 1388 Quod
1814 1329 1953 1377 unius
1970 1337 2040 1377 est
2058 1327 2349 1386 substantiae,

199 1413 408 1478 separari
443 1429 546 1461 non
580 1423 768 1478 potest;
808 1422 855 1460 et
889 1413 925 1460 si
955 1429 1056 1460 non
1086 1412 1144 1459 sit
1179 1410 1536 1477 singularitatis,
1575 1411 1661 1459 sed
1695 1410 1903 1458 unitatis.
1943 1409 2254 1475 Singularitas
2291 1407 2352 1455 ad

197 1509 458 1558 personam
482 1495 708 1560 pertinet,
736 1494 896 1542 unitas
918 1493 981 1541 ad
1005 1502 1243 1541 naturam.
1271 1513 1294 1537 »

1085 1726 1326 1785 CAPUT
1390 1726 1471 1785 IL

264 1879 450 1924 Patrem
482 1875 701 1940 quidem,
731 1875 1000 1924 secundum
1034 1873 1167 1923 illam
1193 1875 1387 1922 unicam
1426 1874 1686 1938 majestatis
1708 1890 1804 1921 suae
1835 1873 2132 1938 potentiam,
2158 1890 2265 1938 quae
2287 1884 2358 1921 est

199 1956 571 2022 omnipotentia,
609 1973 706 2022 qua
738 1957 918 2005 scilicet
939 1955 1131 2004 efficere
1164 1964 1326 2023 potest
1354 1953 1595 2020 quidquid
1617 1955 1736 2016 vult,
1773 1970 1886 2003 cum
1910 1953 2033 2002 nihil
2064 1954 2108 2002 ei
2140 1955 2357 2002 resistere

202 2046 379 2102 queat3
421 2037 594 2085 Filium
618 2047 779 2086 autem
811 2036 1035 2085 eamdem
1071 2036 1291 2084 divinam
1321 2036 1637 2084 substantiam
1674 2035 1811 2095 dixit,
1846 2034 2115 2083 secundum
2152 2036 2356 2100 propria-:-

203 2118 446 2184 sapientiae
471 2118 833 2181 discretionem,
863 2134 960 2183 qua
983 2117 1206 2166 videlicet
1227 2126 1405 2166 cuncta
1440 2117 1669 2164 veraciter
1698 2115 1964 2180 dijudicare
1993 2131 2050 2163 ac
2083 2115 2356 2163 discernere

198 2208 384 2263 potest,
426 2209 478 2245 ut
519 2198 640 2246 nihil
683 2215 791 2246 eam
829 2198 976 2246 latere
1015 2199 1167 2263 possit
1205 2213 1304 2261 quo
1341 2196 1627 2263 decipiatur.
1679 2197 1912 2263 Spiritum
1949 2205 2169 2244 sanctum
2209 2196 2353 2244 etiam

198 2279 388 2326 vocavit
425 2278 609 2343 ipsam,
652 2278 923 2327 secundum
961 2278 1091 2327 illam
1136 2277 1447 2342 benignitatis
1487 2295 1584 2326 suae
1625 2278 1858 2342 gratiam,
1898 2293 1997 2341 qua
2046 2276 2211 2325 omnia
2250 2292 2355 2340 quae

197 2374 388 2406 summa
425 2358 647 2407 condidit
678 2359 930 2424 sapientia,
970 2375 1162 2407 summa
1196 2358 1390 2407 ordinat
1421 2359 1660 2421 bonitate,
1699 2369 1747 2407 et
1781 2357 1844 2406 ad
1873 2358 2112 2423 optimum
2155 2373 2357 2423 quaeque

198 2438 346 2486 finem
386 2439 744 2500 accommodat,
776 2441 905 2488 malo
929 2457 1127 2505 quoque
1160 2439 1287 2488 bene
1311 2456 1502 2505 semper
1526 2449 1684 2498 utens,
1714 2449 1760 2487 et
1788 2438 2069 2487 mirabiliter
2095 2448 2355 2503 quantum-

198 2518 315 2567 libet
349 2536 573 2585 perverse
609 2520 732 2569 facta
771 2521 953 2587 optime
989 2521 1272 2587 disponens,
1312 2522 1449 2587 quasi
1489 2521 1573 2586 qui
1608 2530 1811 2586 utraque
1848 2536 1994 2568 manu
2034 2536 2125 2586 pro
2161 2519 2354 2567 dextera

199 2609 376 2662 utatur,
419 2610 467 2647 et
507 2602 688 2649 nesciat
722 2602 814 2649 nisi
859 2601 1095 2650 dextram.
1144 2602 1281 2651 Unde
1315 2603 1365 2650 in
1398 2601 1680 2649 Enclziridc’o
1715 2606 1768 2650 B.
1809 2601 2122 2665 Augustinus¹
2150 2618 2160 2646 ε
2196 2619 2219 2644 «
2247 2602 2351 2646 Non

198 2679 346 2739 enim,
391 2681 566 2745 inquit,
605 2684 735 2730 Deus
774 2684 1105 2749 omnipotens,
1145 2700 1259 2731 cum
1296 2700 1484 2731 summe
1522 2682 1682 2730 bonus
1720 2683 1809 2742 sit,
1850 2681 1951 2730 ullo
1990 2680 2140 2728 modo
2179 2680 2354 2727 sineret

183 2758 313 2806 'mali
350 2759 532 2824 aliquid
557 2778 660 2809 esse
682 2763 732 2809 in
757 2763 987 2828 operibus
1010 2763 1127 2824 suis,
1156 2763 1247 2810 nisi
1279 2779 1433 2827 usque
1455 2762 1578 2810 adeo
1608 2771 1731 2810 esset
1752 2762 2061 2826 omnipotens
2089 2769 2137 2807 et
2160 2759 2320 2807 bonus
2336 2795 2349 2817 ‚

203 2848 255 2885 ut
283 2838 410 2887 bene
446 2839 621 2888 faceret
657 2851 704 2888 et
739 2841 801 2890 de
834 2842 983 2890 malo.
1003 2864 1028 2888 »
1061 2842 1192 2890 {dem
1222 2843 1272 2890 in
1304 2845 1366 2890 XI
1387 2842 1446 2889 de
1480 2844 1679 2890 Civitate-
1714 2843 1823 2902 Dei,
1865 2841 1926 2888 de
1957 2840 2174 2888 bonitate
2197 2840 2286 2886 Dei
2308 2849 2357 2886 et

201 2918 379 2967 malitia
404 2919 598 2967 Diaboli
620 2921 843 2985 loquens,
872 2922 961 2970 ait’
983 2941 994 2970 :
1022 2942 1045 2968 «
1067 2925 1198 2970 Deus
1216 2923 1337 2970 sicut
1357 2932 1639 2970 naturarum
1660 2921 1902 2970 bonarum
1928 2921 2140 2987 optimus
2165 2929 2356 2968 creator

202 3008 301 3061 est,
347 3000 413 3047 ita
445 2999 682 3049 malarum
717 3002 1025 3050 voluntatum
1057 3003 1346 3067 justissimus
1383 3002 1651 3063 ordinator,
1686 3012 1741 3050 ut
1778 3019 1891 3051 cum
1926 3001 2005 3049 ille
2037 3001 2161 3049 male
2196 3010 2357 3049 utatur

203 3080 387 3128 naturis
415 3079 579 3143 bonis,
612 3082 714 3147 ipse
746 3080 871 3130 bene
908 3093 1073 3131 utatur
1107 3084 1253 3132 etiam
1274 3082 1604 3132 voluntatibus
1636 3082 1791 3131 malis.
1817 3103 1840 3128 »
1869 3086 1989 3130 Item
2016 3081 2147 3130 idem
2175 3080 2357 3129 ibidem

202 3158 263 3206 de
284 3159 521 3209 Diabolo³
563 3180 573 3208 ε
627 3165 799 3211 «Deus
834 3180 947 3211 cum
987 3180 1099 3212 eum
1136 3162 1387 3226 conderet,
1429 3164 1598 3212 futurae
1634 3163 1940 3228 malignitatis
1979 3162 2081 3227 ejus
2118 3177 2219 3211 non
2259 3169 2359 3207 erat

248 3368 255 3386 ¹
274 3365 354 3408 Cat>-
373 3376 426 3410 xi,
446 3369 548 3413 opp„
563 3375 586 3405 t.
607 3370 661 3404 vl.
679 3389 720 3396 —
739 3372 750 3392 ²
766 3371 866 3413 Aug„
883 3371 923 3406 de
941 3371 1086 3406 civitate
1103 3372 1184 3415 Dei,
1209 3372 1267 3406 lib.
1292 3371 1347 3415 xl,
1364 3380 1437 3414 cap.
1455 3380 1534 3407 xvu.
1556 3371 1658 3414 opp„
1677 3376 1702 3405 t.
1720 3370 1787 3404 vn.
1805 3389 1846 3397 -
1862 3372 1874 3393 ³
1892 3370 1985 3405 Ibid.
2000 3378 2074 3411 cap.
2091 3377 2183 3401 xvm.
