2638 3866
328 210 419 258 182
1131 207 1301 255 PETRI
1338 200 1653 255 ABAELARDI

324 311 483 359 anima
505 310 605 375 ipsa
627 325 712 375 per
735 325 968 374 corporea
988 309 1238 357 sustinebit
1260 307 1495 355 membra.
1526 310 1620 353 Nec
1643 315 1805 354 tamen
1829 322 1941 353 cum
1969 323 2028 354 ex
2062 307 2348 373 corporibus
2375 325 2456 373 ge—

323 392 529 438 minetur
548 390 816 438 animarum
840 389 991 453 gloria
1018 391 1090 437 vel
1117 405 1275 455 poena,
1313 388 1422 435 ideo
1454 387 1695 451 geminam
1732 386 1870 434 istam
1904 385 2104 450 gloriam
2140 388 2217 436 vel
2261 404 2454 454 poenam

322 471 525 536 simplici
556 470 838 534 angelorum
874 471 946 517 vel
969 471 1244 518 daemonum
1284 468 1444 533 gloriae
1475 466 1553 514 vel
1590 483 1742 532 poenae
1771 466 2081 532 praeferimus,
2107 469 2191 534 qui
2212 486 2455 536 corporeae

322 568 419 598 non
444 560 554 597 sunt
571 561 768 598 naturae.
793 550 938 608 Quod
962 568 1095 610 vero,
1124 559 1174 597 ut
1193 549 1377 596 dictum
1403 558 1491 609 est,
1519 547 1619 596 sola
1656 549 1816 596 anima
1841 547 2000 596 doleat
2029 549 2103 596 vel
2135 551 2324 612 sentiat,
2364 551 2454 617 ipsi

320 647 511 695 quoque
543 641 762 678 asserunt
784 632 953 678 sancti.
982 631 1121 678 Unde
1146 630 1434 694 Augustinus
1459 628 1517 675 de
1547 631 1745 676 Ciuitate
1777 631 1881 690 Dei,
1908 628 1993 676 lib.
2017 632 2130 692 XX,
2156 647 2200 678 c.
2230 631 2319 678 11'¹:
2350 652 2374 676 «
2406 633 2452 680 Si

319 710 677 759 consideremus
699 711 991 775 diligentius,
1015 710 1157 757 dolor
1178 709 1262 773 qui
1291 708 1468 756 dicitur
1490 710 1707 775 corporis
1729 709 1880 773 magis
1905 709 1967 757 ad
1990 710 2200 758 animam
2227 712 2448 777 pertinet.

301 794 498 840 ‘Animae
525 802 596 840 est
620 793 748 839 enim
773 792 955 852 dolere,
984 808 1082 837 non
1107 790 1324 854 corporis
1339 824 1351 847 ‚
1379 791 1523 837 etiam
1553 790 1749 855 quando
1773 790 1816 838 ei
1840 789 2040 839 dolendi
2062 808 2203 840 causa
2225 793 2403 841 exsistit
2425 810 2453 841 a

318 889 538 937 corpore,
575 889 684 920 cum
720 873 769 919 in
801 889 858 920 eo
881 873 990 918 loco
1014 870 1162 929 dolet,
1189 870 1274 917 ubi
1303 869 1490 918 laeditur
1522 887 1716 936 corpus.
1746 890 1771 916 »
1810 870 1943 918 Idem
1977 889 2122 937 super
2155 875 2377 921 Genesim
2396 869 2411 898 ²
2436 893 2447 922 :

321 973 343 996 <c
362 953 546 1000 Sentire
568 969 667 1000 non
692 962 761 1000 est
783 953 1016 1017 corporis,
1043 950 1127 998 sed
1150 950 1320 998 animae
1342 968 1431 1017 per
1454 968 1650 1017 corpus,
1672 973 1695 996 ›>
1722 954 1860 999 Item:
1889 971 1912 997 α
1935 955 2100 1017 Neque
2124 952 2254 1000 enim
2275 970 2451 1019 corpus

317 1034 473 1093 sentit,
500 1034 584 1081 sed
608 1035 767 1081 anima
790 1050 875 1098 per
898 1050 1091 1098 corpus.
1126 1051 1148 1076 n
1187 1032 1319 1080 Idem
1347 1032 1415 1079 ad
1442 1035 1726 1081 Dioscoram
1747 1034 1798 1081 in
1824 1050 1876 1081 ea
1897 1034 2141 1099 Epistola⁸
2169 1052 2178 1080 :
2223 1054 2246 1080 α
2270 1038 2340 1082 Tu
2373 1051 2452 1084 me

316 1113 733 1161 innumerabilium
756 1114 1135 1178 quaestionum...
1154 1115 1262 1161 Non
1288 1113 1430 1177 igitur
1445 1115 1619 1179 accipit
1637 1115 1828 1162 animus
1846 1130 1872 1163 a
1889 1131 2094 1180 corpore
2110 1114 2187 1180 vel
2206 1131 2450 1164 summum

315 1193 498 1241 bonum
521 1195 596 1242 vel
617 1204 802 1259 partem
821 1195 1031 1258 aliquam
1053 1195 1230 1241 summi
1253 1194 1389 1242 boni.
1418 1199 1523 1243 Hoc
1554 1195 1638 1260 qui
1667 1211 1769 1243 non
1801 1195 1980 1258 vident,
2017 1196 2176 1243 caecati
2204 1205 2317 1243 sunt
2349 1195 2450 1245 dul-

313 1273 480 1320 cedine
502 1274 763 1321 carnalium
786 1274 1109 1340 voluptatum,
1133 1287 1280 1339 quam
1299 1286 1354 1322 ex
1376 1275 1640 1341 indigentia
1662 1275 1873 1324 sanitatis
1886 1276 2048 1324 venire
2067 1292 2168 1323 non
2182 1276 2444 1325 intuentur.
2472 1326 2482 1328 ,

312 1354 493 1402 Sanitas
520 1363 681 1402 autem
707 1354 915 1419 perfecta
951 1355 1168 1421 corporis
1202 1355 1282 1403 illa
1309 1365 1521 1404 extrema
1553 1356 1701 1403 totius
1734 1356 1944 1404 hominis
1977 1355 2309 1404 immortalitas
2340 1357 2444 1405 erit.

311 1435 422 1481 Tam
439 1436 621 1498 potenti
646 1436 772 1482 enim
797 1444 968 1482 natura
996 1438 1125 1482 Deus
1157 1435 1267 1483 fecit
1292 1436 1523 1498 animam,
1552 1446 1605 1483 ut
1622 1453 1680 1484 ex
1703 1436 1806 1501 ejus
1827 1436 2102 1503 plenissima
2130 1437 2446 1498 beatitudine,

311 1529 412 1576 quae
434 1515 482 1560 in
509 1513 602 1562 fine
625 1525 900 1580 temporum
920 1515 1098 1563 sanctis
1115 1516 1426 1581 promittitur,
1446 1515 1686 1565 redundet
1707 1517 1850 1565 etiam
1863 1518 1912 1565 in
1929 1517 2206 1565 inferiorem
2228 1527 2449 1567 naturam

310 1610 413 1657 quae
435 1604 504 1641 est
526 1612 716 1661 corpus,
744 1612 845 1642 non
863 1595 1111 1643 beatitudo
1132 1613 1237 1660 quae
1259 1596 1457 1645 fruentis
1479 1607 1527 1646 et
1549 1597 1855 1662 intelligentis
1877 1607 1947 1646 est
1963 1599 2178 1664 propria,
2200 1598 2285 1646 sed
2301 1598 2449 1663 pleni·

310 1672 426 1721 tudo
451 1676 661 1722 sanitatis
684 1686 731 1723 et
753 1676 1131 1741 incorruptionis
1153 1676 1307 1741 vigor.
1330 1696 1354 1721 n

378 1774 400 1797 «
421 1755 567 1802 Judaei
602 1757 815 1821 primum
845 1765 893 1803 et
921 1757 1088 1804 Graeci.
1116 1777 1138 1800 >2
1169 1757 1386 1805 Judaeum
1421 1766 1563 1805 vocat
1597 1775 1795 1806 omnem
1823 1759 1997 1825 scripta
2048 1760 2151 1822 lege
2197 1757 2443 1820 edoctum,

310 1836 525 1883 Graecum
556 1853 749 1884 omnem
769 1875 781 1899 ,
826 1838 1074 1901 gentilium
1106 1854 1242 1885 more
1265 1838 1669 1903 philosophorum
1700 1840 1784 1905 qui
1819 1840 1970 1887 Graeci
2008 1839 2223 1900 fuerunt,
2263 1839 2448 1887 ratione

308 1915 576 1978 praeditum,
607 1917 658 1964 id
689 1927 759 1965 est
782 1919 987 1966 naturali
1009 1919 1113 1984 lege
1139 1919 1320 1984 optime
1343 1919 1629 1966 instructum
1655 1939 1668 1980 ;
1699 1937 1910 1985 quorum
1948 1937 2047 1984 quo
2079 1919 2234 1984 major
2256 1929 2326 1967 est
2348 1918 2446 1967 dis-

307 1996 471 2058 cretio,
493 1997 647 2061 major
670 2007 739 2045 est
758 1999 1087 2063 transgressio.
1124 2001 1182 2046 Et
1213 1997 1324 2046 ideo
1349 1999 1415 2046 ait
1439 2017 1449 2045 :
1473 2020 1496 2043 <c
1529 1999 1679 2047 Judaei
1712 2009 1759 2048 et
1790 2001 1942 2048 Graeci
1976 2000 2205 2066 primum,
2240 2019 2264 2043 2>
2297 1998 2349 2046 id
2377 2008 2447 2046 est

305 2077 508 2124 maxime
527 2097 539 2138 3
571 2097 594 2123 «
621 2080 864 2143 operantis
890 2079 1091 2137 malum,
1113 2099 1135 2124 »
1159 2078 1209 2126 id
1227 2089 1297 2126 est
1314 2079 1650 2145 delinquentis,
1669 2081 2030 2147 comparatione
2047 2080 2224 2128 scilicet
2243 2079 2445 2127 aliorum

303 2154 555 2204 hominum
576 2160 710 2222 quasi
731 2159 1004 2207 brutorum.
1038 2160 1244 2207 «Gloria
1266 2170 1427 2208 autem
1450 2171 1497 2209 et
1519 2159 1697 2209 honor.
1727 2180 1750 2206 n
1791 2161 1977 2226 Repetit
2005 2162 2248 2225 justorum
2287 2175 2448 2206 remu-

306 2239 602 2285 nerationem
635 2257 782 2304 quam
818 2241 1068 2305 praemisit,
1097 2250 1151 2287 ut
1183 2240 1244 2289 ad
1280 2258 1385 2288 eam
1419 2243 1588 2307 saepius
1619 2252 1940 2290 memoratam
1970 2257 2060 2288 nos
2090 2239 2321 2288 accendat
2348 2252 2447 2287 am'-

305 2315 442 2378 plius.
470 2322 639 2366 Pacem
668 2319 865 2384 quidem
883 2320 1014 2379 dicit,
1046 2338 1146 2368 non
1172 2322 1327 2368 solum
1353 2323 1565 2386 quietem
1603 2322 1665 2370 ab
1702 2323 2007 2370 infestatione
2039 2322 2331 2369 exteriorum
2354 2320 2450 2367 ini-

306 2395 555 2456 micorum,
583 2415 752 2446 verum
788 2401 931 2446 etiam
957 2401 1272 2448 concordiam
1296 2400 1427 2449 illam
1450 2403 1644 2468 spiritus
1665 2413 1712 2450 et
1734 2403 1910 2464 carnis,
1937 2411 1991 2448 ut
2019 2403 2067 2448 in
2098 2401 2233 2448 nullo
2252 2398 2448 2447 ulterius

302 2490 412 2522 caro
430 2477 613 2541 spiritui
632 2479 907 2541 reluctetur,
936 2480 1163 2528 omnibus
1175 2498 1371 2547 prorsus
1385 2482 1530 2530 finitis
1546 2483 1811 2530 carnalium
1827 2482 2185 2547 suggestionum
2198 2479 2443 2527 molestiis.

308 2575 328 2598 «
349 2556 511 2605 Judaeo
539 2559 750 2624 primum
773 2570 819 2607 et
842 2563 1008 2609 Graeco
1036 2561 1239 2622 bonum,
1257 2581 1279 2606 »
1306 2562 1484 2610 scilicet
1510 2583 1533 2608 «
1553 2564 1789 2629 operanti.
1813 2583 1835 2607 n
1865 2566 1975 2621 Quo
1993 2563 2123 2611 enim
2148 2562 2225 2608 isti
2244 2559 2447 2625 amplius

304 2651 545 2685 summum
565 2638 753 2687 bonum
770 2642 1037 2689 Dominum
1056 2641 1132 2689 vel
1155 2642 1334 2708 scripto
1349 2643 1424 2691 vel
1440 2644 1626 2690 ratione
1652 2653 1998 2707 cognoverant,
2017 2642 2222 2708 amplius
2240 2640 2343 2704 ejus
2360 2654 2448 2687 vo*-

305 2713 472 2764 luntati
490 2719 651 2767 sobrie
667 2721 879 2769 vivendo
897 2722 1213 2770 inhaerebant.
1240 2741 1263 2768 t<
1287 2723 1501 2769 Primum
1522 2743 1545 2767 ³>
1570 2723 1734 2788 itaque
1753 2733 1801 2771 et
1814 2723 2036 2770 hocloco
2054 2739 2144 2788 pro
2165 2720 2444 2768 «maxime»

306 2799 599 2861 supraponit.
618 2801 760 2848 «Non
779 2811 849 2849 est
866 2803 1012 2850 enim.
1024 2824 1046 2847 >2
1062 2802 1189 2851 Dixit
1206 2804 1524 2867 generaliter«
1537 2805 1672 2852 omni
1687 2825 1709 2848 n
1724 2813 1866 2868 atque
1879 2803 2209 2851 indifferenter
2220 2803 2251 2863 ⁴,
2266 2799 2447 2847 nullam

306 2871 479 2922 faciens
504 2877 822 2929 differentiam
843 2883 1172 2932 retributionis
1191 2900 1248 2932 ex
1271 2884 1500 2949 dignitate
1528 2901 1863 2951 personarum.
1905 2886 1961 2930 Et
1996 2883 2186 2944 merito,
2213 2881 2327 2946 quia
2346 2895 2446 2927 non

307 2961 375 2998 est
398 2970 712 3017 personarum
732 2964 946 3028 acceptio
965 2965 1093 3029 apud
1116 2967 1288 3026 Deum,
1309 2964 1405 3013 hoc
1426 2975 1515 3028 est,
1540 2982 1794 3031 nunquam
1809 2965 2027 3013 divinum
2041 2963 2277 3028 judicium
2291 2960 2447 3005 minus

307 3028 513 3095 aliquem
539 3036 606 3083 ibi
633 3041 771 3102 punit
792 3042 868 3088 vel
889 3044 1039 3107 magis
1056 3044 1289 3109 glorificat
1307 3062 1398 3111 pro
1420 3044 1581 3111 aliqua
1605 3045 1835 3110 dignitate
1867 3044 1944 3092 vel
1981 3041 2274 3100 excellentia,
2300 3053 2446 3103 quam

348 3238 355 3257 ¹
375 3238 466 3278 Lessw
483 3238 539 3271 lib.
560 3238 642 3279 ΧΧῙ»
659 3251 732 3282 0³1).
756 3252 806 3284 111,
832 3245 931 3287 opp„
963 3252 987 3279 t.
1017 3247 1088 3282 vn.
1114 3268 1151 3275 -
1176 3252 1187 3269 ²
1204 3250 1277 3284 Lib.
1302 3249 1360 3292 111,
1381 3260 1452 3292 cap.
1486 3259 1530 3291 iv,
1567 3251 1670 3292 Opp.‚
1696 3255 1722 3282 t.
1747 3249 1801 3283 111.
1823 3250 1892 3275 -2
1907 3249 2012 3290 Epist.
2035 3255 2147 3287 cxvm,
2171 3245 2271 3287 0pp.,
2297 3249 2321 3276 t.
2342 3243 2382 3277 11.
2405 3262 2445 3270 -—·

310 3294 317 3311 ¹
329 3291 518 3325 Amboesius
534 3293 742 3334 Differenter.
