2638 3866
285 254 381 302 740
1089 255 1258 302 PETRI
1292 254 1610 303 ABAELARDI

281 354 457 402 deinde
494 355 836 420 proprietatem
876 354 1074 402 animati
1115 365 1162 403 et
1201 354 1515 421 postmodum
1552 355 1789 404 sensibile.
1834 359 1916 404 Est
1952 357 2110 422 itaque
2148 359 2414 407 intellectus

281 435 491 482 nominis
524 445 570 482 et
604 433 904 481 diffinitionis
937 434 1038 499 ejus
1070 436 1266 500 proprie
1299 436 1515 501 quodam
1535 436 1700 484 'modo
1736 436 1894 499 idem,
1935 447 1981 484 et
2013 438 2227 503 quodam
2264 439 2413 487 modo

282 514 494 561 diversus
523 532 533 561 :
560 514 691 562 idem
714 514 910 580 quidem
942 515 1209 562 secundum
1231 516 1455 564 effectum
1476 516 1822 565 intellectarum
1845 534 2032 580 rerum,
2059 519 2173 582 quia
2194 518 2416 567 videlicet

278 594 328 639 in
352 602 554 657 utraque
584 611 703 642 voce
735 594 927 642 easdem
954 611 1028 642 res
1050 595 1387 660 intelligimus3
1421 596 1638 644 diversus
1662 607 1823 645 autem
1852 598 1966 662 quia
1988 597 2054 645 ibi
2087 600 2252 646 omnia
2274 598 2414 646 simul

278 673 356 720 hic
378 674 668 731 succedunt,
705 674 883 723 formas
914 676 1091 723 scilicet
1119 693 1263 741 super
1294 675 1520 724 addendo
1545 678 1752 725 materiae
1775 677 1872 741 jam
1897 687 2036 726 antea
2066 679 2343 738 intellecta-:3
2369 689 2416 726 et

277 769 391 801 cum
421 754 471 800 in
507 764 713 819 utroque
738 755 982 802 intellectu
1015 756 1233 804 animalis
1265 766 1436 805 natura
1458 757 1640 822 integre
1675 757 1991 823 concipiatur,
2017 769 2115 806 tam
2147 758 2414 807 secundum

280 833 528 881 materiam
562 835 739 882 scilicet
768 835 869 899 ejus
898 851 1045 900 quam
1071 836 1338 884 secundum
1371 837 1548 886 formas
1576 838 1625 884 in
1654 837 1829 901 quibus
1869 847 1969 885 tota
1999 839 2216 887 animalis
2239 839 2417 886 consti-

279 914 400 960 tutio
423 915 655 973 consistit,
681 915 948 963 intellectus
969 917 1180 964 nominis
1200 916 1571 980 conjunctorum
1593 933 1678 964 seu
1700 918 2080 982 compositorum
2107 919 2201 966 dici
2223 929 2409 984 potest,

279 1008 379 1040 non
412 1003 571 1042 tamen
594 1005 675 1043 aut
705 995 1003 1060 conjungens
1032 1005 1114 1044 aut
1134 1013 1455 1062 componens,
1485 1006 1531 1044 et
1563 1013 1590 1044 e
1612 997 1852 1044 contrario
1876 997 2140 1046 intellectus
2165 999 2411 1047 orationis.

280 1074 471 1139 Quippe
499 1076 584 1139 qui
605 1074 700 1122 hoc
726 1092 903 1123 nomen
929 1076 1186 1124 «animal»
1213 1077 1370 1136 audit,
1398 1077 1539 1124 simul
1563 1077 1664 1125 haec
1685 1078 1776 1126 tria
1804 1094 1980 1143 corpus
2002 1088 2050 1125 et
2073 1079 2415 1127 animationem

279 1162 326 1199 et
353 1153 709 1203 sensibilitatem
734 1164 786 1202 ut
813 1155 864 1202 in
886 1155 1151 1204 substantia
1181 1156 1399 1205 animalis
1428 1156 1688 1221 conjuncta
1710 1158 1927 1205 attendit.
1965 1161 2020 1205 Et
2038 1157 2148 1206 ideo
2171 1158 2250 1206 hic
2277 1158 2417 1206 intel·

277 1233 427 1280 lectus
458 1235 541 1298 qui
574 1234 635 1282 de
662 1234 807 1283 rebus
838 1244 890 1282 ut
912 1235 1015 1299 jam
1046 1238 1316 1300 conjunctis
1351 1236 1571 1299 habetur,
1611 1237 1983 1302 conjunctorum
2015 1248 2102 1286 est.
2138 1238 2221 1286 Ille
2251 1248 2413 1286 autem

277 1313 574 1378 conjungens
619 1324 688 1362 est
730 1315 997 1363 intellectus
1032 1317 1143 1381 qui,
1187 1334 1273 1382 per
1309 1317 1661 1365 successionem
1698 1319 2054 1383 progrediendo
2073 1354 2085 1377 ,
2124 1318 2416 1382 quibusdam

275 1390 419 1438 rebus
440 1392 572 1456 prius
603 1391 853 1440 intellectis
882 1393 997 1442 alias
1022 1395 1335 1459 postmodum
1363 1394 1627 1442 intellectas
1649 1406 1898 1460 aggregat;
1931 1397 2077 1444 veluti
2102 1413 2214 1443 cum
2238 1397 2418 1444 anima-

278 1472 459 1520 tionem
492 1482 540 1519 et
562 1471 920 1521 sensibilitatem
950 1475 1158 1522 materiae
1183 1475 1405 1540 primitus
1428 1474 1675 1522 intellectae
1705 1484 1937 1540 tanquam
1969 1476 2144 1523 formas
2169 1493 2255 1541 per
2282 1475 2416 1523 intel-

275 1552 451 1600 lectum
489 1552 818 1617 adjungimus,
852 1554 949 1602 hoc
980 1565 1050 1602 est
1085 1565 1138 1603 ut
1173 1556 1487 1603 informantes
1520 1571 1626 1603 eam
1661 1572 1808 1620 quam
1844 1558 2001 1623 primo
2034 1574 2154 1622 pure
2189 1572 2419 1622 concepe-

277 1649 454 1695 ramus,
479 1633 794 1698 postmodum
821 1635 1127 1683 attendimus.

616 1777 678 1820 In
698 1792 789 1840 quo
810 1775 1007 1840 differat
1036 1777 1299 1825 intellectas
1327 1778 1672 1843 disjunctorum
1697 1797 1729 1825 a
1751 1778 2063 1845 clclrjungente.

342 1882 473 1930 Sicut
494 1893 654 1930 autem
677 1884 798 1932 alius
827 1895 897 1932 est
921 1886 1188 1933 intellectus
1214 1887 1587 1951 conjunctorum
1619 1904 1764 1952 quam
1788 1889 2108 1952 conjungens,
2134 1887 2213 1934 hic
2236 1887 2415 1951 quippe

276 1961 499 2009 dictionis
533 1973 621 2025 est,
656 1965 732 2011 ille
764 1966 1019 2027 orationis,
1061 1967 1126 2013 ita
1164 1967 1431 2014 intellectus
1468 1967 1733 2015 divisorum
1764 1977 1812 2014 et
1846 1967 2081 2015 dividens.
2122 1967 2254 2014 Sicut
2288 1966 2417 2013 enim

284 2062 306 2085 c<
331 2042 506 2090 animal
526 2064 548 2087 >³
578 2044 873 2093 intellectum
897 2047 1265 2110 conjunctarum
1285 2063 1446 2094 rerum
1467 2047 1603 2108 facit,
1626 2048 1691 2094 ita
1713 2066 1737 2092 «
1763 2064 1861 2094 non
1895 2047 2099 2108 animal,
2132 2067 2155 2091 »
2179 2046 2313 2110 quod
2346 2055 2419 2093 est

275 2122 517 2171 infinitum
553 2142 731 2173 nomen
765 2135 812 2173 et
843 2137 983 2173 sonat
1018 2144 1093 2174 res
1123 2145 1230 2192 quae
1263 2145 1365 2175 non
1395 2138 1464 2175 est
1500 2128 1701 2189 animal,
1739 2128 2005 2176 divisorum
2039 2127 2177 2187 facit3
2216 2137 2265 2174 et
2296 2127 2419 2174 sicut

277 2204 493 2252 animalis
518 2205 740 2254 diffinitio
768 2206 1143 2272 conjungentem
1177 2207 1288 2255 facit
1322 2208 1645 2271 intellectum,
1682 2210 1746 2256 ita
1768 2208 2026 2274 descriptio
2059 2225 2158 2255 non
2196 2206 2414 2254 animalis

277 2283 590 2347 dividentem,
620 2303 724 2350 quae
760 2297 830 2333 est
866 2303 941 2334 res
977 2305 1081 2352 quae
1116 2304 1216 2334 non
1250 2297 1320 2334 est
1349 2289 1544 2336 animal.
1575 2289 1712 2336 Prius
1742 2290 1921 2354 quippe
1955 2290 2003 2335 in
2041 2288 2131 2336 hac
2155 2288 2410 2335 oratione:

281 2385 303 2407 <c
321 2367 410 2413 Res
434 2381 539 2429 quae
571 2383 671 2413 non
696 2377 764 2414 est
787 2367 982 2430 animal,
1001 2388 1023 2411 υ
1053 2385 1155 2415 rem
1178 2369 1456 2434 simpliciter
1477 2369 1675 2418 attendo
1705 2386 1791 2435 per
1812 2370 2183 2435 promissionem
2209 2367 2416 2416 nominis

276 2443 418 2509 hujus
436 2446 570 2510 quod
590 2456 659 2494 est
677 2466 700 2492 «
718 2464 811 2508 res,
827 2468 850 2492 »
871 2448 1183 2513 postmodum
1200 2465 1286 2514 per
1302 2449 1398 2496 hoc
1418 2450 1552 2514 quod
1569 2449 1790 2497 subditur
1813 2470 1835 2493 «
1848 2467 1952 2515 quae
1973 2466 2071 2497 non
2091 2459 2159 2496 est
2175 2448 2370 2506 animal,
2392 2466 2415 2492 »

277 2525 494 2573 animalis
526 2537 744 2574 naturam
782 2544 811 2575 a
838 2545 888 2575 re
926 2529 1137 2593 quadam
1177 2546 1371 2594 separo,
1408 2540 1462 2577 ut
1485 2530 1585 2594 jam
1621 2530 1884 2595 quamdam
1913 2546 2015 2576 rem
2053 2539 2281 2592 tanquam
2315 2544 2414 2574 non

279 2605 337 2650 sit
380 2606 557 2654 animal
610 2607 898 2672 concipiam.
944 2611 1065 2655 Sunt
1102 2610 1262 2674 itaque
1299 2610 1564 2657 intellectus
1610 2610 1976 2673 conjunctarum
2027 2609 2103 2655 vel
2154 2608 2413 2655 divisarum

279 2700 462 2746 rerum,
497 2686 763 2734 dictionum
797 2697 1010 2748 tantum3
1046 2690 1394 2753 conjungentes
1426 2707 1542 2738 vero
1574 2690 1650 2737 vel
1683 2690 1951 2737 dividentes
1983 2687 2275 2747 intellectus,
2313 2703 2415 2735 ora·

276 2764 462 2813 tionum
484 2775 671 2813 tantum
694 2777 820 2814 sunt.
849 2768 921 2816 Illi
944 2769 1124 2834 quippe
1147 2770 1390 2835 simplices
1416 2780 1544 2833 sunt,
1570 2771 1646 2818 isti
1671 2771 1949 2836 compositi.

343 2847 465 2892 Sunt
491 2847 710 2912 plerique
734 2849 945 2896 fortassis
967 2850 1052 2914 qui
1076 2850 1343 2898 intellectus
1371 2852 1611 2917 simplices
1634 2851 1789 2899 nullas
1820 2852 2022 2899 omnino
2045 2859 2204 2915 partes
2235 2847 2413 2895 habere

278 2925 571 2986 concedant,
599 2945 757 2992 neque
781 2930 958 2977 scilicet
985 2947 1071 2996 per
1101 2931 1454 2979 successionem
1489 2949 1645 2996 neque
1669 2931 1827 2979 simul.
1854 2932 1949 2990 Qui
1976 2931 2123 2990 enim,
2159 2928 2411 2993 inquiunt,

280 3002 419 3066 plura
454 3007 593 3054 simul
628 3008 869 3073 intelligit,
908 3027 1006 3057 una
1036 3011 1240 3075 simplici
1269 3012 1460 3060 actione
1491 3013 1654 3059 omnia
1678 3011 1821 3059 simul
1851 3010 2071 3059 attendit.
2107 3008 2201 3056 Sed
2237 3009 2287 3054 in
2320 3007 2415 3053 hoc

278 3083 474 3146 quidem
496 3086 758 3134 refellendo
782 3105 880 3136 non
905 3090 1047 3137 nobis
1068 3091 1422 3155 persistendum
1450 3108 1717 3152 censemus,
1744 3092 1794 3139 in
1818 3108 1916 3156 quo
1938 3099 2022 3138 aut
2043 3084 2414 3152 comprobando

277 3172 357 3210 aut
391 3164 719 3229 reprobando,
745 3168 866 3215 mihi
889 3186 1018 3216 nunc
1041 3171 1251 3217 occurrit
1274 3172 1414 3219 ratio.
1443 3175 1552 3219 Haec
1574 3172 1634 3220 de
1660 3171 1863 3237 simplici
1897 3180 1944 3218 et
1972 3168 2245 3232 composito
2274 3165 2414 3212 intel-

273 3242 398 3291 lectu
424 3245 521 3291 sive
544 3245 604 3292 de
630 3246 870 3294 intellectu
894 3250 1266 3312 conjunctorum
1290 3261 1337 3298 et
1355 3252 1678 3316 conjungente
1705 3252 1781 3299 vel
1808 3251 2070 3298 divisorum
2099 3257 2147 3294 et
2169 3245 2412 3293 dividente

278 3323 338 3369 ad
363 3340 569 3389 praesens
594 3324 723 3374 dicta
745 3326 998 3375 sufficiant.
1029 3332 1165 3377 Nunc
1191 3329 1251 3378 de
1275 3348 1375 3378 uno
1404 3341 1452 3379 et
1483 3331 1731 3397 multiplici
1761 3329 2120 3378 consideremus
2145 3325 2408 3385 intellectu,
