2638 3866
814 188 873 236 IN
907 186 1238 238 EPlS'l'OLAM
1271 186 1354 236 AD
1389 189 1689 239 ROMANOS.
2243 192 2339 238 259

183 291 459 359 proximum
483 290 533 338 in
565 289 669 353 lege
690 286 959 337 secundum
981 286 1189 335 litteram
1213 304 1314 336 non
1340 305 1539 337 omnem
1569 289 1821 337 hominem
1846 290 2027 355 accipi,
2055 306 2155 337 non
2179 290 2337 337 solum

179 390 236 420 ex
259 373 362 438 ipsa
389 371 509 435 lege,
538 386 707 419 verum
742 369 888 417 etiam
917 385 974 415 ex
1007 368 1256 417 nonnullis
1290 370 1733 418 Ecclesiasticorum
1764 370 2023 419 doctorum
2052 372 2339 420 testimoniis

178 453 325 502 astrui
350 461 523 518 potest.
552 450 693 499 Unde
722 449 1002 498 Ambrosius
1028 466 1173 514 super
1194 451 1467 516 Epzlrtolam
1497 451 1645 499 Paula·
1664 450 1733 497 acl
1755 455 2013 510 Romanos,
2043 453 2128 501 uhi
2152 454 2335 501 dictum

177 537 271 582 est¹
294 551 306 581 ε
331 553 355 578 «
377 533 565 581 Nemini
589 529 857 597 quidquam
879 529 1110 593 debeatis,
1137 540 1228 578 etc.
1255 535 1430 580 Pacem
1453 532 1571 591 vult,
1599 551 1622 578 »
1650 532 1823 597 inquit,
1855 552 1878 577 «
1894 551 1983 581 nos
2008 534 2205 594 habere,
2234 533 2338 582 fieri

179 615 219 663 si
260 623 444 681 potest,
476 630 589 662 cum
625 612 874 672 omnibus;
909 611 1220 659 dilectionem
1262 629 1378 660 vero
1421 630 1535 660 cum
1574 613 1816 661 fratribus.
1861 616 1917 660 Et
1963 614 2057 661 hoc
2094 617 2180 663 erit
2216 615 2336 662 nulli

177 695 445 761 quidquam
470 694 666 756 debere,
696 693 955 758 unicuique
978 708 1068 758 pro
1091 693 1203 740 loco
1228 709 1318 740 suo
1345 693 1560 742 officium
1588 694 1833 742 exhibere.
1857 714 1880 738 »
1899 697 2018 742 Item
2040 696 2159 744 infra
2179 715 2189 743 :
2211 717 2233 740 «
2258 697 2337 742 Di-

175 775 320 824 lectio
339 776 552 841 proximi
568 775 750 823 malum
767 791 865 822 non
887 784 1133 840 operatur.
1154 774 1334 822 Malum
1354 792 1454 823 non
1477 785 1724 842 operatur,
1746 776 1859 840 quia
1877 774 2009 823 bona
2032 786 2102 823 est
2121 777 2332 834 dilectio,

176 873 267 906 nec
295 859 486 923 peccari
513 866 675 923 potest
705 873 792 922 per
818 854 968 918 illam,
997 873 1103 921 quae
1131 855 1247 922 legis
1275 855 1507 922 perfectio
1532 866 1620 905 est.
1653 856 1748 904 Sed
1778 857 1891 921 quia
1916 866 2136 923 tempore
2162 858 2337 906 Christi

176 937 289 987 addi
311 938 495 1004 aliquid
518 938 752 1004 oportuit,
779 953 878 985 non
900 936 1059 985 solum
1081 938 1348 1002 proximos,
1374 937 1460 985 sed
1480 939 1623 986 etiam
1640 939 1863 986 inimicos
1886 938 2019 1003 diligi
2042 948 2336 1004 praeceptum

176 1028 263 1066 est.
293 1019 434 1067 Unde
458 1018 710 1085 plenitudo
734 1018 848 1082 legis
888 1018 1082 1067 dilectio
1121 1028 1215 1080 est,
1258 1028 1311 1067 ut
1341 1019 1523 1083 justitia
1546 1020 1604 1067 sit
1629 1019 1828 1084 diligere
1858 1020 2154 1085 proximum,
2182 1019 2336 1067 abun-

177 1097 299 1147 dans
343 1115 460 1148 vero
499 1110 547 1147 et
587 1099 797 1166 perfecta
832 1099 1017 1164 justitia
1059 1100 1204 1148 etiam
1245 1100 1470 1147 inimicos
1508 1099 1723 1165 diligere.
1767 1103 1878 1148 Haec
1923 1100 2127 1149 coelestis
2153 1101 2337 1165 justitia

174 1190 262 1241 est,
292 1180 394 1229 haec
417 1183 522 1229 Deo
549 1182 678 1230 Patri
699 1181 876 1230 similes
897 1180 1025 1243 facit,
1055 1182 1140 1247 qui
1165 1191 1214 1230 et
1242 1198 1342 1229 non
1366 1181 1639 1229 colentibus
1658 1199 1708 1229 se
1727 1198 1890 1230 annua
1914 1181 2046 1230 dona
2069 1182 2284 1246 largitur.
2308 1202 2331 1227 »

175 1263 272 1310 Nec
304 1279 397 1311 nos
428 1263 542 1312 latet
561 1264 798 1330 plurimos
823 1265 1114 1310 Sanctorum
1144 1265 1343 1311 Patrum
1373 1264 1424 1310 in
1454 1263 1561 1329 ipso
1586 1262 1648 1311 de
1670 1263 1930 1314 dilectione
1960 1263 2169 1329 proximi
2200 1280 2337 1312 man-

174 1341 289 1391 dato
322 1359 521 1392 omnem
549 1345 801 1394 hominem
830 1345 1109 1410 proximum
1127 1344 1409 1409 intelligere,
1435 1354 1581 1409 atque
1608 1344 1659 1392 id
1684 1343 2022 1392 verisimilibus
2046 1344 2336 1392 confirmare

89 1434 94 1438 ”
172 1425 458 1474 rationibus.
483 1426 621 1474 Unde
643 1427 932 1492 Augustinus
955 1426 1018 1474 de
1039 1425 1259 1473 doctrina
1279 1426 1576 1486 Christiana,
1603 1426 1685 1473 lib.
1714 1428 1756 1473 1²
1778 1444 1788 1474 :
1820 1446 1843 1470 «
1867 1429 2041 1474 Utrum
2059 1426 2122 1474 ad
2140 1426 2220 1474 illa
2235 1426 2335 1473 duo

171 1516 410 1572 praecepta
443 1516 491 1555 et
529 1507 722 1556 dilectio
763 1506 1055 1572 Angelorum
1091 1508 1358 1574 pertineat,
1395 1508 1545 1572 quaeri
1590 1517 1766 1573 potest.
1808 1509 1932 1555 Nam
1969 1507 2105 1572 quod
2146 1507 2335 1555 nullum

171 1583 427 1635 hominem
457 1589 699 1654 exceperit
722 1588 805 1654 qui
830 1589 1054 1655 praecepit
1077 1598 1131 1636 ut
1155 1589 1435 1655 proximum
1463 1588 1734 1653 diligamus,
1763 1597 1811 1636 et
1831 1588 2069 1636 Dominus
2092 1588 2303 1635 ostendit
2320 1624 2332 1648 ,

171 1676 219 1714 et
252 1668 428 1716 Paulus
456 1669 731 1735 Apostolus.
758 1688 781 1714 »
806 1672 958 1717 Item:
985 1689 1007 1716 «
1036 1673 1146 1717 Duo
1179 1679 1417 1736 praecepta
1447 1669 1740 1735 protulerat,
1767 1679 1911 1734 atque
1940 1669 1990 1716 in
2024 1669 2092 1716 eis
2124 1668 2337 1734 pendere

172 1756 321 1796 totam
348 1748 504 1813 legem
528 1760 577 1798 et
599 1750 866 1817 Prophetas
895 1750 1096 1799 dixerat.
1121 1771 1145 1795 J>
1171 1753 1292 1799 Item
1317 1769 1329 1799 ε
1360 1770 1384 1797 «
1408 1751 1650 1798 Dominus
1675 1751 1740 1798 ait
1756 1751 1770 1775 ³
1790 1768 1800 1796 z
1834 1769 1858 1795 «
1875 1748 2011 1797 Vade
2036 1758 2084 1797 et
2112 1749 2186 1797 fac
2207 1749 2337 1796 simi·

173 1846 198 1873 «
223 1827 349 1888 liter,
377 1849 401 1874 »
426 1839 482 1877 ut
503 1830 724 1879 videlicet
746 1848 861 1879 eum
884 1849 986 1880 esse
1010 1833 1288 1898 proximum
1310 1831 1659 1897 intelligamus,
1688 1832 1767 1879 cui
1799 1831 1877 1879 vel
1901 1829 2232 1878 exhibendum
2268 1840 2339 1878 est

172 1907 386 1958 officium
418 1911 761 1960 misericordiae
784 1913 821 1960 si
855 1912 1060 1979 indiget,
1094 1913 1172 1961 vel
1195 1912 1527 1961 exhibendum
1550 1922 1675 1961 esset
1702 1913 1740 1961 si
1763 1912 2020 1977 indigeret.
2050 1916 2120 1959 Ex
2145 1929 2244 1976 quo
2268 1921 2339 1958 est

164 1990 266 2053 jam
292 2007 614 2057 consequens,
641 2003 695 2041 ut
718 2003 765 2042 et
784 1993 864 2041 ille
892 2011 919 2042 a
946 2010 1046 2059 quo
1077 1993 1220 2042 nobis
1249 1994 1347 2043 hoc
1366 1994 1578 2043 vicissim
1604 1993 1939 2042 exhibendum
1966 2002 2053 2051 est,
2090 1993 2337 2058 proximus

170 2070 230 2117 sit
257 2082 438 2121 noster.
465 2074 676 2122 Proximi
716 2076 850 2123 enim
882 2091 1065 2123 nomen
1102 2075 1165 2123 ad
1197 2076 1382 2141 aliquid
1416 2087 1503 2124 est.
1541 2079 1639 2123 Nec
1669 2075 1926 2140 quisquam
1959 2090 2062 2121 esse
2089 2073 2338 2139 proximus

169 2152 262 2200 nisi
279 2154 504 2218 proximo
519 2165 696 2221 potest.
715 2159 882 2204 ›i-Item
901 2174 910 2203 :
931 2177 954 2201 ε(
978 2157 1151 2204 Paulus
1167 2157 1334 2205 ἀίοὶϋε
1355 2177 1378 2203 «
1400 2159 1519 2207 Nam
1542 2174 1643 2205 non
1665 2142 1978 2215 adulterabis,
2002 2172 2103 2203 non
2128 2155 2336 2202 homici-

175 2252 199 2278 «
220 2233 355 2283 dium
370 2235 532 2299 facies,
546 2252 648 2285 non
668 2236 850 2284 furtum
866 2236 1027 2296 facies,
1046 2254 1147 2286 non
1165 2239 1498 2305 concupisces,
1517 2247 1564 2286 et
1580 2239 1620 2286 si
1638 2238 1772 2303 quod
1791 2247 1862 2286 est
1883 2237 2014 2285 aliud
2030 2235 2333 2296 mandatum,

175 2333 197 2357 α
225 2314 275 2362 in
301 2315 398 2364 hoc
426 2333 652 2366 sermone
687 2318 1031 2384 recapitulatur
1063 2336 1075 2366 z
1109 2319 1287 2386 Diliges
1314 2321 1595 2386 proximum
1623 2328 1763 2367 tuum
1793 2328 2027 2383 tanquam
2061 2317 2284 2383 teipsum.
2309 2334 2332 2358 »

169 2395 290 2442 Item
317 2413 328 2443 ε
362 2415 386 2442 «
406 2398 635 2464 Quisquis
668 2415 784 2464 ergo
811 2399 1073 2448 arbitratur
1103 2417 1206 2449 non
1229 2401 1292 2449 de
1317 2402 1455 2449 omni
1488 2400 1692 2448 homine
1717 2399 2002 2466 Apostolum
2028 2398 2333 2464 praecepisse,

169 2477 357 2541 cogitur
379 2477 535 2543 fateri,
558 2480 694 2544 quod
707 2480 1098 2530 scelestissimum
1118 2492 1206 2546 est,
1227 2483 1385 2531 visum
1409 2482 1552 2530 fuisse
1571 2477 1805 2548 Apostolo
1825 2497 1928 2528 non
1947 2496 2050 2528 esse
2061 2487 2331 2545 peccatum,

169 2555 208 2602 si
230 2558 339 2622 quis
366 2570 450 2607 aut
479 2577 579 2609 non
605 2561 866 2611 Christiani
893 2572 978 2611 aut
1007 2563 1190 2612 inimici
1212 2562 1556 2612 adulteraverit
1588 2580 1808 2624 uxorem,
1836 2571 1926 2610 etc.
1951 2580 1973 2607 »
1998 2564 2120 2607 Item
2144 2577 2154 2606 ε
2188 2579 2210 2602 α
2231 2560 2335 2606 Jam

168 2653 284 2685 vero
304 2640 344 2686 si
365 2641 442 2688 vel
460 2643 536 2689 cui
559 2643 897 2709 praebendum,
922 2645 1001 2693 vel
1020 2659 1050 2693 a
1069 2661 1169 2710 quo
1187 2661 1216 2693 a
1237 2645 1381 2693 nobis
1400 2633 1721 2711 praebendum
1740 2643 1956 2691 officium
1975 2638 2331 2698 misericordiae,

169 2727 300 2766 recte
331 2722 581 2788 proximus
603 2724 802 2786 dicitur;
842 2726 1154 2774 manifestum
1183 2736 1256 2774 est
1284 2726 1382 2773 hoc
1410 2734 1724 2791 praeceptum,
1750 2741 1850 2789 quo
1879 2723 2109 2788 jubemur
2139 2719 2336 2783 diligere

169 2800 465 2863 proximum,
505 2813 554 2852 et
590 2815 783 2853 sanctos
820 2806 1026 2870 Angelos
1061 2807 1336 2866 continere,
1363 2821 1392 2854 a
1426 2806 1605 2871 quibus
1641 2814 1777 2853 tanta
1812 2803 1956 2852 nobis
1996 2799 2335 2850 misericordiae

169 2879 522 2946 impenduntur
570 2885 747 2934 officia.
774 2906 797 2929 >³
837 2889 948 2933 Haec
994 2886 1195 2951 quidem
1233 2886 1585 2951 diligentissimi
1629 2885 1845 2936 doctoris
1894 2884 2045 2932 nostri
2086 2881 2336 2946 Augustini

169 2959 340 3024 verba,
370 2964 574 3013 omnino
608 2966 900 3015 convincere
933 2967 1163 3015 videntur
1186 2967 1464 3034 proximum
1488 2967 1539 3014 in
1563 2967 1667 3032 lege
1692 2982 1889 3014 omnem
1918 2964 2171 3013 hominem
2195 2960 2335 3010 intel·

171 3038 436 3104 ligendum.
469 3044 695 3110 Alioquin
719 3063 809 3113 per
835 3048 1047 3114 proximi
1073 3047 1384 3097 dilectionem
1417 3064 1727 3114 nequaquam
1751 3046 1941 3114 impleri
1970 3046 2046 3094 lex
2067 3043 2330 3102 videretur,

217 3248 226 3268 ¹
249 3248 354 3292 opp„
370 3255 396 3284 t.
407 3250 461 3340 31,
477 3253 511 3285 in
528 3252 733 3296 ,appendice
748 3254 804 3288 rol.
824 3257 866 3290 99
881 3260 915 3290 et
930 3257 1056 3291 100³—
1073 3256 1175 3299 ²cap.
1194 3262 1271 3298 xxx,
1291 3257 1398 3300 opp„
1416 3262 1440 3290 t.
1459 3256 1520 3299 111,
1535 3243 1600 3290 cdl.
1618 3258 1717 3291 34.—-
1736 3254 1838 3290 ³Lue.
1852 3280 1860 3296 ,
1876 3263 1950 3297 cap.
1969 3262 2006 3296 x,
2019 3262 2051 3287 v.
2070 3255 2122 3287 37.
2139 3269 2178 3276 -
2198 3252 2206 3272 ⁴
2223 3250 2335 3290 Rom„

174 3309 246 3343 cap.
263 3311 335 3344 xm,
358 3313 388 3339 v.
431 3329 439 3338 .
