2638 3866
823 160 1220 210 INTRODUCTlo
1258 162 1339 210 AD
1374 160 1787 209 THEOLOGIAM.
2295 164 2388 211 139

231 267 393 314 latere.
411 263 551 312 Unde
573 272 622 312 et
644 264 730 311 Dei
751 262 911 325 Filius,
933 263 1020 311 Dei
1041 263 1208 326 virtus,
1233 274 1281 312 et
1299 265 1388 312 Dei
1408 262 1642 330 sapientia
1664 263 1855 325 dicitur,
1876 263 1971 312 hoc
1988 273 2076 324 est,
2097 280 2154 312 ea
2175 265 2245 313 vis
2269 266 2389 314 divi-

230 363 302 395 noe
320 346 566 413 potentiae‚
591 360 688 411 qua
711 353 886 394 cuncta
904 345 1044 412 sapit,
1060 344 1156 393 hoc
1179 355 1252 394 est
1269 346 1503 394 veraciter
1526 344 1774 407 discernit,
1798 355 1850 393 ut
1868 346 1918 393 in
1945 344 2100 407 nullo,
2127 355 2181 394 ut
2203 346 2388 396 dictum

229 438 324 488 est,
349 443 509 475 errare
541 427 713 493 possit,
743 443 833 475 nec
861 426 1128 492 quidquam
1160 427 1262 492 ejus
1299 427 1534 475 obsistere
1565 436 1710 490 queat
1745 428 2028 491 cognitioni.
2058 430 2169 476 Haec
2191 429 2387 494 quidem

228 509 331 573 ejus
354 509 525 557 notitia
547 508 646 557 sive
669 508 867 557 scientia
884 524 1021 574 aeque
1043 508 1205 557 futura
1222 547 1234 571 ,
1267 509 1390 557 sicut
1427 508 1679 575 praesentia
1705 508 1778 556 vel
1805 510 2040 574 praeterita
2064 510 2390 577 comprehen-

229 589 325 652 dit;
348 600 396 638 et
420 607 558 655 aeque
581 589 642 638 de
666 589 743 637 his
766 590 891 639 sicut
911 589 974 638 de
1003 589 1095 638 illis
1124 595 1256 638 certa
1284 606 1477 656 semper
1506 588 1687 647 existit,
1716 598 1761 636 et
1792 606 1900 655 quae
1929 591 2092 639 adhuc
2115 601 2297 640 naturae
2319 595 2389 641 in-

228 673 424 736 cognita
447 673 546 720 sive
569 671 767 720 fortuita
801 671 1061 733 dicuntur,
1087 673 1132 720 ei
1150 672 1252 737 jam
1288 673 1484 738 penitus
1522 681 1653 720 certa
1682 681 1792 719 sunt
1817 687 1873 719 ac
1904 672 2237 722 determinata.
2263 674 2389 722 Nihil

229 754 408 820 quippe
423 754 514 822 nisi
537 770 595 801 ex
618 753 791 802 divinae
809 754 1137 820 dispositionis
1157 753 1464 802 ordinatione
1484 753 1766 818 contingere
1782 763 1957 819 potest.
1979 754 2109 802 Sicut
2129 772 2244 820 ergo
2262 758 2391 805 Deus

229 834 362 900 quod
389 834 450 882 de
481 834 644 883 futuro
676 834 968 901 praeordinat
992 836 1217 900 ignorare
1239 851 1340 883 non
1370 845 1550 901 potest,
1577 835 1641 884 ita
1665 851 1755 883 nec
1777 851 1947 883 eorum
1970 845 2201 884 eventum
2235 847 2387 903 potest

232 932 330 963 non
350 916 587 982 praescire.
609 919 727 976 Quae
750 918 894 982 igitur
910 934 1021 966 casu
1035 954 1048 979 ,
1066 925 1302 983 quantum
1323 917 1386 966 ad
1409 926 1624 966 nostram
1644 916 2003 979 certitudinem,
2022 916 2129 965 fieri
2145 917 2389 977 dicuntur,

230 1007 276 1045 et
299 1013 401 1045 non
425 1014 483 1046 ex
499 997 654 1046 libero
685 999 940 1065 provenire
964 999 1189 1059 arbitrio,
1216 1008 1454 1063 quantum
1474 998 1535 1047 ad
1558 999 1718 1065 ipsum
1741 1015 1833 1047 nec
1854 1015 1967 1047 casu
1994 1015 2089 1047 nec
2112 1000 2214 1048 sine
2238 999 2393 1048 libero

229 1079 519 1143 contingunt
542 1078 759 1129 arbitriO.
777 1084 899 1129 Cum
923 1082 1055 1130 enim
1077 1098 1243 1130 casum
1266 1080 1548 1147 philosophi
1570 1080 1898 1130 describentes
1919 1081 2093 1130 dicunt
2114 1100 2124 1129 ε
2157 1084 2305 1130 Casus
2325 1092 2396 1130 est

229 1161 509 1226 inopinatus
553 1162 622 1209 rei
663 1172 886 1229 eventus,
918 1180 977 1212 ex
1005 1162 1365 1212 confluentibus
1395 1163 1551 1211 causis
1578 1172 1780 1229 propter
1811 1162 1942 1211 aliud
1970 1163 2194 1229 incoeptis
2221 1179 2396 1230 prove-

230 1242 391 1302 niens,
417 1241 721 1308 inopinatum
744 1253 983 1309 quantum
1015 1244 1078 1293 ad
1111 1261 1202 1292 nos
1230 1244 1305 1292 vel
1328 1252 1657 1292 creaturarum
1696 1254 1921 1293 naturam
1961 1244 2267 1310 intelligunt,
2297 1262 2395 1293 non

229 1332 466 1386 quantum
489 1323 550 1372 ad
573 1323 748 1373 divinae
769 1325 1087 1392 providentiae
1112 1325 1497 1391 dispositionem.
1524 1325 1635 1373 Tale
1654 1326 1836 1392 quippe
1858 1335 1930 1374 est
1961 1342 2017 1374 ac
2058 1326 2096 1374 si
2123 1326 2364 1374 diceretur
2383 1346 2391 1372 :

230 1404 373 1461 Quod
401 1420 515 1453 casu
534 1407 719 1469 evenit,
746 1408 809 1455 ita
834 1408 1095 1472 contingit,
1123 1414 1177 1455 ut
1198 1423 1255 1454 ex
1281 1405 1414 1454 nulla
1435 1407 1734 1454 institutione
1759 1417 1939 1455 naturae
1959 1423 2265 1473 praenoscere
2284 1424 2397 1474 pos-

229 1500 390 1533 semus
420 1485 555 1551 quod
587 1486 803 1536 futurum
827 1498 966 1536 esset.
992 1492 1114 1537 Nam
1142 1498 1190 1536 et
1212 1489 1251 1536 si
1273 1488 1472 1554 eclipses
1503 1487 1617 1536 solis
1646 1487 1719 1536 vel
1748 1489 1874 1536 lunae
1903 1498 2075 1554 praeter
2114 1490 2397 1554 opinionem

231 1576 446 1614 nostram
482 1568 652 1634 saepius
678 1569 920 1629 accidant,
948 1569 1230 1618 naturaliter
1263 1579 1426 1617 tamen
1457 1569 1582 1631 haec,
1609 1586 1711 1617 non
1742 1569 1944 1616 fortuitu
1969 1569 2125 1630 fiunt3
2155 1579 2203 1617 et
2237 1571 2287 1617 in
2328 1588 2399 1618 re·

231 1663 339 1694 rum
353 1647 601 1714 praefixum
617 1660 687 1698 est
703 1650 1030 1712 institutione,
1047 1650 1177 1698 unde
1198 1650 1301 1697 haec
1323 1650 1445 1698 scire
1460 1667 1730 1716 possemus.
1753 1653 1811 1698 At
1825 1666 1940 1698 vero
1963 1667 2076 1698 cum
2099 1651 2208 1716 quis
2230 1667 2398 1715 agrum

231 1726 419 1776 fodiens
438 1740 639 1796 propter
655 1732 1014 1795 agriculturam,
1035 1731 1317 1780 thesaurum
1338 1731 1542 1792 invenit,
1565 1741 1612 1779 et
1628 1730 1730 1779 haec
1746 1732 1964 1780 inventio
1987 1731 2182 1780 fortuita
2202 1732 2395 1781 dicitur.

230 1811 365 1857 Hanc
381 1811 562 1877 quippe
578 1828 632 1860 ex
656 1811 858 1862 diversis
874 1814 1046 1876 causis,
1063 1823 1265 1880 propter
1290 1812 1423 1861 aliud
1447 1813 1688 1880 incoeptis,
1710 1814 1989 1878 contingere
2012 1824 2221 1876 constat,
2248 1824 2297 1862 et
2316 1816 2396 1874 ita,

231 1899 284 1936 ut
303 1890 530 1955 diximus,
562 1893 826 1959 inopinate.
856 1897 925 1942 Ex
943 1894 1041 1943 hoc
1066 1895 1196 1943 enim
1221 1894 1358 1960 quod
1388 1894 1641 1943 thesaurus
1663 1894 1732 1942 ibi
1753 1893 2037 1942 reconditus
2058 1894 2168 1957 fuit,
2194 1906 2241 1944 et
2266 1897 2399 1960 quod

231 1971 309 2018 ille
333 1988 501 2036 agrum
524 1972 766 2036 fodiebat,
791 1976 1029 2041 contingit
1052 1975 1334 2024 thesaurum
1352 1976 1576 2024 inveniri.
1599 1975 1670 2023 Ad
1691 1975 1819 2023 hanc
1843 1976 2176 2024 inventionem
2198 1977 2272 2025 hae
2295 1977 2402 2025 duae

231 2069 383 2100 causae
411 2067 775 2118 convenerunt,
801 2058 912 2106 licet
934 2067 1135 2123 propter
1166 2058 1298 2106 aliud
1321 2058 1560 2124 incoeptae.
1588 2060 1755 2122 Neque
1774 2057 1905 2105 enim
1930 2058 2013 2122 qui
2034 2057 2314 2106 thesaurum
2334 2059 2397 2107 ibi

231 2134 521 2197 recondidit,
556 2136 648 2185 hac
670 2138 939 2185 intentione
969 2139 1147 2204 posuit,
1176 2148 1230 2186 ut
1257 2138 1334 2186 ille
1362 2156 1473 2186 eum
1496 2138 1761 2200 inveniret3
1795 2155 1886 2186 nec
1909 2138 1988 2186 ille
2011 2139 2104 2187 hac
2131 2140 2400 2188 intentione

233 2214 473 2277 fodiebat,
502 2227 555 2264 ut
578 2218 860 2267 thesaurum
892 2229 1148 2283 quaereret,
1176 2219 1260 2267 sed
1288 2229 1340 2267 ut
1368 2236 1537 2285 agrum
1563 2219 1760 2267 coleret.
1789 2223 2015 2285 Utraeque
2039 2220 2202 2285 itaque
2226 2238 2396 2282 causae,

232 2311 288 2341 ex
313 2296 490 2360 quibus
516 2297 596 2345 illa
628 2299 847 2346 inventio
871 2300 1110 2364 contingit
1128 2338 1140 2362 ,
1168 2301 1229 2348 ad
1253 2300 1386 2349 aliud
1416 2300 1719 2367 spectabant3
1748 2300 1957 2365 ideoque
1980 2317 2095 2349 casu
2118 2302 2279 2367 potius
2299 2304 2400 2368 ipsa

232 2391 380 2439 quam
407 2394 464 2424 ex
501 2378 658 2426 libero
693 2379 892 2427 arbitrio
924 2381 1165 2446 provenit.
1204 2385 1256 2428 In
1293 2381 1447 2429 libero
1469 2382 1651 2448 quippe
1674 2380 1874 2430 arbitrio
1891 2418 1903 2441 ,
1933 2382 2036 2446 ejus
2060 2382 2128 2429 rei
2157 2399 2264 2447 quae
2285 2383 2399 2430 inde

231 2458 491 2524 contingit,
517 2460 721 2509 intentio
739 2461 989 2527 praecedit,
1017 2461 1164 2509 veluti
1186 2463 1225 2510 si
1245 2462 1509 2511 deliberem
1535 2463 1605 2510 ire
1629 2462 1692 2511 ad
1715 2461 1975 2510 Ecclesiam
1993 2472 2038 2510 et
2058 2463 2121 2510 ita
2145 2480 2393 2528 exsequar,

232 2553 290 2583 ex
315 2537 533 2587 libertate
569 2540 754 2589 arbitrii
778 2543 873 2590 mei
902 2543 952 2591 id
977 2543 1112 2609 quod
1136 2543 1449 2591 intendebam
1473 2543 1698 2609 perficio3
1725 2543 1935 2608 ideoque
1958 2542 2008 2590 id
2029 2559 2127 2590 non
2156 2554 2254 2591 tam
2285 2560 2396 2592 casu

233 2634 379 2681 quam
404 2622 590 2669 ratione
621 2621 724 2670 fieri
753 2623 1019 2672 dicendum
1047 2634 1136 2672 est.
1164 2628 1398 2672 Neutrum
1428 2634 1588 2671 tamen
1624 2623 1801 2671 horum
1833 2623 2113 2671 naturaliter
2135 2625 2396 2690 contingit,

235 2698 315 2745 sed
343 2710 604 2763 utrumque
628 2703 808 2769 pariter
827 2721 884 2753 ex
907 2705 1066 2770 aliqua
1093 2713 1258 2753 nostra
1280 2705 1558 2765 voluntate,
1586 2721 1688 2751 non
1713 2720 1771 2751 ex
1800 2703 1962 2768 aliqua
1991 2703 2290 2753 institutione
2320 2723 2400 2755 na-

236 2789 352 2827 turae
375 2781 437 2828 ad
460 2781 557 2830 hoc
579 2801 670 2831 nos
689 2786 1010 2851 compellente
1024 2823 1036 2847 ,
1061 2796 1113 2833 ut
1133 2787 1282 2850 magis
1301 2786 1398 2833 hoc
1420 2785 1751 2833 voluntarium
1783 2801 1933 2849 quam
1965 2786 2290 2834 necessarium
2326 2788 2399 2835 di-

235 2870 385 2907 catur.
423 2854 650 2911 Liberum
687 2874 848 2913 autem
887 2866 1141 2914 arbitrium
1178 2865 1463 2914 definientes
1502 2864 1782 2931 philosophi
1815 2865 2066 2924 dixerunt,
2102 2866 2310 2915 liberum
2338 2869 2398 2916 de

238 2940 484 2990 voluntate
504 2943 761 3008 judicium.
791 2946 1054 2994 Arbitrium
1076 2948 1256 3014 quippe
1281 2956 1352 2995 est
1375 2947 1478 3012 ipsa
1500 2945 1784 2994 deliberatio
1808 2947 1906 2995 sive
1925 2946 2207 3011 dijudicatio
2229 2950 2395 3009 animi,

236 3038 332 3086 qua
367 3040 416 3071 se
449 3024 633 3091 aliquid
658 3026 812 3075 facere
835 3029 911 3076 vel
933 3028 1174 3077 dimittere
1204 3027 1406 3094 quilibet
1429 3027 1677 3094 proponit.
1702 3031 1821 3087 Quae
1850 3037 1967 3076 tunc
1993 3028 2192 3094 quidem
2221 3030 2398 3095 dijudi-

237 3104 364 3151 catio
378 3097 529 3165 libera
543 3117 631 3169 est,
650 3124 761 3156 cum
778 3108 839 3156 ad
861 3109 957 3158 hoc
975 3110 1109 3175 quod
1125 3110 1431 3177 proposuerit
1450 3109 1831 3173 exsequendum,
1859 3109 1991 3158 nulla
2008 3110 2055 3157 vi
2072 3120 2253 3159 naturae
2265 3128 2397 3159 com-

238 3183 431 3247 pellitur
447 3224 459 3247 ,
490 3188 574 3235 sed
600 3206 735 3255 aeque
758 3190 807 3236 in
841 3207 926 3238 sua
952 3201 1186 3257 potestate
1217 3191 1366 3239 habet
1390 3201 1489 3238 tam
1514 3189 1633 3237 illud
1658 3190 1813 3238 facere
1841 3206 1987 3256 quam
2024 3190 2279 3239 dimittere.
2306 3191 2397 3238 Ubi

239 3280 351 3327 ergo
369 3268 491 3314 ratio
506 3270 655 3316 animi
672 3287 772 3317 non
793 3282 878 3331 est,
901 3289 988 3337 per
1007 3289 1151 3336 quam
1173 3273 1299 3321 aliud
1327 3271 1583 3320 deliberari
1603 3272 1755 3336 possit
1777 3282 1824 3319 et
1847 3270 2118 3336 dijudicari,
2137 3288 2197 3320 an
2222 3273 2397 3320 facien-
