2638 3866
835 182 1218 232 INTRODUCTIO
1253 183 1336 231 AD
1370 185 1404 230 T
1407 185 1766 235 HEOLOGIAM.
2308 194 2372 240 79

224 287 337 332 est¹:
363 304 385 327 «
400 284 496 342 Qui
509 282 662 331 credit
679 283 795 343 cit0‚
814 283 930 331 levis
946 293 1016 331 est
1034 283 1200 345 corde,
1220 294 1267 332 et
1287 284 1664 334 minorabitur.»
1684 288 1792 335 Cito
1810 298 1973 336 autem
1995 289 2094 336 sive
2109 289 2244 337 facile
2267 308 2367 339 cre-

222 364 309 424 dit,
333 363 417 429 qui
439 362 694 411 indiscrete
715 373 860 429 atque
885 362 1154 430 improvide
1178 363 1253 412 his
1274 381 1381 430 quae
1407 364 1577 413 dicunt
1597 368 1729 431 prius
1754 369 2031 434 acquiescit,
2050 385 2196 434 quam
2210 369 2305 418 hoc
2328 375 2370 419 ei

221 443 357 509 quod
375 442 694 510 persuadetur
709 445 872 508 ignota
891 444 1097 504 ratione,
1120 454 1355 508 quantum
1379 445 1528 503 valet,
1552 444 1799 509 discutiat,
1819 465 1881 497 an
1901 448 2081 497 scilicet
2096 449 2315 498 adhiberi
2327 454 2369 498 ei

222 523 368 572 fidem
381 524 674 573 conveniat².
686 524 832 583 Quod
844 525 990 573 etiam
1005 524 1259 588 diligenter
1278 524 1448 573 beatus
1469 542 1675 591 pensans
1701 528 2040 594 Hieronymus,
2066 546 2181 577 cum
2198 540 2369 578 sanctae

221 604 451 653 Marcellae
481 604 696 653 studium
727 615 774 653 et
808 604 1150 654 discretionem
1179 597 1569 668 commendaret,
1593 606 1681 654 lib.
1710 610 1748 667 Ι,
1782 610 1834 655 in
1857 609 2123 673 Epzlrtolam
2146 610 2295 658 Pauli
2308 615 2374 657 ad

223 685 439 743 Galatas,
460 686 526 733 ita
542 686 789 734 meminit⁸
809 704 818 734 :
847 706 869 731 α
887 686 998 734 Scio
1017 684 1244 751 equidem
1269 686 1492 757 ardorem
1512 686 1631 750 erS‚
1654 688 1754 735 scio
1771 687 1934 750 fidem,
1957 706 2106 754 quam
2126 691 2370 739 flammam

220 764 394 813 habeat
414 766 465 813 in
491 775 686 831 pectore
709 782 938 832 superare
962 782 1149 829 sexum,
1175 766 1394 815 oblivisci
1417 767 1658 826 homines,
1692 778 1739 816 et
1769 767 2045 817 divinorum
2067 769 2370 820 voluminum

220 856 452 912 tympano
470 856 812 912 concrepante,
837 847 1042 895 rubrum
1065 846 1210 912 hujus
1236 847 1394 896 saeculi
1419 864 1552 897 mare
1572 848 1898 897 transfretare.
1923 851 2062 898 Certe
2080 866 2192 898 cum
2211 852 2371 899 Romae

219 942 390 988 essem,
412 941 668 993 nunquam
691 932 789 976 tam
813 927 984 977 festina
1006 943 1084 976 me
1108 927 1250 988 vidit,
1279 938 1332 977 ut
1353 945 1455 976 non
1478 928 1542 977 de
1558 929 2011 995 Scripturisaliquid
2035 931 2366 994 interrogaret.

220 1009 383 1072 Neque
402 1008 536 1056 enim
559 996 698 1057 more·
712 1008 1049 1075 Pythagorico,
1075 1009 1315 1075 quidquid
1334 1010 1696 1075 respondebam
1711 1021 1905 1059 rectum
1918 1011 2135 1077 putabat,
2162 1028 2252 1059 nec
2270 1013 2371 1059 sine

218 1088 404 1137 ratione
443 1089 754 1155 praejudicata
783 1089 916 1156 apud
957 1106 1066 1139 eam
1106 1089 1294 1139 valebat
1339 1091 1621 1153 auctoritas,
1657 1091 1742 1140 sed
1766 1092 2070 1140 examinabat
2089 1093 2256 1140 omnia
2273 1130 2285 1153 ,
2327 1103 2371 1140 et

217 1169 374 1232 sagaci
411 1178 573 1218 mente
607 1171 830 1219 universa
852 1169 1105 1236 pensabat,
1141 1180 1195 1218 ut
1217 1186 1296 1218 me
1321 1172 1554 1219 sentirem·
1583 1187 1685 1219 non
1713 1182 1812 1220 tam
1851 1172 2135 1237 discipulam
2169 1171 2366 1233 habere,

217 1264 364 1312 quam
378 1247 617 1313 judicem.
642 1271 665 1294 >³
695 1254 834 1299 Nunc
858 1267 977 1299 vero
1005 1268 1032 1299 e
1054 1260 1227 1299 contra
1253 1251 1449 1317 plurimi
1483 1251 1709 1299 solatium
1734 1269 1829 1299 suae
1851 1253 2102 1318 imperitiae
2125 1263 2366 1317 quaerunt,

218 1337 271 1375 ut
291 1344 404 1376 cum
426 1346 483 1377 ea
501 1329 562 1377 de
586 1329 682 1380 fide
704 1329 880 1379 docere
903 1331 1141 1392 nituntur,
1169 1348 1277 1397 quae
1308 1342 1360 1380 ut
1383 1332 1528 1379 etiam
1561 1331 1762 1396 intelligi
1786 1333 1988 1398 possint,
2018 1332 2248 1380 disserere
2268 1349 2367 1379 non

216 1407 477 1469 sufficiunt,
504 1410 639 1458 illum
665 1412 874 1459 maxime
892 1411 1006 1460 fidei
1030 1411 1272 1460 fervorem
1292 1413 1639 1460 commendent
1661 1413 1745 1477 qui
1765 1429 1822 1460 ea
1844 1429 1950 1476 quae
1969 1413 2208 1470 dicantur,
2235 1423 2367 1460 ante-

216 1503 363 1552 quam
381 1489 631 1554 intelligat,
651 1491 823 1553 credit,
845 1501 894 1539 et
911 1492 1047 1557 prius
1069 1492 1145 1539 his
1167 1493 1363 1548 assentit
1376 1508 1432 1540 ac
1454 1493 1643 1558 recipit,
1670 1508 1818 1557 quam
1838 1510 1946 1558 quae
1963 1494 2066 1559 ipsa
2081 1494 2175 1540 sint
2189 1493 2365 1553 videat,

216 1578 263 1616 et
294 1585 356 1616 an
392 1570 670 1635 recipienda
693 1572 791 1619 sint
812 1583 1062 1636 agnoscat,
1098 1589 1184 1621 seu
1214 1589 1305 1638 pro
1342 1583 1489 1638 captu
1520 1589 1611 1620 suo
1646 1572 1883 1621 discutiat.
1922 1574 2127 1633 Maxime
2164 1585 2281 1620 vero
2321 1574 2367 1620 id

216 1648 521 1714 profitentur,
547 1667 661 1700 cum
683 1668 741 1700 ea
762 1651 1085 1717 praedicantur
1107 1668 1216 1716 quae
1232 1652 1294 1700 ad
1310 1651 1578 1700 divinitatis>
1593 1663 1834 1712 naturam,
1860 1662 1907 1700 et
1928 1653 1990 1701 ad
2017 1662 2191 1700 sanctae
2203 1653 2365 1700 Trini-

167 1730 171 1734 ’
216 1729 322 1777 tatis
336 1730 579 1795 pertinent
589 1730 1072 1798 discretionem‚quae
1095 1733 1288 1798 penitus
1302 1733 1351 1780 in
1362 1731 1455 1780 hac
1477 1733 1576 1781 vita
1588 1749 1688 1780 non
1710 1749 1851 1798 posse
1864 1734 2063 1798 intelligi
2077 1745 2364 1795 asseverant,

214 1808 300 1857 sed
322 1808 418 1857 hoc
440 1810 599 1875 ipsum
623 1811 826 1876 intelligi
849 1813 999 1861 vitam
1021 1812 1192 1861 dicunt
1214 1822 1459 1874 aeternam,
1490 1814 1627 1877 juxta
1649 1814 1771 1862 illud
1793 1815 2043 1862 Veritatis*
2064 1832 2074 1860 :
2108 1833 2132 1858 «
2158 1815 2269 1862 Haec
2298 1826 2367 1862 est

216 1898 377 1938 autem
392 1890 492 1938 vita
515 1900 709 1949 aeterna,
738 1902 792 1940 ut
808 1903 1104 1957 cognoscant
1127 1903 1173 1942 te
1196 1896 1354 1942 Deum
1378 1910 1564 1955 verum,
1588 1905 1635 1942 et
1657 1911 1803 1959 quem
1826 1895 1995 1942 misisti
2015 1897 2181 1942 Jesum·
2202 1894 2366 1942 Chris-

217 1978 335 2017 tum.
356 1991 378 2014 »
399 1972 457 2018 Et
478 1971 704 2019 iterum':
728 1993 750 2016 «
768 1973 1086 2022 Manil'estabo
1100 1975 1170 2022 eis
1193 1975 1450 2039 meipsum.
1470 1993 1495 2019 »
1521 1975 1617 2022 Sed
1631 1976 1847 2040 profecto
1865 1975 1994 2023 aliud
2014 1985 2085 2023 est
2107 1975 2367 2039 intelligere

214 2066 300 2097 seu
322 2049 536 2113 credere,
562 2051 693 2101 aliud
718 2069 1012 2117 cognoscere
1036 2071 1123 2103 seu
1145 2053 1468 2102 manifestare.
1502 2055 1641 2102 Fides
1666 2057 1847 2121 quippe
1872 2055 2048 2103 dicitur
2081 2055 2366 2103 existimatio

215 2147 315 2179 non
341 2133 698 2197 apparentium,
736 2135 950 2199 cognitio
973 2152 1088 2183 vero
1125 2135 1342 2201 ipsarum
1374 2152 1537 2183 rerum
1571 2136 1866 2201 experientia
1899 2153 1985 2201 per
2013 2136 2167 2200 ipsam
2201 2151 2366 2183 earum

215 2212 534 2274 praesentiam.
565 2215 684 2271 Quae
715 2214 918 2279 quidem
953 2215 1054 2263 duo
1083 2218 1136 2263 B.
1166 2217 1430 2280 Gregorius
1467 2215 1715 2281 distinguit
1744 2215 1960 2264 Homile'a
1983 2233 2062 2278 VI,
2094 2215 2178 2263 lib.
2220 2218 2280 2275 11,
2315 2217 2364 2263 in

217 2291 520 2355 Evangelia⁶z
542 2294 772 2358 «Liquet,
793 2295 968 2359 inquit,
993 2296 1107 2360 quia
1121 2293 1242 2343 fides
1254 2295 1446 2344 illarum
1467 2313 1630 2344 rerum
1641 2306 1714 2345 est
1729 2306 2070 2362 argumentum
2093 2312 2200 2360 quae
2218 2313 2360 2361 appa·

215 2385 320 2418 rere
351 2388 451 2420 non
485 2383 704 2438 possunt.
733 2377 850 2433 Quae
879 2376 1010 2423 enim
1041 2386 1154 2424 sunt
1184 2377 1483 2442 apparentia,
1509 2375 1658 2424 fidem
1695 2393 1796 2425 non
1830 2375 2030 2437 habent,
2056 2376 2140 2424 sed
2162 2376 2365 2440 agnitio-

215 2466 344 2499 nem.
376 2472 399 2495 »
438 2454 636 2518 Proprie
660 2472 860 2521 quoque
886 2456 947 2503 de
962 2455 1285 2504 invisibilibus
1301 2456 1568 2505 intellectus
1593 2457 1784 2518 dicitur,
1814 2456 2082 2505 secundum
2105 2456 2239 2521 quod
2259 2457 2364 2521 qui·

215 2530 696 2587 dem‘intellectuales
725 2545 773 2584 et
803 2536 1009 2585 visibiles
1032 2546 1216 2586 naturae
1246 2537 1624 2603 distinguuntur.
1656 2539 1886 2604 Quisquis
1914 2538 2059 2601 etiam
2081 2538 2130 2584 in
2155 2536 2247 2585 hac
2269 2537 2364 2585 vita

215 2627 271 2659 ea
293 2629 398 2677 quae
420 2614 482 2662 de
503 2616 729 2664 Trinitate
759 2616 1004 2679 dicuntur,
1047 2635 1146 2666 non
1180 2635 1323 2684 posse
1346 2619 1545 2683 intelligi
1573 2618 1848 2679 arbitratur,
1888 2618 2106 2684 profecto
2142 2618 2190 2663 in
2229 2616 2362 2664 illum

216 2695 433 2742 Montani
453 2696 664 2745 haeretici
681 2697 857 2746 labitur
879 2716 1114 2761 errorem,
1137 2716 1285 2764 quem
1308 2700 1478 2748 beatus
1498 2700 1736 2749 damnans
1748 2701 2068 2763 Hieronymus
2091 2699 2140 2746 in
2158 2698 2362 2764 prologo

219 2775 682 2825 Commentariorum
715 2781 874 2828 Esaiae
903 2781 1022 2829 ait'¹:
1053 2801 1076 2825 ε(
1103 2785 1268 2844 Neque
1303 2795 1433 2841 vere,
1466 2790 1519 2827 ut
1554 2783 1818 2828 Montanus·
1849 2780 2074 2842 somniat,
2115 2780 2362 2845 Prophetae

216 2855 265 2902 in
291 2858 460 2904 exstasi
483 2868 596 2907 sunt
615 2859 783 2921 locuti,
818 2871 870 2908 ut
897 2863 1139 2910 nescirent
1161 2861 1280 2925 quid
1312 2861 1641 2926 loquerentur,
1669 2870 1718 2909 et
1754 2878 1907 2926 quum
1941 2859 2060 2909 alios
2098 2860 2362 2920 erudirent,

216 2936 307 3000 ipsi
329 2937 610 3001 ignorarent
624 2940 743 3005 quid
761 2941 992 2990 dicerent.
1015 2963 1038 2986 n
1059 2942 1154 2990 Sed
1174 2942 1309 3006 jutxta
1326 2943 1638 2990 Salomonem
1660 2943 1745 3007 qui
1766 2942 1980 3008 loquitur
2000 2943 2051 2990 in
2074 2941 2362 2999 ProverbiiS,

221 3035 244 3061 «
273 3018 473 3083 Sapiens
490 3019 709 3085 intelligit
723 3038 828 3086 quae
849 3023 1066 3087 loquitur
1095 3022 1158 3071 de
1191 3023 1341 3071 corde
1375 3040 1486 3083 suo,
1521 3023 1633 3071 etin
1663 3023 1800 3071 labiis
1832 3024 1930 3071 suis
1966 3023 2183 3090 portabit
2217 3024 2366 3070 scien—

261 3168 400 3211 ¹Eccli.‚
415 3180 489 3213 cap.
505 3181 577 3213 xlx,
598 3183 630 3207 v.
649 3176 682 3208 4.
700 3192 738 3198 -
755 3176 767 3195 ²
783 3176 855 3208 Hoc
871 3177 1084 3217 reprehendit
1112 3176 1249 3210 Bernar-
1329 3177 1432 3219 opp..
1463 3181 1488 3209 t.
1507 3176 1562 3218 lv,
1594 3186 1628 3218 p.
1650 3178 1681 3216 1,
1700 3176 1765 3210 col.
1782 3179 1855 3210 221.
1874 3193 1916 3201 --
1931 3177 1942 3196 ⁴
1957 3175 2066 3218 Joan.,
2089 3186 2161 3218 cap.
2179 3185 2258 3216 xvu,
2281 3185 2311 3208 v.
2332 3158 2363 3209 3.

218 3225 281 3258 dus
302 3224 553 3260 claraevallensis
578 3227 694 3269 abhas,
720 3229 798 3270 quia
828 3230 953 3263 scilicet
980 3239 1048 3265 non
1069 3232 1111 3266 de
1127 3231 1193 3265 nde
1222 3233 1255 3265 in
1327 3232 1394 3256 -⁵
1409 3230 1519 3271 Joan.‚
1537 3240 1608 3272 cap.
1626 3239 1697 3270 xlv,
1713 3241 1745 3262 v.
1761 3232 1815 3265 21.
1834 3249 1871 3254 -
1885 3231 1899 3252 ‘
1911 3230 2007 3264 Hom.
2027 3233 2061 3263 iu
2081 3231 2219 3272 Evangq
2240 3230 2296 3262 lib.
2317 3228 2362 3272 11ι

219 3277 320 3310 neum
336 3278 381 3312 ibi
403 3282 521 3319 agitur.
546 3282 606 3314 sed
630 3283 671 3315 de
697 3288 810 3316 mutua
836 3284 1040 3318 credulitate.
1060 3303 1098 3309 —
1117 3286 1129 3306 ³
1143 3284 1253 3325 Praef„
1330 3286 1419 3318 hom.
1439 3294 1532 3319 xxvn.
1550 3303 1589 3310 —
1605 3287 1615 3306 ⁷
1634 3285 1739 3328 Opp.‚
1756 3290 1781 3318 t.
1799 3285 1861 3329 111,
1880 3294 1915 3326 p.
1931 3287 1960 3325 1,
1976 3286 2039 3318 col.
2058 3289 2087 3319 3.
