2638 3866
813 196 871 245 IN
906 194 1237 242 EPlSTOLAM
1274 195 1353 243 AD
1390 195 1696 244 ROMANOS.
2246 194 2344 242 253

860 549 1151 630 LIBER
1221 549 1513 629 TERTI
1526 548 1665 629 US.

250 792 571 837 «Humanum
597 787 727 836 dico.
751 809 773 831 »
802 786 1120 835 Adhortando
1146 803 1249 847 vos,
1286 795 1339 833 ut
1370 787 1419 833 in
1441 803 1497 834 ea
1526 787 1858 852 perseveretis,
1883 797 1930 835 et
1953 788 2066 852 quia
2094 805 2181 836 vos
2209 789 2343 837 infir-

178 888 286 920 mos
319 871 482 919 adhuc
512 880 558 919 et
591 870 805 919 carnales
842 869 1051 932 intueor,
1093 868 1144 916 id
1174 877 1263 927 est,
1299 885 1485 933 pronos
1521 867 1670 916 relabi
1709 868 1771 916 ad
1809 878 2025 934 peccata,
2065 870 2344 920 humanitus

178 952 318 1001 vobis
336 952 531 1016 loquor,
557 951 608 999 id
630 961 717 1010 est,
744 950 985 999 remissius
1009 966 1155 1016 quam
1174 950 1361 1014 justum
1381 950 1458 1011 sit,
1488 959 1542 997 ut
1567 949 1791 997 videlicet
1816 950 1854 997 si
1889 967 1991 997 non
2016 950 2142 1016 plus,
2176 952 2344 1000 saltem

178 1042 369 1081 tantum
387 1032 617 1081 studeatis
643 1032 842 1098 implere
856 1049 1005 1098 opera
1022 1031 1235 1096 justitiae,
1263 1040 1501 1096 quantum
1527 1030 1773 1078 studuistis
1810 1031 2050 1097 iniquitati
2083 1032 2339 1081 deservire.

179 1116 236 1163 Et
259 1114 355 1162 hoc
379 1125 449 1162 est
472 1113 592 1161 illud
615 1113 896 1161 humanitus
919 1113 1124 1174 dictum,
1155 1121 1396 1178 «propter
1424 1111 1756 1160 infirmitatem
1782 1113 2074 1161 carnalitatis
2101 1130 2291 1176 eorum,
2318 1136 2340 1159 »

177 1194 228 1242 id
263 1205 350 1258 est,
390 1212 537 1261 quam
574 1211 633 1243 ex
668 1194 943 1243 carnalibus
983 1194 1182 1242 trahunt
1217 1192 1482 1252 desideriis,
1520 1193 1657 1258 quod
1696 1193 1855 1240 statim
1892 1193 2111 1259 adjungit
2136 1194 2338 1243 dicens:

180 1294 203 1320 α
228 1276 362 1324 Sicut
383 1277 532 1341 enim.
563 1295 587 1321 »
612 1277 680 1324 Ac
704 1277 746 1324 si
768 1276 950 1324 diceret
978 1294 988 1323 :
1017 1278 1141 1324 Vere
1164 1274 1435 1322 humanum
1467 1274 1608 1323 vobis
1631 1274 1762 1337 dico,
1790 1274 1924 1340 quod
1958 1278 2054 1323 est¹
2089 1275 2338 1339 videlicet,

175 1356 300 1404 sicut
325 1357 442 1405 olim
472 1377 496 1403 «
513 1357 815 1419 exhibuistis,
841 1376 864 1402 »
890 1357 941 1405 id
961 1367 1050 1420 est,
1075 1366 1238 1423 aperte
1263 1366 1406 1422 atque
1420 1356 1730 1422 impudenter
1745 1357 2062 1423 praeparastis,
2088 1356 2343 1405 «membra

176 1447 335 1486 vestra
359 1439 536 1487 servire
558 1439 896 1498 immunditiae,
914 1458 936 1482 >>
966 1438 1017 1485 id
1035 1448 1105 1486 est
1129 1436 1403 1485 carnalibus
1427 1436 1831 1503 turpitudinibus,
1859 1436 2057 1484 luxuriae
2089 1437 2166 1485 vel
2202 1437 2340 1503 gulae,

179 1536 203 1562 «
232 1527 281 1565 et
315 1519 578 1584 iniquitati,
608 1539 631 1565 »
656 1519 706 1567 id
730 1529 802 1568 est
823 1518 1116 1586 spiritalibus
1140 1518 1286 1581 vitiis,
1309 1518 1432 1566 sicut
1459 1528 1530 1566 est
1552 1519 1623 1566 ira
1643 1516 1720 1565 vel
1746 1517 1916 1565 odium
1939 1518 1988 1565 in
2016 1518 2236 1580 alterum,
2260 1536 2345 1567 seu

176 1599 415 1664 cupiditas
440 1602 510 1648 rei
530 1601 722 1649 alienae:
750 1602 860 1659 illis,
887 1602 1105 1666 inquam,
1133 1599 1417 1648 exhibuistis
1440 1600 1616 1647 servire
1634 1598 1696 1646 ad
1715 1599 2021 1664 iniquitatem
2037 1600 2217 1648 scilicet
2235 1618 2345 1667 per-

174 1681 481 1744 petrandam,
505 1691 561 1729 ut
582 1681 805 1730 videlicet
826 1698 1109 1748 perversum
1132 1681 1308 1729 mentis
1344 1679 1636 1728 desiderium
1662 1680 1711 1726 in
1737 1679 1964 1728 effectum
1993 1680 2250 1742 duceretis,
2281 1684 2347 1731 ita

174 1771 439 1826 praeparate
461 1779 593 1810 nunc
611 1762 692 1810 illa
718 1763 937 1811 «servire
956 1762 1169 1827 justitiae,
1190 1781 1212 1806 »
1226 1760 1278 1808 id
1291 1770 1362 1809 est
1369 1761 1510 1826 justis
1524 1760 1772 1809 desideriis
1791 1781 1814 1804 «
1832 1761 1881 1808 in
1898 1761 2298 1824 sanctificatione,
2320 1782 2342 1809 n

172 1839 224 1888 id
248 1851 336 1901 est,
364 1843 414 1889 in
438 1842 663 1892 effectum
690 1844 843 1892 sancti
862 1844 1041 1911 operis.
1065 1843 1161 1903 Qui
1185 1859 1286 1890 non
1306 1852 1407 1890 tam
1425 1859 1483 1891 ex
1506 1841 1785 1890 infirmitate
1801 1859 1950 1909 quarn
1972 1861 2027 1892 ex
2054 1843 2213 1892 studio
2236 1862 2348 1911 pec-

172 1933 303 1985 cant,
331 1924 555 1973 membra
573 1942 661 1974 sua
675 1936 951 1993 praeparant
973 1925 1037 1974 ad
1060 1925 1399 1991 iniquitatem:
1427 1925 1549 1973 sicut
1583 1925 1809 1973 nonnulli
1843 1925 2012 1974 calidis
2046 1936 2265 1989 utuntur,
2295 1937 2347 1976 ut

171 2002 389 2065 luxuriae,
409 2006 486 2054 vel
507 2006 658 2068 salsis,
679 2006 756 2055 vel
780 2007 921 2074 potui
942 2024 1115 2056 vacare
1139 2006 1320 2054 diutius
1342 2006 1548 2072 possint,
1569 2016 1715 2071 atque
1735 2007 1839 2073 ipsa
1858 2007 1931 2054 sui
1948 2009 2169 2074 corporis
2193 2026 2346 2057 mem-

171 2080 261 2132 bra
282 2102 406 2152 saepe
428 2097 600 2135 contra
621 2088 840 2153 ipsorum
857 2098 1081 2137 naturam
1100 2087 1162 2136 ad
1182 2087 1508 2154 turpitudines
1529 2096 1727 2152 cogunt.
1754 2089 1954 2136 Manum
1978 2106 2176 2154 quoque
2205 2106 2341 2138 suam

171 2164 235 2212 ad
273 2166 576 2232 iniquitatem
611 2168 988 2235 perpetrandam
1011 2178 1268 2234 praeparat,
1304 2169 1344 2216 si
1375 2169 1421 2216 ei
1450 2167 1664 2233 gladium
1688 2168 1931 2234 providet,
1967 2186 2116 2235 quem
2149 2171 2200 2217 in
2229 2188 2341 2219 eum

169 2262 321 2310 quem
345 2247 447 2295 odit
471 2259 707 2297 exerceat.
735 2252 773 2296 E
797 2250 1044 2297 contrario
1068 2249 1291 2298 membra
1312 2266 1399 2297 sua
1418 2249 1612 2313 justitiae
1637 2258 1890 2315 praeparat,
1924 2250 1965 2297 si
1989 2267 2043 2299 ea
2066 2251 2133 2299 sic
2156 2261 2341 2318 tempe-

171 2341 277 2374 rare
304 2329 475 2393 satagit
504 2339 550 2377 et
573 2346 816 2392 coercere,
851 2347 915 2378 ne
937 2330 1001 2379 ad
1024 2330 1186 2379 illicita
1207 2340 1549 2396 prorumpant,
1581 2329 1666 2378 sed
1694 2329 1759 2380 ,ad
1785 2346 2020 2378 coronam
2049 2331 2337 2397 proficiant;

171 2406 348 2470 quibus
371 2409 573 2474 quidem
596 2427 709 2458 cum
738 2412 899 2477 potuit
927 2428 1029 2459 non
1055 2421 1125 2459 est
1153 2421 1492 2476 transgressus,
1526 2411 1680 2458 immo
1717 2411 1918 2459 viriliter
1951 2412 2002 2459 in
2035 2413 2104 2460 eis
2142 2430 2341 2462 omnem

168 2503 329 2553 pravae
364 2492 683 2555 suggestionis
719 2493 957 2559 impetum
993 2493 1235 2555 exstinxit,
1261 2502 1309 2540 et
1331 2509 1439 2558 quae
1475 2492 1542 2540 eis
1577 2492 1738 2558 potuit
1773 2491 1837 2540 ad
1873 2492 1999 2541 bene
2035 2495 2339 2560 operandum

172 2571 477 2634 monstravit,
503 2581 558 2619 ut
583 2572 735 2620 oculis
757 2588 916 2621 sacras
935 2572 1136 2636 litteras,
1169 2572 1366 2621 auribus
1396 2573 1647 2634 lectiones,
1675 2572 1899 2621 manibus
1925 2574 2339 2640 eleemosynarum

172 2664 379 2699 munera
394 2652 468 2699 vel
490 2653 701 2717 religiosi
720 2653 902 2701 laboris
916 2655 1254 2702 instrumenta.

243 2733 405 2778 «Cum
425 2733 573 2780 enim.
599 2752 620 2778 x»
651 2737 776 2782 Bene
801 2734 924 2795 dixi,
953 2735 1069 2799 quia
1098 2734 1286 2782 liberati
1319 2733 1469 2782 modo
1501 2749 1530 2781 a
1555 2743 1773 2799 peccato,
1812 2735 1936 2782 servi
1972 2735 2082 2783 facti
2113 2738 2222 2784 estis
2251 2738 2340 2802 ju-

168 2810 326 2871 stitiae,
353 2812 468 2876 quia
485 2829 511 2859 e
531 2814 776 2862 contrario
802 2814 920 2861 olim
943 2815 1068 2862 servi
1093 2815 1373 2862 exsistentes
1394 2814 1578 2879 peccati
1598 2813 1737 2861 liberi
1760 2814 1930 2877 fuistisj
1941 2817 2124 2879 ustitiae,
2147 2817 2197 2865 id
2222 2829 2291 2866 est
2311 2835 2339 2867 a

169 2891 365 2938 servitio
386 2892 578 2956 justitiae
598 2893 758 2941 alieni.
788 2898 943 2942 Locus
966 2912 995 2943 a
1017 2895 1290 2942 contrariis.
1315 2894 1448 2941 Sicut
1470 2911 1635 2941 servus
1652 2894 1847 2958 justitiae
1874 2895 2052 2944 dicitur
2074 2899 2158 2963 qui
2192 2900 2237 2947 ei
2267 2900 2339 2947 sa-

169 2970 400 3033 mulatur,
418 2973 484 3021 ita
509 2990 535 3021 e
559 2974 806 3022 contrario
827 2973 951 3022 liber
972 2975 1075 3039 ejus
1095 2975 1269 3022 dicitur
1286 2975 1370 3040 qui
1393 2973 1455 3022 ab
1480 2974 1583 3039 ejus
1609 2975 1804 3023 servitio
1826 2986 2042 3025 remotus
2058 2989 2146 3041 est,
2170 2979 2220 3027 id
2247 2990 2334 3041 est,

171 3052 255 3117 qui
277 3069 384 3101 eam
406 3054 607 3119 implere
631 3071 732 3102 non
752 3065 906 3104 curat.
937 3076 959 3099 ε(
976 3059 1135 3114 Quem
1157 3071 1289 3120 ergo.
1319 3076 1342 3100 ›v
1372 3054 1427 3103 Id
1450 3065 1536 3117 est,
1565 3056 1969 3122 quandoquidem
1995 3059 2112 3106 olim
2138 3060 2203 3108 ita
2225 3078 2337 3127 pec-

166 3141 281 3180 cato
304 3134 515 3182 servistis
549 3151 578 3183 a
605 3135 787 3199 justitia
821 3136 1013 3203 penitus
1035 3137 1196 3196 alieni,
1224 3154 1372 3203 quem
1395 3147 1512 3185 tunc
1545 3136 1774 3199 fructum,
1802 3137 1853 3186 id
1876 3147 1947 3187 est
1971 3140 2226 3189 utilitatem
2249 3142 2335 3191 ha—

216 3324 223 3341 ·
240 3320 323 3356 Male
341 3322 493 3358 Amboes.
516 3325 606 3365 Quia
625 3325 684 3359 hoc
701 3330 738 3359 ut
758 3326 925 3360 videlicet.
