2638 3866
890 272 1284 346 lNTRODUcho
1318 272 1398 322 AD
1432 271 1842 321 THEOLOGIAM.
2382 275 2442 320 57

298 375 409 424 dam
440 375 589 439 magis
620 373 824 422 credunt
856 389 959 421 esse
994 375 1285 435 Cumanam,
1322 382 1369 420 et
1399 382 1511 420 sunt
1553 373 1655 435 ejus
1690 389 1829 420 xxvm
1865 388 2028 422 versus
2059 373 2166 436 qui,
2207 373 2329 420 sicut
2362 389 2442 419 eos

298 454 494 520 quidam
521 454 695 503 Latinis
713 451 930 502 versibus
949 462 1020 502 est
1042 452 1395 519 interpretatus,
1416 451 1512 500 hoc
1531 453 1804 500 continent:

776 595 932 639 Judicii
953 596 1142 655 signum,
1168 591 1291 637 tellus
1313 593 1470 638 sudore
1492 593 1728 649 madescet,

778 667 831 708 Et
853 666 961 709 coelo
980 667 1071 709 Rex
1099 665 1298 709 adveniet
1318 681 1396 725 per
1417 665 1528 708 secla
1551 665 1737 718 futurus,

364 781 384 802 a
775 738 943 781 Scilicet
962 738 1007 779 in
1027 752 1155 780 carne
1176 752 1362 796 praesens
1382 747 1432 779 ut
1452 738 1662 790 vinceret,
1685 736 1793 779 etc¹.

299 894 519 949 Quorum
540 887 983 953 versuum,quidem
1008 888 1172 953 primae
1201 886 1346 934 literae
1376 888 1545 934 Graeco
1564 886 1741 949 junctae
1761 885 1812 932 id
1836 895 2011 934 sonant
2033 905 2043 932 t
2073 889 2208 934 Jesus
2232 887 2447 936 Christus

298 968 422 1017 filius
448 970 535 1017 Dei
559 970 792 1017 Salvator.
814 966 959 1015 Infert
981 967 1125 1014 etiam
1142 966 1415 1013 Lactantius
1430 965 1649 1030 quaedam
1669 965 1730 1013 de
1747 965 1938 1014 Christo
1961 966 2182 1014 vaticinia
2203 966 2389 1031 Sibyllae
2405 970 2441 1014 ἐ

721 1106 771 1148 In
794 1119 968 1158 manus,
993 1104 1154 1162 inquit,
1179 1101 1417 1146 infidelium
1440 1112 1589 1162 postea
1610 1103 1773 1157 veniet,

628 1205 653 1244 Ἀ,
718 1176 895 1219 Dabunt
914 1176 1008 1218 Deo
1031 1174 1174 1234 alapas
1195 1174 1394 1217 manibus
1415 1174 1584 1216 incestis
1597 1206 1608 1227 ,

718 1249 775 1290 Et
793 1246 1008 1306 impurato
1031 1261 1106 1289 ore
1128 1246 1330 1305 inspuent
1350 1255 1584 1288 venenatos
1605 1256 1767 1304 sputos.

720 1318 851 1361 Dabit
872 1333 974 1360 vero
991 1316 1048 1360 ad
1069 1315 1249 1359 verbera
1272 1315 1476 1358 Sanctum
1499 1315 1699 1359 deorsum

719 1389 988 1449 Suppliciter,
1014 1399 1058 1431 et
1078 1387 1283 1446 colaphos
1305 1387 1498 1446 accipiet.
1522 1387 1589 1429 Ne
1612 1388 1706 1445 quis
1728 1399 1951 1447 agnoscat,

718 1460 851 1516 Quod
872 1460 1053 1502 verbum
1073 1457 1142 1501 vel
1163 1457 1280 1500 unde
1301 1457 1420 1499 venit
1433 1488 1444 1510 ‚
1463 1467 1512 1498 ut
1533 1457 1678 1500 inferis
1699 1458 1899 1517 loquatur

717 1532 773 1573 Et
795 1532 942 1590 spinea
962 1545 1120 1573 corona
1145 1539 1392 1582 coronetur.

715 1601 786 1644 Ad
808 1601 953 1645 cibum
975 1611 1119 1644 autem
1141 1600 1195 1644 fel
1211 1632 1222 1654 ‚
1248 1599 1301 1642 ad
1327 1600 1440 1642 sitim
1464 1609 1634 1642 acetnm
1658 1598 1885 1642 dederunt.

718 1673 1106 1733 Inhospitalitatem
1126 1673 1239 1714 hanc
1259 1671 1563 1714 monstrabunt
1583 1685 1792 1713 mensam.

719 1746 816 1804 Ipsa
837 1744 955 1787 enim
972 1744 1175 1804 insipiens
1197 1759 1300 1804 gens
1319 1753 1443 1785 tuum
1464 1743 1606 1784 Deum
1624 1757 1714 1784 non
1736 1742 1982 1785 intellexisti

718 1815 961 1859 Ludentem
981 1815 1228 1858 mortalium
1250 1813 1489 1867 mentibus,
1515 1812 1591 1857 sed
1612 1814 1743 1873 spinis

719 1887 965 1942 Coronasti,
985 1886 1044 1929 fel
1065 1887 1286 1930 miscuisti.

719 1958 886 2017 Templi
908 1957 1051 2001 velum
1071 1957 1304 2012 scindetur,
1331 1968 1374 2001 et
1392 1958 1438 1999 in
1459 1956 1605 2000 medio
1629 1956 1699 1999 die

717 2028 817 2072 Nox
840 2030 921 2072 erit
944 2030 1080 2072 tribus
1102 2028 1276 2083 diebus,
1304 2044 1457 2071 somno
1484 2038 1679 2087 suscepto
1695 2060 1705 2080 ,

720 2100 775 2142 Et
796 2111 900 2142 tunc
924 2099 981 2142 ab
1002 2100 1148 2143 inferis
1169 2116 1381 2161 regressus
1401 2099 1458 2142 ad
1476 2099 1618 2143 lucem
1637 2099 1794 2141 veniet.

721 2171 888 2214 Primus
909 2172 1230 2216 resurrectionis
1252 2170 1463 2232 principio
1487 2181 1699 2214 ostensus.

247 2356 250 2359 ,
304 2318 407 2364 Hoc
423 2316 640 2381 profecto
663 2316 850 2382 Sibyllae
870 2319 1168 2379 vaticinium,
1188 2319 1240 2366 ni
1256 2317 1411 2380 fallor,
1437 2316 1674 2365 maximus
1691 2317 1770 2364 ille
1783 2326 2035 2382 poetarum
2053 2327 2330 2366 nostrorum
2350 2317 2455 2363 Vir·

303 2395 439 2458 gilius
458 2396 674 2445 audierat
694 2388 847 2462 atque
860 2399 1172 2460 intellexerat,
1193 2415 1307 2446 cum
1326 2398 1376 2445 in
1400 2407 1573 2463 quarta
1594 2397 1773 2463 Ecloga
1796 2397 2016 2446 futurum
2039 2398 2088 2445 in
2107 2399 2347 2464 proximo,
2363 2396 2454 2444 sub

303 2480 512 2540 Augusto
530 2478 728 2538 Caesare,
749 2487 968 2544 tempore
982 2479 1258 2527 consulatus
1278 2478 1524 2540 Pollionis,
1546 2477 1818 2526 mirabilem
1830 2478 2081 2526 cuiusdam
2099 2479 2236 2544 pueri
2249 2477 2310 2524 de
2329 2477 2452 2524 coelo

302 2556 363 2604 ad
388 2566 535 2604 terras
556 2558 804 2618 mittendi,
842 2560 926 2624 qui
960 2560 1104 2607 etiam
1137 2570 1336 2624 peccata
1363 2558 1533 2607 mundi
1557 2557 1769 2619 tolleret,
1797 2568 1845 2606 et
1866 2559 2001 2622 quasi
2025 2558 2241 2606 seculum
2266 2573 2449 2604 novum

302 2637 350 2682 in
383 2637 568 2684 mundo
595 2637 874 2686 mirabiliter
897 2639 1160 2702 ordinaret,
1188 2640 1468 2705 praecineret
1495 2648 1681 2699 ortum,
1711 2637 2004 2695 admonituS,
2039 2648 2092 2684 ut
2123 2638 2326 2702 ipsemet
2356 2639 2445 2695 ait,

303 2717 481 2763 Cumaei
504 2718 729 2765 carminis
751 2719 998 2778 vaticinio,
1019 2719 1116 2767 hoc
1142 2729 1214 2767 est
1234 2718 1439 2782 Sibyllae,
1466 2734 1571 2782 quae
1596 2720 1786 2764 Cumaea
1805 2717 1903 2764 sive
1924 2719 2141 2765 Cumana
2163 2717 2354 2764 dicitur.
2381 2718 2452 2764 Ait

303 2795 498 2860 quippe,
528 2796 595 2843 sic
618 2799 754 2861 quasi
780 2798 1046 2848 adhortans
1073 2797 1315 2864 quoslibet
1335 2796 1397 2844 ad
1424 2794 1861 2859 congratulandum
1885 2795 1994 2858 sibi,
2021 2807 2069 2845 et
2095 2797 2451 2844 concinendum

304 2891 386 2921 seu
407 2874 814 2924 conscribendum
835 2878 897 2925 de
920 2878 1017 2925 hoc
1040 2887 1175 2926 tanto
1192 2892 1344 2942 puero
1367 2875 1632 2935 nascituro,
1659 2875 1707 2924 in
1733 2876 2094 2940 comparatione
2119 2878 2254 2940 quus
2283 2893 2451 2925 omnes

304 2955 419 3003 alias
439 2955 659 3003 materias
680 2958 816 3021 quasi
837 2956 1029 3006 infimas
1051 2967 1097 3005 et
1121 2957 1239 3005 viles
1260 2964 1451 3022 reputat
1473 2954 1661 3003 dicens'
1683 2978 1694 3004 ,-

785 3100 988 3144 Sicelides
1010 3116 1162 3156 musae,
1187 3101 1316 3162 paulo
1339 3101 1502 3157 majora
1525 3114 1741 3142 canamus.

784 3172 884 3215 Non
906 3189 1056 3216 omnes
1074 3173 1246 3216 arbusta
1262 3173 1414 3229 juvant
1434 3170 1701 3229 humilesque
1722 3170 1908 3229 myricae.

342 3361 346 3376 ¹
372 3357 441 3391 Duo
459 3360 561 3392 ultimi
587 3369 698 3393 versus
721 3362 752 3393 in
770 3360 890 3395 Codice
908 3360 1076 3395 Victorino
1093 3362 1221 3394 desunt.
1249 3377 1285 3384 —
1301 3361 1312 3379 ²
1329 3359 1407 3392 Div.
1425 3358 1587 3398 institut„
1606 3358 1665 3391 lib.
1684 3357 1737 3398 IV,
1762 3366 1832 3399 cap.
1853 3366 1943 3390 xvni.
1962 3374 2002 3381 -
2017 3358 2029 3378 ³
2045 3357 2176 3398 Bucol„
2193 3356 2246 3397 IV,
2266 3367 2295 3390 v.
2317 3359 2329 3391 1
2349 3363 2381 3391 et
2398 3368 2446 3399 sq.

2265 3420 2287 3455 8
