2638 3866
1108 491 1592 595 MAeisTffl

436 669 1061 832 PETRI
1174 669 2281 836 ABAELARDI

1066 1008 1698 1112 DIALOGUS'

1305 1247 1423 1279 INTER

501 1414 1060 1476 PHILOSOPHUM
1087 1458 1103 1484 ,
1138 1412 1491 1472 JUDAEUM
1541 1413 1630 1472 ET
1676 1412 2221 1473 CHRISTIANUM.

343 1656 562 1716 Dialogus
581 1662 692 1699 inter
712 1656 923 1710 Judaeum,
947 1655 1254 1714 Philosophum
1278 1663 1321 1698 et
1342 1654 1639 1698 Christianum
1656 1664 1818 1714 spectat
1838 1653 1894 1696 ad
1913 1654 2195 1713 quaestionem
2210 1669 2307 1713 quae
2324 1663 2442 1697 vete—

281 1739 378 1766 rum
400 1723 629 1782 saepissime
651 1723 897 1782 sapientum
918 1721 1161 1764 sollicitavit
1182 1721 1365 1776 animos,
1386 1731 1430 1763 et
1459 1721 1721 1763 recentiores
1745 1720 1873 1762 etiam
1898 1720 1943 1762 in
1964 1720 2106 1762 varias
2136 1719 2333 1762 distrahit
2352 1721 2443 1779 opi-

282 1790 448 1832 niones.
466 1789 682 1843 Quaeritur
694 1788 797 1847 quid
821 1788 874 1831 sit
893 1787 1063 1830 bonum
1085 1787 1349 1846 malumque,
1366 1797 1410 1830 et
1430 1802 1526 1849 quae
1543 1786 1599 1829 ad
1617 1786 1805 1828 hominis
1828 1784 2078 1828 felicitatem
2096 1783 2442 1829 infelicitatemve

279 1855 550 1914 potissimum
576 1853 817 1896 conferant.
843 1853 1129 1913 Philosophus
1150 1852 1326 1912 quidem
1349 1853 1423 1911 qui
1446 1852 1541 1912 lege
1566 1851 1751 1895 naturali
1790 1862 2018 1894 contentus
2050 1861 2128 1905 est,
2158 1850 2269 1893 illius
2299 1863 2441 1911 partes

276 1936 330 1963 ac
355 1935 529 1962 causam
550 1919 724 1978 suscipit
753 1918 961 1961 adversus
986 1918 1202 1974 Judaeum,
1236 1919 1294 1961 illi
1326 1919 1593 1978 exprobrans
1615 1919 1719 1960 ritus
1751 1917 2170 1976 consuetudinesque
2193 1916 2287 1977 lege
2309 1917 2441 1960 Mosis

280 1996 548 2028 consecratas
570 2000 689 2044 quae,
722 2000 777 2027 ne
804 1985 855 2027 iis
891 1984 1066 2044 quidem
1111 1985 1255 2035 terris,
1287 1986 1515 2028 hominem
1553 1984 1722 2027 felicem
1757 1994 1953 2043 praestet,
2001 1998 2136 2041 quum
2174 1994 2274 2042 post
2304 1993 2370 2025 tot
2399 1995 2441 2026 et

279 2062 398 2094 tanta
419 2051 500 2093 Dei
521 2050 651 2109 ipsius
672 2050 904 2110 promissa,
932 2066 1037 2110 gens
1063 2049 1314 2093 Judaeorum
1338 2051 1535 2094 omnium
1557 2050 1688 2092 etiam
1710 2049 1947 2091 miserrima
1976 2049 2045 2091 sit.
2066 2048 2137 2091 Ad
2153 2048 2440 2091 Christianum

280 2116 439 2160 deinde
463 2131 708 2159 sermonem
730 2117 963 2168 convertit,
997 2117 1117 2172 cujus
1140 2115 1280 2176 legem
1312 2116 1454 2158 minus
1486 2130 1576 2158 esse
1601 2114 1897 2174 imperfectam
1934 2114 2113 2168 fatetur,
2149 2114 2355 2174 quoniam
2377 2125 2440 2157 est

279 2182 514 2235 recentior,
541 2192 585 2224 et
610 2192 841 2240 postquam
875 2181 1006 2224 ambo
1042 2181 1176 2224 fusius
1209 2181 1522 2235 disseruerunt,
1558 2181 1604 2222 in
1633 2181 1718 2223 hoc
1757 2179 1916 2222 deinde
1943 2180 2230 2234 conveniunt,
2262 2194 2438 2222 omnem

277 2248 464 2291 hominis
490 2247 668 2290 felicitas
687 2248 872 2306 positam
895 2262 985 2290 esse
1008 2247 1053 2288 in
1076 2246 1231 2290 futurae
1246 2248 1344 2290 vitae
1359 2247 1535 2301 deliciis,
1555 2256 1599 2289 et
1618 2246 1663 2288 in
1682 2246 1732 2289 iis
1747 2245 1976 2288 virtutibus
1999 2245 2154 2304 quibus
2174 2245 2289 2288 hanc
2306 2246 2438 2288 vitam

277 2329 503 2373 possumus
525 2311 718 2373 adipisci,
744 2311 790 2355 id
807 2324 870 2355 est
891 2313 937 2355 in
961 2313 1138 2369 justitia,
1171 2313 1441 2366 fortitudine,
1466 2312 1767 2371 temperantia,
1799 2321 1844 2355 et
1867 2310 2112 2372 prudentia.
2137 2310 2224 2354 Sed
2240 2326 2437 2370 quaenam

278 2378 362 2422 illae
384 2391 485 2422 sunt
507 2378 698 2422 deliciae?
723 2380 775 2422 In
795 2380 881 2422 hoc
896 2390 1136 2434 versantur,
1161 2390 1210 2422 ut
1231 2381 1373 2422 Deum
1395 2379 1522 2422 unice
1545 2377 1696 2437 diligas
1718 2379 1892 2437 ejusque
1916 2377 2218 2437 contempleris
2238 2388 2437 2419 naturam

276 2445 510 2504 perfectam
535 2455 663 2504 atque
685 2445 919 2500 infinitam,
945 2461 1041 2504 quae
1065 2445 1192 2489 nobis
1214 2446 1293 2488 erit
1322 2445 1428 2487 «lux
1449 2443 1714 2492 indeficiens,
1745 2445 1946 2487 sanctitas
1973 2459 2162 2498 summa,
2195 2443 2314 2502 quies
2335 2459 2435 2502 per-

276 2520 431 2570 petua,
464 2526 550 2570 pax
583 2526 762 2554 omnem
793 2526 964 2553 sensum
995 2526 1279 2571 exsuperans,
1317 2526 1447 2554 omne
1485 2510 1672 2570 denique
1706 2509 1902 2564 bonurn,
1941 2510 2081 2552 omnis
2109 2510 2267 2562 virtus,
2305 2525 2435 2552 omne

277 2576 501 2637 gaudium.
538 2597 555 2614 n
590 2578 672 2620 Hic
707 2576 902 2637 dialogus
922 2577 1109 2636 primum
1132 2578 1361 2637 implicitus
1390 2577 1435 2619 in
1463 2576 1608 2620 subtili
1629 2576 1819 2635 quadam
1854 2575 2146 2635 disputatione
2179 2573 2233 2617 de
2269 2575 2433 2618 visione

277 2642 499 2695 beatifica,
538 2642 593 2685 de
625 2642 726 2686 sede
761 2644 864 2697 Dei,
896 2642 951 2687 de
981 2659 1183 2703 supremo
1212 2642 1329 2685 malo
1364 2653 1408 2685 et
1431 2643 1485 2685 de
1507 2642 1682 2694 Inferis,
1707 2642 1754 2684 fit
1776 2641 1953 2685 tandem
1982 2640 2246 2690 uberrimus,
2279 2656 2429 2700 quum,

276 2708 520 2768 postulante
542 2709 834 2768 Philosoph0‚
872 2710 1134 2752 Christianus
1159 2709 1298 2751 bonas
1332 2708 1551 2767 malasque
1579 2724 1647 2756 res
1682 2706 1859 2754 definire
1893 2717 1991 2767 apte
2020 2722 2070 2749 ac
2100 2707 2326 2767 diligenter
2359 2723 2434 2767 ag-

275 2773 528 2849 greditur,
512 2784 555 2817 et
571 2775 759 2833 primum
783 2774 1050 2817 demonstrat
1071 2790 1183 2834 saepe
1205 2774 1326 2817 bono
1349 2773 1514 2820 malum
1535 2773 1775 2820 necessario
1807 2773 2045 2827 adhaerere,
2077 2772 2263 2832 ideoque
2291 2787 2315 2814 a
2337 2773 2431 2815 Deo

277 2841 324 2882 in
344 2840 412 2882 his
439 2840 563 2883 terris
587 2839 819 2882 admissum
847 2840 990 2883 fnisse.
1022 2841 1169 2895 Quum
1190 2855 1293 2883 vero
1316 2855 1369 2882 eo
1391 2839 1503 2882 liber
1526 2839 1771 2893 devenerit,
1795 2854 1887 2881 non
1908 2838 2019 2881 ultra
2041 2836 2331 2898 progreditur,
2356 2853 2432 2881 seu

279 2906 380 2966 quia
397 2921 574 2948 mancus
589 2906 658 2959 sit,
678 2920 752 2947 seu
770 2906 869 2964 quia
892 2921 982 2948 non
1002 2905 1130 2948 fuerit
1152 2905 1388 2948 absolutus.

337 2972 559 3031 Nusquam
591 2971 663 3014 hic
692 2970 888 3031 dialogus
917 2970 972 3013 ab
1003 2971 1238 3015 Abaelardo
1269 2981 1535 3014 memoratur
1561 2986 1703 3030 neque
1736 2970 1791 3013 ab
1826 2970 1916 3013 ullo
1950 2970 2208 3029 scriptorum
2239 2968 2430 3026 ejusdem

279 3038 413 3080 aetatis
444 3052 584 3096 neque
607 3036 896 3079 recentiorum
918 3036 981 3079 illi
1002 3037 1230 3080 attributus
1252 3048 1330 3081 est.
1365 3037 1506 3080 Nemo
1532 3047 1678 3079 tamen
1703 3046 1846 3096 potest
1866 3035 2042 3079 credere
2065 3051 2173 3095 opus
2198 3050 2288 3078 esse
2307 3050 2429 3077 com-

276 3103 538 3156 mentitium,
557 3118 654 3145 cum
676 3102 829 3162 inipso
852 3103 1060 3146 sermonis
1077 3103 1274 3157 exordio,
1292 3118 1403 3146 unus
1425 3118 1577 3146 eorum
1597 3118 1705 3161 quos
1722 3101 1978 3145 Abaelardus
1999 3100 2223 3160 loquentes
2241 3099 2425 3151 induxit,

278 3179 500 3212 auctorem
530 3167 762 3228 compellat
786 3168 992 3212 arbitrum
1014 3168 1101 3212 litis
1121 3168 1330 3224 futurum,
1353 3167 1586 3227 laudatque
1616 3168 1807 3228 «ingenii
1828 3169 1918 3225 ejus
1938 3182 2120 3210 acumen
2133 3199 2144 3221 ,
2163 3177 2207 3210 et
2228 3180 2430 3225 quarum·

277 3233 383 3277 libet
411 3234 630 3278 scientiam
656 3234 983 3293 seripturarum,
1008 3245 1051 3278 et
1073 3245 1277 3278 consueta
1297 3234 1540 3278 scholarum
1564 3233 1706 3276 studia
1728 3234 1960 3293 quibus....
1985 3248 2074 3293 prae
2105 3232 2305 3275 omnibus
2331 3245 2428 3273 ma-

278 3299 492 3359 gistriS....
529 3310 698 3344 constat
718 3300 840 3343 illum
861 3298 1074 3355 floruisse,
1101 3301 1287 3354 denique
1310 3301 1429 3360 Opus
1451 3299 1559 3343 illud
1580 3299 1777 3343 mirabile
1799 3298 2050 3360 Theologioe
2071 3297 2190 3357 quod
2213 3312 2293 3340 nec
2313 3296 2425 3338 invi·
