2638 3866
341 239 394 285 24
406 239 436 286 6
1143 230 1304 280 PETRI
1338 228 1646 278 ABAELARDI

340 338 479 401 cipue
496 335 695 400 genitale
713 334 802 380 viri
820 334 981 399 potius
1001 348 1148 398 quam
1164 332 1375 379 mulieris
1401 331 1847 380 circumcidendum
1866 333 2026 395 fuisse,
2059 343 2109 381 ut
2130 334 2179 382 in
2202 333 2298 383 hoc
2321 336 2476 401 signi—

340 417 559 464 ficaretur
578 413 803 462 omnibus
822 414 869 461 in
895 413 1080 479 populo
1105 413 1206 474 illo,
1233 413 1317 476 qui
1339 429 1426 477 per
1444 411 1564 459 illud
1583 412 1857 461 membrum
1886 414 2211 478 gignerentur,
2234 416 2379 480 hujus
2402 434 2474 465 sa-

339 495 567 544 cramenti
584 493 852 549 remedium
872 510 973 540 esse
992 492 1332 552 necessarium,
1367 508 1454 557 per
1476 492 1612 557 quod
1634 492 1725 558 ipsi
1749 510 1778 541 a
1799 495 1972 543 veteris
1994 495 2205 543 hominis
2227 497 2475 562 expiaren-

339 587 416 622 tur
433 574 735 638 contagione.
760 573 906 631 Quod
935 589 1034 619 non
1066 573 1129 619 ita
1163 583 1234 620 est
1261 572 1323 620 de
1350 572 1567 633 muliere,
1606 590 1719 620 cum
1750 575 1990 622 Dominus
2026 578 2159 622 Jesus
2187 593 2243 623 ex
2276 577 2475 625 muliere

337 656 516 719 absque
533 655 668 702 omni
686 663 886 719 peccato
904 663 1044 700 natus
1068 653 1225 700 suerit.
1253 657 1413 701 Potest
1433 654 1578 702 etiam
1599 655 1690 702 viri
1712 655 2013 704 circumcisio
2035 656 2230 703 beatum
2250 657 2475 706 eumdem

335 737 492 789 virum
521 734 825 800 spiritualiter
856 733 1126 798 designare,
1151 734 1236 798 qui
1255 734 1384 782 solus
1413 734 1514 781 sine
1542 736 1931 800 concupiscentia
1958 746 2243 802 conceptus,
2279 753 2475 786 carnem

335 832 505 882 puram
529 825 576 863 et
598 815 787 880 penitus
807 814 990 879 absque
1013 814 1249 880 praeputio
1272 814 1587 863 immunditiae
1613 817 1837 882 suscepit.
1880 821 1932 865 In
1968 818 2104 882 cujus
2134 817 2330 882 quidem
2358 827 2475 884 typo

335 898 489 944 femur
508 895 726 953 Abrahae,
750 894 884 959 quod
908 896 1065 960 primo
1086 895 1423 943 circumcisum
1436 905 1524 955 est,
1542 912 1707 944 servus
1727 897 1827 961 ejus
1840 897 1889 944 in
1904 907 2203 945 sacramento
2223 899 2431 963 suscepit
2442 901 2471 958 ¹,

334 977 468 1042 quasi
493 978 541 1023 in
566 993 676 1024 eum
697 976 862 1040 jurans
884 976 968 1039 qui
990 992 1047 1023 ex
1068 975 1251 1023 semine
1274 975 1358 1023 illo
1378 976 1646 1024 nasciturus
1664 977 1708 1024 ei
1731 978 1888 1042 primo
1925 978 2077 1026 fuerat
2110 978 2394 1043 promissus,
2426 978 2475 1025 id

333 1067 404 1105 est
425 1058 473 1105 in
497 1057 756 1104 Christum.
791 1056 1157 1104 Circumcisioni
1188 1073 1303 1104 vero
1337 1056 1594 1105 infantium
1630 1067 1761 1106 certa
1793 1044 1914 1120 dies,
1950 1058 2001 1106 id
2037 1068 2108 1106 est
2141 1069 2312 1107 octava
2346 1067 2475 1107 recte

333 1138 523 1203 praefixa
561 1147 648 1199 est,
684 1146 737 1184 ut
759 1137 809 1183 in
830 1136 928 1184 hoc
948 1136 1171 1184 videlicet
1198 1135 1520 1203 praefiguraret
1550 1138 1675 1185 illius
1699 1147 1878 1186 octavae
1902 1138 2164 1186 claritatem
2197 1148 2245 1186 et
2270 1138 2476 1187 beatitu-

332 1219 494 1266 dinem
518 1235 621 1283 quae
644 1218 818 1265 sanctis
846 1218 1083 1284 promissa
1108 1227 1197 1278 est,
1222 1218 1314 1265 illis
1336 1218 1449 1266 solis
1475 1218 1642 1266 deberi
1666 1219 1751 1283 qui
1785 1219 2069 1267 innocenter
2094 1236 2230 1266 more
2254 1219 2477 1285 parvulo·

330 1316 437 1346 rum
460 1300 695 1358 vixerunt,
722 1315 812 1346 nec
835 1297 1184 1364 purificationis
1206 1309 1564 1347 sacramentum
1601 1298 1664 1346 ad
1699 1298 1797 1352 hoc
1819 1299 2056 1362 sufficere,
2081 1300 2173 1347 nisi
2200 1301 2476 1350 innocentia

328 1380 623 1428 custodiatur
639 1381 766 1428 vitae.
788 1380 859 1427 Ad
878 1379 1013 1445 quod
1036 1396 1127 1428 nos
1149 1381 1388 1428 Dominus
1411 1380 1694 1440 adhortanS,
1717 1382 1980 1429 constituto
2001 1382 2050 1429 in
2075 1381 2236 1429 medio
2253 1382 2472 1447 parvulo,

325 1462 442 1508 ait²:
474 1481 497 1506 «
519 1461 615 1508 Nisi
637 1461 858 1508 conversi
882 1461 1080 1520 fueritis,
1105 1471 1152 1509 et
1167 1460 1445 1509 efficiamini
1464 1461 1586 1509 sicut
1606 1461 1836 1527 parvulus
1853 1462 1959 1524 iste,
1986 1472 2076 1510 etc.
2097 1482 2119 1505 ι)
2146 1464 2330 1511 Octava
2353 1462 2472 1522 dieS,

326 1557 420 1606 qua
442 1541 803 1589 circumciditur
823 1541 1074 1606 parvulus,
1103 1542 1312 1590 suturam
1337 1543 1627 1590 Sanctorum
1650 1541 1913 1590 claritatem
1935 1542 1985 1589 in
2010 1542 2089 1590 die
2112 1543 2476 1590 resurrectionis

325 1621 575 1686 significat,
592 1621 790 1687 quando
808 1621 1030 1669 videlicet
1051 1632 1305 1687 resumptae
1324 1623 1484 1670 carnis
1495 1623 1670 1670 veritas
1686 1622 2008 1688 permanebit,
2028 1624 2126 1670 sive
2141 1623 2381 1688 supererit
2394 1623 2474 1671 de'

326 1703 597 1768 corruptela
614 1703 816 1768 peccati,
834 1720 939 1767 quae
956 1704 1045 1751 erit
1060 1719 1174 1751 vera
1187 1703 1506 1763 circumcisio,
1519 1703 1568 1749 in
1577 1703 1925 1768 exspoliatione
1940 1704 2120 1751 scilicet
2131 1703 2304 1751 veteris
2317 1702 2476 1751 homi—

326 1784 399 1830 nis
424 1800 537 1831 cum
556 1783 741 1831 actibus
758 1785 872 1846 suis,
886 1801 1000 1832 cum
1013 1784 1114 1848 jam
1127 1784 1351 1832 videlicet
1371 1784 1575 1831 carnalis
1597 1784 1999 1850 concupiscentiae
2013 1784 2216 1831 stimulis
2238 1785 2476 1832 manenti-

326 1864 433 1926 bus,
454 1865 672 1929 *angelice
695 1865 837 1912 nobis
851 1865 1113 1915 vivendum
1133 1865 1275 1912 fuerit
1293 1883 1304 1912 :
1319 1864 1420 1927 ubi,
1436 1865 1808 1929 inquitVeritas*
1835 1882 1845 1911 :
1874 1884 1897 1910 (ι
1920 1868 2086 1930 Neque
2108 1864 2296 1912 nubent
2318 1881 2476 1929 neque

327 1945 594 2005 nubentur,
623 1945 708 1993 sed
730 1955 873 1993 erunt
894 1946 1016 1994 sicut
1046 1945 1202 2010 angeli
1223 1946 1329 1993 Dei.
1355 1966 1377 1988 2>
1405 1945 1530 2003 Quia
1555 1961 1670 1993 vero
1696 1954 1855 1992 totum
1876 1945 2124 2011 praesentis
2148 1945 2256 1992 vitae
2285 1933 2476 2010 tempus

326 2042 411 2090 per
426 2035 611 2092 septem
631 2026 736 2073 dies
754 2027 1013 2091 peragitur,
1034 2036 1162 2074 recte
1184 2025 1264 2073 illa
1278 2026 1385 2073 vitae
1407 2025 1575 2072 futurae
1598 2036 1829 2090 perpetua
1847 2025 2036 2074 claritas
2055 2041 2142 2091 per
2161 2034 2383 2072 octavam
2401 2025 2476 2072 in-

327 2106 567 2171 telligitur.
595 2105 735 2154 Unde
758 2117 805 2154 et
828 2107 1060 2167 Psalmos,
1088 2107 1173 2172 qui
1195 2106 1501 2154 intitulantur
1523 2123 1613 2172 pro
1649 2115 1820 2154 octava
1837 2142 1850 2168 ,
1877 2105 1940 2153 ad
1958 2105 2088 2154 diem
2112 2105 2476 2153 resurrectionis

326 2197 508 2234 certum
529 2197 598 2235 est
621 2189 877 2253 pertinere.

392 2269 629 2326 Quaeritur
661 2279 821 2316 autem
857 2269 919 2316 de
952 2268 1214 2317 infantibus
1244 2279 1356 2317 ante
1391 2279 1611 2317 octavam
1648 2269 1778 2316 diem
1812 2267 2151 2329 morientibus,
2187 2277 2352 2315 utrum
2381 2267 2475 2316 da-

330 2358 569 2410 mnentur,
590 2367 703 2398 cum
718 2367 801 2398 eos
817 2350 1039 2397 videlicet
1059 2350 1296 2409 nondum,
1314 2350 1448 2414 juxta
1465 2360 1760 2416 praeceptum
1781 2350 1993 2410 Domini,
2013 2348 2293 2397 circumcidi
2316 2349 2472 2408 liceat,

328 2444 417 2475 nec
437 2447 527 2494 pro
551 2430 618 2478 eis
641 2430 855 2495 legamus
877 2430 1109 2478 sacrificia
1131 2447 1230 2478 esse
1264 2430 1513 2478 offerenda
1541 2439 1653 2478 ante
1685 2430 1816 2477 diem
1848 2439 2075 2477 maternae
2107 2428 2471 2494 purificationis,

328 2509 376 2555 id
395 2519 481 2568 est,
510 2527 536 2557 a
560 2511 808 2559 nativitate
831 2511 1030 2559 masculi
1047 2511 1490 2576 quadragesimum.
1517 2496 1576 2558 At
1595 2527 1712 2558 vero
1736 2527 1848 2558 cum
1866 2511 2098 2575 scriptum
2121 2510 2179 2556 sit
2197 2509 2238 2556 ³:
2263 2529 2286 2552 c<
2307 2510 2475 2570 Omnis

328 2589 488 2638 anima
510 2591 645 2655 cujus
665 2607 778 2639 caro
811 2592 1032 2657 praeputii
1070 2608 1171 2638 non
1209 2591 1351 2639 suerit
1383 2591 1692 2652 circumcisa,
1719 2590 1895 2656 peribit
1926 2590 1988 2637 de
2021 2589 2207 2655 populo
2230 2605 2344 2649 suo3
2378 2608 2403 2634 »
2428 2599 2476 2636 et

329 2685 507 2730 rursus,
534 2672 572 2717 si
596 2681 838 2737 praecepto
856 2672 1055 2719 Domini
1077 2682 1189 2719 ante
1206 2681 1427 2719 octavam
1449 2671 1580 2718 diem
1603 2687 1631 2718 a
1647 2670 2013 2718 circumcisione
2050 2670 2187 2735 parvi
2223 2668 2475 2716 inhibean-

331 2757 424 2806 tur,
446 2750 635 2798 videtur
656 2752 861 2800 crudelis
885 2752 1049 2799 divina
1069 2752 1307 2800 sententia
1328 2752 1378 2799 in
1400 2751 1764 2799 damnationem
1788 2751 1974 2811 talium,
1997 2751 2080 2814 qui
2101 2750 2239 2797 ethis
2266 2749 2477 2797 circum-

332 2827 560 2877 cisionem
585 2833 903 2881 necessariam
927 2832 1149 2893 instituit,
1188 2843 1235 2880 et
1267 2832 1564 2890 circumcidi,
1603 2831 1802 2896 quando
1841 2840 2055 2896 possent,
2094 2846 2194 2877 non
2226 2829 2471 2895 permittit.

333 2910 494 2972 Neque
522 2921 681 2958 autem
703 2929 731 2959 a
753 2913 1001 2961 Salvatore
1019 2913 1287 2978 quidquam
1305 2913 1498 2978 praecipi
1522 2913 1597 2960 vel
1620 2912 1803 2959 institui
1829 2911 2044 2976 oportuit
2066 2909 2201 2975 quod
2222 2909 2363 2957 saluti
2386 2908 2474 2956 ob-

333 2987 532 3046 sisteret,
560 3007 649 3037 nec
673 2994 889 3040 enervari
915 2993 1085 3040 debuit
1106 2993 1375 3041 remedium
1397 2993 1531 3056 quod
1553 2992 1773 3058 pluribus
1796 2990 2031 3057 proficere
2062 2998 2239 3055 posset,
2273 2998 2326 3035 ut
2359 2999 2475 3054 pote

332 3066 453 3114 fides
490 3079 761 3132 parentum,
799 3073 897 3120 sive
935 3074 1283 3121 sacrificiorum
1312 3074 1448 3134 ritus,
1491 3073 1668 3137 quibus
1705 3083 1846 3120 antea
1881 3070 2110 3136 parvulos
2147 3069 2245 3116 sive
2283 3067 2474 3117 adultos

377 3262 523 3302 ¹Genes.,
545 3271 616 3304 cap.
633 3273 721 3303 xxiv,
739 3274 770 3296 v.
787 3267 865 3298 9.-
877 3268 887 3285 ²
899 3266 1000 3299 Mauh
1019 3292 1026 3306 ‚
1043 3277 1112 3309 cap.
1133 3278 1223 3309 xviii,
1243 3279 1271 3302 v.
1286 3272 1315 3302 3.
1328 3286 1365 3293 —-
1379 3269 1496 3302 ³Am1>.
1515 3266 1745 3308 superaddita
1761 3263 1954 3305 corruptela
1968 3263 2104 3304 peccati.
2117 3281 2155 3286 -
2167 3262 2299 3303 ’Μαι-0.,
2316 3270 2386 3303 cap.
2406 3270 2470 3302 ιιι,

334 3325 361 3348 v.
381 3317 433 3349 25.
454 3332 493 3339 -
509 3318 520 3337 ⁵
538 3316 666 3358 Genes„
684 3327 755 3358 cap.
774 3327 855 3359 xwi,
873 3329 902 3351 v.
924 3320 974 3353 14.
