<?xml version="1.0" encoding="UTF-8"?>
<!DOCTYPE html PUBLIC "-//W3C//DTD XHTML 1.0 Transitional//EN"
    "http://www.w3.org/TR/xhtml1/DTD/xhtml1-transitional.dtd">
<html xmlns="http://www.w3.org/1999/xhtml" xml:lang="en" lang="en">
 <head>
  <title>
</title>
<meta http-equiv="Content-Type" content="text/html;charset=utf-8" />
  <meta name='ocr-system' content='tesseract 3.04.00' />
  <meta name='ocr-capabilities' content='ocr_page ocr_carea ocr_par ocr_line ocrx_word'/>
</head>
<body>
  <div class='ocr_page' id='page_1' title='image "./operahactenusseo00abeluoft_0221.png"; bbox 0 0 2638 3866; ppageno 0'>
   <div class='ocr_carea' id='block_1_1' title="bbox 827 241 2339 294">
    <p class='ocr_par' dir='ltr' id='par_1_1' title="bbox 827 241 2339 294">
     <span class='ocr_line' id='line_1_1' title="bbox 827 241 2339 294; baseline 0.001 -3"><span class='ocrx_word' id='word_1_1' title='bbox 827 243 887 291; x_wconf 90' lang='lat' dir='ltr'>1N</span> <span class='ocrx_word' id='word_1_2' title='bbox 921 243 1252 292; x_wconf 85' lang='lat' dir='ltr'>EPISTOLAM</span> <span class='ocrx_word' id='word_1_3' title='bbox 1285 241 1367 292; x_wconf 87' lang='lat' dir='ltr'>AD</span> <span class='ocrx_word' id='word_1_4' title='bbox 1402 243 1704 293; x_wconf 87' lang='lat' dir='ltr'>ROMANOS.</span> <span class='ocrx_word' id='word_1_5' title='bbox 2253 248 2339 294; x_wconf 70' lang='lat'>214</span> 
     </span>
    </p>
   </div>
   <div class='ocr_carea' id='block_1_2' title="bbox 198 342 2374 3081">
    <p class='ocr_par' dir='ltr' id='par_1_2' title="bbox 198 342 2358 1626">
     <span class='ocr_line' id='line_1_2' title="bbox 198 342 2346 411; baseline 0 -17"><span class='ocrx_word' id='word_1_6' title='bbox 198 345 348 411; x_wconf 78' lang='lat' dir='ltr'>gratia</span> <span class='ocrx_word' id='word_1_7' title='bbox 381 344 613 407; x_wconf 89' lang='lat' dir='ltr'>conferri,</span> <span class='ocrx_word' id='word_1_8' title='bbox 645 361 758 392; x_wconf 90' lang='lat' dir='ltr'>cum</span> <span class='ocrx_word' id='word_1_9' title='bbox 788 343 917 410; x_wconf 87' lang='lat' dir='ltr'>apud</span> <span class='ocrx_word' id='word_1_10' title='bbox 951 342 1219 391; x_wconf 90' lang='lat' dir='ltr'>Dominum</span> <span class='ocrx_word' id='word_1_11' title='bbox 1246 344 1350 395; x_wconf 91' lang='lat' dir='ltr'>sola</span> <span class='ocrx_word' id='word_1_12' title='bbox 1382 345 1588 394; x_wconf 89' lang='lat' dir='ltr'>amantis</span> <span class='ocrx_word' id='word_1_13' title='bbox 1625 344 1744 393; x_wconf 82' lang='lat' dir='ltr'>fides</span> <span class='ocrx_word' id='word_1_14' title='bbox 1773 344 1835 394; x_wconf 88' lang='lat' dir='ltr'>ad</span> <span class='ocrx_word' id='word_1_15' title='bbox 1860 345 2094 410; x_wconf 90' lang='lat' dir='ltr'>justitiam</span> <span class='ocrx_word' id='word_1_16' title='bbox 2125 345 2346 394; x_wconf 86' lang='lat' dir='ltr'>sufficiat.</span> 
     </span>
     <span class='ocr_line' id='line_1_3' title="bbox 201 425 2344 493; baseline 0 -18"><span class='ocrx_word' id='word_1_17' title='bbox 201 430 258 475; x_wconf 87' lang='lat' dir='ltr'>Et</span> <span class='ocrx_word' id='word_1_18' title='bbox 287 426 385 475; x_wconf 90' lang='lat' dir='ltr'>hoc</span> <span class='ocrx_word' id='word_1_19' title='bbox 405 436 494 489; x_wconf 90' lang='lat' dir='ltr'>est,</span> <span class='ocrx_word' id='word_1_20' title='bbox 515 425 650 492; x_wconf 93' lang='lat' dir='ltr'>quod</span> <span class='ocrx_word' id='word_1_21' title='bbox 677 426 891 491; x_wconf 90' lang='lat' dir='ltr'>sequitur</span> <span class='ocrx_word' id='word_1_22' title='bbox 911 444 923 472; x_wconf 90' lang='lat'><strong>:</strong></span> <span class='ocrx_word' id='word_1_23' title='bbox 947 444 971 471; x_wconf 88' lang='lat'>«</span> <span class='ocrx_word' id='word_1_24' title='bbox 992 425 1046 472; x_wconf 89' lang='lat' dir='ltr'>Ei</span> <span class='ocrx_word' id='word_1_25' title='bbox 1070 441 1186 473; x_wconf 84' lang='lat' dir='ltr'>vero</span> <span class='ocrx_word' id='word_1_26' title='bbox 1210 426 1293 491; x_wconf 92' lang='lat' dir='ltr'>qui</span> <span class='ocrx_word' id='word_1_27' title='bbox 1322 443 1423 474; x_wconf 92' lang='lat' dir='ltr'>non</span> <span class='ocrx_word' id='word_1_28' title='bbox 1444 435 1711 492; x_wconf 83' lang='lat' dir='ltr'>operatur»</span> <span class='ocrx_word' id='word_1_29' title='bbox 1738 426 1905 490; x_wconf 87' lang='lat' dir='ltr'>legalia</span> <span class='ocrx_word' id='word_1_30' title='bbox 1924 426 2146 475; x_wconf 89' lang='lat' dir='ltr'>videlicet</span> <span class='ocrx_word' id='word_1_31' title='bbox 2168 444 2316 493; x_wconf 89' lang='lat' dir='ltr'>opera</span> <span class='ocrx_word' id='word_1_32' title='bbox 2333 464 2344 485; x_wconf 90' lang='lat'>,</span> 
     </span>
     <span class='ocr_line' id='line_1_4' title="bbox 199 506 2348 574; baseline -0.001 -17"><span class='ocrx_word' id='word_1_33' title='bbox 199 508 284 557; x_wconf 86' lang='lat' dir='ltr'>sed</span> <span class='ocrx_word' id='word_1_34' title='bbox 313 524 401 574; x_wconf 88' lang='lat' dir='ltr'>per</span> <span class='ocrx_word' id='word_1_35' title='bbox 428 507 575 556; x_wconf 85' lang='lat' dir='ltr'>fidem</span> <span class='ocrx_word' id='word_1_36' title='bbox 607 508 650 555; x_wconf 92' lang='lat' dir='ltr'>ei</span> <span class='ocrx_word' id='word_1_37' title='bbox 675 523 786 555; x_wconf 86' lang='lat' dir='ltr'>vere</span> <span class='ocrx_word' id='word_1_38' title='bbox 817 506 1049 567; x_wconf 88' lang='lat' dir='ltr'>cohaeret,</span> <span class='ocrx_word' id='word_1_39' title='bbox 1082 507 1167 572; x_wconf 90' lang='lat' dir='ltr'>qui</span> <span class='ocrx_word' id='word_1_40' title='bbox 1184 506 1411 571; x_wconf 84' lang='lat' dir='ltr'>justificat</span> <span class='ocrx_word' id='word_1_41' title='bbox 1441 508 1665 574; x_wconf 90' lang='lat' dir='ltr'>impium,</span> <span class='ocrx_word' id='word_1_42' title='bbox 1692 518 1737 555; x_wconf 90' lang='lat' dir='ltr'>et</span> <span class='ocrx_word' id='word_1_43' title='bbox 1761 508 1858 556; x_wconf 91' lang='lat' dir='ltr'>hoc</span> <span class='ocrx_word' id='word_1_44' title='bbox 1882 518 1970 570; x_wconf 87' lang='lat' dir='ltr'>est,</span> <span class='ocrx_word' id='word_1_45' title='bbox 2001 528 2024 554; x_wconf 91' lang='lat'>«</span> <span class='ocrx_word' id='word_1_46' title='bbox 2044 508 2265 556; x_wconf 89' lang='lat' dir='ltr'>Credenti</span> <span class='ocrx_word' id='word_1_47' title='bbox 2300 509 2348 556; x_wconf 92' lang='lat' dir='ltr'>in</span> 
     </span>
     <span class='ocr_line' id='line_1_5' title="bbox 200 587 2345 655; baseline -0 -17"><span class='ocrx_word' id='word_1_48' title='bbox 200 606 312 638; x_wconf 88' lang='lat' dir='ltr'>eum</span> <span class='ocrx_word' id='word_1_49' title='bbox 327 589 410 654; x_wconf 92' lang='lat' dir='ltr'>qui</span> <span class='ocrx_word' id='word_1_50' title='bbox 423 587 650 654; x_wconf 85' lang='lat' dir='ltr'>justificat</span> <span class='ocrx_word' id='word_1_51' title='bbox 668 588 927 654; x_wconf 89' lang='lat' dir='ltr'>impium,»</span> <span class='ocrx_word' id='word_1_52' title='bbox 944 587 1204 654; x_wconf 90' lang='lat' dir='ltr'>deputatur</span> <span class='ocrx_word' id='word_1_53' title='bbox 1228 587 1290 636; x_wconf 87' lang='lat' dir='ltr'>ab</span> <span class='ocrx_word' id='word_1_54' title='bbox 1314 605 1373 637; x_wconf 91' lang='lat' dir='ltr'>eo</span> <span class='ocrx_word' id='word_1_55' title='bbox 1397 588 1591 649; x_wconf 90' lang='lat' dir='ltr'>scilicet,</span> <span class='ocrx_word' id='word_1_56' title='bbox 1607 589 1689 654; x_wconf 91' lang='lat' dir='ltr'>qui</span> <span class='ocrx_word' id='word_1_57' title='bbox 1710 588 1939 653; x_wconf 87' lang='lat' dir='ltr'>justificat</span> <span class='ocrx_word' id='word_1_58' title='bbox 1958 590 2176 655; x_wconf 88' lang='lat' dir='ltr'>impium,</span> <span class='ocrx_word' id='word_1_59' title='bbox 2196 589 2245 637; x_wconf 92' lang='lat' dir='ltr'>id</span> <span class='ocrx_word' id='word_1_60' title='bbox 2260 599 2345 651; x_wconf 90' lang='lat' dir='ltr'>est,</span> 
     </span>
     <span class='ocr_line' id='line_1_6' title="bbox 201 667 2351 738; baseline -0 -20"><span class='ocrx_word' id='word_1_61' title='bbox 201 687 230 718; x_wconf 91' lang='lat' dir='ltr'>a</span> <span class='ocrx_word' id='word_1_62' title='bbox 251 673 373 719; x_wconf 88' lang='lat' dir='ltr'>Deo.</span> <span class='ocrx_word' id='word_1_63' title='bbox 404 689 429 715; x_wconf 78' lang='grc' dir='ltr'>α</span> <span class='ocrx_word' id='word_1_64' title='bbox 447 668 585 717; x_wconf 89' lang='lat' dir='ltr'>Fides</span> <span class='ocrx_word' id='word_1_65' title='bbox 606 678 767 717; x_wconf 88' lang='lat' dir='ltr'>autem</span> <span class='ocrx_word' id='word_1_66' title='bbox 794 668 853 717; x_wconf 92' lang='lat' dir='ltr'>ad</span> <span class='ocrx_word' id='word_1_67' title='bbox 873 667 1135 733; x_wconf 76' lang='lat' dir='ltr'>justitiam»</span> <span class='ocrx_word' id='word_1_68' title='bbox 1161 668 1210 716; x_wconf 92' lang='lat' dir='ltr'>id</span> <span class='ocrx_word' id='word_1_69' title='bbox 1233 680 1321 730; x_wconf 91' lang='lat' dir='ltr'>est,</span> <span class='ocrx_word' id='word_1_70' title='bbox 1348 679 1625 738; x_wconf 82' lang='lat' dir='ltr'>remunerat</span> <span class='ocrx_word' id='word_1_71' title='bbox 1647 686 1760 717; x_wconf 89' lang='lat' dir='ltr'>eum</span> <span class='ocrx_word' id='word_1_72' title='bbox 1779 686 1868 734; x_wconf 87' lang='lat' dir='ltr'>pro</span> <span class='ocrx_word' id='word_1_73' title='bbox 1889 669 1981 718; x_wconf 88' lang='lat' dir='ltr'>hac</span> <span class='ocrx_word' id='word_1_74' title='bbox 2005 669 2099 718; x_wconf 84' lang='lat' dir='ltr'>fide</span> <span class='ocrx_word' id='word_1_75' title='bbox 2122 681 2351 736; x_wconf 90' lang='lat' dir='ltr'>tanquam</span> 
     </span>
     <span class='ocr_line' id='line_1_7' title="bbox 198 748 2353 816; baseline 0.001 -18"><span class='ocrx_word' id='word_1_76' title='bbox 198 750 398 816; x_wconf 86' lang='lat' dir='ltr'>justum.</span> <span class='ocrx_word' id='word_1_77' title='bbox 422 750 510 798; x_wconf 91' lang='lat' dir='ltr'>Hic</span> <span class='ocrx_word' id='word_1_78' title='bbox 533 759 696 816; x_wconf 88' lang='lat' dir='ltr'>aperte</span> <span class='ocrx_word' id='word_1_79' title='bbox 715 750 971 816; x_wconf 80' lang='lat' dir='ltr'>Apostolus</span> <span class='ocrx_word' id='word_1_80' title='bbox 988 748 1344 810; x_wconf 85' lang='lat' dir='ltr'><strong>determinavit,</strong></span> <span class='ocrx_word' id='word_1_81' title='bbox 1370 767 1483 799; x_wconf 91' lang='lat' dir='ltr'>cum</span> <span class='ocrx_word' id='word_1_82' title='bbox 1500 751 1583 811; x_wconf 89' lang='lat' dir='ltr'>ait,</span> <span class='ocrx_word' id='word_1_83' title='bbox 1614 750 1863 798; x_wconf 87' lang='lat' dir='ltr'>«credenti</span> <span class='ocrx_word' id='word_1_84' title='bbox 1885 751 1934 798; x_wconf 92' lang='lat' dir='ltr'>in</span> <span class='ocrx_word' id='word_1_85' title='bbox 1958 767 2087 813; x_wconf 83' lang='lat' dir='ltr'>eum,</span> <span class='ocrx_word' id='word_1_86' title='bbox 2110 772 2132 795; x_wconf 85' lang='lat'>›&gt;</span> <span class='ocrx_word' id='word_1_87' title='bbox 2162 751 2353 816; x_wconf 87' lang='lat' dir='ltr'>qualem</span> 
     </span>
     <span class='ocr_line' id='line_1_8' title="bbox 204 830 2349 897; baseline 0 -18"><span class='ocrx_word' id='word_1_88' title='bbox 204 830 352 879; x_wconf 85' lang='lat' dir='ltr'>fidem</span> <span class='ocrx_word' id='word_1_89' title='bbox 370 831 604 895; x_wconf 87' lang='lat' dir='ltr'>intelligit.</span> <span class='ocrx_word' id='word_1_90' title='bbox 627 831 765 879; x_wconf 91' lang='lat' dir='ltr'>Aliud</span> <span class='ocrx_word' id='word_1_91' title='bbox 787 841 857 879; x_wconf 88' lang='lat' dir='ltr'>est</span> <span class='ocrx_word' id='word_1_92' title='bbox 878 831 1008 879; x_wconf 91' lang='lat' dir='ltr'>enim</span> <span class='ocrx_word' id='word_1_93' title='bbox 1025 830 1222 879; x_wconf 90' lang='lat' dir='ltr'>credere</span> <span class='ocrx_word' id='word_1_94' title='bbox 1244 834 1420 894; x_wconf 89' lang='lat' dir='ltr'>Deum,</span> <span class='ocrx_word' id='word_1_95' title='bbox 1441 841 1494 880; x_wconf 88' lang='lat' dir='ltr'>ut</span> <span class='ocrx_word' id='word_1_96' title='bbox 1510 831 1733 880; x_wconf 86' lang='lat' dir='ltr'>videlicet</span> <span class='ocrx_word' id='word_1_97' title='bbox 1754 832 1856 897; x_wconf 91' lang='lat' dir='ltr'>ipse</span> <span class='ocrx_word' id='word_1_98' title='bbox 1879 832 1938 878; x_wconf 92' lang='lat' dir='ltr'>sit</span> <span class='ocrx_word' id='word_1_99' title='bbox 1959 849 1968 878; x_wconf 91' lang='lat'>:</span> <span class='ocrx_word' id='word_1_100' title='bbox 1992 831 2123 879; x_wconf 88' lang='lat' dir='ltr'>aliud</span> <span class='ocrx_word' id='word_1_101' title='bbox 2139 842 2209 879; x_wconf 87' lang='lat' dir='ltr'>est</span> <span class='ocrx_word' id='word_1_102' title='bbox 2228 835 2349 892; x_wconf 87' lang='lat' dir='ltr'>Deo,</span> 
     </span>
     <span class='ocr_line' id='line_1_9' title="bbox 204 911 2354 980; baseline 0.001 -20"><span class='ocrx_word' id='word_1_103' title='bbox 204 912 254 960; x_wconf 93' lang='lat' dir='ltr'>id</span> <span class='ocrx_word' id='word_1_104' title='bbox 279 922 376 973; x_wconf 90' lang='lat' dir='ltr'>est,</span> <span class='ocrx_word' id='word_1_105' title='bbox 405 913 656 979; x_wconf 83' lang='lat' dir='ltr'>promissis</span> <span class='ocrx_word' id='word_1_106' title='bbox 677 912 752 961; x_wconf 88' lang='lat' dir='ltr'>vel</span> <span class='ocrx_word' id='word_1_107' title='bbox 785 911 942 961; x_wconf 90' lang='lat' dir='ltr'>verbis</span> <span class='ocrx_word' id='word_1_108' title='bbox 975 912 1261 977; x_wconf 46' lang='lat' dir='ltr'>ejus,*quod</span> <span class='ocrx_word' id='word_1_109' title='bbox 1293 930 1408 961; x_wconf 88' lang='lat' dir='ltr'>vera</span> <span class='ocrx_word' id='word_1_110' title='bbox 1431 914 1526 961; x_wconf 89' lang='lat' dir='ltr'>sint</span> <span class='ocrx_word' id='word_1_111' title='bbox 1552 932 1563 960; x_wconf 74' lang='grc' dir='ltr'><strong><em>ε</em></strong></span> <span class='ocrx_word' id='word_1_112' title='bbox 1590 912 1722 961; x_wconf 89' lang='lat' dir='ltr'>aliud</span> <span class='ocrx_word' id='word_1_113' title='bbox 1755 913 1805 960; x_wconf 92' lang='lat' dir='ltr'>in</span> <span class='ocrx_word' id='word_1_114' title='bbox 1837 915 2012 960; x_wconf 92' lang='lat' dir='ltr'>Deum.</span> <span class='ocrx_word' id='word_1_115' title='bbox 2038 912 2147 960; x_wconf 88' lang='lat' dir='ltr'><strong>Tale</strong></span> <span class='ocrx_word' id='word_1_116' title='bbox 2176 914 2354 980; x_wconf 87' lang='lat' dir='ltr'>quippe</span> 
     </span>
     <span class='ocr_line' id='line_1_10' title="bbox 203 994 2355 1061; baseline 0 -19"><span class='ocrx_word' id='word_1_117' title='bbox 203 1003 273 1042; x_wconf 90' lang='lat' dir='ltr'>est</span> <span class='ocrx_word' id='word_1_118' title='bbox 302 994 499 1042; x_wconf 89' lang='lat' dir='ltr'>credere</span> <span class='ocrx_word' id='word_1_119' title='bbox 528 994 577 1041; x_wconf 94' lang='lat' dir='ltr'>in</span> <span class='ocrx_word' id='word_1_120' title='bbox 602 997 778 1057; x_wconf 90' lang='lat' dir='ltr'>Deum,</span> <span class='ocrx_word' id='word_1_121' title='bbox 805 1003 859 1042; x_wconf 94' lang='lat' dir='ltr'>ut</span> <span class='ocrx_word' id='word_1_122' title='bbox 880 994 944 1042; x_wconf 88' lang='lat' dir='ltr'>ait</span> <span class='ocrx_word' id='word_1_123' title='bbox 969 994 1261 1058; x_wconf 84' lang='lat' dir='ltr'>Augustinus</span> <span class='ocrx_word' id='word_1_124' title='bbox 1284 1012 1429 1061; x_wconf 88' lang='lat' dir='ltr'>super</span> <span class='ocrx_word' id='word_1_125' title='bbox 1456 998 1718 1056; x_wconf 87' lang='lat' dir='ltr'>Joannem,</span> <span class='ocrx_word' id='word_1_126' title='bbox 1754 1010 1934 1056; x_wconf 88' lang='lat' dir='ltr'>amare,</span> <span class='ocrx_word' id='word_1_127' title='bbox 1973 994 2219 1043; x_wconf 90' lang='lat' dir='ltr'>credendo</span> <span class='ocrx_word' id='word_1_128' title='bbox 2244 994 2355 1043; x_wconf 89' lang='lat' dir='ltr'>dili-</span> 
     </span>
     <span class='ocr_line' id='line_1_11' title="bbox 202 1074 2357 1142; baseline 0.001 -19"><span class='ocrx_word' id='word_1_129' title='bbox 202 1091 331 1139; x_wconf 84' lang='lat' dir='ltr'>gere,</span> <span class='ocrx_word' id='word_1_130' title='bbox 368 1074 614 1123; x_wconf 88' lang='lat' dir='ltr'>credendo</span> <span class='ocrx_word' id='word_1_131' title='bbox 645 1075 845 1123; x_wconf 89' lang='lat' dir='ltr'>tendere</span> <span class='ocrx_word' id='word_1_132' title='bbox 875 1085 927 1123; x_wconf 93' lang='lat' dir='ltr'>ut</span> <span class='ocrx_word' id='word_1_133' title='bbox 950 1074 1225 1124; x_wconf 89' lang='lat' dir='ltr'><strong>membrum</strong></span> <span class='ocrx_word' id='word_1_134' title='bbox 1255 1076 1357 1141; x_wconf 87' lang='lat' dir='ltr'>ejus</span> <span class='ocrx_word' id='word_1_135' title='bbox 1387 1076 1639 1125; x_wconf 89' lang='lat' dir='ltr'>efficiatur.</span> <span class='ocrx_word' id='word_1_136' title='bbox 1675 1075 1886 1124; x_wconf 89' lang='lat' dir='ltr'>Credunt</span> <span class='ocrx_word' id='word_1_137' title='bbox 1921 1077 2082 1142; x_wconf 91' lang='lat' dir='ltr'>itaque</span> <span class='ocrx_word' id='word_1_138' title='bbox 2113 1076 2357 1125; x_wconf 86' lang='lat' dir='ltr'>daemones</span> 
     </span>
     <span class='ocr_line' id='line_1_12' title="bbox 205 1156 2353 1223; baseline 0.001 -19"><span class='ocrx_word' id='word_1_139' title='bbox 205 1173 402 1222; x_wconf 92' lang='lat' dir='ltr'>quoque</span> <span class='ocrx_word' id='word_1_140' title='bbox 434 1166 482 1204; x_wconf 92' lang='lat' dir='ltr'>et</span> <span class='ocrx_word' id='word_1_141' title='bbox 503 1156 702 1223; x_wconf 75' lang='lat' dir='ltr'>reprobi</span> <span class='ocrx_word' id='word_1_142' title='bbox 731 1160 915 1220; x_wconf 89' lang='lat' dir='ltr'>Deum,</span> <span class='ocrx_word' id='word_1_143' title='bbox 947 1156 1153 1205; x_wconf 89' lang='lat' dir='ltr'>credunt</span> <span class='ocrx_word' id='word_1_144' title='bbox 1175 1160 1298 1219; x_wconf 87' lang='lat' dir='ltr'>Deo,</span> <span class='ocrx_word' id='word_1_145' title='bbox 1337 1157 1422 1205; x_wconf 89' lang='lat' dir='ltr'>sed</span> <span class='ocrx_word' id='word_1_146' title='bbox 1449 1175 1550 1206; x_wconf 91' lang='lat' dir='ltr'>non</span> <span class='ocrx_word' id='word_1_147' title='bbox 1576 1159 1624 1205; x_wconf 92' lang='lat' dir='ltr'>in</span> <span class='ocrx_word' id='word_1_148' title='bbox 1649 1161 1835 1217; x_wconf 89' lang='lat' dir='ltr'>Deum;</span> <span class='ocrx_word' id='word_1_149' title='bbox 1862 1158 1976 1222; x_wconf 90' lang='lat' dir='ltr'>quia</span> <span class='ocrx_word' id='word_1_150' title='bbox 2006 1175 2106 1205; x_wconf 92' lang='lat' dir='ltr'>non</span> <span class='ocrx_word' id='word_1_151' title='bbox 2132 1157 2353 1222; x_wconf 88' lang='lat' dir='ltr'>diligunt,</span> 
     </span>
     <span class='ocr_line' id='line_1_13' title="bbox 207 1237 2355 1305; baseline 0.001 -20"><span class='ocrx_word' id='word_1_152' title='bbox 207 1254 298 1286; x_wconf 87' lang='lat' dir='ltr'>nec</span> <span class='ocrx_word' id='word_1_153' title='bbox 322 1237 567 1303; x_wconf 87' lang='lat' dir='ltr'>diligendo</span> <span class='ocrx_word' id='word_1_154' title='bbox 597 1255 648 1286; x_wconf 90' lang='lat' dir='ltr'>se</span> <span class='ocrx_word' id='word_1_155' title='bbox 677 1238 722 1286; x_wconf 92' lang='lat' dir='ltr'>ei</span> <span class='ocrx_word' id='word_1_156' title='bbox 751 1239 1092 1304; x_wconf 86' lang='lat' dir='ltr'>incorporant,</span> <span class='ocrx_word' id='word_1_157' title='bbox 1118 1239 1170 1287; x_wconf 93' lang='lat' dir='ltr'>id</span> <span class='ocrx_word' id='word_1_158' title='bbox 1201 1250 1271 1287; x_wconf 91' lang='lat' dir='ltr'>est</span> <span class='ocrx_word' id='word_1_159' title='bbox 1294 1239 1540 1299; x_wconf 71' lang='lat' dir='ltr'>Ecclesiae,</span> <span class='ocrx_word' id='word_1_160' title='bbox 1574 1256 1680 1305; x_wconf 84' lang='lat' dir='ltr'>quae</span> <span class='ocrx_word' id='word_1_161' title='bbox 1704 1239 1806 1303; x_wconf 90' lang='lat' dir='ltr'>ejus</span> <span class='ocrx_word' id='word_1_162' title='bbox 1837 1255 2014 1305; x_wconf 89' lang='lat' dir='ltr'>corpus</span> <span class='ocrx_word' id='word_1_163' title='bbox 2039 1249 2131 1301; x_wconf 89' lang='lat' dir='ltr'>est,</span> <span class='ocrx_word' id='word_1_164' title='bbox 2165 1257 2250 1305; x_wconf 90' lang='lat' dir='ltr'>per</span> <span class='ocrx_word' id='word_1_165' title='bbox 2271 1239 2355 1287; x_wconf 89' lang='lat' dir='ltr'>de-</span> 
     </span>
     <span class='ocr_line' id='line_1_14' title="bbox 205 1319 2358 1386; baseline 0.001 -20"><span class='ocrx_word' id='word_1_166' title='bbox 205 1320 455 1367; x_wconf 80' lang='lat' dir='ltr'>votionem</span> <span class='ocrx_word' id='word_1_167' title='bbox 488 1319 1065 1385; x_wconf 84' lang='lat' dir='ltr'>aggregant.&#39;Quomodo</span> <span class='ocrx_word' id='word_1_168' title='bbox 1100 1330 1262 1368; x_wconf 89' lang='lat' dir='ltr'>autem</span> <span class='ocrx_word' id='word_1_169' title='bbox 1299 1321 1557 1386; x_wconf 86' lang='lat' dir='ltr'>deputatur</span> <span class='ocrx_word' id='word_1_170' title='bbox 1590 1321 1843 1386; x_wconf 88' lang='lat' dir='ltr'>supponit,</span> <span class='ocrx_word' id='word_1_171' title='bbox 1885 1341 1907 1364; x_wconf 79' lang='lat' dir='ltr'>c&lt;</span> <span class='ocrx_word' id='word_1_172' title='bbox 1928 1320 2207 1368; x_wconf 87' lang='lat' dir='ltr'>Secundum</span> <span class='ocrx_word' id='word_1_173' title='bbox 2243 1337 2358 1386; x_wconf 90' lang='lat' dir='ltr'>pro-</span> 
     </span>
     <span class='ocr_line' id='line_1_15' title="bbox 202 1398 2358 1465; baseline 0 -20"><span class='ocrx_word' id='word_1_174' title='bbox 202 1398 416 1464; x_wconf 87' lang='lat' dir='ltr'>positum</span> <span class='ocrx_word' id='word_1_175' title='bbox 449 1399 610 1464; x_wconf 83' lang='lat' dir='ltr'>gratiae</span> <span class='ocrx_word' id='word_1_176' title='bbox 634 1399 737 1446; x_wconf 88' lang='lat' dir='ltr'>Dei.</span> <span class='ocrx_word' id='word_1_177' title='bbox 762 1419 784 1443; x_wconf 73' lang='lat'>2&gt;</span> <span class='ocrx_word' id='word_1_178' title='bbox 813 1399 1094 1447; x_wconf 90' lang='lat' dir='ltr'>Secundum</span> <span class='ocrx_word' id='word_1_179' title='bbox 1124 1398 1221 1447; x_wconf 92' lang='lat' dir='ltr'>hoc</span> <span class='ocrx_word' id='word_1_180' title='bbox 1250 1399 1381 1464; x_wconf 91' lang='lat' dir='ltr'>quod</span> <span class='ocrx_word' id='word_1_181' title='bbox 1409 1400 1458 1446; x_wconf 92' lang='lat' dir='ltr'>in</span> <span class='ocrx_word' id='word_1_182' title='bbox 1484 1400 1736 1465; x_wconf 88' lang='lat' dir='ltr'>proposito</span> <span class='ocrx_word' id='word_1_183' title='bbox 1772 1399 1946 1447; x_wconf 76' lang='lat' dir='ltr'>divinae</span> <span class='ocrx_word' id='word_1_184' title='bbox 1982 1398 2209 1446; x_wconf 88' lang='lat' dir='ltr'>bonitatis</span> <span class='ocrx_word' id='word_1_185' title='bbox 2240 1416 2358 1446; x_wconf 89' lang='lat' dir='ltr'>con-</span> 
     </span>
     <span class='ocr_line' id='line_1_16' title="bbox 205 1479 2358 1546; baseline 0 -20"><span class='ocrx_word' id='word_1_186' title='bbox 205 1479 343 1538; x_wconf 87' lang='lat' dir='ltr'>sistit,</span> <span class='ocrx_word' id='word_1_187' title='bbox 374 1496 482 1544; x_wconf 84' lang='lat' dir='ltr'>quae</span> <span class='ocrx_word' id='word_1_188' title='bbox 504 1480 657 1544; x_wconf 90' lang='lat' dir='ltr'>magis</span> <span class='ocrx_word' id='word_1_189' title='bbox 681 1481 899 1528; x_wconf 90' lang='lat' dir='ltr'>animum</span> <span class='ocrx_word' id='word_1_190' title='bbox 916 1497 1064 1545; x_wconf 90' lang='lat' dir='ltr'>quam</span> <span class='ocrx_word' id='word_1_191' title='bbox 1081 1496 1229 1546; x_wconf 87' lang='lat' dir='ltr'>opera</span> <span class='ocrx_word' id='word_1_192' title='bbox 1245 1490 1542 1528; x_wconf 90' lang='lat' dir='ltr'>remunerat.</span> <span class='ocrx_word' id='word_1_193' title='bbox 1566 1480 1787 1545; x_wconf 82' lang='lat' dir='ltr'>Alioquin</span> <span class='ocrx_word' id='word_1_194' title='bbox 1805 1479 1961 1542; x_wconf 88' lang='lat' dir='ltr'>multi,</span> <span class='ocrx_word' id='word_1_195' title='bbox 1983 1480 2067 1544; x_wconf 87' lang='lat' dir='ltr'>qui</span> <span class='ocrx_word' id='word_1_196' title='bbox 2088 1479 2358 1527; x_wconf 74' lang='lat' dir='ltr'>facultatem</span> 
     </span>
     <span class='ocr_line' id='line_1_17' title="bbox 204 1559 2081 1626; baseline -0.001 -19"><span class='ocrx_word' id='word_1_197' title='bbox 204 1560 440 1626; x_wconf 86' lang='lat' dir='ltr'>operandi</span> <span class='ocrx_word' id='word_1_198' title='bbox 464 1577 566 1608; x_wconf 90' lang='lat' dir='ltr'>non</span> <span class='ocrx_word' id='word_1_199' title='bbox 592 1560 792 1623; x_wconf 90' lang='lat' dir='ltr'>habent,</span> <span class='ocrx_word' id='word_1_200' title='bbox 817 1578 930 1609; x_wconf 90' lang='lat' dir='ltr'>cum</span> <span class='ocrx_word' id='word_1_201' title='bbox 955 1571 1117 1609; x_wconf 87' lang='lat' dir='ltr'>tamen</span> <span class='ocrx_word' id='word_1_202' title='bbox 1141 1560 1324 1609; x_wconf 88' lang='lat' dir='ltr'>habent</span> <span class='ocrx_word' id='word_1_203' title='bbox 1348 1560 1661 1622; x_wconf 86' lang='lat' dir='ltr'>voluntatem,</span> <span class='ocrx_word' id='word_1_204' title='bbox 1689 1559 2081 1626; x_wconf 87' lang='lat' dir='ltr'>reprobarentur.</span> 
     </span>
    </p>

    <p class='ocr_par' dir='ltr' id='par_1_3' title="bbox 205 1640 2374 3081">
     <span class='ocr_line' id='line_1_18' title="bbox 274 1640 2360 1706; baseline -0 -19"><span class='ocrx_word' id='word_1_205' title='bbox 274 1659 298 1686; x_wconf 90' lang='lat'>«</span> <span class='ocrx_word' id='word_1_206' title='bbox 319 1641 450 1688; x_wconf 88' lang='lat' dir='ltr'>Sicut</span> <span class='ocrx_word' id='word_1_207' title='bbox 488 1650 537 1688; x_wconf 90' lang='lat' dir='ltr'>et</span> <span class='ocrx_word' id='word_1_208' title='bbox 572 1641 727 1688; x_wconf 88' lang='lat' dir='ltr'>David</span> <span class='ocrx_word' id='word_1_209' title='bbox 763 1641 894 1702; x_wconf 91' lang='lat' dir='ltr'>dicit,</span> <span class='ocrx_word' id='word_1_210' title='bbox 913 1661 936 1687; x_wconf 91' lang='lat'>»</span> <span class='ocrx_word' id='word_1_211' title='bbox 966 1641 1017 1689; x_wconf 92' lang='lat' dir='ltr'>id</span> <span class='ocrx_word' id='word_1_212' title='bbox 1052 1650 1139 1699; x_wconf 89' lang='lat' dir='ltr'>est,</span> <span class='ocrx_word' id='word_1_213' title='bbox 1175 1641 1376 1706; x_wconf 85' lang='lat' dir='ltr'>exponit</span> <span class='ocrx_word' id='word_1_214' title='bbox 1408 1640 1576 1702; x_wconf 89' lang='lat' dir='ltr'>nobis,</span> <span class='ocrx_word' id='word_1_215' title='bbox 1610 1661 1631 1684; x_wconf 78' lang='grc' dir='ltr'>ι(</span> <span class='ocrx_word' id='word_1_216' title='bbox 1660 1640 2010 1688; x_wconf 83' lang='lat' dir='ltr'>beatitudinem</span> <span class='ocrx_word' id='word_1_217' title='bbox 2042 1640 2255 1687; x_wconf 90' lang='lat' dir='ltr'>hominis</span> <span class='ocrx_word' id='word_1_218' title='bbox 2283 1641 2360 1687; x_wconf 90' lang='lat' dir='ltr'>cui</span> 
     </span>
     <span class='ocr_line' id='line_1_19' title="bbox 205 1721 2361 1787; baseline -0 -19"><span class='ocrx_word' id='word_1_219' title='bbox 205 1723 336 1768; x_wconf 89' lang='lat' dir='ltr'>Deus</span> <span class='ocrx_word' id='word_1_220' title='bbox 355 1731 572 1787; x_wconf 89' lang='lat' dir='ltr'>accepto,</span> <span class='ocrx_word' id='word_1_221' title='bbox 594 1740 617 1766; x_wconf 91' lang='lat'>»</span> <span class='ocrx_word' id='word_1_222' title='bbox 638 1721 687 1768; x_wconf 89' lang='lat' dir='ltr'>id</span> <span class='ocrx_word' id='word_1_223' title='bbox 709 1731 779 1769; x_wconf 90' lang='lat' dir='ltr'>est</span> <span class='ocrx_word' id='word_1_224' title='bbox 802 1739 889 1787; x_wconf 88' lang='lat' dir='ltr'>per</span> <span class='ocrx_word' id='word_1_225' title='bbox 907 1738 1046 1769; x_wconf 87' lang='lat' dir='ltr'>suam</span> <span class='ocrx_word' id='word_1_226' title='bbox 1069 1721 1449 1769; x_wconf 76' lang='lat' dir='ltr'>misericordiam</span> <span class='ocrx_word' id='word_1_227' title='bbox 1468 1730 1710 1787; x_wconf 87' lang='lat' dir='ltr'>suscepto,</span> <span class='ocrx_word' id='word_1_228' title='bbox 1728 1723 1862 1768; x_wconf 89' lang='lat' dir='ltr'>cum¹</span> <span class='ocrx_word' id='word_1_229' title='bbox 1885 1721 1988 1786; x_wconf 91' lang='lat' dir='ltr'>ipse</span> <span class='ocrx_word' id='word_1_230' title='bbox 2008 1737 2201 1785; x_wconf 81' lang='lat' dir='ltr'>surgere</span> <span class='ocrx_word' id='word_1_231' title='bbox 2214 1737 2300 1785; x_wconf 89' lang='lat' dir='ltr'>per</span> <span class='ocrx_word' id='word_1_232' title='bbox 2313 1737 2361 1767; x_wconf 90' lang='lat' dir='ltr'>se</span> 
     </span>
     <span class='ocr_line' id='line_1_20' title="bbox 205 1801 2361 1868; baseline -0.001 -18"><span class='ocrx_word' id='word_1_233' title='bbox 205 1801 269 1850; x_wconf 86' lang='lat' dir='ltr'>ad</span> <span class='ocrx_word' id='word_1_234' title='bbox 290 1804 448 1848; x_wconf 90' lang='lat' dir='ltr'>Deum</span> <span class='ocrx_word' id='word_1_235' title='bbox 473 1818 574 1849; x_wconf 91' lang='lat' dir='ltr'>non</span> <span class='ocrx_word' id='word_1_236' title='bbox 592 1802 790 1862; x_wconf 86' lang='lat' dir='ltr'>valeret,</span> <span class='ocrx_word' id='word_1_237' title='bbox 822 1822 845 1848; x_wconf 90' lang='lat'><strong><em>«</em></strong></span> <span class='ocrx_word' id='word_1_238' title='bbox 876 1803 965 1850; x_wconf 89' lang='lat' dir='ltr'>fert</span> <span class='ocrx_word' id='word_1_239' title='bbox 983 1803 1235 1867; x_wconf 88' lang='lat' dir='ltr'>justitiam,</span> <span class='ocrx_word' id='word_1_240' title='bbox 1254 1821 1277 1848; x_wconf 89' lang='lat'>»</span> <span class='ocrx_word' id='word_1_241' title='bbox 1303 1803 1416 1868; x_wconf 91' lang='lat' dir='ltr'>quia</span> <span class='ocrx_word' id='word_1_242' title='bbox 1439 1802 1541 1868; x_wconf 89' lang='lat' dir='ltr'>ipse</span> <span class='ocrx_word' id='word_1_243' title='bbox 1560 1802 1639 1849; x_wconf 89' lang='lat' dir='ltr'>cui</span> <span class='ocrx_word' id='word_1_244' title='bbox 1659 1801 1859 1850; x_wconf 84' lang='lat' dir='ltr'>affertur</span> <span class='ocrx_word' id='word_1_245' title='bbox 1872 1819 2063 1849; x_wconf 88' lang='lat' dir='ltr'>sumere</span> <span class='ocrx_word' id='word_1_246' title='bbox 2085 1818 2171 1868; x_wconf 86' lang='lat' dir='ltr'>per</span> <span class='ocrx_word' id='word_1_247' title='bbox 2194 1818 2243 1849; x_wconf 88' lang='lat' dir='ltr'>se</span> <span class='ocrx_word' id='word_1_248' title='bbox 2261 1818 2361 1849; x_wconf 91' lang='lat' dir='ltr'>non</span> 
     </span>
     <span class='ocr_line' id='line_1_21' title="bbox 208 1882 2359 1950; baseline 0 -21"><span class='ocrx_word' id='word_1_249' title='bbox 208 1891 414 1948; x_wconf 90' lang='lat' dir='ltr'>poterat.</span> <span class='ocrx_word' id='word_1_250' title='bbox 444 1885 569 1942; x_wconf 86' lang='lat' dir='ltr'>Fert,</span> <span class='ocrx_word' id='word_1_251' title='bbox 596 1883 815 1948; x_wconf 88' lang='lat' dir='ltr'>inquam,</span> <span class='ocrx_word' id='word_1_252' title='bbox 844 1903 868 1928; x_wconf 91' lang='lat'>«</span> <span class='ocrx_word' id='word_1_253' title='bbox 887 1884 990 1931; x_wconf 90' lang='lat' dir='ltr'>sine</span> <span class='ocrx_word' id='word_1_254' title='bbox 1014 1883 1243 1950; x_wconf 87' lang='lat' dir='ltr'>operibus</span> <span class='ocrx_word' id='word_1_255' title='bbox 1265 1883 1438 1948; x_wconf 83' lang='lat' dir='ltr'>legis,»</span> <span class='ocrx_word' id='word_1_256' title='bbox 1464 1883 1644 1931; x_wconf 88' lang='lat' dir='ltr'>scilicet</span> <span class='ocrx_word' id='word_1_257' title='bbox 1669 1882 1922 1947; x_wconf 86' lang='lat' dir='ltr'>legalibus.</span> <span class='ocrx_word' id='word_1_258' title='bbox 1949 1883 2095 1942; x_wconf 91' lang='lat' dir='ltr'>Quod</span> <span class='ocrx_word' id='word_1_259' title='bbox 2120 1883 2250 1930; x_wconf 90' lang='lat' dir='ltr'>enim</span> <span class='ocrx_word' id='word_1_260' title='bbox 2271 1883 2359 1943; x_wconf 86' lang='lat' dir='ltr'>ait,</span> 
     </span>
     <span class='ocr_line' id='line_1_22' title="bbox 211 1964 2364 2030; baseline 0.001 -22"><span class='ocrx_word' id='word_1_261' title='bbox 211 1983 236 2008; x_wconf 86' lang='lat'>«</span> <span class='ocrx_word' id='word_1_262' title='bbox 258 1965 388 2011; x_wconf 89' lang='lat' dir='ltr'>Beati</span> <span class='ocrx_word' id='word_1_263' title='bbox 408 1980 619 2028; x_wconf 90' lang='lat' dir='ltr'>quorum</span> <span class='ocrx_word' id='word_1_264' title='bbox 642 1965 850 2012; x_wconf 81' lang='lat' dir='ltr'>remissae</span> <span class='ocrx_word' id='word_1_265' title='bbox 872 1975 986 2013; x_wconf 89' lang='lat' dir='ltr'>sunt</span> <span class='ocrx_word' id='word_1_266' title='bbox 1012 1965 1306 2029; x_wconf 90' lang='lat' dir='ltr'>iniquitates,</span> <span class='ocrx_word' id='word_1_267' title='bbox 1335 1973 1450 2027; x_wconf 85' lang='lat' dir='ltr'>etc.,</span> <span class='ocrx_word' id='word_1_268' title='bbox 1472 1985 1494 2009; x_wconf 70' lang='lat'>&gt;³</span> <span class='ocrx_word' id='word_1_269' title='bbox 1523 1964 1807 2030; x_wconf 88' lang='lat' dir='ltr'>generaliter</span> <span class='ocrx_word' id='word_1_270' title='bbox 1830 1964 2005 2012; x_wconf 90' lang='lat' dir='ltr'>dicitur</span> <span class='ocrx_word' id='word_1_271' title='bbox 2034 1983 2043 2011; x_wconf 94' lang='lat'>:</span> <span class='ocrx_word' id='word_1_272' title='bbox 2078 1965 2364 2029; x_wconf 75' lang='lat' dir='ltr'>Quicunque</span> 
     </span>
     <span class='ocr_line' id='line_1_23' title="bbox 208 2043 2365 2112; baseline 0.001 -22"><span class='ocrx_word' id='word_1_273' title='bbox 208 2043 321 2101; x_wconf 89' lang='lat' dir='ltr'>sint,</span> <span class='ocrx_word' id='word_1_274' title='bbox 361 2044 460 2092; x_wconf 88' lang='lat' dir='ltr'>sive</span> <span class='ocrx_word' id='word_1_275' title='bbox 481 2045 632 2093; x_wconf 85' lang='lat' dir='ltr'>Judaei</span> <span class='ocrx_word' id='word_1_276' title='bbox 670 2046 770 2093; x_wconf 84' lang='lat' dir='ltr'>sive</span> <span class='ocrx_word' id='word_1_277' title='bbox 795 2046 1032 2107; x_wconf 89' lang='lat' dir='ltr'>Gentiles,</span> <span class='ocrx_word' id='word_1_278' title='bbox 1062 2046 1320 2095; x_wconf 85' lang='lat' dir='ltr'>remittitur</span> <span class='ocrx_word' id='word_1_279' title='bbox 1354 2047 1600 2110; x_wconf 79' lang='lat' dir='ltr'>iniquitaS,</span> <span class='ocrx_word' id='word_1_280' title='bbox 1636 2046 1835 2112; x_wconf 88' lang='lat' dir='ltr'>quando</span> <span class='ocrx_word' id='word_1_281' title='bbox 1871 2061 2016 2112; x_wconf 88' lang='lat' dir='ltr'>poena</span> <span class='ocrx_word' id='word_1_282' title='bbox 2041 2046 2143 2110; x_wconf 90' lang='lat' dir='ltr'>ejus</span> <span class='ocrx_word' id='word_1_283' title='bbox 2178 2045 2365 2093; x_wconf 89' lang='lat' dir='ltr'>condo-</span> 
     </span>
     <span class='ocr_line' id='line_1_24' title="bbox 208 2126 2364 2193; baseline 0 -22"><span class='ocrx_word' id='word_1_284' title='bbox 208 2133 352 2172; x_wconf 88' lang='lat' dir='ltr'>natur</span> <span class='ocrx_word' id='word_1_285' title='bbox 375 2142 463 2190; x_wconf 88' lang='lat' dir='ltr'>per</span> <span class='ocrx_word' id='word_1_286' title='bbox 490 2126 711 2191; x_wconf 85' lang='lat' dir='ltr'>gratiam,</span> <span class='ocrx_word' id='word_1_287' title='bbox 744 2143 851 2191; x_wconf 85' lang='lat' dir='ltr'>quae</span> <span class='ocrx_word' id='word_1_288' title='bbox 880 2127 1004 2190; x_wconf 85' lang='lat' dir='ltr'>exigi</span> <span class='ocrx_word' id='word_1_289' title='bbox 1025 2137 1218 2192; x_wconf 88' lang='lat' dir='ltr'>poterat</span> <span class='ocrx_word' id='word_1_290' title='bbox 1237 2144 1326 2193; x_wconf 84' lang='lat' dir='ltr'>per</span> <span class='ocrx_word' id='word_1_291' title='bbox 1345 2127 1581 2191; x_wconf 88' lang='lat' dir='ltr'>justitiam</span> <span class='ocrx_word' id='word_1_292' title='bbox 1603 2146 1614 2175; x_wconf 76' lang='grc' dir='ltr'><strong><em>ε</em></strong></span> <span class='ocrx_word' id='word_1_293' title='bbox 1644 2144 1699 2175; x_wconf 87' lang='lat' dir='ltr'>ac</span> <span class='ocrx_word' id='word_1_294' title='bbox 1730 2143 1816 2193; x_wconf 89' lang='lat' dir='ltr'>per</span> <span class='ocrx_word' id='word_1_295' title='bbox 1840 2127 1935 2174; x_wconf 89' lang='lat' dir='ltr'>hoc</span> <span class='ocrx_word' id='word_1_296' title='bbox 1949 2127 2051 2191; x_wconf 88' lang='lat' dir='ltr'>jam</span> <span class='ocrx_word' id='word_1_297' title='bbox 2081 2127 2233 2192; x_wconf 90' lang='lat' dir='ltr'>ipsam</span> <span class='ocrx_word' id='word_1_298' title='bbox 2258 2142 2364 2191; x_wconf 90' lang='lat' dir='ltr'>gra-</span> 
     </span>
     <span class='ocr_line' id='line_1_25' title="bbox 210 2205 2367 2274; baseline 0.001 -23"><span class='ocrx_word' id='word_1_299' title='bbox 210 2205 327 2254; x_wconf 86' lang='lat' dir='ltr'>tiam</span> <span class='ocrx_word' id='word_1_300' title='bbox 365 2207 501 2270; x_wconf 88' lang='lat' dir='ltr'>quasi</span> <span class='ocrx_word' id='word_1_301' title='bbox 538 2207 909 2255; x_wconf 90' lang='lat' dir='ltr'>fundamentum</span> <span class='ocrx_word' id='word_1_302' title='bbox 942 2209 1188 2274; x_wconf 85' lang='lat' dir='ltr'>Scriptura</span> <span class='ocrx_word' id='word_1_303' title='bbox 1226 2209 1500 2270; x_wconf 91' lang='lat' dir='ltr'>constituit,</span> <span class='ocrx_word' id='word_1_304' title='bbox 1537 2219 1589 2256; x_wconf 91' lang='lat' dir='ltr'>ut</span> <span class='ocrx_word' id='word_1_305' title='bbox 1630 2208 1868 2273; x_wconf 87' lang='lat' dir='ltr'>quidquid</span> <span class='ocrx_word' id='word_1_306' title='bbox 1903 2207 2133 2273; x_wconf 86' lang='lat' dir='ltr'>deinceps</span> <span class='ocrx_word' id='word_1_307' title='bbox 2167 2224 2367 2273; x_wconf 78' lang='lat' dir='ltr'>superae-</span> 
     </span>
     <span class='ocr_line' id='line_1_26' title="bbox 211 2285 2367 2355; baseline 0.001 -23"><span class='ocrx_word' id='word_1_308' title='bbox 211 2285 450 2347; x_wconf 87' lang='lat' dir='ltr'>dificetur,</span> <span class='ocrx_word' id='word_1_309' title='bbox 483 2289 717 2352; x_wconf 84' lang='lat' dir='ltr'>praeeunti</span> <span class='ocrx_word' id='word_1_310' title='bbox 747 2289 907 2352; x_wconf 81' lang='lat' dir='ltr'>gratiae</span> <span class='ocrx_word' id='word_1_311' title='bbox 930 2289 1207 2355; x_wconf 88' lang='lat' dir='ltr'>deputetur.</span> <span class='ocrx_word' id='word_1_312' title='bbox 1243 2289 1467 2337; x_wconf 90' lang='lat' dir='ltr'>Remissis</span> <span class='ocrx_word' id='word_1_313' title='bbox 1498 2299 1660 2337; x_wconf 88' lang='lat' dir='ltr'>autem</span> <span class='ocrx_word' id='word_1_314' title='bbox 1699 2288 2049 2354; x_wconf 89' lang='lat' dir='ltr'>iniquitatibus,</span> <span class='ocrx_word' id='word_1_315' title='bbox 2083 2288 2287 2353; x_wconf 90' lang='lat' dir='ltr'>qualiter</span> <span class='ocrx_word' id='word_1_316' title='bbox 2306 2288 2367 2336; x_wconf 83' lang='lat' dir='ltr'>ad</span> 
     </span>
     <span class='ocr_line' id='line_1_27' title="bbox 211 2366 2369 2436; baseline 0.001 -23"><span class='ocrx_word' id='word_1_317' title='bbox 211 2366 558 2432; x_wconf 86' lang='lat' dir='ltr'>perfectionem</span> <span class='ocrx_word' id='word_1_318' title='bbox 596 2368 761 2416; x_wconf 86' lang='lat' dir='ltr'>divina</span> <span class='ocrx_word' id='word_1_319' title='bbox 797 2371 949 2433; x_wconf 89' lang='lat' dir='ltr'>gratia</span> <span class='ocrx_word' id='word_1_320' title='bbox 987 2370 1241 2418; x_wconf 90' lang='lat' dir='ltr'>hominem</span> <span class='ocrx_word' id='word_1_321' title='bbox 1263 2370 1498 2436; x_wconf 90' lang='lat' dir='ltr'>perducat</span> <span class='ocrx_word' id='word_1_322' title='bbox 1526 2371 1854 2436; x_wconf 87' lang='lat' dir='ltr'>prosequitur,</span> <span class='ocrx_word' id='word_1_323' title='bbox 1890 2387 2002 2418; x_wconf 90' lang='lat' dir='ltr'>cum</span> <span class='ocrx_word' id='word_1_324' title='bbox 2030 2369 2208 2417; x_wconf 89' lang='lat' dir='ltr'>deinde</span> <span class='ocrx_word' id='word_1_325' title='bbox 2236 2368 2369 2417; x_wconf 90' lang='lat' dir='ltr'>addit</span> 
     </span>
     <span class='ocr_line' id='line_1_28' title="bbox 212 2449 2368 2518; baseline 0 -23"><span class='ocrx_word' id='word_1_326' title='bbox 212 2457 409 2512; x_wconf 89' lang='lat' dir='ltr'>peccata</span> <span class='ocrx_word' id='word_1_327' title='bbox 433 2449 546 2512; x_wconf 83' lang='lat' dir='ltr'>tegi,</span> <span class='ocrx_word' id='word_1_328' title='bbox 578 2465 632 2497; x_wconf 88' lang='lat' dir='ltr'>ac</span> <span class='ocrx_word' id='word_1_329' title='bbox 661 2449 874 2516; x_wconf 91' lang='lat' dir='ltr'>denique</span> <span class='ocrx_word' id='word_1_330' title='bbox 895 2451 1261 2518; x_wconf 77' lang='lat' dir='ltr'>necimputari.</span> <span class='ocrx_word' id='word_1_331' title='bbox 1295 2452 1621 2500; x_wconf 88' lang='lat' dir='ltr'>Remittuntur</span> <span class='ocrx_word' id='word_1_332' title='bbox 1647 2452 1846 2517; x_wconf 90' lang='lat' dir='ltr'>quidem</span> <span class='ocrx_word' id='word_1_333' title='bbox 1870 2462 2066 2517; x_wconf 88' lang='lat' dir='ltr'>peccata</span> <span class='ocrx_word' id='word_1_334' title='bbox 2101 2468 2187 2517; x_wconf 90' lang='lat' dir='ltr'>per</span> <span class='ocrx_word' id='word_1_335' title='bbox 2218 2450 2368 2516; x_wconf 86' lang='lat' dir='ltr'>poeui-</span> 
     </span>
     <span class='ocr_line' id='line_1_29' title="bbox 211 2529 2368 2598; baseline 0.001 -24"><span class='ocrx_word' id='word_1_336' title='bbox 211 2529 371 2575; x_wconf 83' lang='lat' dir='ltr'>tentiae</span> <span class='ocrx_word' id='word_1_337' title='bbox 394 2530 643 2593; x_wconf 88' lang='lat' dir='ltr'>gemitum,</span> <span class='ocrx_word' id='word_1_338' title='bbox 671 2530 731 2578; x_wconf 92' lang='lat' dir='ltr'>de</span> <span class='ocrx_word' id='word_1_339' title='bbox 754 2548 850 2596; x_wconf 93' lang='lat' dir='ltr'>quo</span> <span class='ocrx_word' id='word_1_340' title='bbox 873 2532 1049 2580; x_wconf 91' lang='lat' dir='ltr'>dicitur</span> <span class='ocrx_word' id='word_1_341' title='bbox 1072 2550 1083 2579; x_wconf 90' lang='lat'>:</span> <span class='ocrx_word' id='word_1_342' title='bbox 1110 2552 1134 2578; x_wconf 91' lang='lat'>«</span> <span class='ocrx_word' id='word_1_343' title='bbox 1151 2535 1454 2598; x_wconf 88' lang='lat' dir='ltr'>Quacunque</span> <span class='ocrx_word' id='word_1_344' title='bbox 1479 2533 1602 2581; x_wconf 86' lang='lat' dir='ltr'>hora</span> <span class='ocrx_word' id='word_1_345' title='bbox 1625 2542 1852 2598; x_wconf 88' lang='lat' dir='ltr'>peccator</span> <span class='ocrx_word' id='word_1_346' title='bbox 1874 2532 2176 2596; x_wconf 89' lang='lat' dir='ltr'>ingemuerit.</span> <span class='ocrx_word' id='word_1_347' title='bbox 2195 2550 2217 2576; x_wconf 85' lang='lat'>»</span> <span class='ocrx_word' id='word_1_348' title='bbox 2247 2530 2368 2588; x_wconf 88' lang='lat' dir='ltr'>Quia</span> 
     </span>
     <span class='ocr_line' id='line_1_30' title="bbox 214 2608 2365 2678; baseline 0.001 -23"><span class='ocrx_word' id='word_1_349' title='bbox 214 2608 497 2674; x_wconf 89' lang='lat' dir='ltr'>priusquam</span> <span class='ocrx_word' id='word_1_350' title='bbox 530 2611 573 2658; x_wconf 91' lang='lat' dir='ltr'>ei</span> <span class='ocrx_word' id='word_1_351' title='bbox 598 2627 711 2658; x_wconf 89' lang='lat' dir='ltr'>vere</span> <span class='ocrx_word' id='word_1_352' title='bbox 734 2612 955 2678; x_wconf 90' lang='lat' dir='ltr'>displicet</span> <span class='ocrx_word' id='word_1_353' title='bbox 991 2613 1239 2678; x_wconf 90' lang='lat' dir='ltr'>iniquitas,</span> <span class='ocrx_word' id='word_1_354' title='bbox 1283 2623 1331 2661; x_wconf 92' lang='lat' dir='ltr'>et</span> <span class='ocrx_word' id='word_1_355' title='bbox 1370 2614 1527 2661; x_wconf 91' lang='lat' dir='ltr'>omnis</span> <span class='ocrx_word' id='word_1_356' title='bbox 1565 2612 1693 2662; x_wconf 91' lang='lat' dir='ltr'>mala</span> <span class='ocrx_word' id='word_1_357' title='bbox 1726 2613 1828 2677; x_wconf 89' lang='lat' dir='ltr'>ejus</span> <span class='ocrx_word' id='word_1_358' title='bbox 1862 2613 2085 2660; x_wconf 85' lang='lat' dir='ltr'>voluntas</span> <span class='ocrx_word' id='word_1_359' title='bbox 2118 2610 2365 2659; x_wconf 88' lang='lat' dir='ltr'>abscedit:</span> 
     </span>
     <span class='ocr_line' id='line_1_31' title="bbox 211 2688 2371 2759; baseline 0.001 -24"><span class='ocrx_word' id='word_1_360' title='bbox 211 2688 312 2751; x_wconf 87' lang='lat' dir='ltr'>jam</span> <span class='ocrx_word' id='word_1_361' title='bbox 339 2690 405 2737; x_wconf 89' lang='lat' dir='ltr'>ita</span> <span class='ocrx_word' id='word_1_362' title='bbox 430 2700 499 2738; x_wconf 90' lang='lat' dir='ltr'>est</span> <span class='ocrx_word' id='word_1_363' title='bbox 528 2693 634 2739; x_wconf 91' lang='lat' dir='ltr'>Deo</span> <span class='ocrx_word' id='word_1_364' title='bbox 669 2702 897 2757; x_wconf 89' lang='lat' dir='ltr'>peccator</span> <span class='ocrx_word' id='word_1_365' title='bbox 930 2694 1283 2755; x_wconf 84' lang='lat' dir='ltr'>reconciliatus,</span> <span class='ocrx_word' id='word_1_366' title='bbox 1318 2703 1372 2742; x_wconf 90' lang='lat' dir='ltr'>ut</span> <span class='ocrx_word' id='word_1_367' title='bbox 1401 2710 1430 2742; x_wconf 92' lang='lat' dir='ltr'>a</span> <span class='ocrx_word' id='word_1_368' title='bbox 1462 2694 1693 2758; x_wconf 85' lang='lat' dir='ltr'>gehennae</span> <span class='ocrx_word' id='word_1_369' title='bbox 1730 2693 1886 2759; x_wconf 88' lang='lat' dir='ltr'>poenis</span> <span class='ocrx_word' id='word_1_370' title='bbox 1918 2694 1978 2740; x_wconf 92' lang='lat' dir='ltr'>sit</span> <span class='ocrx_word' id='word_1_371' title='bbox 2003 2691 2250 2751; x_wconf 85' lang='lat' dir='ltr'>liberatus,</span> <span class='ocrx_word' id='word_1_372' title='bbox 2281 2708 2371 2739; x_wconf 91' lang='lat' dir='ltr'>nec</span> 
     </span>
     <span class='ocr_line' id='line_1_32' title="bbox 216 2771 2372 2838; baseline 0.002 -23"><span class='ocrx_word' id='word_1_373' title='bbox 216 2785 434 2833; x_wconf 89' lang='lat' dir='ltr'>unquam</span> <span class='ocrx_word' id='word_1_374' title='bbox 470 2771 742 2833; x_wconf 87' lang='lat' dir='ltr'>gehennam</span> <span class='ocrx_word' id='word_1_375' title='bbox 764 2773 996 2836; x_wconf 89' lang='lat' dir='ltr'>incurrat,</span> <span class='ocrx_word' id='word_1_376' title='bbox 1031 2775 1071 2822; x_wconf 91' lang='lat' dir='ltr'>si</span> <span class='ocrx_word' id='word_1_377' title='bbox 1107 2775 1157 2822; x_wconf 91' lang='lat' dir='ltr'>in</span> <span class='ocrx_word' id='word_1_378' title='bbox 1190 2774 1289 2822; x_wconf 89' lang='lat' dir='ltr'>hoc</span> <span class='ocrx_word' id='word_1_379' title='bbox 1318 2775 1496 2837; x_wconf 91' lang='lat' dir='ltr'>gemitu</span> <span class='ocrx_word' id='word_1_380' title='bbox 1532 2783 1819 2835; x_wconf 87' lang='lat' dir='ltr'>moreretur,</span> <span class='ocrx_word' id='word_1_381' title='bbox 1859 2782 2052 2838; x_wconf 87' lang='lat' dir='ltr'>paratus</span> <span class='ocrx_word' id='word_1_382' title='bbox 2080 2772 2143 2821; x_wconf 91' lang='lat' dir='ltr'>ad</span> <span class='ocrx_word' id='word_1_383' title='bbox 2175 2789 2372 2820; x_wconf 89' lang='lat' dir='ltr'>omnem</span> 
     </span>
     <span class='ocr_line' id='line_1_33' title="bbox 218 2851 2374 2920; baseline 0.002 -24"><span class='ocrx_word' id='word_1_384' title='bbox 218 2865 364 2912; x_wconf 86' lang='lat' dir='ltr'>quam</span> <span class='ocrx_word' id='word_1_385' title='bbox 401 2860 564 2915; x_wconf 90' lang='lat' dir='ltr'>posset</span> <span class='ocrx_word' id='word_1_386' title='bbox 601 2851 989 2902; x_wconf 86' lang='lat' dir='ltr'>satisfactionem.</span> <span class='ocrx_word' id='word_1_387' title='bbox 1031 2858 1164 2901; x_wconf 89' lang='lat' dir='ltr'>Tunc</span> <span class='ocrx_word' id='word_1_388' title='bbox 1201 2863 1362 2901; x_wconf 90' lang='lat' dir='ltr'>autem</span> <span class='ocrx_word' id='word_1_389' title='bbox 1402 2863 1524 2901; x_wconf 87' lang='lat' dir='ltr'>tecta</span> <span class='ocrx_word' id='word_1_390' title='bbox 1561 2863 1675 2901; x_wconf 92' lang='lat' dir='ltr'>sunt</span> <span class='ocrx_word' id='word_1_391' title='bbox 1702 2863 1916 2920; x_wconf 88' lang='lat' dir='ltr'>peccata,</span> <span class='ocrx_word' id='word_1_392' title='bbox 1954 2852 2151 2918; x_wconf 89' lang='lat' dir='ltr'>quando</span> <span class='ocrx_word' id='word_1_393' title='bbox 2189 2853 2239 2900; x_wconf 91' lang='lat' dir='ltr'>in</span> <span class='ocrx_word' id='word_1_394' title='bbox 2278 2851 2374 2900; x_wconf 90' lang='lat' dir='ltr'>hoc</span> 
     </span>
     <span class='ocr_line' id='line_1_34' title="bbox 221 2929 2372 3000; baseline 0.002 -24"><span class='ocrx_word' id='word_1_395' title='bbox 221 2929 387 2977; x_wconf 89' lang='lat' dir='ltr'>seculo</span> <span class='ocrx_word' id='word_1_396' title='bbox 418 2930 675 2979; x_wconf 85' lang='lat' dir='ltr'>satisfactio</span> <span class='ocrx_word' id='word_1_397' title='bbox 710 2934 942 2997; x_wconf 88' lang='lat' dir='ltr'>sequitur.</span> <span class='ocrx_word' id='word_1_398' title='bbox 974 2937 1091 2992; x_wconf 85' lang='lat' dir='ltr'>Quae</span> <span class='ocrx_word' id='word_1_399' title='bbox 1119 2933 1318 2999; x_wconf 90' lang='lat' dir='ltr'>quidem</span> <span class='ocrx_word' id='word_1_400' title='bbox 1339 2933 1596 2982; x_wconf 89' lang='lat' dir='ltr'>satisfactio</span> <span class='ocrx_word' id='word_1_401' title='bbox 1623 2944 1671 2982; x_wconf 92' lang='lat' dir='ltr'>et</span> <span class='ocrx_word' id='word_1_402' title='bbox 1694 2934 1994 3000; x_wconf 88' lang='lat' dir='ltr'>purgatorias</span> <span class='ocrx_word' id='word_1_403' title='bbox 2015 2933 2271 2998; x_wconf 83' lang='lat' dir='ltr'>exstinguit</span> <span class='ocrx_word' id='word_1_404' title='bbox 2300 2949 2372 2980; x_wconf 90' lang='lat' dir='ltr'>se·</span> 
     </span>
     <span class='ocr_line' id='line_1_35' title="bbox 222 3009 2373 3081; baseline 0.002 -25"><span class='ocrx_word' id='word_1_405' title='bbox 222 3009 318 3057; x_wconf 88' lang='lat' dir='ltr'>culi</span> <span class='ocrx_word' id='word_1_406' title='bbox 365 3011 561 3058; x_wconf 82' lang='lat' dir='ltr'>alterius</span> <span class='ocrx_word' id='word_1_407' title='bbox 600 3028 795 3077; x_wconf 87' lang='lat' dir='ltr'>poenas,</span> <span class='ocrx_word' id='word_1_408' title='bbox 836 3030 948 3061; x_wconf 90' lang='lat' dir='ltr'>cum</span> <span class='ocrx_word' id='word_1_409' title='bbox 996 3014 1130 3080; x_wconf 90' lang='lat' dir='ltr'>prius</span> <span class='ocrx_word' id='word_1_410' title='bbox 1168 3015 1451 3081; x_wconf 86' lang='lat' dir='ltr'>poenitentia</span> <span class='ocrx_word' id='word_1_411' title='bbox 1488 3031 1656 3080; x_wconf 88' lang='lat' dir='ltr'>poenas</span> <span class='ocrx_word' id='word_1_412' title='bbox 1695 3014 1926 3063; x_wconf 89' lang='lat' dir='ltr'>deleverit</span> <span class='ocrx_word' id='word_1_413' title='bbox 1965 3014 2292 3063; x_wconf 86' lang='lat' dir='ltr'>damnatorias</span> <span class='ocrx_word' id='word_1_414' title='bbox 2327 3023 2373 3060; x_wconf 90' lang='lat' dir='ltr'>et</span> 
     </span>
    </p>
   </div>
   <div class='ocr_carea' id='block_1_3' title="bbox 224 3090 2372 3240">
    <p class='ocr_par' dir='ltr' id='par_1_4' title="bbox 224 3090 2372 3240">
     <span class='ocr_line' id='line_1_36' title="bbox 226 3090 2372 3163; baseline 0.002 -26"><span class='ocrx_word' id='word_1_415' title='bbox 226 3090 537 3154; x_wconf 89' lang='lat' dir='ltr'>gehennales.</span> <span class='ocrx_word' id='word_1_416' title='bbox 564 3096 699 3140; x_wconf 88' lang='lat' dir='ltr'>Tunc</span> <span class='ocrx_word' id='word_1_417' title='bbox 727 3110 842 3158; x_wconf 87' lang='lat' dir='ltr'>ergo</span> <span class='ocrx_word' id='word_1_418' title='bbox 867 3103 990 3143; x_wconf 89' lang='lat' dir='ltr'>tecta</span> <span class='ocrx_word' id='word_1_419' title='bbox 1023 3105 1137 3143; x_wconf 90' lang='lat' dir='ltr'>sunt</span> <span class='ocrx_word' id='word_1_420' title='bbox 1165 3105 1277 3144; x_wconf 90' lang='lat' dir='ltr'>ante</span> <span class='ocrx_word' id='word_1_421' title='bbox 1300 3095 1469 3146; x_wconf 87' lang='lat' dir='ltr'>oculos</span> <span class='ocrx_word' id='word_1_422' title='bbox 1492 3095 1671 3144; x_wconf 83' lang='lat' dir='ltr'>Judicis</span> <span class='ocrx_word' id='word_1_423' title='bbox 1692 3105 1915 3163; x_wconf 86' lang='lat' dir='ltr'>peccata,</span> <span class='ocrx_word' id='word_1_424' title='bbox 1942 3094 2140 3160; x_wconf 86' lang='lat' dir='ltr'>quando</span> <span class='ocrx_word' id='word_1_425' title='bbox 2171 3112 2261 3143; x_wconf 91' lang='lat' dir='ltr'>nec</span> <span class='ocrx_word' id='word_1_426' title='bbox 2284 3110 2372 3159; x_wconf 87' lang='lat' dir='ltr'>pro</span> 
     </span>
     <span class='ocr_line' id='line_1_37' title="bbox 224 3171 952 3240; baseline 0.007 -22"><span class='ocrx_word' id='word_1_427' title='bbox 224 3172 292 3219; x_wconf 87' lang='lat' dir='ltr'>eis</span> <span class='ocrx_word' id='word_1_428' title='bbox 314 3171 436 3219; x_wconf 89' lang='lat' dir='ltr'>nihil</span> <span class='ocrx_word' id='word_1_429' title='bbox 456 3173 588 3221; x_wconf 76' lang='lat' dir='ltr'>videt</span> <span class='ocrx_word' id='word_1_430' title='bbox 609 3174 745 3239; x_wconf 94' lang='lat' dir='ltr'>quod</span> <span class='ocrx_word' id='word_1_431' title='bbox 766 3176 952 3240; x_wconf 91' lang='lat' dir='ltr'>puniat.</span> 
     </span>
    </p>
   </div>
   <div class='ocr_carea' id='block_1_4' title="bbox 265 3348 1275 3398">
    <p class='ocr_par' dir='ltr' id='par_1_5' title="bbox 265 3348 1275 3398">
     <span class='ocr_line' id='line_1_38' title="bbox 265 3348 1275 3398; baseline 0.008 -17"><span class='ocrx_word' id='word_1_432' title='bbox 265 3350 272 3367; x_wconf 87' lang='lat'><strong>¹</strong></span> <span class='ocrx_word' id='word_1_433' title='bbox 293 3348 375 3382; x_wconf 80' lang='lat' dir='ltr'>Mate</span> <span class='ocrx_word' id='word_1_434' title='bbox 396 3349 492 3385; x_wconf 84' lang='lat' dir='ltr'>Amb.</span> <span class='ocrx_word' id='word_1_435' title='bbox 510 3352 783 3387; x_wconf 77' lang='lat' dir='ltr'>Misericordiam</span> <span class='ocrx_word' id='word_1_436' title='bbox 803 3354 1028 3397; x_wconf 77' lang='lat' dir='ltr'>susceptionis</span> <span class='ocrx_word' id='word_1_437' title='bbox 1042 3355 1114 3397; x_wconf 76' lang='lat' dir='ltr'>ipse</span> <span class='ocrx_word' id='word_1_438' title='bbox 1129 3364 1275 3398; x_wconf 72' lang='lat' dir='ltr'>surqere.</span> 
     </span>
    </p>
   </div>
   <div class='ocr_carea' id='block_1_5' title="bbox 2580 1620 2638 1701">
    <p class='ocr_par' dir='ltr' id='par_1_6' title="bbox 2580 1620 2638 1701">
     <span class='ocr_line' id='line_1_39' title="bbox 2580 1620 2638 1701; baseline 0 -76"><span class='ocrx_word' id='word_1_439' title='bbox 2580 1620 2638 1701; x_wconf 36' lang='grc' dir='ltr'><em>Ὗ</em></span> 
     </span>
    </p>
   </div>
  </div>
 </body>
</html>
