2638 3866
370 256 465 304 328
1177 250 1348 298 PETRI
1382 250 1693 299 ABAELARDI

374 378 396 399 «
419 352 705 419 Abjiciamus
719 365 852 413 ergo.
871 349 1321 415 »Quandoquidem
1338 351 1518 399 seilicet
1530 367 1628 398 nox
1644 350 1732 398 ista
1742 350 1841 414 jam
1865 352 2118 416 praecessit,
2138 362 2185 399 et
2207 352 2308 400 dies
2328 368 2501 418 appro-

370 432 633 500 pinquavit.
674 433 772 478 Nec
795 429 909 479 dicit
936 431 1035 495 jam
1065 429 1434 495 «abjiciantur»
1460 431 1545 479 sed
1572 431 1911 496 «abjiciamus,
1933 450 1957 476 »
1985 433 2099 496 quia
2117 433 2217 497 J'am
2247 449 2333 498 per
2354 433 2502 482 fidem

371 512 623 562 illuminati
646 512 835 576 operari
857 511 1087 559 valemus
1120 532 1143 555 «
1164 514 1325 577 Opera
1349 511 1673 560 tenebrarum.
1697 531 1721 558 »
1748 513 1875 560 Dicit
1896 513 2020 561 mala
2043 529 2208 579 opera,
2229 514 2364 578 juxta
2386 513 2502 562 illud

373 592 641 641 Veritatis¹:
675 592 884 639 «Omnis
908 594 990 657 qui
1017 592 1140 640 male
1164 593 1261 656 agit
1285 593 1388 640 odit
1414 594 1590 655 lucem,
1605 611 1628 638 »
1657 594 1731 641 vel
1755 609 1901 660 opera
1921 593 2189 641 infidelium
2212 603 2260 642 et
2279 594 2505 643 tenebro-

372 689 554 734 sorum,
595 672 769 737 quibus
802 673 1023 721 nondum
1062 674 1134 721 sol
1168 674 1361 738 justitiae
1391 674 1469 722 ille
1506 683 1639 722 ortus
1665 684 1754 735 est,
1787 684 1843 723 ut
1869 691 2038 723 eorum
2057 669 2304 723 'illuminet
2335 674 2499 723 corda.

377 773 398 795 «
419 752 561 800 Arma
588 750 708 799 lueis
728 771 751 795 >2
779 751 975 799 virtutes
1007 761 1117 799 sunt
1148 750 1363 799 fidelium
1391 751 1568 817 quibus
1601 762 1770 801 contra
1806 752 1921 801 vitia
1950 754 2024 801 vel
2061 751 2320 801 diabolicas
2351 762 2505 802 tenta-

372 834 528 881 tiones
569 831 816 880 dimicant.
859 833 935 879 Sic
951 868 963 892 ,
1007 833 1207 897 inquam
1225 871 1237 894 ,
1275 832 1536 881 induamur
1575 849 1710 882 arma
1747 833 1886 893 luciS,
1927 843 1979 881 ut
2012 834 2077 882 ita
2113 833 2270 881 induti
2306 831 2510 881 honeste

373 913 675 961 ambulemus
698 922 929 978 tanquam
951 913 998 960 in
1022 913 1118 974 die,
1141 912 1340 978 quando
1357 914 1722 979 pretiosioribus
1739 907 2034 962 indumentis
2048 913 2250 979 quisque
2272 912 2506 962 induitur.

376 1014 397 1039 α
418 997 524 1042 Non
549 995 616 1041 in.
639 1012 663 1038 »
684 995 802 1051 Quae
822 994 918 1041 sint
939 992 1204 1058 abjicienda
1223 1011 1385 1060 opera,
1404 995 1537 1061 prius
1554 995 1713 1043 docet.
1737 997 1880 1043 «Non
1903 995 1951 1043 in
1972 993 2465 1053 commessationibus,
2482 1015 2507 1038 »

375 1073 580 1122 subaudi
611 1073 934 1131 ambulemus,
971 1074 1022 1122 id
1054 1084 1124 1122 est
1157 1074 1304 1140 pedes
1337 1085 1527 1123 nostros
1557 1076 1641 1141 qui
1677 1075 1876 1124 affectus
1905 1075 2053 1123 animi
2081 1074 2437 1139 intelliguntur„
2460 1076 2509 1122 in

376 1156 475 1203 istis
496 1172 596 1203 non
620 1171 877 1220 ponamuS.
910 1156 1258 1203 Commessatio
1281 1155 1456 1203 dicitur
1483 1157 1761 1204 convivium
1784 1157 1845 1205 de
1874 1156 2073 1204 diversis
2102 1155 2291 1204 familiis
2311 1171 2515 1219 congre·

377 1245 554 1299 gamm,
581 1236 664 1283 ubi
689 1236 893 1302 quisque
916 1236 976 1284 de
1007 1253 1095 1284 suo
1118 1235 1321 1300 aliquid²
1339 1236 1496 1302 ponit,
1521 1246 1569 1284 et
1593 1235 1705 1284 ideo
1729 1238 1941 1285 securius
1958 1235 2170 1285 comedit
2193 1246 2425 1301 tanquam
2451 1234 2514 1282 de

376 1334 465 1365 suo
483 1333 682 1365 vescens
704 1326 849 1381 atque
863 1317 1070 1376 avidius,
1095 1333 1157 1364 ne
1171 1316 1309 1382 quasi
1323 1316 1484 1364 minus
1503 1316 1597 1364 cibi
1615 1333 1906 1366 consumens
1920 1328 1967 1366 et
1984 1316 2227 1383 aequaliter
2241 1315 2519 1382 expendens

377 1397 592 1462 injuriari
613 1396 850 1459 videatur,
867 1406 915 1445 et
930 1406 1064 1445 tanto
1086 1396 1307 1445 licentius
1328 1396 1451 1462 gulae
1474 1396 1706 1462 indulget,
1733 1398 1928 1463 quando
1945 1397 2267 1464 plurimorum
2289 1395 2519 1462 exemplis

377 1481 616 1530 incitatur.
644 1481 830 1529 Dicitur
843 1481 1003 1546 itaque
1020 1482 1354 1529 commessatio
1372 1481 1506 1545 quasi
1526 1482 1760 1547 corporis,
1783 1490 1837 1529 ut
1857 1481 2040 1529 dictum
2055 1491 2143 1542 est,
2163 1497 2291 1542 esus,
2310 1496 2339 1528 a
2353 1495 2516 1528 come·

379 1561 560 1621 dendo,
589 1560 640 1608 id
672 1570 742 1608 est
764 1562 905 1609 simul
930 1560 1139 1610 edendo.
1168 1562 1490 1626 Hieronymus
1525 1579 1536 1608 ε
1568 1580 1591 1607 «
1624 1562 1970 1610 Commessatio
1993 1571 2065 1609 est
2093 1577 2270 1609 mensae
2302 1559 2515 1608 collatio.

381 1644 556 1702 Quales
577 1643 772 1708 quidem
796 1645 1220 1693 commessationes
1236 1655 1283 1693 et
1301 1645 1530 1693 Salomon
1551 1646 1600 1692 in
1623 1644 1893 1693 Proverbiis
1915 1643 2207 1693 interdicens
2227 1644 2343 1691 ait⁸2
2367 1662 2392 1688 «
2411 1640 2520 1690 Noli

384 1744 406 1766 c<
429 1740 530 1772 esse
543 1724 592 1771 in
610 1725 842 1772 conviviis
859 1734 1155 1789 potatorum,
1175 1726 1331 1772 necin
1357 1725 1835 1774 commessationibus
1852 1742 2022 1774 eorum
2040 1726 2124 1790 qui
2142 1739 2310 1773 carnes
2331 1722 2394 1771 ad
2414 1738 2520 1770 ves-

385 1825 408 1848 «
428 1804 638 1853 cendum
671 1804 942 1865 conferunt,
971 1806 1086 1869 quia
1113 1815 1337 1854 vacantes
1362 1805 1556 1871 potibus
1590 1815 1635 1853 et
1667 1805 1834 1854 dantes
1861 1805 2079 1870 symbola
2109 1812 2472 1853 consumentur.
2495 1822 2519 1847 »

380 1887 591 1949 Haymo:
621 1905 643 1929 c<
661 1886 1007 1933 Commessatio
1029 1884 1202 1933 dicitur
1224 1902 1401 1934 mensae
1422 1887 1673 1934 alternatio
1700 1904 1712 1933 :
1738 1895 1849 1934 sunt
1866 1886 1996 1933 enim
2020 1885 2242 1933 convivia
2268 1900 2375 1949 quae
2396 1882 2523 1930 cele·

381 1965 582 2014 brantur
611 1966 907 2028 alternatim,
935 1976 982 2014 et
1006 1978 1335 2033 praeparantur
1359 1984 1385 2015 a
1410 1968 1551 2015 sociis
1582 1983 1668 2033 per
1699 1966 1801 2015 dies
1829 1976 1876 2015 et
1899 1967 2045 2015 vices.
2077 1967 2199 2021 Sunt
2221 1965 2313 2013 alia
2334 1981 2440 2030 quae
2467 1980 2524 2012 ex

383 2047 747 2109 communione,
774 2047 1119 2112 quando'unus
1145 2048 1282 2096 affert
1302 2064 1495 2113 panem,
1525 2047 1644 2096 alius
1676 2064 1859 2107 carnes,
1886 2047 2008 2096 alius
2025 2047 2213 2108 vinum,
2240 2055 2332 2093 etc.
2365 2045 2521 2093 Briam

383 2143 555 2192 genere
575 2127 850 2175 masculino
876 2126 1081 2175 dicimus
1108 2127 1307 2176 calicem
1327 2138 1493 2194 aptum
1521 2129 1777 2195 potationi,
1796 2144 1826 2177 a
1850 2145 1948 2193 quo
1978 2127 2154 2176 dicitur
2174 2125 2397 2188 ebrietas,
2421 2141 2527 2191 quae

383 2218 453 2256 est
468 2209 652 2274 potatio
668 2209 835 2257 nimia.
855 2208 1044 2267 »Quod
1061 2218 1221 2257 autem
1237 2208 1334 2257 hoc
1354 2209 1466 2257 loco
1488 2208 1604 2257 dicit
1625 2208 1900 2275 Apostolus,
1922 2228 1947 2255 «
1965 2211 2073 2257 Non
2097 2208 2146 2255 in
2167 2205 2526 2255 commessatio—

384 2287 528 2336 nibus
548 2298 596 2336 et
618 2287 944 2349 ebrietatibus,
964 2307 987 2332 »
1012 2288 1075 2337 ad
1094 2288 1210 2336 illud
1231 2289 1421 2354 respicit
1442 2289 1575 2353 quod
1597 2290 1647 2337 in
1665 2289 1923 2353 Evangelio
1940 2288 2178 2336 Dominus
2194 2287 2260 2335 ait
2270 2288 2300 2348 ⁶,
2330 2304 2355 2331 <c
2369 2283 2529 2333 videte

386 2383 448 2415 ne
479 2377 736 2433 graventur
763 2367 913 2416 corda
935 2379 1089 2416 vestra
1113 2369 1312 2434 crapula
1334 2380 1380 2417 et
1404 2369 1634 2418 ebrietate
1649 2407 1662 2431 ,
1685 2391 1709 2414 >2
1738 2370 1788 2417 id
1820 2379 1892 2417 est
1916 2368 2161 2434 superfluo
2187 2366 2297 2415 cibo
2318 2375 2366 2414 et
2387 2373 2523 2431 potu.

457 2468 481 2493 «
501 2450 608 2495 Non
644 2448 694 2494 in
733 2447 988 2495 cubilibus.
1011 2467 1034 2493 η
1063 2451 1180 2506 Quae
1215 2451 1638 2499 commessationes
1670 2459 1718 2498 et
1749 2449 2000 2497 ebrietates
2036 2457 2315 2512 sequantur,
2355 2461 2531 2493 conse-

387 2537 591 2596 quenter
617 2526 852 2591 adjungit,
880 2537 933 2575 ut
954 2544 1014 2575 eo
1038 2528 1243 2594 amplius
1263 2529 1492 2590 vitentur,
1518 2532 1618 2594 quo
1642 2545 1702 2577 ex
1724 2529 1792 2577 eis
1814 2529 1980 2594 pejora
2002 2526 2311 2593 proveniunt.
2344 2523 2530 2573 Cubilia

388 2608 582 2674 proprie
606 2606 816 2655 ferarum
837 2616 966 2669 sunt,
994 2608 1068 2655 vel
1094 2607 1444 2656 irrationalium
1468 2608 1765 2669 animalium,
1793 2607 1969 2674 quibus
1994 2606 2241 2655 ebriorum
2264 2604 2375 2654 lecti
2395 2619 2530 2652 com-

387 2698 635 2754 parantur,
673 2688 723 2735 in
755 2686 956 2752 quibus,
994 2688 1202 2752 imagine
1228 2689 1336 2748 Dei,
1361 2689 1409 2737 id
1445 2699 1516 2737 est
1539 2690 1725 2737 ratione
1755 2706 1843 2755 per
1865 2688 2144 2737 ebrietatem
2166 2686 2390 2743 extincta,
2421 2684 2532 2732 facti

389 2779 501 2817 sunt
522 2770 644 2816 sicut
666 2784 817 2833 equus
850 2777 897 2816 et
917 2768 1094 2830 mulus,
1120 2769 1297 2834 quibus
1318 2786 1419 2817 non
1441 2781 1513 2818 est
1534 2770 1819 2818 intellectuS.
1846 2769 2135 2817 Ebrietatem
2158 2782 2352 2832 quoque
2373 2767 2532 2829 impu·

393 2849 549 2896 dicitia
586 2849 817 2913 sequitur.
844 2848 984 2896 Unde
1018 2859 1065 2897 et
1095 2849 1224 2898 idem
1258 2849 1373 2898 alibi
1402 2849 1688 2899 adhortatur
1716 2849 1999 2915 Apostolus⁵
2036 2868 2046 2896 2
2077 2847 2274 2897 «Nolite
2307 2843 2533 2894 inebriari

392 2930 525 2990 vino,
553 2930 603 2976 in
639 2946 739 2993 quo
776 2939 847 2977 est
877 2930 1083 2978 luxuria.
1104 2949 1126 2976 »
1154 2931 1302 2989 Quod
1338 2932 1547 2996 pessimo
1583 2931 1726 2980 nobis
1755 2931 1976 2997 exemplo
2004 2929 2130 2977 Loth
2160 2928 2363 2977 ebrietas
2398 2923 2532 2972 exhi-

394 3008 515 3057 buit.
540 3009 651 3056 Tale
676 3018 746 3055 est
773 3025 887 3072 ergo
922 3029 945 3055 z<
965 3011 1015 3056 in
1048 3009 1289 3058 cubilibus
1313 3020 1362 3058 et
1397 3011 1724 3077 impudicitiis,
1748 3032 1770 3055 n
1808 3027 1867 3059 ac
1896 3011 1934 3058 si
1964 3009 2145 3058 diceret
2176 3008 2266 3054 «in
2293 3003 2535 3055 cubilibus

395 3087 668 3151 impudicis,
689 3106 711 3132 »
736 3088 823 3135 ubi
847 3089 1029 3153 absque
1051 3091 1186 3137 omni
1202 3092 1471 3140 reverentia
1489 3093 1627 3156 quasi
1647 3091 1858 3157 pecudes
1881 3090 2000 3138 ebrii
2021 3088 2338 3136 luxuriantur.
2363 3084 2434 3133 Ad
2448 3084 2538 3132 has

398 3168 603 3216 maxime
635 3170 1060 3217 commessationes
1089 3179 1137 3216 et
1157 3170 1410 3219 ebrietates
1441 3171 1750 3237 impudicitiae
1782 3170 2069 3236 praedicator
2098 3167 2301 3216 Ovidius
2327 3165 2534 3214 fornica·

445 3350 570 3393 dean„
581 3359 650 3393 cap.
666 3360 713 3392 ιη,
724 3362 755 3386 v.
767 3355 817 3387 ΞΟ.
833 3370 869 3378 —·
880 3353 997 3388 ²Amb.
1007 3355 1123 3389 Aliud.
1136 3374 1173 3382 --
1185 3357 1325 3397 ’Po-ov„
1336 3366 1512 3398 cauum,
1525 3367 1554 3390 v.
1573 3359 1625 3391 20.
1635 3375 1672 3383 -—
1684 3358 1695 3378 ⁶
1706 3358 1800 3400 Luc„
1810 3366 1879 3399 cap.
1894 3365 1968 3398 xxi,
1982 3366 2010 3390 v.
2024 3358 2074 3390 34.
2088 3354 2297 3397 —⁵Ephes.‚
2309 3362 2380 3394 cap·
2393 3360 2426 3412 v,
2435 3359 2467 3384 V·
2483 3350 2533 3384 18-
