2638 3866
286 225 381 272 388
1093 228 1265 274 PETRI
1299 228 1613 278 ABAELARDI

285 325 383 372 sive
404 324 732 372 fabulosorum
752 342 856 389 quae
878 326 1198 394 philosophos
1224 348 1323 378 non
1347 331 1537 392 decent,
1564 327 1867 394 superposuit
1887 325 2007 374 illud
2029 326 2163 391 quod
2187 326 2423 375 honestis·

286 407 404 453 sime
447 416 713 454 assumunt.
754 407 829 454 Ait
866 424 1076 472 namque
1116 411 1251 475 quod
1291 411 1534 477 «quando
1570 425 1811 458 sacrarum
1856 423 2019 454 rerum
2053 407 2187 454 notio
2220 407 2310 455 sub
2342 409 2424 473 pio

288 485 628 550 figmentorum
648 486 900 550 velamine,
923 488 1138 538 honestis
1161 500 1209 538 et
1232 502 1356 540 tecta
1378 492 1539 551 rebus,
1565 500 1612 538 et
1633 489 1800 536 vestita
1823 487 2100 535 nominibus
2126 489 2419 547 enuntiatur,

286 566 379 612 hoc
417 575 487 613 est
525 568 683 615 solum
731 567 948 632 figmenti
997 587 1148 634 genus
1184 573 1318 636 quod
1350 573 1511 620 cautio
1551 570 1612 618 de
1648 569 1823 617 divinis
1859 568 2001 616 rebus
2039 567 2425 633 philosophantis

285 645 551 694 admittit.»
580 647 715 696 Idem
751 660 861 715 post
895 667 1046 715 pauca
1088 670 1098 698 :
1131 653 1435 702 «Sciendum
1465 663 1552 714 est,
1580 651 1754 716 inquit,
1789 667 1889 698 non
1913 650 1964 696 in
1988 665 2185 696 omnem
2208 648 2425 714 disputa·

286 725 465 773 tionem
502 727 821 795 philosophos
850 730 1101 780 admittere
1127 732 1362 794 fabulosa,
1389 732 1474 781 sed
1505 732 1582 779 his
1611 732 1681 778 uti
1702 731 1874 790 solent,
1909 746 2022 777 cum
2044 728 2117 777 vel
2148 728 2210 776 de
2232 729 2421 788 anima,

286 808 360 854 vel
395 807 455 855 de
491 808 707 857 aethereis
743 811 1056 876 potestatibus
1087 814 1372 878 loquuntur.
1400 817 1637 861 Caeterum
1670 829 1781 860 cum
1814 810 1876 859 ad
1911 826 2154 857 summum
2191 813 2350 857 Deum
2379 819 2426 857 et

284 888 555 953 principem
593 891 833 954 omnium,
870 893 953 957 qui
987 894 1339 960 apudAGraecos
1369 897 1604 958 Tagaton,
1632 893 1713 958 qui
1737 902 1784 940 et
1814 890 2178 955 Prothopanton
2200 892 2213 914 ¹
2235 907 2424 937 nuncu-

283 978 443 1034 patur,
477 979 705 1018 tractatus
728 989 777 1019 se
801 973 946 1021 audet
970 975 1205 1037 attollere,
1239 986 1287 1023 et
1314 975 1377 1023 ad
1406 983 1619 1022 mentem
1649 989 1796 1036 quam
1817 971 1968 1019 Graeci
1993 973 2130 1034 Noyn
2155 969 2421 1035 appellant,

285 1050 538 1113 originales
572 1069 735 1100 rerum
772 1055 972 1118 species,
1012 1071 1118 1120 quae
1152 1055 1270 1104 ideae
1303 1066 1434 1118 sunt,
1471 1054 1825 1115 continentem,
1863 1070 1919 1101 ex
1954 1067 2147 1100 summo
2183 1060 2345 1099 natam
2380 1061 2427 1099 et

284 1130 548 1194 profectam
580 1135 703 1195 Deo,
737 1151 847 1181 cum
881 1135 942 1183 de
978 1136 1077 1196 his,
1109 1137 1326 1202 inquam,
1357 1138 1623 1200 loquuntur
1653 1150 1844 1181 summo
1878 1136 1982 1180 Deo
2013 1141 2060 1179 et
2090 1142 2269 1193 mente,
2307 1130 2426 1179 nihil

287 1210 557 1260 fabulosum
589 1215 778 1279 penitus
809 1217 1077 1282 attingunt3
1115 1218 1199 1266 sed
1231 1219 1270 1265 si
1298 1218 1415 1282 quid
1446 1216 1508 1264 de
1531 1216 1605 1263 his
1629 1215 1866 1278 assignare
1891 1223 2147 1274 conantur,
2185 1230 2291 1277 quae
2326 1230 2426 1261 non

282 1308 558 1341 sermonem
582 1297 938 1356 tantummodo,
967 1298 1053 1346 sed
1075 1299 1416 1363 cogitationem
1440 1312 1635 1362 quoque
1654 1305 1882 1361 superant
1903 1295 2185 1356 humanam,
2212 1293 2273 1342 ad
2297 1293 2424 1342 simi-

284 1372 509 1421 litudines
533 1384 581 1422 et
603 1377 821 1442 exempla
843 1379 1142 1442 confugiunt.
1171 1400 1194 1423 2>

348 1454 661 1503 Cassiodorus
686 1456 735 1503 in
759 1459 945 1522 psalmo
968 1478 996 1507 L
1020 1479 1043 1503 «
1068 1459 1227 1507 Redde
1254 1460 1377 1508 milei
1406 1461 1634 1519 laetitiam,
1664 1469 1754 1508 etc.
1778 1480 1800 1504 »
1834 1478 1857 1505 «
1874 1461 1910 1506 Α
1941 1456 2187 1506 nonnullis
2208 1455 2427 1522 patribus

282 1535 611 1599 corporalium
631 1547 678 1584 et
702 1537 844 1585 simul
867 1541 1168 1588 existentium
1187 1558 1351 1589 rerum
1374 1543 1480 1591 talis
1508 1541 1772 1590 similitudo
1803 1539 2132 1606 proponitur:
2154 1537 2426 1585 invenimus

282 1614 332 1660 in
368 1614 468 1663 sole
499 1625 595 1664 tres
629 1619 945 1684 proprietates
974 1639 984 1668 :
1025 1622 1182 1687 prima
1215 1633 1286 1670 est
1321 1625 1425 1689 ipsa
1454 1622 1719 1671 substantia
1758 1619 2053 1686 corporalis,
2096 1619 2181 1684 qui
2217 1618 2290 1665 sol
2325 1627 2423 1676 est,

283 1694 459 1742 deinde
486 1696 716 1761 splendor
737 1699 840 1762 ejus
875 1702 959 1765 qui
987 1702 1036 1749 in
1066 1703 1172 1767 ipso
1203 1715 1470 1768 permanet,
1496 1705 1633 1752 tertia
1661 1703 1810 1764 calor,
1842 1701 1926 1765 qui
1956 1700 2018 1748 ab
2047 1699 2304 1765 splendore
2328 1699 2428 1762 ejus

285 1791 436 1839 usque
472 1776 535 1823 ad
567 1794 657 1824 nos
691 1782 927 1843 pervenit,
965 1799 1071 1847 quae
1102 1783 1199 1830 hoc
1235 1784 1405 1845 modo,
1445 1785 1484 1831 si
1519 1794 1679 1833 tamen
1717 1793 1858 1830 tantae
1881 1783 1949 1829 rei
1983 1790 2142 1846 potest
2163 1779 2427 1827 similitudo

283 1854 442 1919 aliqua
468 1858 684 1922 reperiri,
721 1859 929 1908 arbitror
959 1862 1258 1924 aestimanda,
1297 1874 1348 1911 ut
1382 1865 1517 1929 quod
1547 1874 1618 1912 est
1646 1865 1696 1911 in
1726 1864 1826 1911 sole
1850 1862 2113 1910 substantia
2144 1859 2425 1924 corporalis,

281 1935 574 2000 intelligatur
610 1939 660 1985 in
695 1940 922 1989 Trinitate
959 1942 1327 2006 quodammodo
1364 1961 1570 2010 persona
1605 1944 1784 2005 Patris3
1827 1952 1874 1989 et
1906 1940 2041 2006 quod
2075 1949 2146 1987 est
2178 1938 2425 2004 splendor,

282 2015 378 2063 hoc
396 2033 604 2081 persona
627 2019 748 2080 Filii,
774 2022 897 2069 sicut
927 2023 1183 2088 Apostolus
1203 2023 1338 2071 dicit²
1368 2043 1379 2073 ε
1410 2024 1691 2090 «Splendor
1714 2024 1873 2088 gloriae
1892 2022 2021 2086 ejus3
2049 2040 2073 2066 »
2102 2020 2236 2085 quod
2267 2030 2429 2067 autem

281 2095 428 2156 calor,
461 2096 557 2144 hoc
588 2115 797 2163 persona
826 2103 1028 2167 Spiritus
1056 2104 1226 2164 sancti,
1258 2106 1381 2152 sicut
1413 2104 1635 2168 legitur³z
1666 2125 1688 2148 ι(
1707 2104 1826 2162 Quis
1860 2119 1911 2150 se
1942 2100 2198 2149 abscondit
2220 2116 2248 2147 a
2269 2100 2428 2148 calore

282 2175 462 2239 ejus?»
502 2181 654 2226 Datur
692 2190 739 2227 et
773 2181 903 2229 aliud
943 2184 1219 2249 exemplum
1255 2184 1635 2250 incorporalium
1664 2200 1846 2232 rerum.
1875 2183 2046 2230 Anima
2072 2191 2143 2229 est
2164 2179 2429 2228 substantia

282 2258 586 2324 incorporea,
624 2262 671 2308 in
704 2279 801 2326 qua
830 2274 901 2311 est
933 2265 1205 2314 intellectus
1237 2275 1285 2312 et
1316 2266 1427 2313 vita.
1456 2265 1603 2324 Quod
1626 2282 1740 2331 ergo
1774 2274 1845 2312 est
1875 2264 1926 2311 in
1950 2263 2112 2311 anima
2134 2261 2424 2321 substantia,

282 2338 379 2386 hoc
413 2340 710 2405 intelligitur,
734 2344 774 2390 si
794 2343 889 2392 dici
913 2345 982 2393 fas
1001 2357 1088 2407 est,
1116 2347 1166 2393 in
1184 2346 1413 2394 Trinitate
1432 2363 1639 2412 persona
1665 2346 1815 2394 Patris
1840 2365 1850 2391 :
1874 2344 2009 2409 quod
2033 2351 2190 2390 autem
2205 2343 2253 2389 in
2270 2343 2432 2389 anima

283 2419 430 2466 virtus
458 2431 528 2468 est
551 2432 599 2469 et
621 2423 839 2486 scientia,
865 2425 961 2473 hoc
993 2426 1270 2491 intelligitur
1298 2427 1467 2486 Filius,
1505 2428 1590 2491 qui
1612 2437 1682 2474 est
1701 2427 1792 2473 Dei
1815 2426 1965 2473 virtus
1988 2434 2037 2472 et
2057 2424 2146 2471 Dei
2168 2423 2424 2488 sapientia;

284 2509 331 2546 et
366 2500 500 2564 quod
534 2512 605 2549 est
637 2504 687 2550 in
720 2505 880 2552 anima
911 2505 1186 2553 vivificandi
1220 2508 1507 2572 proprietas,
1545 2507 1638 2553 hoc
1672 2506 1950 2569 intelligitur
1983 2505 2184 2569 Spiritus
2215 2513 2423 2559 sanctus,

283 2595 369 2643 per
408 2596 555 2644 quem
593 2583 868 2631 vivificandi
906 2601 1029 2651 opus
1077 2586 1239 2633 multis
1274 2586 1392 2634 locis
1427 2586 1714 2652 praedicatur
1749 2584 1967 2650 impleri,
2004 2585 2127 2631 sicut
2158 2583 2224 2630 ait
2262 2586 2430 2630 Petrus

283 2662 530 2724 apostolus
566 2663 616 2710 in
656 2665 913 2730 epistola⁶2
945 2686 968 2711 «
993 2666 1304 2714 Mortificatus
1341 2684 1503 2726 carne,
1543 2666 1808 2715 vivificatus
1840 2674 2000 2713 autem
2040 2664 2227 2730 spiritu.
2254 2683 2277 2708 >2
2311 2666 2430 2710 Item

286 2742 540 2804 Apostolus
560 2745 573 2768 ⁵
600 2762 611 2790 ε
641 2746 859 2794 «Littera
893 2747 1095 2808 occidit,
1127 2748 1320 2813 spiritus
1354 2758 1517 2796 autem
1549 2746 1774 2795 vivificat.
1797 2765 1821 2791 »
1855 2749 1915 2793 Et
1944 2746 1994 2793 in
2031 2744 2290 2809 Evangelio
2324 2746 2431 2791 Do-

286 2820 444 2868 minus
462 2823 551 2870 ait⁰
580 2844 590 2871 ε
624 2846 646 2868 «
665 2827 867 2891 Spiritus
890 2838 961 2876 est
984 2828 1067 2893 qui
1090 2829 1317 2890 vivificat,
1343 2846 1457 2877 caro
1481 2839 1641 2877 autem
1664 2845 1764 2875 non
1788 2826 1987 2893 prodest
2008 2825 2292 2891 quidquam.
2314 2845 2338 2868 »
2354 2825 2430 2872 Sic

288 2900 420 2946 Plato
444 2919 555 2950 cum
579 2905 640 2952 de
661 2910 873 2972 Tagaton
905 2918 1028 2956 esset
1050 2909 1183 2974 loqui
1207 2910 1472 2971 animatus,
1501 2909 1660 2956 dicere
1685 2908 1802 2973 quid
1830 2908 1888 2955 sit
1921 2923 2021 2954 non
2046 2916 2116 2954 est
2149 2922 2309 2965 ausus,
2335 2904 2430 2951 hoc

288 2979 444 3027 solum
475 2982 536 3030 de
558 3001 616 3031 eo
639 2987 810 3049 scienS,
837 2989 972 3052 quod
995 2989 1106 3036 sciri
1128 2990 1281 3054 qualis
1306 2991 1366 3037 sit
1394 2989 1457 3037 ab
1486 2989 1770 3037 hominibus
1798 3005 1900 3035 non
1928 2987 2095 3053 possit.
2123 2985 2289 3032 Solum
2314 2999 2428 3031 vero

289 3058 332 3104 ei
358 3059 649 3111 simillimum
674 3066 824 3114 solem
848 3067 909 3115 de
936 3068 1202 3118 visibilibus
1225 3070 1419 3135 reperit,
1459 3079 1506 3117 et
1530 3086 1618 3135 per
1651 3069 1752 3133 ejus
1781 3067 2144 3117 similitudinem
2167 3067 2293 3112 viam
2328 3080 2429 3112 ser-

336 3268 341 3285 =
359 3267 401 3298 1η
419 3277 529 3301 somn.
559 3270 652 3312 Scip·
667 3271 699 3313 Ι,
721 3282 764 3306 11:
784 3286 802 3302 α
819 3275 879 3315 Qui
897 3278 983 3317 apud
1001 3277 1129 3311 Graecos
1144 3281 1307 3322 τ’ἀγαθὸν,
1325 3283 1381 3322 qui
1398 3285 1527 3324 πρῶτον
1547 3280 1653 3314 αἴτιον
1670 3283 1887 3320 nuncupatur.
1910 3296 1946 3302 —
1962 3279 1974 3297 ²
1992 3277 2111 3317 Hebr„
2134 3285 2206 3318 cap.
2228 3286 2253 3317 ι,
2278 3284 2307 3308 v.
2333 3278 2362 3309 3.
2387 3294 2426 3300 —

287 3319 437 3355 ³P⁸alm·
455 3330 546 3364 XV¹¹¹2
565 3332 594 3356 V·
614 3326 644 3357 7·
659 3343 690 3349 -
717 3327 727 3346 ⁴
741 3326 816 3360 Pet?
846 3328 872 3366 l›
895 3339 965 3371 ⁰³³1>-
987 3339 1035 3372 ¹¹¹,
1060 3341 1092 3365 v·
1116 3333 1168 3366 18·
1190 3350 1226 3357 -
1242 3335 1255 3355 ⁵
1273 3335 1426 3369 Corinth.
1446 3333 1477 3378 l,
1497 3343 1569 3376 cap.
1589 3343 1638 3376 111,
1651 3342 1687 3368 v.
1704 3335 1736 3368 6.
1755 3351 1793 3357 -
1809 3333 1822 3354 ⁶
1835 3332 1944 3373 Joan„
1965 3340 2037 3373 cap.
2053 3340 2098 3373 vi,
2114 3339 2145 3364 v.
2161 3332 2220 3365 63.
