2638 3866
298 193 390 242 168
1100 187 1269 234 PETRI
1305 185 1621 243 ABAELARDI

295 303 450 353 stum,
481 310 504 335 >2
529 290 602 336 vel
626 289 775 335 simile
811 286 991 351 aliquid
1013 305 1023 333 :
1060 303 1114 333 ac
1139 287 1177 332 si
1199 301 1344 332 omne
1376 284 1510 348 quod
1545 284 1731 347 agimus
1761 298 2163 346 recognoscamus
2183 285 2287 330 Deo
2308 284 2431 330 Patri

297 373 493 419 minime
517 369 826 435 placiturum,
855 367 946 413 nisi
969 383 1055 431 per
1076 366 1233 429 ipsum
1262 363 1580 411 mediatorem
1611 363 1693 426 qui
1725 379 1814 410 nos
1839 363 1883 410 ei
1906 362 2248 423 reconciliavit,
2276 379 2433 426 neque

298 469 386 499 nos
405 451 465 498 ab
490 466 547 497 eo
571 446 764 512 aliquod
785 447 971 493 bonum
999 444 1200 509 adeptos
1229 444 1318 491 nisi
1341 460 1428 508 per
1452 442 1677 490 eumdem
1702 443 1785 507 qui
1804 442 1944 490 nobis
1965 443 2125 507 ipsum
2146 442 2428 507 pacificavit.

302 553 323 576 «
347 531 493 578 Testis
511 528 656 575 enim.
685 545 708 570 »
734 525 953 572 Ostendit
971 525 1107 588 quasi
1133 540 1160 571 a
1182 540 1324 571 causa
1339 561 1351 585 ,
1379 522 1515 587 quod
1538 539 1628 588 pro
1651 524 1801 587 gratia
1823 524 1890 570 eis
1912 523 2087 571 collata
2103 524 2307 571 maxime
2330 527 2432 582 Deo
2467 525 2472 528 ’

299 611 467 674 gratias
497 618 626 671 agat3
654 607 766 671 quia
788 622 871 652 eos
892 614 1026 652 tanto
1054 603 1226 651 affectu
1257 602 1616 668 complectitur,
1638 613 1690 650 ut
1713 603 1762 650 in
1796 604 1893 651 suis
1915 620 2103 668 semper
2134 603 2433 652 orationibus

298 706 464 736 eorum
485 703 670 735 memor
692 687 766 747 sit,
794 685 844 732 id
861 695 932 731 est
949 721 960 742 ,
982 684 1363 748 quotiescunque
1382 699 1473 747 pro
1497 699 1547 730 se
1570 692 1698 743 orat,
1718 694 1823 730 oret
1837 684 1980 732 etiam
2000 695 2052 731 ut
2075 683 2137 730 ad
2162 700 2245 730 eos
2266 700 2435 749 perve-

299 771 398 816 nire
415 769 590 828 valeat,
620 777 670 814 ut
694 767 740 813 in
764 765 877 830 ipsis
897 780 1090 828 quoque
1103 763 1311 827 aliquem
1330 762 1509 810 habeat
1530 762 1752 810 fructum.
1778 763 1915 810 Unde
1932 801 1945 825 ,
1968 764 2147 828 inquit,
2168 763 2287 810 mihi
2307 764 2436 812 testis

298 860 366 896 est
395 852 547 909 Deus,
581 848 657 894 cui
686 847 839 911 ipsam
870 844 1139 892 orationem
1164 843 1309 905 facio,
1338 853 1385 890 et
1409 844 1491 907 qui
1516 843 1674 908 decipi
1700 859 1799 890 non
1822 853 2006 908 potest,
2029 853 2076 890 et
2101 844 2183 908 qui
2207 843 2338 892 solus
2359 844 2435 890 in-

299 930 563 977 tentionem
593 927 828 974 discutere
861 919 1034 990 potest.
1065 927 1171 970 Non
1209 923 1325 970 dicit
1356 923 1659 988 simpliciter,
1702 944 1725 967 α
1749 924 1850 971 sine
1874 923 2250 984 intermissione,
2280 919 2311 967 'n
2350 916 2436 970 sed

307 1029 327 1054 «
358 1010 457 1056 sine
485 1007 831 1055 intermissione
867 1006 914 1052 in
950 1003 1250 1051 orationibus
1285 1005 1429 1065 meis,
1464 1023 1486 1047 n
1525 1014 1577 1051 ut
1599 1003 1822 1051 videlicet
1849 1003 1981 1050 nulla
2020 1004 2121 1067 ejus
2152 1004 2306 1051 oratio
2335 1004 2436 1051 sine

300 1090 530 1137 memoria
552 1105 721 1134 eorum
745 1086 844 1133 fiat.
877 1106 897 1129 α
925 1085 1013 1131 Cui
1047 1085 1203 1131 servio
1231 1085 1281 1131 in
1313 1085 1481 1149 spiritu
1510 1101 1637 1131 meo.
1664 1104 1686 1126 2>
1717 1086 1821 1131 Hoc
1845 1093 1939 1143 est,
1968 1084 2186 1131 interiori
2215 1083 2433 1145 homine,

299 1187 353 1216 ex
377 1179 478 1216 toto
500 1168 719 1215 videlicet
751 1165 910 1213 cordis
945 1165 1143 1226 affectU,
1171 1165 1292 1212 sicut
1316 1165 1517 1226 amicus,
1544 1181 1645 1212 non
1668 1164 1731 1213 ad
1755 1165 1978 1224 oculum,
2007 1165 2127 1211 sicut
2159 1181 2324 1212 servus
2355 1166 2438 1230 qui

298 1249 522 1313 flagellari
547 1249 695 1294 timet.
735 1268 755 1289 α
788 1249 840 1292 ln
868 1245 1124 1309 Evangelio
1155 1244 1235 1291 filii
1261 1245 1380 1309 ejus.
1406 1263 1429 1289 »
1459 1248 1562 1292 Hoc
1583 1255 1678 1307 est,
1720 1245 1770 1292 in
1802 1244 2143 1310 praedicatione
2174 1238 2434 1309 Evangelii,

299 1329 430 1393 quod
454 1329 689 1375 Dominus
713 1329 845 1373 Jesus
866 1327 965 1392 ipse
990 1325 1131 1373 nobis
1152 1325 1349 1372 tradidit
1373 1335 1517 1389 atque
1541 1325 1722 1373 docuit.
1749 1346 1771 1369 ι(
1797 1324 2067 1373 Obsecrans
2090 1325 2234 1373 etiam
2257 1326 2297 1372 si
2315 1342 2439 1390 quo-

299 1409 463 1469 modo,
486 1429 507 1452 »
529 1409 624 1455 sive
652 1423 735 1472 per
758 1406 1163 1471 tranquillitatem,
1184 1406 1284 1453 sive
1304 1422 1391 1471 per
1414 1405 1792 1467 tribulationem,
1814 1406 1912 1452 sive
1935 1414 2076 1464 terra,
2099 1405 2196 1452 sive
2219 1406 2356 1467 mari,
2376 1406 2439 1454 ad

299 1508 383 1537 vos
414 1505 617 1553 corpore
644 1489 786 1534 etiam
815 1489 1110 1552 perveniam.
1143 1490 1434 1551 Prosperum
1456 1487 1546 1534 iter
1565 1487 1679 1534 dicit
1709 1485 1978 1534 secundum
2002 1487 2091 1533 Dei
2123 1486 2436 1548 voluntatem,

301 1587 396 1617 non
420 1585 574 1628 suam,
602 1569 684 1631 qui
708 1567 931 1632 quaelibet
955 1577 1231 1614 sanctorum
1255 1566 1466 1631 pericula
1491 1577 1781 1632 cooperatur
1803 1567 1871 1614 eis
1894 1566 1944 1613 in
1967 1565 2173 1628 bonum,
2201 1576 2249 1613 et
2271 1566 2441 1614 melius

299 1652 362 1696 eis
385 1648 606 1713 providet
632 1664 778 1712 quam
802 1648 892 1712 ipsi
912 1646 1001 1695 sibi
1028 1646 1282 1713 providere
1307 1656 1508 1711 queant3
1533 1664 1646 1694 cum
1669 1647 1720 1694 in
1745 1646 1972 1694 omnibus
1989 1646 2212 1694 decantat
2235 1647 2448 1712 quisque,

298 1729 542 1792 religiosus
567 1746 576 1774 :
609 1747 632 1773 «
655 1729 755 1775 Fiat
775 1728 998 1775 voluntas
1023 1737 1122 1789 tua,
1149 1747 1171 1770 »
1193 1730 1292 1774 n‘on
1317 1727 1495 1774 scilicet
1520 1743 1643 1774 mea.

367 1830 388 1852 <c
407 1809 637 1856 Desidere
667 1810 814 1856 enim.
839 1828 862 1853 »
891 1811 1043 1857 Causa
1070 1818 1139 1855 est
1158 1824 1245 1855 cur
1261 1817 1366 1855 oret
1387 1808 1548 1855 venire
1571 1808 1633 1855 ad
1657 1825 1757 1869 eos,
1784 1818 1837 1855 ut
1866 1807 2083 1856 videlicet
2106 1823 2192 1854 sua
2217 1806 2443 1872 praedica-

300 1891 428 1937 tione
453 1889 651 1954 aliquod
675 1890 920 1956 spirituale
945 1889 1130 1937 donum
1148 1889 1215 1936 eis
1237 1889 1501 1954 impendat,
1528 1888 1865 1936 confirmando
1904 1904 1987 1935 eos
2018 1887 2115 1934 suis
2146 1886 2442 1934 adhortatio-

301 1970 438 2017 nibus
473 1972 521 2017 in
560 1971 664 2035 ipsa
698 1970 918 2019 doctrina
954 1987 1101 2035 quam
1137 1979 1436 2035 acceperant.
1480 1969 1623 2028 Quod
1664 1969 1886 2016 videlicet
1909 1966 2196 2015 confirmare
2224 1983 2307 2015 eos
2330 1966 2444 2014 dicit

301 2068 418 2110 esse,
470 2052 683 2117 seipsum
724 2051 867 2099 simul
900 2051 1141 2099 consolari
1165 2051 1214 2098 in
1238 2051 1304 2097 eis
1321 2051 1444 2098 sicut
1472 2060 1518 2098 et
1551 2050 1640 2116 ipsi
1665 2050 2031 2097 consolarentur
2056 2049 2101 2094 in
2122 2064 2211 2107 eo,
2234 2044 2331 2094 hot>
2353 2057 2441 2106 est,

300 2131 412 2178 dicit
434 2132 528 2179 hoc
552 2149 813 2180 commune
837 2132 938 2180 fore
962 2132 1187 2180 solatium
1211 2141 1307 2179 tam
1329 2131 1420 2179 sibi
1442 2132 1527 2195 qui
1550 2132 1820 2192 instrueret,
1847 2146 1995 2194 quam
2028 2128 2118 2175 illis
2152 2127 2238 2192 qui
2268 2129 2448 2175 instru-

300 2221 506 2259 erentur.
535 2212 630 2259 Illis
654 2213 867 2277 quidem,
891 2213 1004 2278 quia
1026 2211 1429 2260 confirmarentur
1451 2228 1536 2276 per
1567 2212 1669 2275 ejus
1691 2211 1917 2270 rationes,
1945 2210 1984 2259 si
2011 2210 2061 2256 in
2095 2207 2335 2273 aliquibus
2355 2207 2445 2255 du-

301 2290 507 2339 bitarent
531 2310 585 2340 ac
608 2293 893 2354 titubarent3
917 2293 960 2341 ei
979 2310 1094 2340 vero
1118 2294 1199 2357 qui
1224 2293 1313 2340 illis
1335 2291 1646 2353 confirmatiS,
1662 2292 1876 2340 securior
1889 2301 2011 2338 esset
2022 2290 2082 2337 de
2094 2289 2447 2354 perseverantia

301 2387 488 2419 eorum.
520 2376 621 2420 Hoc
644 2384 713 2420 est
741 2374 859 2421 illud
882 2390 1141 2421 commune
1179 2372 1427 2431 solatium,
1463 2372 1596 2436 quod
1632 2372 1683 2419 in
1716 2372 1823 2436 ipso
1856 2371 2276 2435 Hypotheticorum
2298 2368 2447 2431 syllo-

299 2453 560 2515 gismorum
594 2453 790 2501 exordio
825 2454 949 2502 inter
971 2454 1201 2502 docentes
1230 2464 1277 2501 et
1307 2453 1543 2501 discentes
1580 2451 1806 2499 Boethius
1841 2459 2214 2509 commemorat,
2243 2448 2443 2496 dicens:

308 2553 330 2574 «
351 2535 472 2579 Cum
494 2534 541 2580 in
569 2534 794 2582 omnibus
820 2535 1138 2601 philosophiae
1163 2534 1426 2600 disciplinis
1450 2532 1718 2592 ediscendis
1741 2542 1885 2596 atque
1910 2530 2170 2578 tractandis
2204 2545 2449 2576 summum

305 2612 351 2658 in
372 2613 469 2660 vita
490 2614 711 2661 solatium
728 2616 941 2680 positum
961 2632 1062 2663 esse
1080 2615 1362 2674 existimem,
1384 2623 1475 2661 etc.
1494 2633 1517 2659 »
1548 2633 1570 2659 «
1587 2612 1817 2677 Spiritalis
1833 2612 2007 2675 gratiae,
2029 2629 2052 2655 »
2073 2610 2122 2657 id
2144 2619 2231 2671 est,
2249 2609 2449 2672 alicujus

307 2692 540 2755 spiritalis,
578 2711 678 2741 non
710 2696 975 2761 corporalis
1006 2695 1125 2743 doni
1160 2695 1304 2759 gratis
1329 2694 1391 2742 ab
1424 2694 1652 2760 Apostolo
1680 2692 1901 2758 impensi,
1943 2708 2042 2739 non
2066 2707 2150 2756 spe
2172 2688 2449 2754 temporalis

308 2770 442 2817 lucri.
477 2793 498 2815 c<
519 2776 606 2820 Per
626 2791 732 2822 eam
752 2775 915 2823 fidem.
935 2796 959 2822 »
988 2778 1146 2834 Quam
1160 2775 1261 2840 jam
1281 2774 1471 2823 habetis
1494 2791 1683 2822 mecum
1707 2788 2037 2833 communem,
2064 2770 2113 2818 id
2131 2780 2218 2830 est,
2247 2768 2307 2817 ad
2332 2785 2451 2817 con-

307 2848 568 2900 firmandos
586 2871 672 2901 vos
694 2855 744 2903 in
765 2873 820 2903 ea
844 2857 956 2917 fide,
978 2856 1202 2921 quaejam
1227 2855 1364 2903 vobis
1386 2854 1643 2920 praedicata
1665 2863 1752 2914 est,
1780 2869 1882 2900 non
1911 2852 1961 2898 in
1988 2851 2079 2899 alia
2114 2866 2258 2897 nova.
2286 2869 2309 2895 «
2334 2845 2451 2906 Quae

309 2937 378 2975 est
400 2930 622 2993 invicem,
639 2953 660 2977 n
679 2935 725 2980 id
741 2946 828 2994 est,
846 2953 991 3000 quam
1010 2937 1133 2984 inter
1156 2953 1246 2983 nos
1266 2935 1503 2983 habemus
1520 2950 1848 2992 communem,
1869 2932 1945 2979 vel
1958 2948 2063 2996 quae
2077 2930 2299 2977 omnium
2321 2945 2451 2975 com·

309 3012 469 3056 munis
492 3022 561 3058 est
584 3011 813 3061 fidelium.
844 3017 978 3063 Unde
1001 3026 1048 3063 et
1070 3015 1317 3064 Catholica
1342 3015 1538 3077 dicitur,
1565 3015 1615 3062 id
1636 3025 1706 3062 est
1728 3011 2023 3070 universalis,
2049 3026 2149 3057 non
2171 3009 2356 3074 privata
2369 3017 2452 3055 aut

308 3089 605 3152 particularis
620 3128 631 3150 ‚
661 3092 781 3140 sicut
802 3094 1153 3153 haereticorum,
1174 3113 1280 3161 quae
1302 3096 1352 3143 in
1373 3095 1535 3160 aliquo
1558 3112 1658 3143 esse
1681 3103 1840 3159 potest
1870 3103 2104 3139 terrarum
2127 3088 2322 3152 angulo,
2348 3103 2449 3134 non

310 3168 488 3233 ubique
512 3170 751 3218 dilatatur.
774 3176 895 3220 Cum
918 3174 1098 3236 subdit,
1137 3197 1159 3221 «
1185 3180 1401 3224 Vestram
1431 3186 1574 3240 atque
1610 3192 1786 3233 meam,
1817 3193 1839 3218 »
1880 3170 2089 3218 ostendit
2114 3169 2260 3216 fidem
2294 3184 2447 3226 suam,

310 3265 416 3312 quae
440 3251 656 3298 omnium
683 3262 751 3299 est
771 3252 1001 3315 fidelium,
1029 3265 1127 3303 tam
1145 3257 1361 3321 ipsorum
1385 3260 1714 3304 Romanorum
1735 3269 1882 3319 quam
1905 3250 2117 3316 Apostoli
2145 3266 2264 3297 esse.
2294 3252 2452 3295 Potest
