2638 3866
933 204 1276 253 THEOLOGIA
1317 206 1686 255 CHRISTIANA.
2284 205 2369 252 36¹

255 304 407 354 divini
442 302 599 353 cultus
636 302 915 368 religionem
968 301 1232 367 plurimum
1269 303 1461 369 proficit
1501 323 1513 353 ε
1554 314 1607 353 ut
1640 303 1705 352 ob
1739 303 1835 352 hoc
1877 304 2114 370 praecipue
2154 304 2257 370 ipsa
2292 306 2380 353 Dei

245 384 485 450 Sapientia
522 386 772 432 Incarnata
803 382 853 430 in
888 370 1226 448 praedicatione
1258 401 1342 433 sua
1374 401 1481 433 eam
1510 385 1771 433 rectissime
1801 383 2087 433 decrevisset
2114 399 2371 433 assumere.

243 468 353 512 Duo
379 465 560 530 quippe
581 471 694 511 sunt
725 479 841 528 quae.
860 478 950 510 nos
984 463 1186 534 omnino
1218 466 1322 512 Deo
1358 464 1598 530 subJectos
1634 464 1868 524 efficiunt,
1906 465 2049 512 timor
2081 464 2301 513 videlicet
2333 475 2379 513 et

243 561 397 593 amor.
438 544 658 592 Potentia
693 542 887 607 quidem
915 550 964 589 et
992 542 1235 607 Sapientia
1266 544 1471 592 maxime
1505 545 1729 592 timorem
1756 544 2012 604 incutiunt,
2049 561 2159 592 cum
2191 561 2303 593 eum
2331 555 2379 592 et

243 641 383 690 posse
414 625 587 691 punire
616 632 788 684 errata,
816 631 863 671 et
885 620 1003 669 nihil
1034 621 1181 671 latere
1207 624 1561 688 cognoscimus.
1588 624 1857 688 Benignitas
1889 634 2048 672 autem
2078 623 2139 672 ad
2161 641 2376 673 amorem

245 705 478 770 pertinet,
520 713 574 751 ut
610 719 756 768 quem
792 701 1184 767 benignissimum
1219 701 1481 766 habemus,
1522 704 1826 769 potissimum
1866 702 2137 768 diligamus.
2181 707 2248 753 Ex
2283 722 2377 769 qua

242 786 385 833 etiam
406 794 592 833 certum
610 793 681 832 est
704 784 997 850 impietatem
1015 781 1177 831 ulcisci
1202 784 1340 843 velle,
1366 784 1480 849 quia
1502 800 1600 850 quo
1624 783 1732 851 plus
1754 785 1798 832 ei
1817 785 1973 850 placet
1994 786 2205 849 aequitas,
2229 787 2378 850 magis

242 863 460 930 displicet
483 863 724 929 iniquitaS,
747 863 870 912 sicut
883 863 1114 928 scriptum
1131 872 1202 911 est
1215 865 1242 911 ¹.
1269 863 1519 912 «Dilexisti
1536 864 1768 929 justitiam
1791 873 1839 912 et
1862 864 2004 912 odisti
2024 865 2372 930 iniquitatem.»

241 945 445 993 Nomine
472 961 587 993 vero
616 944 785 1005 Patris,
823 954 878 993 ut
904 943 1128 1004 diximuS‚
1163 945 1378 993 Potentia
1401 943 1693 1011 designatur,
1733 945 1932 993 nomine
1963 945 2067 993 Filii
2100 946 2372 1011 Sapientia,

242 1034 289 1073 et
322 1025 521 1074 nomine
553 1026 757 1092 Spiritus
791 1025 943 1074 sancti
971 1028 1132 1073 Bonus
1154 1023 1350 1073 effectus
1376 1041 1488 1091 erga
1521 1035 1777 1074 creaturas.
1806 1028 1983 1074 Causas
2007 1035 2169 1075 autem
2201 1025 2375 1074 horum

241 1106 497 1153 nominum
535 1105 585 1153 in
623 1104 934 1171 sequentibus
965 1103 1332 1169 assignabimus,
1371 1121 1522 1171 quare
1548 1105 1778 1155 ,videlicet
1811 1104 1913 1153 haec
1949 1106 2149 1154 nomina
2182 1105 2244 1153 ad
2274 1105 2376 1154 haec

242 1185 580 1251 distinguenda
601 1187 649 1234 in
682 1189 787 1235 Deo
810 1185 1035 1235 translata
1056 1195 1170 1234 sunt
1190 1201 1218 1234 a
1242 1187 1485 1235 consuetis
1509 1185 1953 1251 significationibus.
1981 1185 2076 1234 Sed
2098 1185 2230 1251 prius
2249 1185 2376 1234 hanc

240 1267 414 1316 divinae
447 1269 687 1318 Trinitatis
709 1269 1086 1328 distinctionem,
1114 1285 1214 1316 non
1240 1285 1269 1317 a
1290 1268 1481 1317 Christo
1511 1270 1797 1335 incoeptam,
1826 1268 1907 1317 sed
1943 1267 2005 1316 ab
2031 1270 2137 1334 ipso
2165 1269 2374 1334 apertius

239 1347 296 1396 ac
316 1347 591 1413 diligentius
620 1350 844 1399 traditam
868 1365 971 1398 esse
991 1348 1320 1412 ostendamus,
1358 1365 1504 1414 quam
1526 1348 1725 1414 quidem
1755 1348 1917 1397 divina
1944 1348 2191 1413 inspiratio
2216 1358 2264 1396 et
2288 1365 2374 1414 per

239 1428 502 1494 Prophetas
522 1429 714 1491 JudaeiS,
743 1439 791 1478 et
817 1447 902 1495 per
930 1429 1247 1496 philosophos
1280 1429 1502 1494 gentibus
1530 1428 1725 1492 dignata
1757 1439 1826 1477 est
1849 1428 2078 1490 revelare,
2106 1438 2157 1477 ut
2186 1438 2375 1477 utrum-

238 1495 335 1574 que
363 1516 596 1574 populum
628 1509 690 1558 ad
714 1516 895 1560 cultum
925 1510 1068 1557 unius
1099 1510 1188 1558 Dei
1211 1510 1314 1575 ipsa
1335 1509 1511 1557 summi
1539 1509 1660 1556 Boni
1694 1509 1924 1575 perfectio
1947 1509 2106 1572 agnita
2130 1509 2371 1569 invitaret,

238 1604 295 1636 ex
318 1605 416 1653 quo
437 1589 620 1651 omnia,
643 1606 730 1656 per
748 1606 894 1655 quem
911 1589 1092 1652 omnia,
1122 1598 1168 1638 et
1186 1589 1233 1637 in
1255 1606 1354 1655 quo
1374 1589 1555 1650 omnia,
1579 1599 1627 1637 et
1658 1588 1839 1637 facilius
1870 1589 1972 1636 haec
1999 1587 2118 1636 fides
2135 1589 2375 1636 Trinitatis

239 1676 457 1734 tempore
483 1669 640 1733 gratiae
669 1670 987 1736 susciperetur
1009 1669 1072 1718 ab
1097 1678 1302 1735 utroque
1325 1669 1527 1735 populo,
1555 1685 1666 1717 cum
1691 1684 1798 1717 eam
1820 1684 1849 1716 a
1870 1667 2154 1716 doctoribus
2179 1683 2374 1732 quoque

239 1748 447 1812 antiquis
468 1747 688 1797 viderent
710 1765 813 1798 esse
837 1748 1077 1815 traditam.

1095 1984 1341 2047 CAPUT
1397 1988 1511 2048 ΙΙΙ.

304 2149 516 2197 Primum
542 2150 646 2214 ipsa
671 2149 786 2214 legis
806 2149 1003 2197 exordia
1026 2158 1300 2211 occurrant,
1332 2148 1418 2196 ubi
1441 2146 1682 2213 legislator
1701 2149 1888 2212 Moyses
1916 2146 2062 2194 fidem
2084 2145 2369 2194 catholicam

234 2229 298 2294 de
321 2231 511 2279 Unitate
533 2231 708 2296 pariter
729 2239 778 2278 et
799 2230 1026 2278 Trinitate
1054 2237 1302 2294 tamquam
1330 2228 1550 2276 omnium
1573 2227 1817 2276 bonorum
1841 2227 2205 2277 fundamentum
2229 2236 2372 2274 ante-

236 2309 390 2372 ponit.
419 2312 540 2357 Cum
567 2310 698 2358 enim
719 2309 924 2358 dicitur¹
948 2327 959 2357 :
990 2330 1013 2354 <c
1029 2312 1082 2356 In
1106 2309 1345 2375 principio
1380 2308 1558 2356 creavit
1580 2310 1709 2356 Deus
1739 2307 1914 2355 coelum
1948 2316 1995 2354 et
2020 2316 2212 2367 terram,
2237 2325 2260 2352 »
2285 2323 2372 2372 pro

236 2405 295 2436 eo
328 2388 465 2454 quod
496 2389 627 2455 apud
659 2406 750 2438 nos
783 2389 958 2437 dicitur
985 2392 1132 2451 Deus,
1164 2387 1391 2437 hebraica
1416 2387 1591 2436 veritas
1621 2387 1768 2435 habet
1794 2407 1817 2433 κ
1838 2387 2066 2452 Heloym,
2086 2406 2110 2432 »
2135 2386 2270 2452 quod
2301 2395 2371 2434 est

234 2468 418 2533 plurale
451 2468 595 2535 hujus
623 2469 874 2535 singularis
900 2469 1035 2535 quod
1065 2477 1136 2517 est
1167 2488 1191 2512 α
1210 2467 1314 2517 Hel.
1337 2486 1361 2514 »
1391 2470 1551 2527 Quare
1577 2483 1691 2531 ergo
1723 2483 1823 2514 non
1853 2466 2037 2515 dictum
2068 2476 2140 2515 est
2168 2466 2325 2525 «Hel,
2344 2485 2366 2508 n

234 2549 369 2614 quod
400 2558 472 2599 est
504 2553 655 2612 Dens3
693 2549 778 2599 sed
803 2570 827 2595 α
847 2549 1080 2615 Heloym‚
1105 2568 1128 2593 ι)
1154 2548 1287 2613 quod
1320 2547 1451 2614 apud
1490 2548 1717 2596 Hebraeos
1749 2547 1827 2594 Dii
1857 2547 1959 2595 sive
1990 2546 2182 2595 Judices
2214 2547 2370 2594 inter-

234 2639 468 2694 pretatur,
504 2631 595 2678 nisi
621 2630 718 2679 hoc
748 2629 811 2678 ad
839 2628 1198 2677 multitudinem
1228 2627 1499 2676 divinarum
1530 2642 1845 2693 personarum
1872 2625 2284 2682 accommodetur,
2317 2634 2371 2672 ut

233 2707 456 2758 videlicet
483 2726 542 2758 eo
569 2709 721 2758 modo
750 2709 1019 2759 insinuetur
1052 2707 1300 2773 pluralitas
1326 2708 1375 2754 in
1410 2709 1533 2767 De0‚
1565 2706 1815 2770 quomodo
1845 2715 1892 2753 et
1923 2706 2130 2764 trinitas3
2167 2714 2214 2752 et
2244 2721 2367 2768 quo-

235 2788 500 2837 dammodo
523 2788 709 2836 dicatur
726 2787 974 2853 multiplex
996 2790 1149 2848 Deus,
1175 2785 1427 2850 quomodo
1455 2794 1504 2833 et
1537 2786 1706 2844 trinus,
1731 2801 1831 2832 non
1856 2784 2124 2832 secundum
2150 2783 2368 2849 quidem⁸

234 2867 507 2917 substantiae
540 2867 879 2926 diversitatem,
912 2866 996 2914 sed
1033 2864 1301 2913 secundum
1331 2881 1650 2931 personarum
1686 2864 2033 2930 proprietates?
2055 2867 2176 2912 Nam
2207 2873 2255 2911 et
2277 2863 2367 2911 ibi-

234 2949 346 2997 dem
391 2948 453 2996 de
492 2948 672 2995 unitate
708 2946 981 2994 substantiae
1016 2944 1393 2993 demonstranda
1433 2953 1571 3002 caute
1623 2946 1869 3010 provisum
1910 2954 2003 3006 est,
2045 2961 2157 2992 cum
2195 2943 2368 2992 dicitur

238 3029 497 3088 «Creavit,
520 3049 544 3072 »
571 3043 671 3075 non
705 3035 1005 3075 creaverunt.
1039 3024 1132 3072 Ubi
1166 3034 1213 3072 et
1246 3025 1405 3073 statim
1442 3025 1490 3071 in
1525 3023 1838 3088 sequentibus
1867 3024 2224 3071 distinctionem
2263 3040 2368 3089 per-

234 3125 462 3157 sonarum
513 3107 749 3166 adnectit,
804 3106 939 3172 quasi
992 3105 1053 3153 ad
1096 3089 1516 3152 determinandum
1568 3104 1702 3169 quod
1757 3104 1820 3152 ad
1867 3103 1992 3151 hanc
2039 3103 2366 3151 denotandam

281 3294 286 3311 ¹
301 3290 430 3325 Psazm.
445 3299 531 3332 niv,
549 3299 580 3324 v.
599 3292 630 3325 8.
649 3308 687 3315 —
704 3291 717 3310 ²
731 3290 862 3330 Genes„
880 3297 951 3330 cap.
974 3297 1002 3331 1,
1021 3295 1050 3320 v.
1069 3290 1099 3320 ι.
1118 3304 1155 3310 -
1171 3288 1183 3308 ³
1200 3286 1279 3320 Alit.
1297 3286 1500 3326 Quamdam.

392 3366 423 3390 11
2155 3349 2204 3385 46
