2638 3866
841 191 903 238 lN
937 189 1270 239 EPlSTOLAM
1304 192 1386 240 AD
1421 189 1726 238 ROMANOS.
2264 188 2358 236 ⁴79

210 293 347 352 bitio,
365 308 462 358 qua
475 300 716 358 exspectat
733 300 796 339 te.
821 310 845 335 α
865 289 1086 353 Adducit,
1107 310 1131 336 »
1154 298 1392 357 quantum
1411 292 1461 339 in
1473 291 1577 356 ipsa
1593 299 1682 350 est,
1697 288 1746 337 id
1761 298 1847 351 est,
1870 288 2059 348 invitat,
2076 286 2358 335 adhortatur

209 374 271 424 ad
296 373 627 440 poenitentiam
651 380 961 440 peccatorum
984 382 1183 421 tuorum
1212 375 1374 439 potius
1403 376 1550 439 quam
1582 370 1644 418 ad
1671 378 2005 435 contemptum
2022 368 2353 435 exspectantis.

213 473 238 501 «
263 454 359 504 Sed
380 464 434 502 tu
456 453 723 502 secundum
754 452 979 501 duritiem
1015 463 1146 502 tuam
1169 463 1217 501 et
1236 461 1323 502 cor
1353 452 1680 519 impoenitens,
1710 450 2000 498 thesaurizas
2026 449 2128 509 tibi,
2154 470 2176 493 n
2209 449 2260 496 id
2289 459 2358 497 est

210 534 422 584 studiose
459 543 689 599 tanquam
722 534 957 598 pretiosas
991 534 1180 583 divitias
1216 534 1494 583 accumulas
1524 532 1639 592 tibi,
1668 551 1692 577 «
1720 531 1859 592 iram,
1887 550 1909 575 »
1936 531 1984 578 id
2008 540 2075 579 est
2095 529 2355 580 vindictam

209 612 530 664 exercendam
554 616 604 663 in
628 624 691 675 te,
721 634 743 660 u
771 615 821 662 in
846 614 942 676 die,
973 635 997 660 >2
1021 615 1074 663 id
1096 616 1239 664 estin
1265 625 1484 681 tempore
1508 614 1587 661 irae
1619 621 1668 660 et
1702 611 2024 674 revelationiS,
2056 611 2106 659 id
2143 621 2214 659 est
2251 611 2356 658 vin-

209 695 346 745 dictae
366 697 454 745 Dei
475 697 525 744 in
545 706 592 744 te
616 694 900 757 revelandae,
926 706 974 744 et
997 705 1051 744 ut
1069 698 1139 744 ira
1167 696 1248 744 illa
1274 696 1435 762 potius
1467 694 1659 759 justitiae
1695 710 1843 758 quam
1866 692 2159 741 crudelitatis
2182 691 2355 740 intelli·

208 786 363 841 gatur,
389 780 437 825 et
458 777 817 826 deliberationis
838 777 989 842 magis
1008 793 1156 841 quam
1170 775 1575 843 praesumptionis,
1602 774 1763 823 addit:
1783 794 1805 818 ιι
1822 774 1943 821 Justi
1958 773 2150 837 judicis,
2172 792 2196 818 υ
2221 773 2271 820 id
2287 783 2357 821 est

206 858 286 905 irae
313 858 442 919 dico,
471 858 521 906 id
555 867 629 906 est
649 857 871 906 vindictae
902 858 1230 923 provenientis
1265 875 1321 906 ex
1350 857 1536 922 judicio
1567 857 1706 921 justae
1741 853 2100 902 deliberationis
2133 853 2238 911 Dei,
2275 854 2357 918 qui

207 938 381 1003 injuste
417 956 558 1004 agere
592 953 694 987 non
726 948 900 1005 potest.
939 941 1099 997 Quam
1140 955 1258 987 vero
1287 939 1474 1003 justum
1511 938 1572 985 sit
1608 937 1826 985 divinum
1858 934 2093 999 judicium
2128 934 2358 999 supponit

207 1017 373 1067 dicens
403 1037 413 1066 :
450 1038 475 1066 α
494 1019 590 1078 Qui
610 1019 781 1067 reddet
802 1019 1079 1084 unicuique,
1099 1038 1122 1065 »
1146 1019 1281 1084 quod
1302 1019 1523 1067 videlicet
1543 1018 1790 1074 meruerit,
1813 1036 1836 1062 «
1854 1014 2117 1063 secundum
2144 1030 2309 1080 opera,
2332 1033 2353 1059 »

206 1098 256 1146 id
286 1108 360 1147 est
392 1099 671 1165 qualitatem
711 1116 944 1166 operum,
973 1117 1079 1165 quae
1109 1100 1261 1164 magis
1282 1100 1332 1146 in
1355 1100 1624 1147 intentione
1645 1114 1793 1163 quam
1822 1098 1871 1145 in
1903 1097 2094 1146 actione
2124 1095 2354 1143 consistit.

205 1180 484 1228 Secundum
532 1181 810 1246 qualitatem
865 1197 1071 1246 operum
1121 1191 1190 1228 est
1235 1180 1437 1245 qualitas
1487 1179 1845 1241 retributionis,
1891 1178 2004 1242 quia
2046 1176 2204 1243 qualia
2247 1187 2357 1224 sunt

206 1276 382 1325 opera,
416 1261 522 1308 talis
552 1271 599 1309 et
631 1261 911 1324 retributio,
938 1279 1029 1327 pro
1064 1261 1200 1309 bono
1234 1262 1412 1309 scilicet
1444 1261 1670 1323 bonum,
1709 1277 1800 1327 pro
1836 1259 1964 1307 malo
1994 1258 2205 1318 malum3
2244 1274 2354 1304 cum

205 1340 337 1406 apud
374 1344 533 1389 Deum
565 1342 789 1391 voluntas
827 1344 932 1408 ipsa
973 1360 1065 1409 pro
1104 1359 1252 1408 opere
1290 1343 1399 1390 facti
1437 1352 1704 1408 reputetur.
1740 1340 1879 1388 Unde
1909 1349 1956 1387 et
1995 1340 2098 1405 ipse
2127 1338 2356 1406 probator

204 1420 366 1469 cordis
410 1432 457 1470 et
501 1439 673 1471 renum
714 1425 764 1471 in
810 1423 1098 1471 abscondito
1135 1423 1296 1470 videre
1339 1423 1532 1471 dicitur.
1580 1426 1716 1488 Opus
1757 1422 1854 1469 hoc
1893 1421 1999 1470 loco
2047 1438 2137 1487 pro
2185 1420 2356 1468 affectu

204 1502 364 1566 operis
398 1504 558 1568 ponit,
595 1504 658 1552 ab
686 1504 857 1552 effectu
882 1503 1104 1552 videlicet
1136 1503 1199 1551 ad
1233 1520 1428 1552 causam
1449 1503 1687 1551 vocabulo
1717 1502 1963 1550 translato.
2000 1501 2224 1565 Alioquin
2256 1518 2354 1548 non

204 1582 540 1632 ostenderetur
568 1602 761 1650 aequum
796 1601 899 1633 esse
931 1585 1169 1650 judicium
1210 1586 1328 1647 Dei,
1367 1602 1480 1633 cum
1517 1601 1666 1650 opera
1704 1583 2028 1631 indifferentia
2062 1583 2156 1630 sint
2192 1584 2242 1630 in
2279 1599 2352 1642 se,

202 1661 380 1711 scilicet
402 1681 494 1713 nec
512 1666 661 1728 bona,
689 1683 780 1715 nec
803 1666 954 1725 mala,
983 1667 1081 1714 sive
1100 1667 1487 1713 remuneratione
1509 1665 1653 1729 digna
1675 1663 1948 1725 videantur,
1976 1664 2067 1711 nisi
2090 1664 2356 1712 secundum

201 1742 413 1791 radicem
460 1746 767 1809 intentionis,
815 1763 923 1811 quae
964 1757 1035 1794 est
1074 1746 1222 1794 arbor
1261 1746 1451 1794 bonum
1493 1746 1568 1794 vel
1611 1745 1792 1792 malum
1831 1744 2081 1810 proferens
2130 1744 2352 1793 fructum.

201 1823 312 1870 Tale
348 1834 419 1871 est
456 1841 572 1890 ergo
600 1827 735 1890 quod
770 1828 836 1875 ait
865 1845 876 1875 :
909 1847 933 1873 «
966 1827 1244 1876 Secundum
1279 1844 1428 1892 opera
1466 1827 1596 1891 ejus,
1626 1847 1649 1869 »
1677 1842 1734 1874 ac
1757 1826 1796 1873 si
1819 1825 2000 1873 diceret
2036 1844 2046 1872 z
2079 1826 2356 1874 Secundum

198 1902 499 1953 'voluntatem
524 1923 694 1955 eorum
721 1924 828 1973 quae
849 1908 953 1957 fieri
980 1908 1058 1956 vel
1084 1925 1186 1956 non
1216 1908 1319 1956 fieri
1347 1918 1600 1974 appetunt.
1638 1907 1858 1972 Alioquin
1895 1906 2121 1972 superbia
2150 1907 2353 1968 diaboli,

200 1983 277 2031 vel
302 1986 541 2051 cupiditas
581 1988 817 2052 Simonis,
853 2006 959 2055 quae
988 2007 1089 2037 non
1118 1989 1433 2038 obtinuerunt
1465 1990 1625 2055 operis
1647 1989 1896 2050 effectum,
1922 1989 1985 2036 ad
2007 1989 2103 2036 hoe
2121 1988 2355 2053 judicium

199 2066 436 2129 pertinere
459 2085 560 2116 non
586 2069 883 2119 viderentur.
923 2071 1114 2120 Parvuli
1136 2082 1298 2119 autem
1323 2072 1404 2136 qui
1427 2072 1552 2118 intra
1577 2087 1730 2118 annos
1750 2069 2051 2117 discretionis
2076 2070 2353 2130 morientes,

193 2145 431 2209 Judicium
468 2149 650 2198 habere
687 2167 788 2199 non
819 2152 1060 2214 videntur,
1096 2153 1160 2201 ad
1191 2152 1335 2216 hujus
1369 2152 1538 2216 judicii
1574 2150 1917 2200 revelationem
1951 2168 2053 2198 non
2088 2151 2353 2216 pertinent,

197 2243 295 2291 qua
318 2228 542 2276 videlicet
564 2230 741 2278 dicitur
764 2250 774 2278 z
807 2251 830 2276 «
857 2233 1042 2282 Reddet
1064 2234 1329 2298 unicuique
1352 2233 1621 2280 secundum
1647 2249 1798 2298 opera
1820 2232 1940 2296 ejus,
1967 2252 1990 2276 »
2019 2232 2071 2279 id
2087 2241 2159 2279 est
2180 2231 2356 2279 tribuet

197 2308 242 2354 ei
276 2309 412 2373 quod
442 2313 691 2360 meruerit.
722 2313 988 2379 Diligenter
1016 2315 1179 2380 itaque
1215 2316 1445 2381 expressit
1481 2314 1739 2380 Apostolus
1778 2314 1895 2379 quid
1929 2315 1988 2360 sit
2020 2312 2356 2379 accipiendum

191 2387 430 2452 judicium
461 2392 574 2454 Dei,
607 2409 720 2441 cum
750 2395 814 2442 ait
851 2395 1197 2444 revelationem
1228 2396 1413 2460 judicii.
1449 2399 1554 2443 Non
1584 2395 1715 2443 enim
1742 2393 1926 2455 verbiS,
1950 2394 2034 2442 sed
2064 2392 2356 2442 exhibitione

197 2471 356 2534 operis
396 2472 601 2538 quisque
642 2473 711 2522 ibi
750 2475 1073 2539 judicabitur,
1116 2476 1166 2524 id
1205 2486 1303 2538 est,
1345 2476 1726 2525 manifestabitur
1761 2492 1823 2523 an
1863 2475 2061 2541 praemio
2100 2473 2174 2521 vel
2215 2489 2356 2537 poena

196 2548 372 2614 dignus
400 2552 558 2600 fuerit.
598 2555 746 2619 Cujus
777 2556 977 2621 quidem
1007 2557 1126 2605 dum
1154 2558 1335 2605 viveret
1353 2593 1366 2618 ,
1395 2557 1614 2605 occultus
1645 2557 1790 2604 etiam
1819 2557 1995 2604 sanctis
2026 2556 2177 2602 exitus
2206 2552 2356 2600 habe-

196 2629 358 2689 batur,
397 2633 529 2681 unde
566 2635 787 2684 videlicet
819 2637 1182 2703 praedestinatus
1211 2648 1333 2685 esset
1366 2638 1428 2685 ad
1459 2638 1607 2685 vitam
1635 2637 1712 2685 vel
1743 2654 1863 2684 non.
1903 2639 2007 2683 Hoc
2040 2645 2202 2683 autem
2228 2632 2356 2697 judi·

198 2711 354 2772 cium,
377 2713 427 2760 id
455 2724 527 2762 est
549 2714 651 2763 haec
671 2718 901 2765 revelatio
926 2735 1012 2766 seu
1043 2718 1276 2765 discussio
1298 2718 1450 2765 divini
1471 2718 1721 2779 examiniS,
1749 2727 1797 2764 et
1819 2715 2122 2779 singulariter
2140 2713 2357 2780 quotidie

197 2791 250 2838 fit
283 2792 335 2838 in
373 2794 500 2841 exitu
539 2794 841 2859 singulorum
874 2799 1203 2858 morientium,
1243 2809 1291 2845 et
1323 2799 1607 2862 generaliter
1631 2798 1682 2844 in
1708 2796 1805 2845 fine
1836 2796 1993 2845 saeculi
2022 2795 2242 2845 facienda
2264 2803 2351 2843 est.

198 2871 292 2919 Ubi
319 2873 518 2937 quidem
553 2892 725 2924 omnes
757 2878 988 2926 omnibus
1015 2878 1375 2940 revelabuntur,
1410 2878 1575 2943 quales
1610 2877 1832 2925 videlicet
1873 2887 2015 2926 antea
2049 2877 2242 2937 fuerint,
2291 2891 2351 2922 an

198 2954 399 3015 praemio
422 2954 602 3003 scilicet
629 2973 691 3004 an
718 2973 863 3023 poena
882 2958 1033 3022 digni.
1063 2963 1118 3005 ln
1142 2959 1223 3006 illa
1245 2975 1363 3006 vero
1387 2958 1597 3023 generali
1615 2958 1916 3007 discussione
1938 2957 2044 3006 hini
2062 2959 2111 3009 in
2136 2956 2296 3006 electis
2309 2964 2356 3002 et

197 3032 418 3096 reprobis
441 3035 640 3085 ordines
658 3054 764 3086 esse
784 3038 1030 3087 dicuntur.
1058 3039 1267 3098 Quidam
1289 3041 1418 3088 enim
1438 3041 1720 3101 electorum,
1739 3039 1789 3087 id
1806 3049 1877 3087 est
1891 3039 2352 3105 praedestinatorum,

199 3109 268 3157 ibi
286 3112 575 3176 judicabunt
597 3127 788 3166 tantum
810 3129 858 3167 et
879 3137 980 3168 non
1001 3120 1365 3184 judicabuntur.
1403 3122 1480 3168 Sic
1518 3131 1565 3169 et
1603 3120 1924 3186 reproborum
1963 3120 2064 3168 duo
2107 3127 2246 3167 erunt
2277 3131 2354 3162 or-

197 3190 356 3255 dines,
382 3211 494 3244 cum
512 3197 592 3246 alii
619 3216 790 3247 eorum
811 3200 1062 3265 judicandi
1080 3202 1176 3249 sint
1197 3211 1404 3264 tantum,
1426 3201 1502 3249 alii
1529 3202 1728 3256 minime
1741 3200 1993 3265 judicandi
2012 3200 2123 3246 sint.
2140 3198 2355 3256 Quicun-

201 3288 294 3337 que
317 3275 448 3323 enim
475 3277 615 3327 electi
634 3281 823 3345 purgati
848 3291 958 3329 ante
984 3281 1114 3330 diem
1126 3281 1293 3347 judicii
1313 3299 1412 3330 non
1431 3282 1755 3345 invenientur,
1777 3279 2045 3346 judicandi,
2070 3278 2121 3326 id
2138 3287 2208 3326 est
2229 3293 2357 3324 reve-
