2638 3866
263 233 361 286 314-
1070 232 1239 279 PETRI
1275 227 1592 281 ABAELARDI

263 339 286 385 f
283 339 393 396 usis,
412 350 558 401 quare
571 333 836 398 specialiter
847 332 1103 399 Apostolus
1115 350 1221 380 sum
1236 332 1498 380 destinatus
1519 352 1531 379 :
1563 351 1588 379 «
1605 335 1711 380 Non
1728 332 1835 397 plus
1848 345 2013 398 sapere
2027 349 2171 397 quam
2186 343 2393 401 oportet,

259 420 344 468 sed
366 436 531 486 sapere
564 433 714 482 usque
739 416 798 465 ad
835 416 1157 466 sobrietatem.
1180 433 1205 460 >5
1231 416 1313 464 Ille
1339 417 1460 482 sapit
1489 415 1745 482 plusquam
1773 426 1988 481 oportet,
2019 417 2103 482 qui
2137 418 2263 467 mala
2294 420 2396 485 ipsa

258 518 358 548 non
383 500 541 547 solum
563 498 734 545 notitia
756 497 954 545 rationis
971 514 1000 545 a
1020 497 1161 544 bonis
1186 496 1429 558 discernit,
1447 496 1584 560 juxta
1610 496 1730 560 illud
1753 496 2051 562 philosophi,
2079 497 2192 545 mali
2214 499 2394 565 quippe

258 579 564 643 notitiajusto
586 578 749 626 deesse
766 591 868 625 non
888 587 1060 643 potest,
1077 594 1244 625 verum
1263 577 1403 624 etiam
1428 577 1721 642 experientia
1742 576 1928 636 didicit,
1957 577 2224 625 secundum
2247 594 2394 643 quam

195 700 205 715 ‚
255 658 435 722 lignum
467 659 672 706 scientiae
705 657 825 706 boni
862 668 908 705 et
946 659 1059 705 mali
1093 658 1274 705 dictum
1302 667 1388 704 est.
1422 660 1479 703 Et
1507 657 1587 704 hic
1617 656 1817 720 quidem
1851 666 1921 704 est
1949 673 2115 704 sensus
2147 658 2319 718 seculi,
2344 657 2392 705 id

255 748 324 785 est
359 740 643 788 secularium
673 749 719 786 et
751 738 1013 786 carnalium
1037 737 1320 796 hominum,
1353 746 1407 784 ut
1435 737 1728 802 experientia
1758 737 2083 801 voluptatum,
2114 738 2249 801 quasi
2274 754 2392 801 qua-

253 819 366 867 dam
391 821 574 887 saporis
596 820 851 867 dulcedine
874 819 1035 878 illecti,
1067 818 1193 866 mala
1215 819 1316 883 ipsa
1339 827 1649 882 cognoscant.
1677 820 1730 864 ln
1760 833 1855 882 qua
1882 818 2079 882 quidem
2102 819 2390 882 experientia

251 900 420 948 sobriae
442 910 489 949 et
507 901 719 948 honestae
742 900 848 947 vitae
871 899 1100 947 terminos
1122 897 1378 960 excedunt,
1410 898 1528 946 dum
1551 897 1878 963 voluptatibus
1905 897 2001 944 suis
2023 898 2225 963 turpiter
2242 899 2392 946 inser-

251 981 404 1028 viunt.
435 1001 459 1027 «
480 984 538 1028 Et
563 981 841 1045 unicuique,
863 1000 885 1025 »
918 980 1097 1027 scilicet
1127 989 1348 1027 nostrum
1371 978 1468 1026 hoc
1497 979 1655 1043 ipsum
1688 977 1819 1035 dico,
1844 977 1896 1025 id
1926 987 2013 1035 est,
2046 994 2147 1024 non
2182 977 2290 1042 plus
2315 993 2392 1025 sa-

251 1077 389 1125 pere,
422 1071 511 1109 etc.
543 1062 717 1108 «Sicut
736 1062 866 1107 Deus
890 1060 1048 1107 divisit
1076 1076 1354 1107 mensuram
1386 1058 1568 1119 fidei,»
1596 1058 1647 1105 id
1671 1067 1739 1105 est
1766 1067 1912 1123 prout
1938 1057 2087 1105 credit
2117 1056 2390 1105 faciendum

246 1156 370 1200 esse,
402 1142 467 1188 ita
497 1141 594 1188 hoc
626 1140 835 1206 impleat.
877 1161 899 1184 <c
929 1141 1061 1187 Sicut
1092 1140 1239 1187 enim.
1282 1143 1348 1188 Ac
1381 1140 1419 1186 si
1449 1138 1619 1202 aliquis
1643 1147 1878 1203 quaereret
1908 1156 1918 1185 ε
1951 1141 2090 1185 Estne
2124 1138 2173 1183 in
2211 1138 2389 1187 discre-

250 1221 381 1270 tione
412 1221 532 1268 boni
563 1231 609 1268 et
639 1221 752 1267 mali
785 1220 971 1267 diversa
1004 1220 1288 1267 existimatio
1324 1218 1634 1266 infidelibus?
1660 1217 1936 1283 Respondet
1971 1217 2223 1283 Apostolus
2255 1219 2388 1282 quod

248 1310 338 1358 est,
376 1301 463 1349 sed
484 1311 531 1348 et
554 1301 726 1348 divinae
751 1301 911 1363 gratiae
941 1299 1072 1347 dona
1095 1300 1143 1346 in
1169 1300 1236 1346 eis
1264 1308 1375 1346 sunt
1406 1298 1621 1360 diversa,
1653 1308 1700 1346 et
1721 1299 1817 1346 hoc
1846 1308 1917 1346 est
1939 1297 2073 1363 quod
2096 1300 2390 1366 competenti

247 1381 559 1429 similitudine
598 1381 918 1442 demonstrat,
954 1380 1118 1427 dicens
1144 1397 1155 1426 ε
1194 1380 1326 1427 Sicut
1353 1379 1483 1426 enim
1508 1389 1556 1427 et
1581 1396 1683 1427 non
1717 1378 1943 1427 eumdem
1973 1389 2137 1427 actum
2169 1377 2388 1426 membra

245 1461 443 1522 habent,
465 1462 515 1510 id
538 1472 607 1510 est
624 1478 724 1510 non
749 1461 878 1509 idem
903 1460 1133 1521 officium,
1152 1461 1218 1508 ita
1236 1461 1372 1507 multi
1394 1476 1502 1523 n05,
1521 1459 1787 1508 secundum
1801 1477 2116 1525 personarum
2138 1459 2386 1508 diversita-

246 1553 360 1603 tem,
381 1544 431 1590 in
450 1560 549 1590 uno
566 1559 770 1608 corpore
790 1541 964 1589 Christi
984 1551 1027 1589 et
1050 1542 1098 1588 in
1121 1540 1300 1588 eisdem
1323 1541 1629 1588 sacramentis
1649 1541 1771 1588 uniti
1797 1557 1980 1587 sumus.
2005 1560 2029 1585 «
2045 1540 2174 1587 Alter
2195 1539 2387 1588 alterius

246 1623 486 1684 membra,
505 1642 527 1667 υ
554 1623 604 1669 id
619 1631 689 1670 est
701 1623 977 1687 supplentes
1000 1621 1214 1668 officium
1234 1638 1377 1669 suum
1399 1638 1490 1687 pro
1516 1622 1665 1669 altero
1681 1659 1693 1682 ,
1720 1630 1767 1668 et
1784 1622 1828 1668 ei
1844 1621 2231 1673 administrantes
2253 1620 2385 1685 quod

245 1702 330 1750 iste
351 1703 550 1768 implere
573 1720 673 1750 non
697 1712 870 1768 potest.
895 1706 1027 1749 Tunc
1047 1703 1175 1750 enim
1197 1701 1365 1748 oculus
1385 1702 1521 1766 quasi
1541 1701 1818 1750 membrum
1841 1717 2012 1749 manus
2034 1700 2253 1760 efficitur,
2272 1718 2384 1749 cum

243 1784 399 1830 visum
434 1783 788 1844 subministrat,
826 1792 879 1830 ut
910 1783 988 1829 illa
1020 1782 1208 1847 operari
1241 1791 1387 1846 queat
1425 1799 1435 1828 :
1474 1791 1520 1828 et
1556 1782 1769 1829 similiter
1803 1782 2134 1846 unusquisque
2170 1781 2384 1829 fidelium

244 1863 431 1910 donum
455 1864 612 1928 gratiae
634 1863 767 1928 quod
794 1862 942 1910 habet
963 1863 1014 1909 in
1037 1862 1242 1909 alterum
1267 1862 1533 1909 ministrare
1555 1847 1740 1919 debet,¹
1756 1871 1809 1909 ut
1833 1862 2039 1909 maxime
2062 1861 2152 1908 sibi
2177 1861 2383 1908 invicem

242 1945 435 1991 caritate
458 1944 744 2007 colligantur
769 1943 933 1990 fideles
949 1980 961 2004 ,
997 1958 1116 1990 cum·
1141 1942 1232 1989 sibi
1252 1942 1459 1989 vicissim
1482 1942 1792 1998 subveniunt,
1828 1952 1874 1989 et
1906 1942 2234 2006 unusquisque
2266 1942 2382 1990 alte·-

240 2040 348 2070 rum
389 2041 492 2072 esse
528 2025 845 2089 recognoscit.
887 2024 1023 2070 Dixi:
1050 2022 1232 2087 Singuli
1265 2021 1384 2070 alter
1420 2023 1613 2070 alterius
1650 2023 1894 2084 membra,
1929 2022 2016 2070 sed
2057 2022 2228 2068 merito
2270 2022 2384 2085 quia

244 2103 513 2152 «habentes
530 2124 553 2149 »
579 2105 710 2152 dona
732 2105 919 2151 diversa
952 2104 1110 2168 gratiae
1131 2104 1219 2151 Dei
1248 2103 1340 2150 illis
1378 2103 1576 2151 collatae.
1623 2105 1740 2160 Quae
1774 2103 1934 2150 statim
1966 2102 2097 2149 dona
2120 2101 2381 2151 subdividit

239 2183 420 2243 dicens,
450 2206 472 2228 «
492 2186 589 2232 sive
609 2184 933 2250 prophetiam,
951 2205 975 2228 >›
1002 2184 1181 2231 scilicet
1200 2183 1451 2242 habentes,
1479 2183 1531 2230 id
1550 2192 1620 2230 est
1643 2183 1843 2247 gratiam
1863 2182 2227 2249 interpretandi,
2247 2182 2298 2229 id
2311 2195 2382 2231 est

241 2265 512 2328 exponendi
528 2265 674 2313 verba
687 2265 868 2327 divina,
888 2264 1016 2312 unde
1035 2274 1081 2312 et
1094 2263 1162 2310 ad
1182 2264 1472 2311 Corinthio-5¹
1492 2263 1632 2311 dicit:
1662 2283 1684 2307 α
1701 2267 1821 2311 Nam
1833 2263 1914 2328 qui
1927 2262 2202 2328 prophetat,
2219 2262 2382 2310 homi-

238 2343 380 2392 nibus
395 2345 608 2411 loquitur
626 2346 687 2394 ad
701 2346 1083 2393 aedificationem.
1102 2365 1124 2388 >›
1147 2345 1459 2393 «Secundum
1480 2346 1716 2392 rationem
1736 2344 1865 2392 fidei.
1887 2365 1909 2388 »ι
1930 2343 2220 2409 Prophetam
2233 2342 2378 2392 habet

238 2425 321 2487 qui
349 2426 398 2472 in
430 2443 515 2473 sua
549 2426 887 2492 praedicatione
920 2425 1187 2475 secundum
1216 2425 1313 2472 hoc
1347 2425 1482 2489 quod
1511 2424 1662 2472 credit
1698 2423 1999 2472 auditoribus
2028 2439 2129 2470 esse
2161 2439 2378 2472 necessa-

236 2504 378 2566 rium,
404 2506 552 2554 verba
574 2523 659 2555 sua
682 2507 980 2568 moderatur,
997 2516 1044 2554 et
1066 2504 1185 2569 quid
1209 2505 1284 2551 his
1306 2505 1404 2552 sive
1427 2504 1517 2551 illis
1537 2521 1629 2570 pro
1650 2504 1912 2570 capacitate
1935 2520 2106 2550 eorum
2127 2502 2377 2567 praedicari

236 2595 453 2649 oporteat
471 2587 714 2646 discernit,
741 2597 793 2634 ut
823 2587 972 2635 modo
1005 2587 1079 2634 lac
1107 2585 1345 2651 parvulis,
1378 2584 1528 2632 modo
1563 2585 1772 2632 solidum
1800 2583 1966 2631 cibum
1997 2582 2260 2646 majoribus
2291 2584 2377 2631 mi·-

237 2665 417 2726 nistret,
445 2667 567 2714 sicut
589 2676 636 2714 et
658 2668 759 2732 ipse
780 2666 955 2716 Paulus
982 2667 1045 2715 ad
1067 2665 1265 2714 eosdem
1284 2665 1560 2713 Corinthios
1582 2665 1795 2713 scribens
1817 2664 2014 2730 proprio
2044 2662 2188 2710 docet
2213 2679 2375 2712 exem-

236 2743 333 2805 plo.
360 2747 518 2802 Quam
557 2747 756 2812 quidem
779 2747 1116 2813 Apostolorum
1148 2746 1486 2794 discretionem
1518 2746 1763 2794 Psalmista
1790 2743 2083 2810 praevidebat
2112 2759 2225 2791 cum
2247 2743 2375 2792 dice·

236 2824 350 2867 ret²z
385 2825 532 2871 «Dies
553 2826 647 2873 diei
676 2837 859 2875 eructat
882 2826 1102 2886 verbum,
1137 2836 1184 2873 et
1206 2842 1302 2873 nox
1334 2826 1467 2873 nocti
1491 2824 1669 2873 indicat
1690 2825 1956 2873 scientiam.
1979 2842 2002 2866 2>
2029 2822 2140 2871 Tale
2167 2833 2238 2871 est
2257 2840 2374 2887 ergo

235 2903 499 2950 secundum
524 2907 758 2953 rationem
792 2907 904 2954 fidei
930 2925 1042 2966 suae,
1067 2923 1122 2954 ac
1145 2908 1184 2953 si
1206 2907 1461 2968 diceretur,
1498 2906 1764 2954 secundum
1787 2905 2125 2953 discretionem
2152 2921 2299 2969 quam
2323 2921 2372 2952 se

235 2979 385 3027 credit
417 2981 617 3043 habere,
663 2985 745 3031 ubi
787 2986 908 3033 forte
940 2987 978 3032 si
1014 2987 1271 3047 erraverit,
1313 2986 1483 3033 caritas
1514 2987 1615 3051 ejus
1646 2986 1967 3051 ignorantiam
2015 3000 2122 3032 eam
2157 2993 2366 3032 excusat.

240 3060 373 3107 «Sive
385 3062 700 3110 ministerium
717 3066 765 3111 in
789 3066 1155 3113 ministrando.»
1172 3070 1261 3113 Per
1272 3065 1373 3113 haec
1395 3067 1555 3115 omnia
1574 3065 1960 3114 subaudiendum
1975 3074 2083 3111 est«
2097 3063 2367 3111 secundum

233 3140 467 3188 rationem
487 3141 615 3199 fidei,
634 3153 726 3190 »ut
747 3144 965 3192 videlicet
988 3147 1149 3193 omnia
1172 3146 1373 3194 discrete
1398 3146 1640 3209 faciamus,
1657 3144 1925 3194 secundum
1944 3129 2078 3207 quod
2092 3143 2367 3192 faciendum

274 3327 280 3343 ¹
296 3321 308 3355 l
328 3323 479 3357 Corinth.
498 3332 570 3365 cap.
590 3332 665 3365 xiv,
684 3333 716 3357 v.
736 3326 765 3356 3.
787 3341 822 3347 -
835 3325 846 3343 ²
862 3323 990 3357 Psalm.
1009 3333 1097 3365 xviu,
1115 3333 1145 3359 v.
1163 3327 1192 3358 3.
