2638 3866
209 209 306 256 502
1020 205 1196 255 PETRI
1227 203 1543 254 ABAELARm

208 325 421 372 namque
444 317 515 355 est
535 305 667 370 quod
686 306 752 352 ait
776 323 799 348 «
817 304 957 365 nihil,
977 323 1000 349 »
1025 320 1082 352 ac
1104 306 1143 351 si
1165 304 1385 353 diceret«
1400 304 1538 352 nulla:
1558 320 1649 366 res,
1667 316 1753 354 »et
1774 306 1908 370 quod
1926 309 1990 356 ait
2008 309 2175 358 «Nihil
2196 320 2270 359 est
2288 309 2358 359 ibi

210 387 454 446 dissimile,
478 407 501 431 2>
529 385 621 432 tale
644 394 717 432 est
745 400 800 432 ac
830 384 870 431 si
902 384 1083 432 diceret
1109 403 1120 431 ι
1145 405 1168 430 «
1186 385 1324 433 Nulla
1348 384 1424 433 res
1458 385 1525 433 ihi
1557 396 1626 434 est
1648 386 1836 435 diversa
1858 387 1920 436 ab
1942 389 2052 450 alia,
2075 410 2098 434 n
2125 403 2238 438 curn
2263 392 2359 439 siut

210 481 371 519 tamen
394 467 589 514 diversae
607 464 668 512 ab
690 465 897 513 invicem
913 482 1131 531 persouae
1154 466 1424 514 secundum
1447 466 1762 532 proprietates
1784 485 1892 516 suas
1915 466 2361 535 superiusfdistine-

213 562 298 611 tas,
324 564 425 596 non
447 545 716 594 secundum
738 562 1014 594 numerum.
1046 546 1186 594 Unde
1218 557 1265 595 et
1300 548 1591 612 Augustinus
1614 547 1672 596 de
1699 551 1934 597 Trinitate
1956 549 2081 598 libro
2097 552 2202 613 VH,
2228 551 2363 618 capi-³

208 630 312 678 tulo
345 630 417 675 vl¹
444 645 454 674 :
483 646 507 672 «
529 629 635 673 Non
663 635 853 674 tantum
888 637 959 675 est
991 643 1118 676 unus
1151 627 1302 675 homo
1323 638 1559 693 quantum
1593 638 1688 677 tres
1721 629 1945 678 homines
1976 624 2148 691 simu13
2176 641 2224 679 et
2252 632 2363 698 plus

210 707 392 774 aliquid
425 717 537 755 sunt
560 706 660 754 duo
690 706 931 769 homines,
957 724 1105 773 quam
1131 724 1258 755 unus
1282 707 1453 755 homo.
1487 707 1541 755 A't
1562 709 1612 756 in
1636 711 1742 757 Deo
1765 725 1866 757 non
1889 720 1960 758 est
1992 711 2073 759 ita.
2100 714 2208 759 Non
2231 705 2364 759 enirn·

212 790 367 854 major
400 789 604 837 essentia
639 797 710 836 est
742 791 883 836 Pater
912 798 960 836 et
983 788 1128 836 Filius
1169 788 1340 847 simul,
1379 805 1526 854 quam
1568 789 1700 837 solus
1736 793 1875 838 Pater
1909 801 1992 839 aut
2030 791 2160 839 solus
2184 787 2357 852 Filiu‘s3

207 869 297 918 sed
327 879 423 917 tres
445 868 587 917 simul
617 885 836 934 personae
858 869 1065 934 aequales
1090 878 1203 916 sunt
1231 869 1445 934 singulis.
1474 869 1498 915 ἱ)
1527 872 1590 917 Ac
1618 871 1659 917 si
1682 869 1864 919 diceret
1884 887 1984 919 non
2009 872 2060 919 in
2082 873 2246 938 aliquo
2268 888 2363 920 nu-

214 967 350 998 mero
373 966 535 998 rerum
557 949 880 997 excedentes2.
908 953 976 997 Ne
1001 966 1145 1014 quem
1168 950 1290 997 forte
1313 959 1530 1009 moveat,
1556 949 1692 1014 quod
1714 950 1927 999 Isidorus
1951 952 2365 1019 Erymologiarn‘m-

213 1030 323 1078 libri
362 1033 446 1077 VII
487 1030 699 1095 capitulo
733 1047 812 1091 1v,
850 1030 969 1078 dum
1003 1030 1345 1095 etymologiam
1375 1030 1587 1077 nominis
1625 1030 1796 1078 divinae
1824 1033 2065 1080 Trinitatis
2100 1046 2366 1099 prosequew'

214 1120 363 1172 retur,
395 1111 549 1176 ipsam
577 1110 855 1158 Trinitatem
888 1127 1042 1158 unum
1071 1120 1226 1158 totum
1258 1109 1322 1158 ad
1346 1109 1561 1174 singulas
1585 1109 1758 1158 dixerit
1779 1127 2037 1177 personas,
2063 1113 2140 1160 his
2167 1111 2366 1179 quidem

217 1191 399 1240 verbis:
422 1191 660 1238 «Trinitas
681 1192 922 1258 appellata
942 1203 1031 1254 est,
1049 1191 1183 1257 quod
1200 1191 1282 1239 fiat
1296 1208 1451 1238 unum
1466 1201 1624 1239 totum
1647 1208 1705 1239 ex
1721 1192 2017 1258 quibusdam
2037 1194 2210 1255 tribus,
2233 1195 2370 1259 quasi

223 1273 481 1329 Trium'tas,
509 1281 624 1333 etc.,
642 1292 664 1316 n
690 1272 908 1320 attendat
933 1273 1132 1322 abusive
1159 1282 1316 1319 totum
1341 1271 1436 1318 dici
1463 1288 1553 1337 pro
1577 1270 1884 1338 quacumque
1908 1283 2008 1322 tam
2030 1291 2194 1322 rerum
2220 1278 2371 1340 quam

217 1353 566 1419 proprietatum
580 1352 921 1400 multitudine⁸.
940 1353 1036 1411 Qui
1049 1353 1193 1401 etiam
1209 1353 1258 1399 in
1272 1351 1446 1400 eodem
1462 1352 1675 1418 capitulo
1689 1352 1801 1401 cum
1814 1355 2014 1420 propria
2026 1365 2075 1403 et
2085 1354 2372 1421 appellat-iva

216 1433 305 1480 Dei
347 1433 549 1480 nomina
587 1432 928 1497 distingueret,
963 1434 1029 1481 ita
1060 1433 1123 1481 ab
1159 1434 1290 1480 omni
1329 1432 1590 1481 hominum
1621 1434 1809 1482 ratione
1847 1445 1895 1483 et
1935 1450 2025 1483 usu
2058 1435 2280 1495 recessit,
2317 1444 2373 1482 ut

218 1515 412 1580 propria
440 1514 620 1562 diceret
646 1531 753 1578 quae
780 1515 930 1579 magis
949 1513 1239 1580 appellativa
1259 1514 1500 1577 videntur,
1523 1524 1572 1562 et
1600 1531 1627 1562 e
1658 1506 1898 1563 converso
1941 1516 2228 1581 appellativa
2256 1531 2373 1581 pro-

218 1595 340 1659 pria.
377 1613 402 1639 «
434 1596 487 1641 In
521 1593 631 1655 hac,
673 1595 852 1658 inquit,
895 1596 1124 1642 Trinitate
1165 1594 1256 1641 alia
1293 1594 1582 1660 appellativa
1621 1596 1840 1657 nomina,
1877 1595 1971 1647 alia
2007 1596 2208 1662 propria-
2241 1603 2369 1643 sunt.

219 1675 420 1739 Propria
452 1684 563 1721 sunt
591 1675 879 1734 essentialia,
917 1685 970 1722 ut
988 1678 1136 1737 Deus,
1167 1675 1427 1735 Dominus,
1455 1676 1782 1741 omnipotens,
1815 1675 2152 1736 immutabilis,—
2181 1675 2377 1722 immor-‘-

217 1753 325 1802 talis
351 1773 362 1801 ι
383 1764 431 1802 et
452 1754 565 1801 inde
586 1757 800 1820 propria,
822 1756 937 1820 quia
954 1756 1109 1820 ipsam
1128 1754 1399 1820 significant
1411 1755 1729 1804 substantiam
1755 1772 1852 1820 qua
1876 1773 2030 1803 unum
2052 1766 2181 1803 sunt:
2196 1753 2379 1821 “Alppeh

219 1834 363 1883 lativa
384 1852 502 1883 vero
536 1838 674 1883 Pater
695 1846 743 1883 et
766 1835 910 1883 Filius
940 1846 988 1883 et
1009 1836 1215 1901 Spiritus
1245 1845 1467 1897 sanctus;
1495 1837 1758 1901 Ingenitus,
1787 1837 1991 1884 Genitus
2013 1846 2061 1883 et
2082 1835 2372 1883 Procedens.

221 1914 403 1963 Eadem
427 1925 474 1963 et
494 1916 710 1963 relativa.
731 1934 755 1960 »
777 1919 1034 1963 Possumus
1054 1916 1199 1963 etiam
1219 1915 1396 1979 dicere,
1420 1916 1554 1982 quod
1573 1933 1685 1964 cum
1714 1916 1927 1963 nominis
1951 1915 2095 1980 hujus
2123 1915 2258 1980 quod
2281 1906 2379 1961 Tri·-

219 1995 342 2042 nitas
368 1996 709 2060 etymologiam
732 1996 942 2044 Isidorus
964 1995 1248 2055 reddiderit,
1279 1997 1378 2044 vim
1402 1998 1556 2063 ipsam
1585 1997 1800 2045 nominis
1830 1996 2113 2061 generaliter
2130 1989 2278 2043 nobis
2295 2009 2379 2042 ex-

220 2077 443 2140 presserit
458 2114 470 2136 ,
495 2093 595 2124 non
622 2076 925 2141 singulariter
943 2077 992 2124 in
1024 2076 1188 2124 divina
1216 2076 1528 2124 solummodo
1550 2072 1795 2124 Trinitate.
1819 2080 1878 2124 Et
1895 2088 2067 2124 verum
2086 2067 2289 2141 quidem*
2309 2064 2382 2122 est

221 2155 356 2219 quod
385 2156 520 2220 juxta
558 2157 807 2223 propriam
845 2167 892 2204 et
929 2157 1154 2204 usitatam
1185 2155 1605 2221 significationem,
1642 2157 1682 2204 si
1715 2155 1904 2205 dicatur
1931 2157 2137 2205 Trinitas
2161 2149 2238 2204 vel
2259 2154 2376 2214 tria,

221 2237 579 2284 multitudinem
621 2255 784 2285 rerum
820 2248 866 2285 et
897 2254 1155 2286 numerum
1189 2248 1482 2300 monstrant,
1515 2235 1651 2304 quod
1683 2239 1733 2285 in
1766 2241 1871 2286 Deo
1901 2237 2101 2285 minime
2133 2235 2378 2294 convenit,

223 2316 307 2364 ubi
330 2334 639 2382 nequaquam
663 2318 925 2365 multitudo
946 2328 1016 2366 est
1039 2335 1221 2381 rerum,
1248 2319 1333 2368 sed
1357 2318 1608 2367 diversitas
1630 2335 1969 2384 personarum.

283 2394 431 2452 Quod
465 2405 626 2443 autem
658 2396 708 2442 in
739 2413 799 2443 eo
825 2395 961 2460 quod
992 2396 1168 2443 dicitur
1199 2397 1306 2444 talis
1325 2400 1464 2444 Pater
1495 2397 1652 2461 qualis
1681 2396 1826 2444 Filius
1857 2406 1906 2443 et
1936 2396 2143 2461 Spiritus
2171 2402 2381 2452 sanctus,

219 2473 439 2538 quaedam
461 2476 725 2523 similitudo
746 2477 982 2538 innuitur,
1010 2485 1065 2523 ut
1087 2477 1268 2524 scilicet
1293 2480 1433 2524 Pater
1455 2477 1516 2524 sit
1537 2477 1704 2524 similis
1723 2475 1844 2523 Filio
1864 2477 1941 2523 vel
1961 2475 2160 2540 Spiritui
2183 2483 2376 2534 sancto3

218 2554 312 2601 tale
340 2565 411 2602 est
446 2572 502 2603 ac
535 2557 575 2603 si
607 2555 824 2604 dicatur:
853 2559 961 2603 Non
994 2565 1066 2603 est
1099 2557 1150 2603 in
1186 2556 1349 2622 aliquo
1385 2556 1646 2621 majestatis
1678 2555 1816 2603 bono
1851 2555 1913 2603 ab
1952 2572 2012 2602 eo
2046 2554 2295 2615 diversus,
2331 2561 2386 2599 ut

218 2634 441 2683 videlicet
459 2636 715 2701 negatione
732 2637 885 2700 magis
905 2652 1056 2701 quam
1078 2635 1402 2685 affirmatione
1425 2636 1736 2701 intelligatur.
1761 2639 1818 2682 Et
1839 2636 2057 2683 similiter
2075 2649 2188 2683 cum
2210 2631 2387 2681 dicitur

220 2716 413 2778 aequalis
438 2733 561 2776 esse,
598 2717 693 2765 tale
722 2727 794 2765 est
818 2733 875 2765 ac
911 2717 951 2764 si
981 2715 1186 2778 dicatur,
1215 2719 1264 2765 in
1296 2718 1379 2766 illa
1406 2717 1670 2766 divinitatis
1699 2716 1849 2780 gloria
1875 2717 1966 2764 alia
1994 2731 2203 2782 persona
2226 2714 2388 2761 minor

223 2798 358 2854 esse‘,
375 2814 487 2844 cum
497 2798 592 2845 sint
604 2798 819 2862 ejusdem
828 2798 1020 2863 penitus
1030 2799 1260 2847 essentiae.
1279 2798 1374 2847 Sed
1388 2809 1436 2847 et
1450 2815 1563 2847 cum
1579 2798 1884 2858 Athanasius,
1900 2797 2165 2863 praemisso,
2187 2813 2212 2840 «
2223 2794 2388 2853 Qualis

227 2877 381 2937 Pater,
413 2879 519 2925 talis
548 2879 690 2926 Filius
713 2890 761 2927 et
783 2880 986 2944 Spiritus
1016 2890 1227 2942 sanctus,
1252 2900 1274 2924 n
1305 2879 1474 2928 statim
1488 2879 1681 2943 adjecit,
1708 2878 1846 2943 quasi
1871 2877 1935 2925 ad
1966 2872 2389 2925 determinandum

226 2954 274 3000 in
295 2972 394 3019 quo
417 2958 509 3005 sint
529 2959 723 3018 similes,
748 2959 843 3007 hoc
857 2970 929 3007 est
946 2978 1048 3009 non
1067 2960 1267 3020 diversi,
1293 2960 1460 3009 dicens
1487 2979 1499 3008 t
1526 2980 1549 3004 α
1565 2962 1834 3007 immensus
1853 2962 2011 3020 Pater,
2036 2958 2306 3004 immensus
2316 2954 2390 3000 Fi-

227 3033 335 3096 lius,
356 3037 827 3105 immensusSpiritus
846 3052 1060 3100 sanctus,
1079 3051 1171 3088 etc.
1195 3060 1220 3086 »
1239 3052 1403 3106 aperte
1422 3041 1701 3102 declaravit,
1719 3039 1972 3106 quomodo
1983 3038 2034 3086 id
2048 3036 2184 3103 quod
2199 3033 2389 3101 praemi-

273 3193 408 3235 ¹0pp.‚
440 3198 465 3226 t.
492 3192 578 3227 v111.
605 3212 643 3218 —
668 3196 747 3227 ²Sic
777 3195 811 3228 in
834 3197 941 3228 editis.
959 3195 1080 3228 Forsan
1098 3197 1273 3235 legendum
1348 3198 1557 3230 excedentes.
1580 3214 1622 3220 ——
1645 3196 1766 3228 'Hunc
1796 3196 1903 3227 locum
1937 3201 2035 3233 quem
2061 3193 2094 3224 in
2125 3190 2222 3223 editis
2253 3189 2307 3221 vix
2336 3188 2391 3220 in-

234 3247 343 3280 Unum
366 3247 564 3288 excedente-⁹,
592 3257 630 3281 ac
657 3249 683 3280 si
711 3250 835 3281 diceret
859 3259 1017 3289 personas
1043 3250 1187 3289 divinas,
1215 3259 1275 3281 seu
1349 3253 1476 3291 telligas
1509 3253 1557 3284 sic
1589 3252 1764 3291 legendum
1796 3257 1868 3281 esse
1899 3255 2082 3280 censemuS.
2110 3263 2151 3269 —
2176 3245 2186 3264 ⁴
2202 3244 2294 3277 Adde
2323 3251 2392 3276 non

230 3301 310 3342 duo,
337 3310 395 3335 seu
421 3307 499 3343 tres,
525 3311 582 3335 seu
608 3304 642 3335 in
663 3312 872 3344 quocumque
897 3313 1052 3342 numero.
1079 3313 1144 3336 non
1172 3313 1268 3337 unam
1347 3309 1471 3345 potest.
