2638 3866
223 262 319 309 442
1030 253 1199 300 PETRI
1236 252 1550 301 ABAELARDI

225 377 420 426 quoque
444 358 736 423 disciplinas,
768 372 873 419 quae
895 355 1019 402 inter
1048 353 1255 401 maxima
1280 352 1412 401 dona
1445 355 1531 401 Dei
1563 370 1752 420 semper
1782 356 1830 402 in
1860 355 1999 402 terris
2023 355 2354 416 effloruerunt,

226 451 471 490 auctorem
505 454 644 486 suum
682 445 825 501 atque
861 435 1082 483 omnium
1116 451 1215 481 non
1240 449 1518 497 agnoscere,
1553 443 1600 481 et
1628 435 1671 482 ei
1697 451 1890 500 quoque
1922 436 2002 483 cui
2027 435 2361 503 obtemperant

227 522 406 582 omnia,
445 536 544 566 non
574 517 829 565 deservire.
856 513 1144 563 Attendebat
1166 524 1214 562 et
1232 513 1349 562 illud
1374 514 1506 578 quod
1528 515 1576 562 in
1608 515 1938 563 Ecclesiastico
1971 517 2200 582 scriptum
2225 527 2296 564 est
2306 520 2356 566 ¹22:

231 600 566 665 «Sapientiam
604 598 823 645 omnium
859 596 1171 660 antiquorum
1207 594 1423 659 exquiret
1457 595 1662 660 sapiens,
1701 606 1748 643 et
1785 596 1834 643 in
1867 596 2114 662 prophetis
2153 596 2356 645 vacabit.

227 679 561 727 Narrationem
586 678 803 726 virorum
838 676 1204 723 nominatorum
1240 674 1565 736 conservabit,
1605 685 1653 722 et
1685 675 1734 723 in
1757 675 1988 723 versutias
2020 675 2359 741 parabolarum

226 759 368 807 simul
396 758 631 820 introibit,
667 757 855 805 occulta
879 755 1248 821 proverbiorum
1283 756 1516 821 exquiret,
1547 764 1595 802 et
1626 755 1675 802 in
1704 754 1999 803 absconditis
2021 756 2358 821 parabolarum

226 839 651 887 conversabitur.»
679 841 819 885 Juxta
863 836 997 902 quod
1035 846 1083 883 et
1114 836 1374 898 Salomon,
1408 835 1571 897 beat0,
1598 845 1651 882 ut
1687 852 1833 902 snpra
1871 837 2202 899 meminimus,
2246 846 2362 885 atte-

226 929 380 968 stante
415 920 729 983 Hieronymo,
769 919 818 965 in
851 918 956 983 ipso
981 917 1143 964 statim
1169 915 1531 963 Proverbiorum
1554 916 1753 964 exordio
1785 926 2086 977 commonet,
2113 926 2167 964 ut
2187 916 2362 965 intelli·

227 1016 392 1064 gamus
428 1016 675 1047 sermones
717 997 1001 1064 prudentiae,
1043 997 1370 1061 versutiasque
1403 995 1689 1058 verborum,
1730 996 1982 1062 parabolas
2019 1006 2065 1044 et
2099 995 2362 1044 obscurum

226 1097 518 1139 sermonem,
553 1079 680 1127 dicta
716 1078 1022 1144 sapientium,
1059 1087 1108 1125 et
1145 1077 1421 1141 aenigmata3
1459 1077 1654 1142 quippe,
1697 1077 1855 1142 inquit
1890 1077 2229 1142 HieronymuS,
2264 1077 2363 1126 dia·

225 1161 506 1210 lecticorum
549 1170 596 1208 et
635 1159 1039 1226 philosophorum
1076 1167 1214 1218 sunt;
1259 1157 1389 1205 unde
1429 1166 1478 1204 et
1511 1173 1540 1204 a
1577 1158 1750 1205 sanetis
1788 1157 2103 1223 postmodum
2144 1157 2362 1224 patribus

223 1258 324 1289 non
362 1242 626 1304 incongrue
663 1239 935 1287 liberalium
975 1239 1147 1287 artium
1182 1238 1365 1299 studia,
1407 1247 1652 1303 tamquam
1692 1255 1837 1286 sacrae
1873 1240 2056 1304 paginae
2095 1239 2361 1287 admodum

221 1322 505 1383 necessaria,
530 1321 793 1386 plurimum
817 1319 1238 1378 commendantur,
1265 1335 1378 1364 cum
1401 1319 1603 1365 omnino
1629 1319 1816 1384 poetica
1841 1319 2070 1383 figmenta
2095 1320 2362 1368 christianis

222 1402 589 1462 interdicantur,
630 1418 730 1447 non
787 1401 945 1463 solum
982 1400 1094 1463 quia
1129 1398 1327 1446 salsitate
1365 1398 1539 1446 referta
1571 1408 1709 1460 sunt,
1745 1408 1793 1446 et
1834 1416 1931 1447 «os
1961 1399 2095 1464 quod
2135 1401 2363 1448 mentitur

224 1482 400 1529 occidit
437 1482 691 1541 animam',
723 1501 745 1524 >³
786 1495 956 1527 verum
993 1479 1159 1537 etiam,
1195 1478 1309 1543 quia
1346 1479 1564 1527 inanium
1588 1478 1858 1527 fabularum
1895 1480 2263 1544 cogitationibus
2300 1480 2363 1528 ad

224 1562 458 1610 desideria
490 1561 844 1627 turpitudinum
869 1576 976 1624 quae
1000 1558 1206 1622 lingunt,
1238 1557 1455 1606 alliciunt
1477 1559 1714 1621 animum,
1749 1568 1893 1624 atque
1917 1576 1946 1607 a
1969 1576 2112 1608 sacrae
2144 1560 2363 1609 lectionis

223 1641 533 1689 meditatione
552 1658 644 1688 nos
670 1640 937 1688 abducunt.
964 1643 1035 1687 De
1059 1639 1273 1703 utrisque
1298 1648 1458 1686 autem
1481 1639 1530 1685 in
1555 1648 1750 1704 promtu
1779 1649 1892 1687 sunt
1914 1639 2054 1688 nobis
2087 1650 2361 1689 sanctorum

223 1722 511 1769 testimonia.
540 1720 765 1784 Synodus
790 1720 990 1784 Eugenii
1018 1736 1153 1784 papae
1177 1729 1394 1784 tempore
1416 1718 1676 1766 Ludovici:
1704 1740 1726 1765 «
1747 1723 1819 1767 De
1853 1720 2162 1784 quibusdam,
2187 1721 2359 1786 inquit,

223 1802 341 1849 loeis
376 1801 438 1849 ad
474 1817 564 1848 nos
599 1800 801 1847 refertur
837 1816 937 1846 non
971 1799 1240 1862 magistros,
1276 1816 1433 1863 neque
1471 1816 1636 1847 curam
1672 1800 1877 1847 inveniri
1915 1818 2006 1865 pro
2039 1801 2200 1848 studio
2236 1801 2366 1848 litte-

223 1902 401 1933 rarum.
445 1884 627 1932 Idcirco
668 1883 903 1930 universis
938 1882 1200 1948 episcopis,
1244 1882 1565 1946 subjectisque
1607 1881 1855 1947 plebibus,
1901 1892 1948 1930 et
1986 1883 2087 1930 aliis
2125 1883 2273 1942 locis,
2312 1884 2362 1930 in

222 1964 398 2029 quibus
431 1964 684 2012 necessitas
718 1962 998 2021 occurrerit,
1039 1962 1240 2009 omnino
1271 1978 1386 2010 cura
1418 1971 1466 2009 et
1494 1962 1740 2025 diligentia
1772 1961 2024 2023 habeatur,
2062 1972 2115 2010 ut
2151 1963 2362 2027 magistri

222 2054 269 2092 et
294 2044 517 2091 doctores
542 2043 917 2102 constituantur,
951 2042 1034 2106 qui
1058 2041 1216 2089 studia
1244 2042 1510 2089 litterarum
1539 2041 1905 2107 liberaliumque
1930 2042 2105 2090 artium
2131 2042 2364 2091 habentes

221 2124 448 2189 dogmata
481 2123 688 2171 doceant
714 2141 724 2169 z
749 2123 863 2187 quia
898 2123 947 2169 in
979 2122 1054 2169 his
1075 2123 1284 2170 maxime
1316 2123 1477 2170 divina
1501 2122 1864 2171 manifestantur
1885 2133 2031 2187 atque
2062 2122 2366 2171 declarantur

222 2204 508 2252 mandata.»
553 2207 625 2251 De
662 2203 864 2269 poeticis
905 2211 1066 2250 autem
1105 2201 1373 2266 figmentis,
1422 2219 1546 2268 quos
1585 2203 1810 2250 nonnulli
1847 2203 1996 2251 libros
2033 2204 2366 2252 Grammaticae

222 2301 394 2333 vocare
425 2293 796 2346 consueverunt,
830 2300 890 2331 eo
921 2282 1055 2348 quod
1084 2281 1271 2348 parvuli
1299 2283 1362 2330 ad
1395 2283 1721 2331 eruditionem
1761 2284 2082 2347 grammaticae
2110 2283 2366 2332 locutionis

222 2382 305 2413 eos
339 2365 493 2428 legere
528 2363 652 2411 soliti
688 2373 818 2423 sunt,
851 2364 962 2411 talia
991 2372 1268 2410 sanctorum
1306 2364 1461 2411 sanxit
1497 2364 1772 2411 auctoritas.
1809 2364 2131 2429 Hieronymus
2163 2363 2232 2411 ad
2264 2368 2364 2411 Da-

222 2462 406 2493 masum
438 2461 618 2510 papam
655 2443 715 2490 de
753 2443 872 2490 Filio
906 2442 1137 2508 prodigo⁸
1164 2460 1174 2489 ε
1207 2446 1537 2491 «Daemonum
1571 2443 1708 2491 cibus
1739 2454 1809 2491 est
1844 2445 2055 2492 carmina
2090 2454 2360 2509 poetarum,

223 2524 519 2573 saecularium
540 2523 790 2589 sapientia,
817 2523 1170 2571 rhetoricorum
1194 2539 1374 2588 pompa
1396 2522 1677 2571 verborum.
1700 2543 1722 2566 »
1747 2526 1804 2569 Et
1826 2533 1937 2588 post
1959 2525 2117 2587 aliqua
2137 2542 2148 2571 ε
2172 2544 2194 2567 c<
2209 2523 2360 2581 Absit,

223 2606 393 2670 inquit,
431 2614 486 2651 ut
519 2603 580 2651 de
615 2620 700 2650 ore
735 2602 981 2650 christiani
1014 2612 1153 2649 sonet
1185 2602 1370 2667 Jupiter
1406 2603 1752 2667 omnipotens:
1782 2613 1830 2650 et
1866 2619 1942 2650 me
1973 2602 2166 2664 Hercle,
2201 2613 2249 2650 et
2287 2620 2365 2651 me

224 2688 406 2745 Castor,
439 2694 486 2732 et
510 2693 669 2731 cetera
693 2683 842 2746 magis
864 2691 1087 2748 portenta
1116 2699 1263 2747 quam
1284 2683 1502 2732 numina.
1531 2685 1596 2730 Ae
1620 2699 1751 2730 nunc
1776 2683 1921 2731 etiam
1950 2683 2221 2731 sacerdotes
2243 2684 2360 2744 Dei,

227 2765 411 2812 omissis
444 2763 702 2828 evangeliis
737 2772 783 2810 et
817 2763 1094 2828 prophetis,
1137 2762 1358 2810 videmus
1393 2762 1651 2811 comoedias
1683 2763 1867 2827 legere,
1910 2764 2144 2812 amatoria
2182 2763 2366 2811 Bucoli-

227 2861 393 2892 corum
427 2861 653 2891 versuum
683 2842 831 2890 verba
855 2852 1067 2901 cantare,
1107 2851 1271 2890 tenere
1301 2843 1571 2908 Virgilium,
1610 2853 1657 2891 et
1691 2844 1741 2891 id
1773 2843 1907 2909 quod
1931 2844 1980 2891 in
2011 2844 2171 2909 pueris
2204 2860 2366 2891 neces·

228 2923 373 2970 sitatis
394 2934 481 2983 est,
508 2925 690 2971 crimen
710 2923 760 2970 in
784 2939 835 2970 se
854 2922 1010 2971 facere
1033 2923 1311 2971 voluntatis.
1340 2944 1363 2967 >³
1391 2923 1526 2971 ldem
1547 2919 1693 2989 super
1711 2924 1965 2989 epistolam
1998 2923 2067 2970 ad
2097 2923 2322 2988 Ephesios
2348 2941 2360 2968 :

232 3023 253 3046 «
280 3003 510 3062 Educate,
544 3004 610 3050 ait
642 3002 929 3067 Apostolus⁸,
966 3003 1090 3051 filios
1122 3003 1173 3050 in
1199 3003 1454 3068 disciplina
1484 3014 1532 3052 et
1559 3005 1856 3052 correctione
1890 3005 2103 3052 Domini.
2126 3024 2151 3048 »
2187 3007 2365 3065 Legant

228 3082 438 3147 episcopi
460 3091 601 3145 atque
623 3082 906 3146 presbyteri,
942 3083 1027 3147 qui
1049 3083 1174 3131 filios
1205 3100 1318 3131 suos
1340 3084 1643 3132 saecularibus
1673 3085 1839 3132 litteris
1861 3084 2089 3132 erudiunt
2109 3093 2156 3130 et
2189 3082 2364 3130 faciunt

226 3160 486 3210 comoedias
526 3160 698 3224 legere,
731 3170 778 3207 et
807 3177 1029 3209 amorum
1063 3163 1239 3228 scripta
1270 3164 1430 3229 turpia
1464 3174 1675 3223 cantare,
1703 3164 1765 3211 de
1798 3163 2126 3212 ecclesiasticis
2163 3162 2361 3209 forsitan

270 3346 405 3387 'Eccli.,
424 3354 494 3386 cap.
513 3352 627 3383 xxxix,
644 3351 675 3374 v.
699 3345 725 3374 1.
746 3359 785 3365 -
802 3343 927 3385 ‘Sap.,
946 3353 1016 3385 cap.
1037 3354 1060 3385 ι,
1078 3355 1106 3378 v·
1131 3349 1178 3379 11.
1197 3363 1235 3371 —
1261 3348 1273 3367 ³
1290 3348 1372 3390 Opp.
1399 3354 1424 3381 t.
1440 3348 1493 3388 lv,
1513 3358 1546 3390 p.
1569 3353 1603 3390 1,
1623 3349 1684 3381 col.
1704 3351 1774 3383 153.
1792 3367 1831 3373 -
1849 3350 1858 3369 ⁴
1875 3347 2012 3390 Ephes„
2027 3356 2099 3389 cap.
2118 3356 2160 3387 vi,
2178 3356 2206 3381 v.
2225 3349 2256 3381 lm
