<?xml version="1.0" encoding="UTF-8"?>
<!DOCTYPE html PUBLIC "-//W3C//DTD XHTML 1.0 Transitional//EN"
    "http://www.w3.org/TR/xhtml1/DTD/xhtml1-transitional.dtd">
<html xmlns="http://www.w3.org/1999/xhtml" xml:lang="en" lang="en">
 <head>
  <title>
</title>
<meta http-equiv="Content-Type" content="text/html;charset=utf-8" />
  <meta name='ocr-system' content='tesseract 3.04.00' />
  <meta name='ocr-capabilities' content='ocr_page ocr_carea ocr_par ocr_line ocrx_word'/>
</head>
<body>
  <div class='ocr_page' id='page_1' title='image "./operahactenusseo00abeluoft_0507.png"; bbox 0 0 2638 3866; ppageno 0'>
   <div class='ocr_carea' id='block_1_1' title="bbox 991 201 2444 255">
    <p class='ocr_par' dir='ltr' id='par_1_1' title="bbox 991 201 2444 255">
     <span class='ocr_line' id='line_1_1' title="bbox 991 201 2444 255; baseline 0.004 -6"><span class='ocrx_word' id='word_1_1' title='bbox 991 201 1333 252; x_wconf 87' lang='lat' dir='ltr'><strong>THEOLOGIA</strong></span> <span class='ocrx_word' id='word_1_2' title='bbox 1368 205 1595 254; x_wconf 86' lang='lat' dir='ltr'>CHRISTI</span> <span class='ocrx_word' id='word_1_3' title='bbox 1602 205 1738 255; x_wconf 87' lang='grc' dir='ltr'><strong>ΑΝΑ.</strong></span> <span class='ocrx_word' id='word_1_4' title='bbox 2346 206 2444 255; x_wconf 80' lang='grc'><strong>497</strong></span> 
     </span>
    </p>
   </div>
   <div class='ocr_carea' id='block_1_2' title="bbox 1079 624 1627 714">
    <p class='ocr_par' dir='ltr' id='par_1_2' title="bbox 1079 624 1627 714">
     <span class='ocr_line' id='line_1_2' title="bbox 1079 624 1627 714; baseline 0.002 -3"><span class='ocrx_word' id='word_1_5' title='bbox 1079 624 1398 714; x_wconf 90' lang='lat' dir='ltr'>LIBER</span> <span class='ocrx_word' id='word_1_6' title='bbox 1486 626 1627 713; x_wconf 81' lang='lat' dir='ltr'><strong>lv.</strong></span> 
     </span>
    </p>
   </div>
   <div class='ocr_carea' id='block_1_3' title="bbox 271 874 2444 3425">
    <p class='ocr_par' dir='ltr' id='par_1_3' title="bbox 278 874 2435 1025">
     <span class='ocr_line' id='line_1_3' title="bbox 343 874 2435 943; baseline 0.001 -17"><span class='ocrx_word' id='word_1_7' title='bbox 343 877 604 937; x_wconf 85' lang='lat' dir='ltr'><strong>Quaesitum</strong></span> <span class='ocrx_word' id='word_1_8' title='bbox 633 876 848 943; x_wconf 90' lang='lat' dir='ltr'><strong>primum</strong></span> <span class='ocrx_word' id='word_1_9' title='bbox 865 883 936 923; x_wconf 91' lang='lat' dir='ltr'><strong>est</strong></span> <span class='ocrx_word' id='word_1_10' title='bbox 956 890 1018 922; x_wconf 87' lang='lat' dir='ltr'><strong>an</strong></span> <span class='ocrx_word' id='word_1_11' title='bbox 1040 874 1246 923; x_wconf 85' lang='lat' dir='ltr'><strong>Trinitas</strong></span> <span class='ocrx_word' id='word_1_12' title='bbox 1271 891 1590 942; x_wconf 88' lang='lat' dir='ltr'><strong>personarum</strong></span> <span class='ocrx_word' id='word_1_13' title='bbox 1613 892 1719 941; x_wconf 88' lang='lat' dir='ltr'><strong>quae</strong></span> <span class='ocrx_word' id='word_1_14' title='bbox 1752 875 1804 924; x_wconf 91' lang='lat' dir='ltr'><strong>in</strong></span> <span class='ocrx_word' id='word_1_15' title='bbox 1827 878 1932 925; x_wconf 93' lang='lat' dir='ltr'><strong>Deo</strong></span> <span class='ocrx_word' id='word_1_16' title='bbox 1955 887 2086 939; x_wconf 86' lang='lat' dir='ltr'><strong>sunt,</strong></span> <span class='ocrx_word' id='word_1_17' title='bbox 2112 878 2164 929; x_wconf 89' lang='lat' dir='ltr'><strong>in</strong></span> <span class='ocrx_word' id='word_1_18' title='bbox 2187 879 2435 928; x_wconf 87' lang='lat' dir='ltr'><strong>vocabulis</strong></span> 
     </span>
     <span class='ocr_line' id='line_1_4' title="bbox 278 955 1074 1025; baseline -0.003 -18"><span class='ocrx_word' id='word_1_19' title='bbox 278 975 341 1008; x_wconf 89' lang='lat' dir='ltr'><strong>au</strong></span> <span class='ocrx_word' id='word_1_20' title='bbox 360 959 411 1006; x_wconf 92' lang='lat' dir='ltr'><strong>in</strong></span> <span class='ocrx_word' id='word_1_21' title='bbox 436 976 486 1007; x_wconf 91' lang='lat' dir='ltr'><strong>re</strong></span> <span class='ocrx_word' id='word_1_22' title='bbox 511 959 673 1025; x_wconf 93' lang='lat' dir='ltr'><strong>potius</strong></span> <span class='ocrx_word' id='word_1_23' title='bbox 695 958 754 1005; x_wconf 91' lang='lat' dir='ltr'><strong>sit</strong></span> <span class='ocrx_word' id='word_1_24' title='bbox 777 955 1074 1023; x_wconf 89' lang='lat' dir='ltr'><strong>accipienda.</strong></span> 
     </span>
    </p>

    <p class='ocr_par' dir='ltr' id='par_1_4' title="bbox 271 1037 2444 3369">
     <span class='ocr_line' id='line_1_5' title="bbox 344 1037 2435 1107; baseline 0.001 -19"><span class='ocrx_word' id='word_1_25' title='bbox 344 1043 442 1088; x_wconf 94' lang='lat' dir='ltr'><strong>Nos</strong></span> <span class='ocrx_word' id='word_1_26' title='bbox 473 1049 635 1088; x_wconf 86' lang='lat' dir='ltr'><strong>autem</strong></span> <span class='ocrx_word' id='word_1_27' title='bbox 665 1039 716 1087; x_wconf 93' lang='lat' dir='ltr'><strong>in</strong></span> <span class='ocrx_word' id='word_1_28' title='bbox 750 1055 802 1086; x_wconf 92' lang='lat' dir='ltr'><strong>re</strong></span> <span class='ocrx_word' id='word_1_29' title='bbox 823 1038 929 1104; x_wconf 89' lang='lat' dir='ltr'><strong>ipsa</strong></span> <span class='ocrx_word' id='word_1_30' title='bbox 959 1037 1027 1085; x_wconf 88' lang='lat' dir='ltr'><strong>ita</strong></span> <span class='ocrx_word' id='word_1_31' title='bbox 1058 1053 1166 1085; x_wconf 91' lang='lat' dir='ltr'><strong>eam</strong></span> <span class='ocrx_word' id='word_1_32' title='bbox 1202 1040 1354 1106; x_wconf 87' lang='lat' dir='ltr'>accipi</span> <span class='ocrx_word' id='word_1_33' title='bbox 1391 1041 1572 1091; x_wconf 87' lang='lat' dir='ltr'><strong>debere</strong></span> <span class='ocrx_word' id='word_1_34' title='bbox 1605 1038 1940 1107; x_wconf 77' lang='lat' dir='ltr'><strong>praedicamus,</strong></span> <span class='ocrx_word' id='word_1_35' title='bbox 1969 1048 2023 1087; x_wconf 93' lang='lat' dir='ltr'><strong>ut</strong></span> <span class='ocrx_word' id='word_1_36' title='bbox 2056 1039 2119 1088; x_wconf 87' lang='lat' dir='ltr'><strong>ab</strong></span> <span class='ocrx_word' id='word_1_37' title='bbox 2148 1050 2329 1089; x_wconf 87' lang='lat' dir='ltr'><strong>aeterno</strong></span> <span class='ocrx_word' id='word_1_38' title='bbox 2360 1060 2435 1091; x_wconf 89' lang='lat' dir='ltr'><strong>res</strong></span> 
     </span>
     <span class='ocr_line' id='line_1_6' title="bbox 278 1118 2436 1190; baseline 0.002 -22"><span class='ocrx_word' id='word_1_39' title='bbox 278 1119 359 1169; x_wconf 85' lang='lat' dir='ltr'><strong>illa</strong></span> <span class='ocrx_word' id='word_1_40' title='bbox 382 1121 525 1169; x_wconf 89' lang='lat' dir='ltr'><strong>unica</strong></span> <span class='ocrx_word' id='word_1_41' title='bbox 551 1120 752 1187; x_wconf 85' lang='lat' dir='ltr'><strong>simplex</strong></span> <span class='ocrx_word' id='word_1_42' title='bbox 778 1119 983 1167; x_wconf 90' lang='lat' dir='ltr'><strong>omnino</strong></span> <span class='ocrx_word' id='word_1_43' title='bbox 1007 1128 1056 1167; x_wconf 92' lang='lat' dir='ltr'><strong>et</strong></span> <span class='ocrx_word' id='word_1_44' title='bbox 1086 1118 1337 1169; x_wconf 87' lang='lat' dir='ltr'><strong>individua</strong></span> <span class='ocrx_word' id='word_1_45' title='bbox 1368 1140 1475 1188; x_wconf 90' lang='lat' dir='ltr'><strong>quae</strong></span> <span class='ocrx_word' id='word_1_46' title='bbox 1496 1127 1626 1171; x_wconf 89' lang='lat' dir='ltr'><strong>Deus</strong></span> <span class='ocrx_word' id='word_1_47' title='bbox 1651 1130 1737 1182; x_wconf 91' lang='lat' dir='ltr'><strong>est,</strong></span> <span class='ocrx_word' id='word_1_48' title='bbox 1758 1130 1854 1168; x_wconf 90' lang='lat' dir='ltr'><strong>tres</strong></span> <span class='ocrx_word' id='word_1_49' title='bbox 1874 1137 2091 1186; x_wconf 88' lang='lat' dir='ltr'><strong>personae</strong></span> <span class='ocrx_word' id='word_1_50' title='bbox 2114 1122 2193 1183; x_wconf 92' lang='lat' dir='ltr'><strong>sit,</strong></span> <span class='ocrx_word' id='word_1_51' title='bbox 2224 1132 2274 1171; x_wconf 90' lang='lat' dir='ltr'><strong>ut</strong></span> <span class='ocrx_word' id='word_1_52' title='bbox 2292 1141 2436 1190; x_wconf 88' lang='lat' dir='ltr'><strong>supra</strong></span> 
     </span>
     <span class='ocr_line' id='line_1_7' title="bbox 278 1200 2434 1270; baseline 0.002 -21"><span class='ocrx_word' id='word_1_53' title='bbox 278 1201 656 1250; x_wconf 84' lang='lat' dir='ltr'><strong>determinatum</strong></span> <span class='ocrx_word' id='word_1_54' title='bbox 690 1211 779 1263; x_wconf 90' lang='lat' dir='ltr'><strong>est,</strong></span> <span class='ocrx_word' id='word_1_55' title='bbox 809 1200 907 1248; x_wconf 90' lang='lat' dir='ltr'><strong>hoc</strong></span> <span class='ocrx_word' id='word_1_56' title='bbox 933 1209 1004 1247; x_wconf 92' lang='lat' dir='ltr'><strong>est</strong></span> <span class='ocrx_word' id='word_1_57' title='bbox 1031 1203 1171 1248; x_wconf 89' lang='lat' dir='ltr'><strong>Pater</strong></span> <span class='ocrx_word' id='word_1_58' title='bbox 1193 1210 1241 1249; x_wconf 90' lang='lat' dir='ltr'><strong>et</strong></span> <span class='ocrx_word' id='word_1_59' title='bbox 1262 1203 1409 1252; x_wconf 91' lang='lat' dir='ltr'><strong>Filius</strong></span> <span class='ocrx_word' id='word_1_60' title='bbox 1438 1215 1486 1252; x_wconf 91' lang='lat' dir='ltr'><strong>et</strong></span> <span class='ocrx_word' id='word_1_61' title='bbox 1519 1203 1724 1270; x_wconf 84' lang='lat' dir='ltr'><strong>Spiritus</strong></span> <span class='ocrx_word' id='word_1_62' title='bbox 1750 1210 1960 1250; x_wconf 89' lang='lat' dir='ltr'><strong>sanctus.</strong></span> <span class='ocrx_word' id='word_1_63' title='bbox 1993 1204 2106 1250; x_wconf 89' lang='lat' dir='ltr'><strong>Tres</strong></span> <span class='ocrx_word' id='word_1_64' title='bbox 2133 1203 2351 1269; x_wconf 86' lang='lat' dir='ltr'><strong>quidem,</strong></span> <span class='ocrx_word' id='word_1_65' title='bbox 2383 1217 2434 1254; x_wconf 89' lang='lat' dir='ltr'><strong>ut</strong></span> 
     </span>
     <span class='ocr_line' id='line_1_8' title="bbox 274 1279 2429 1352; baseline 0.002 -22"><span class='ocrx_word' id='word_1_66' title='bbox 274 1281 513 1343; x_wconf 84' lang='lat' dir='ltr'><strong>diximus,</strong></span> <span class='ocrx_word' id='word_1_67' title='bbox 553 1281 822 1331; x_wconf 90' lang='lat' dir='ltr'><strong>secundum</strong></span> <span class='ocrx_word' id='word_1_68' title='bbox 860 1279 1174 1329; x_wconf 84' lang='lat' dir='ltr'><strong>diffinitiones</strong></span> <span class='ocrx_word' id='word_1_69' title='bbox 1209 1293 1293 1331; x_wconf 91' lang='lat' dir='ltr'><strong>aut</strong></span> <span class='ocrx_word' id='word_1_70' title='bbox 1329 1286 1671 1352; x_wconf 86' lang='lat' dir='ltr'><strong>proprietates,</strong></span> <span class='ocrx_word' id='word_1_71' title='bbox 1710 1299 1811 1329; x_wconf 92' lang='lat' dir='ltr'><strong>non</strong></span> <span class='ocrx_word' id='word_1_72' title='bbox 1846 1282 2116 1330; x_wconf 91' lang='lat' dir='ltr'><strong>secundum</strong></span> <span class='ocrx_word' id='word_1_73' title='bbox 2153 1301 2429 1334; x_wconf 89' lang='lat' dir='ltr'><strong>numerum.</strong></span> 
     </span>
     <span class='ocr_line' id='line_1_9' title="bbox 276 1361 2434 1428; baseline 0.002 -17"><span class='ocrx_word' id='word_1_74' title='bbox 276 1365 399 1411; x_wconf 88' lang='lat' dir='ltr'><strong>Nam</strong></span> <span class='ocrx_word' id='word_1_75' title='bbox 430 1373 478 1412; x_wconf 92' lang='lat' dir='ltr'><strong>et</strong></span> <span class='ocrx_word' id='word_1_76' title='bbox 500 1363 603 1412; x_wconf 87' lang='lat' dir='ltr'><strong>haec</strong></span> <span class='ocrx_word' id='word_1_77' title='bbox 633 1363 796 1412; x_wconf 86' lang='lat' dir='ltr'><strong>anima</strong></span> <span class='ocrx_word' id='word_1_78' title='bbox 823 1371 870 1410; x_wconf 95' lang='lat' dir='ltr'><strong>et</strong></span> <span class='ocrx_word' id='word_1_79' title='bbox 890 1361 1115 1428; x_wconf 86' lang='lat' dir='ltr'><strong>quaelibet</strong></span> <span class='ocrx_word' id='word_1_80' title='bbox 1138 1379 1214 1410; x_wconf 92' lang='lat' dir='ltr'><strong>res</strong></span> <span class='ocrx_word' id='word_1_81' title='bbox 1238 1365 1391 1414; x_wconf 91' lang='lat' dir='ltr'><strong>multa</strong></span> <span class='ocrx_word' id='word_1_82' title='bbox 1415 1376 1487 1414; x_wconf 93' lang='lat' dir='ltr'><strong>est</strong></span> <span class='ocrx_word' id='word_1_83' title='bbox 1508 1375 1556 1413; x_wconf 90' lang='lat' dir='ltr'><strong>et</strong></span> <span class='ocrx_word' id='word_1_84' title='bbox 1575 1363 1762 1413; x_wconf 84' lang='lat' dir='ltr'><strong>infinita</strong></span> <span class='ocrx_word' id='word_1_85' title='bbox 1791 1362 2062 1411; x_wconf 88' lang='lat' dir='ltr'><strong>secundum</strong></span> <span class='ocrx_word' id='word_1_86' title='bbox 2086 1363 2434 1415; x_wconf 86' lang='lat' dir='ltr'><strong>diffinitionum</strong></span> 
     </span>
     <span class='ocr_line' id='line_1_10' title="bbox 276 1443 2433 1511; baseline 0.002 -19"><span class='ocrx_word' id='word_1_87' title='bbox 276 1445 612 1511; x_wconf 83' lang='lat' dir='ltr'><strong>proprietates,</strong></span> <span class='ocrx_word' id='word_1_88' title='bbox 639 1461 742 1492; x_wconf 92' lang='lat' dir='ltr'><strong>non</strong></span> <span class='ocrx_word' id='word_1_89' title='bbox 766 1443 1036 1492; x_wconf 91' lang='lat' dir='ltr'><strong>secundum</strong></span> <span class='ocrx_word' id='word_1_90' title='bbox 1060 1446 1251 1492; x_wconf 90' lang='lat' dir='ltr'><strong>numeri</strong></span> <span class='ocrx_word' id='word_1_91' title='bbox 1285 1446 1647 1508; x_wconf 88' lang='lat' dir='ltr'><strong>discretionem,</strong></span> <span class='ocrx_word' id='word_1_92' title='bbox 1672 1462 1731 1493; x_wconf 94' lang='lat' dir='ltr'><strong>eo</strong></span> <span class='ocrx_word' id='word_1_93' title='bbox 1755 1443 1974 1492; x_wconf 88' lang='lat' dir='ltr'><strong>videlicet</strong></span> <span class='ocrx_word' id='word_1_94' title='bbox 1996 1443 2130 1510; x_wconf 89' lang='lat' dir='ltr'><strong>quod</strong></span> <span class='ocrx_word' id='word_1_95' title='bbox 2153 1444 2433 1511; x_wconf 86' lang='lat' dir='ltr'><strong>hujusmodi</strong></span> 
     </span>
     <span class='ocr_line' id='line_1_11' title="bbox 276 1523 2433 1592; baseline 0.002 -20"><span class='ocrx_word' id='word_1_96' title='bbox 276 1525 338 1572; x_wconf 91' lang='lat' dir='ltr'><strong>sit</strong></span> <span class='ocrx_word' id='word_1_97' title='bbox 357 1541 451 1588; x_wconf 89' lang='lat' dir='ltr'><strong>res,</strong></span> <span class='ocrx_word' id='word_1_98' title='bbox 475 1542 583 1591; x_wconf 84' lang='lat' dir='ltr'><strong>quae</strong></span> <span class='ocrx_word' id='word_1_99' title='bbox 604 1524 695 1573; x_wconf 90' lang='lat' dir='ltr'><strong>sub</strong></span> <span class='ocrx_word' id='word_1_100' title='bbox 715 1524 914 1572; x_wconf 88' lang='lat' dir='ltr'><strong>diversis</strong></span> <span class='ocrx_word' id='word_1_101' title='bbox 934 1523 1306 1574; x_wconf 73' lang='lat' dir='ltr'><strong>diffinitionibus</strong></span> <span class='ocrx_word' id='word_1_102' title='bbox 1328 1527 1488 1590; x_wconf 90' lang='lat' dir='ltr'><strong>cadat,</strong></span> <span class='ocrx_word' id='word_1_103' title='bbox 1513 1526 1612 1575; x_wconf 95' lang='lat' dir='ltr'><strong>hoc</strong></span> <span class='ocrx_word' id='word_1_104' title='bbox 1631 1535 1702 1574; x_wconf 89' lang='lat' dir='ltr'><strong>est</strong></span> <span class='ocrx_word' id='word_1_105' title='bbox 1719 1525 1798 1572; x_wconf 90' lang='lat' dir='ltr'><strong>cui</strong></span> <span class='ocrx_word' id='word_1_106' title='bbox 1819 1524 2023 1573; x_wconf 86' lang='lat' dir='ltr'><strong>diversae</strong></span> <span class='ocrx_word' id='word_1_107' title='bbox 2048 1524 2280 1592; x_wconf 85' lang='lat' dir='ltr'><strong>applicari</strong></span> <span class='ocrx_word' id='word_1_108' title='bbox 2307 1527 2433 1576; x_wconf 86' lang='lat' dir='ltr'><strong>diffi-</strong></span> 
     </span>
     <span class='ocr_line' id='line_1_12' title="bbox 276 1605 2431 1672; baseline 0.002 -20"><span class='ocrx_word' id='word_1_109' title='bbox 276 1605 488 1654; x_wconf 89' lang='lat' dir='ltr'><strong>nitiones</strong></span> <span class='ocrx_word' id='word_1_110' title='bbox 514 1616 696 1672; x_wconf 87' lang='lat' dir='ltr'><strong>queant</strong></span> <span class='ocrx_word' id='word_1_111' title='bbox 731 1624 742 1652; x_wconf 70' lang='grc' dir='ltr'><strong><em>ε</em></strong></span> <span class='ocrx_word' id='word_1_112' title='bbox 779 1605 1003 1668; x_wconf 88' lang='lat' dir='ltr'><strong>diversae,</strong></span> <span class='ocrx_word' id='word_1_113' title='bbox 1036 1606 1269 1671; x_wconf 91' lang='lat' dir='ltr'><strong>inquam,</strong></span> <span class='ocrx_word' id='word_1_114' title='bbox 1307 1608 1357 1655; x_wconf 91' lang='lat' dir='ltr'><strong>in</strong></span> <span class='ocrx_word' id='word_1_115' title='bbox 1389 1608 1655 1668; x_wconf 87' lang='lat' dir='ltr'><strong>sententia,</strong></span> <span class='ocrx_word' id='word_1_116' title='bbox 1687 1622 1790 1653; x_wconf 88' lang='lat' dir='ltr'><strong>non</strong></span> <span class='ocrx_word' id='word_1_117' title='bbox 1831 1605 1883 1653; x_wconf 91' lang='lat' dir='ltr'><strong>in</strong></span> <span class='ocrx_word' id='word_1_118' title='bbox 1916 1621 2080 1653; x_wconf 91' lang='lat' dir='ltr'><strong>rerum</strong></span> <span class='ocrx_word' id='word_1_119' title='bbox 2115 1608 2431 1657; x_wconf 84' lang='lat' dir='ltr'><strong>continentia.</strong></span> 
     </span>
     <span class='ocr_line' id='line_1_13' title="bbox 274 1686 2434 1754; baseline 0.002 -20"><span class='ocrx_word' id='word_1_120' title='bbox 274 1687 388 1734; x_wconf 88' lang='lat' dir='ltr'><strong>Haec</strong></span> <span class='ocrx_word' id='word_1_121' title='bbox 411 1688 591 1754; x_wconf 90' lang='lat' dir='ltr'><strong>quippe</strong></span> <span class='ocrx_word' id='word_1_122' title='bbox 615 1687 778 1735; x_wconf 86' lang='lat' dir='ltr'><strong>anima</strong></span> <span class='ocrx_word' id='word_1_123' title='bbox 807 1697 856 1735; x_wconf 90' lang='lat' dir='ltr'><strong>et</strong></span> <span class='ocrx_word' id='word_1_124' title='bbox 880 1688 1072 1753; x_wconf 88' lang='lat' dir='ltr'><strong>sapiens</strong></span> <span class='ocrx_word' id='word_1_125' title='bbox 1093 1697 1182 1748; x_wconf 90' lang='lat' dir='ltr'><strong>est,</strong></span> <span class='ocrx_word' id='word_1_126' title='bbox 1209 1697 1257 1735; x_wconf 90' lang='lat' dir='ltr'><strong>et</strong></span> <span class='ocrx_word' id='word_1_127' title='bbox 1284 1689 1436 1752; x_wconf 89' lang='lat' dir='ltr'><strong>justa;</strong></span> <span class='ocrx_word' id='word_1_128' title='bbox 1471 1688 1558 1737; x_wconf 91' lang='lat' dir='ltr'><strong>sed</strong></span> <span class='ocrx_word' id='word_1_129' title='bbox 1581 1704 1682 1736; x_wconf 91' lang='lat' dir='ltr'><strong>non</strong></span> <span class='ocrx_word' id='word_1_130' title='bbox 1710 1686 1843 1734; x_wconf 86' lang='lat' dir='ltr'><strong>idem</strong></span> <span class='ocrx_word' id='word_1_131' title='bbox 1867 1696 1939 1733; x_wconf 91' lang='lat' dir='ltr'><strong>est</strong></span> <span class='ocrx_word' id='word_1_132' title='bbox 1971 1703 2138 1735; x_wconf 91' lang='lat' dir='ltr'><strong>sensus</strong></span> <span class='ocrx_word' id='word_1_133' title='bbox 2164 1688 2263 1736; x_wconf 92' lang='lat' dir='ltr'><strong>sive</strong></span> <span class='ocrx_word' id='word_1_134' title='bbox 2292 1689 2434 1738; x_wconf 86' lang='lat' dir='ltr'><strong>intel-</strong></span> 
     </span>
     <span class='ocr_line' id='line_1_14' title="bbox 274 1766 2438 1833; baseline 0.002 -18"><span class='ocrx_word' id='word_1_135' title='bbox 274 1766 427 1815; x_wconf 89' lang='lat' dir='ltr'><strong>lectus</strong></span> <span class='ocrx_word' id='word_1_136' title='bbox 457 1767 759 1816; x_wconf 85' lang='lat' dir='ltr'><strong>diffinitionis</strong></span> <span class='ocrx_word' id='word_1_137' title='bbox 785 1767 920 1832; x_wconf 89' lang='lat' dir='ltr'><strong>justi,</strong></span> <span class='ocrx_word' id='word_1_138' title='bbox 963 1767 1048 1832; x_wconf 92' lang='lat' dir='ltr'><strong>qui</strong></span> <span class='ocrx_word' id='word_1_139' title='bbox 1081 1768 1326 1833; x_wconf 86' lang='lat' dir='ltr'><strong>sapientis.</strong></span> <span class='ocrx_word' id='word_1_140' title='bbox 1370 1770 1504 1817; x_wconf 90' lang='lat' dir='ltr'><strong>Sicut</strong></span> <span class='ocrx_word' id='word_1_141' title='bbox 1537 1785 1653 1833; x_wconf 88' lang='lat' dir='ltr'><strong>ergo</strong></span> <span class='ocrx_word' id='word_1_142' title='bbox 1688 1766 1897 1815; x_wconf 90' lang='lat' dir='ltr'><strong>dicimus</strong></span> <span class='ocrx_word' id='word_1_143' title='bbox 1925 1766 2053 1815; x_wconf 87' lang='lat' dir='ltr'><strong>hanc</strong></span> <span class='ocrx_word' id='word_1_144' title='bbox 2087 1768 2300 1817; x_wconf 90' lang='lat' dir='ltr'><strong>animam</strong></span> <span class='ocrx_word' id='word_1_145' title='bbox 2335 1788 2438 1820; x_wconf 90' lang='lat' dir='ltr'><strong>esse</strong></span> 
     </span>
     <span class='ocr_line' id='line_1_15' title="bbox 277 1847 2436 1915; baseline 0.002 -19"><span class='ocrx_word' id='word_1_146' title='bbox 277 1847 520 1900; x_wconf 84' lang='lat' dir='ltr'><strong>diversam</strong></span> <span class='ocrx_word' id='word_1_147' title='bbox 553 1848 946 1910; x_wconf 82' lang='lat' dir='ltr'><strong>diffinitionibus,</strong></span> <span class='ocrx_word' id='word_1_148' title='bbox 987 1848 1261 1896; x_wconf 89' lang='lat' dir='ltr'><strong>secundum</strong></span> <span class='ocrx_word' id='word_1_149' title='bbox 1289 1848 1387 1898; x_wconf 91' lang='lat' dir='ltr'><strong>hoc</strong></span> <span class='ocrx_word' id='word_1_150' title='bbox 1415 1850 1597 1898; x_wconf 91' lang='lat' dir='ltr'><strong>scilicet</strong></span> <span class='ocrx_word' id='word_1_151' title='bbox 1626 1848 1764 1915; x_wconf 93' lang='lat' dir='ltr'><strong>quod</strong></span> <span class='ocrx_word' id='word_1_152' title='bbox 1796 1857 1869 1896; x_wconf 89' lang='lat' dir='ltr'><strong>est</strong></span> <span class='ocrx_word' id='word_1_153' title='bbox 1898 1848 2090 1914; x_wconf 88' lang='lat' dir='ltr'><strong>sapiens</strong></span> <span class='ocrx_word' id='word_1_154' title='bbox 2114 1859 2159 1897; x_wconf 93' lang='lat' dir='ltr'><strong>et</strong></span> <span class='ocrx_word' id='word_1_155' title='bbox 2177 1850 2305 1914; x_wconf 90' lang='lat' dir='ltr'><strong>justa</strong></span> <span class='ocrx_word' id='word_1_156' title='bbox 2332 1870 2343 1898; x_wconf 77' lang='grc' dir='ltr'><strong><em>ε</em></strong></span> <span class='ocrx_word' id='word_1_157' title='bbox 2370 1853 2436 1901; x_wconf 90' lang='lat' dir='ltr'><strong>ita</strong></span> 
     </span>
     <span class='ocr_line' id='line_1_16' title="bbox 276 1928 2439 1996; baseline 0.002 -20"><span class='ocrx_word' id='word_1_158' title='bbox 276 1931 436 1977; x_wconf 90' lang='lat' dir='ltr'><strong>Deum</strong></span> <span class='ocrx_word' id='word_1_159' title='bbox 459 1928 772 1978; x_wconf 89' lang='lat' dir='ltr'><strong>concedimus</strong></span> <span class='ocrx_word' id='word_1_160' title='bbox 799 1946 901 1977; x_wconf 92' lang='lat' dir='ltr'><strong>esse</strong></span> <span class='ocrx_word' id='word_1_161' title='bbox 923 1928 1136 1978; x_wconf 89' lang='lat' dir='ltr'><strong>diversas</strong></span> <span class='ocrx_word' id='word_1_162' title='bbox 1159 1929 1534 1979; x_wconf 88' lang='lat' dir='ltr'><strong>diffinitionibus</strong></span> <span class='ocrx_word' id='word_1_163' title='bbox 1558 1946 1809 1996; x_wconf 81' lang='lat' dir='ltr'><strong>personaS,</strong></span> <span class='ocrx_word' id='word_1_164' title='bbox 1839 1929 2110 1977; x_wconf 89' lang='lat' dir='ltr'><strong>secundum</strong></span> <span class='ocrx_word' id='word_1_165' title='bbox 2137 1930 2234 1978; x_wconf 93' lang='lat' dir='ltr'><strong>hoc</strong></span> <span class='ocrx_word' id='word_1_166' title='bbox 2257 1933 2439 1981; x_wconf 90' lang='lat' dir='ltr'><strong>scilicet</strong></span> 
     </span>
     <span class='ocr_line' id='line_1_17' title="bbox 271 2009 2435 2077; baseline 0.002 -20"><span class='ocrx_word' id='word_1_167' title='bbox 271 2010 412 2074; x_wconf 90' lang='lat' dir='ltr'><strong>quod</strong></span> <span class='ocrx_word' id='word_1_168' title='bbox 449 2021 521 2059; x_wconf 84' lang='lat' dir='ltr'><strong>est</strong></span> <span class='ocrx_word' id='word_1_169' title='bbox 550 2014 681 2059; x_wconf 93' lang='lat' dir='ltr'><strong>Deus</strong></span> <span class='ocrx_word' id='word_1_170' title='bbox 706 2014 922 2059; x_wconf 76' lang='lat' dir='ltr'><strong>Pater&#39;et</strong></span> <span class='ocrx_word' id='word_1_171' title='bbox 950 2011 1095 2059; x_wconf 90' lang='lat' dir='ltr'><strong>Filius</strong></span> <span class='ocrx_word' id='word_1_172' title='bbox 1123 2021 1172 2059; x_wconf 91' lang='lat' dir='ltr'><strong>et</strong></span> <span class='ocrx_word' id='word_1_173' title='bbox 1197 2012 1404 2077; x_wconf 81' lang='lat' dir='ltr'><strong>Spiritus</strong></span> <span class='ocrx_word' id='word_1_174' title='bbox 1432 2022 1644 2061; x_wconf 81' lang='lat' dir='ltr'><strong>sanctus·</strong></span> <span class='ocrx_word' id='word_1_175' title='bbox 1680 2014 1739 2058; x_wconf 91' lang='lat' dir='ltr'><strong>Et</strong></span> <span class='ocrx_word' id='word_1_176' title='bbox 1759 2009 1872 2058; x_wconf 89' lang='lat' dir='ltr'><strong>licet</strong></span> <span class='ocrx_word' id='word_1_177' title='bbox 1899 2010 2030 2058; x_wconf 91' lang='lat' dir='ltr'><strong>idem</strong></span> <span class='ocrx_word' id='word_1_178' title='bbox 2059 2029 2265 2060; x_wconf 90' lang='lat' dir='ltr'><strong>numero</strong></span> <span class='ocrx_word' id='word_1_179' title='bbox 2297 2015 2357 2061; x_wconf 91' lang='lat' dir='ltr'><strong>sit</strong></span> <span class='ocrx_word' id='word_1_180' title='bbox 2385 2016 2435 2062; x_wconf 94' lang='lat' dir='ltr'><strong>in</strong></span> 
     </span>
     <span class='ocr_line' id='line_1_18' title="bbox 273 2089 2437 2156; baseline 0.003 -21"><span class='ocrx_word' id='word_1_181' title='bbox 273 2089 381 2136; x_wconf 91' lang='lat' dir='ltr'><strong>Deo</strong></span> <span class='ocrx_word' id='word_1_182' title='bbox 405 2090 610 2138; x_wconf 90' lang='lat' dir='ltr'><strong>essentia</strong></span> <span class='ocrx_word' id='word_1_183' title='bbox 638 2089 774 2154; x_wconf 94' lang='lat' dir='ltr'><strong>quod</strong></span> <span class='ocrx_word' id='word_1_184' title='bbox 802 2106 1043 2156; x_wconf 78' lang='lat' dir='ltr'><strong>personae,</strong></span> <span class='ocrx_word' id='word_1_185' title='bbox 1071 2106 1174 2136; x_wconf 92' lang='lat' dir='ltr'><strong>non</strong></span> <span class='ocrx_word' id='word_1_186' title='bbox 1196 2099 1361 2138; x_wconf 88' lang='lat' dir='ltr'><strong>tamen</strong></span> <span class='ocrx_word' id='word_1_187' title='bbox 1393 2090 1505 2138; x_wconf 93' lang='lat' dir='ltr'><strong>ideo</strong></span> <span class='ocrx_word' id='word_1_188' title='bbox 1529 2091 1568 2137; x_wconf 93' lang='lat' dir='ltr'><strong>si</strong></span> <span class='ocrx_word' id='word_1_189' title='bbox 1595 2099 1667 2137; x_wconf 91' lang='lat' dir='ltr'><strong>est</strong></span> <span class='ocrx_word' id='word_1_190' title='bbox 1694 2089 1846 2136; x_wconf 91' lang='lat' dir='ltr'><strong>trinus</strong></span> <span class='ocrx_word' id='word_1_191' title='bbox 1868 2091 2000 2136; x_wconf 91' lang='lat' dir='ltr'><strong>Deus</strong></span> <span class='ocrx_word' id='word_1_192' title='bbox 2027 2089 2076 2136; x_wconf 91' lang='lat' dir='ltr'><strong>in</strong></span> <span class='ocrx_word' id='word_1_193' title='bbox 2101 2093 2339 2155; x_wconf 90' lang='lat' dir='ltr'><strong>personis,</strong></span> <span class='ocrx_word' id='word_1_194' title='bbox 2367 2103 2437 2141; x_wconf 92' lang='lat' dir='ltr'><strong>est</strong></span> 
     </span>
     <span class='ocr_line' id='line_1_19' title="bbox 276 2169 2436 2236; baseline 0.002 -19"><span class='ocrx_word' id='word_1_195' title='bbox 276 2170 431 2217; x_wconf 88' lang='lat' dir='ltr'><strong>trinus</strong></span> <span class='ocrx_word' id='word_1_196' title='bbox 461 2172 512 2218; x_wconf 91' lang='lat' dir='ltr'><strong>in</strong></span> <span class='ocrx_word' id='word_1_197' title='bbox 554 2171 759 2219; x_wconf 83' lang='lat' dir='ltr'><strong>essentia</strong></span> <span class='ocrx_word' id='word_1_198' title='bbox 785 2188 795 2217; x_wconf 93' lang='lat'><strong>:</strong></span> <span class='ocrx_word' id='word_1_199' title='bbox 822 2169 901 2218; x_wconf 88' lang='lat' dir='ltr'><strong>vel</strong></span> <span class='ocrx_word' id='word_1_200' title='bbox 924 2171 965 2218; x_wconf 92' lang='lat' dir='ltr'><strong>si</strong></span> <span class='ocrx_word' id='word_1_201' title='bbox 997 2180 1067 2218; x_wconf 88' lang='lat' dir='ltr'><strong>est</strong></span> <span class='ocrx_word' id='word_1_202' title='bbox 1099 2187 1227 2218; x_wconf 93' lang='lat' dir='ltr'><strong>unus</strong></span> <span class='ocrx_word' id='word_1_203' title='bbox 1255 2171 1305 2218; x_wconf 89' lang='lat' dir='ltr'><strong>in</strong></span> <span class='ocrx_word' id='word_1_204' title='bbox 1340 2172 1575 2234; x_wconf 89' lang='lat' dir='ltr'><strong>essentia,</strong></span> <span class='ocrx_word' id='word_1_205' title='bbox 1607 2180 1679 2219; x_wconf 92' lang='lat' dir='ltr'><strong>est</strong></span> <span class='ocrx_word' id='word_1_206' title='bbox 1705 2187 1831 2218; x_wconf 90' lang='lat' dir='ltr'><strong>unus</strong></span> <span class='ocrx_word' id='word_1_207' title='bbox 1857 2170 1907 2216; x_wconf 90' lang='lat' dir='ltr'><strong>in</strong></span> <span class='ocrx_word' id='word_1_208' title='bbox 1929 2170 2170 2235; x_wconf 88' lang='lat' dir='ltr'><strong>personis,</strong></span> <span class='ocrx_word' id='word_1_209' title='bbox 2199 2172 2334 2236; x_wconf 93' lang='lat' dir='ltr'><strong>quod</strong></span> <span class='ocrx_word' id='word_1_210' title='bbox 2367 2185 2436 2222; x_wconf 90' lang='lat' dir='ltr'><strong>est</strong></span> 
     </span>
     <span class='ocr_line' id='line_1_20' title="bbox 273 2250 2431 2317; baseline 0.002 -19"><span class='ocrx_word' id='word_1_211' title='bbox 273 2250 454 2312; x_wconf 88' lang='lat' dir='ltr'><strong>dicere,</strong></span> <span class='ocrx_word' id='word_1_212' title='bbox 488 2252 529 2299; x_wconf 92' lang='lat' dir='ltr'><strong>si</strong></span> <span class='ocrx_word' id='word_1_213' title='bbox 551 2261 664 2299; x_wconf 92' lang='lat' dir='ltr'><strong>sunt</strong></span> <span class='ocrx_word' id='word_1_214' title='bbox 691 2262 787 2299; x_wconf 88' lang='lat' dir='ltr'><strong>tres</strong></span> <span class='ocrx_word' id='word_1_215' title='bbox 813 2267 1047 2317; x_wconf 87' lang='lat' dir='ltr'><strong>personae,</strong></span> <span class='ocrx_word' id='word_1_216' title='bbox 1080 2260 1192 2299; x_wconf 90' lang='lat' dir='ltr'><strong>sunt</strong></span> <span class='ocrx_word' id='word_1_217' title='bbox 1212 2261 1306 2298; x_wconf 93' lang='lat' dir='ltr'><strong>tres</strong></span> <span class='ocrx_word' id='word_1_218' title='bbox 1325 2252 1539 2300; x_wconf 86' lang='lat' dir='ltr'><strong>essentiae</strong></span> <span class='ocrx_word' id='word_1_219' title='bbox 1564 2270 1574 2299; x_wconf 82' lang='lat' dir='ltr'>z</span> <span class='ocrx_word' id='word_1_220' title='bbox 1597 2251 1676 2299; x_wconf 85' lang='lat' dir='ltr'><strong>vel</strong></span> <span class='ocrx_word' id='word_1_221' title='bbox 1699 2251 1738 2298; x_wconf 92' lang='lat' dir='ltr'><strong>si</strong></span> <span class='ocrx_word' id='word_1_222' title='bbox 1769 2260 1839 2298; x_wconf 92' lang='lat' dir='ltr'><strong>est</strong></span> <span class='ocrx_word' id='word_1_223' title='bbox 1873 2267 1969 2298; x_wconf 91' lang='lat' dir='ltr'><strong>una</strong></span> <span class='ocrx_word' id='word_1_224' title='bbox 1991 2261 2182 2299; x_wconf 89' lang='lat' dir='ltr'><strong>tantum</strong></span> <span class='ocrx_word' id='word_1_225' title='bbox 2210 2256 2431 2317; x_wconf 84' lang='lat' dir='ltr'><strong>essentia,</strong></span> 
     </span>
     <span class='ocr_line' id='line_1_21' title="bbox 275 2330 2431 2399; baseline 0.002 -20"><span class='ocrx_word' id='word_1_226' title='bbox 275 2341 348 2379; x_wconf 90' lang='lat' dir='ltr'><strong>est</strong></span> <span class='ocrx_word' id='word_1_227' title='bbox 362 2348 458 2380; x_wconf 87' lang='lat' dir='ltr'><strong>una</strong></span> <span class='ocrx_word' id='word_1_228' title='bbox 472 2349 698 2398; x_wconf 87' lang='lat' dir='ltr'><strong>persona.</strong></span> <span class='ocrx_word' id='word_1_229' title='bbox 720 2333 913 2398; x_wconf 87' lang='lat' dir='ltr'><strong>Quippe</strong></span> <span class='ocrx_word' id='word_1_230' title='bbox 929 2349 1042 2379; x_wconf 92' lang='lat' dir='ltr'><strong>cum</strong></span> <span class='ocrx_word' id='word_1_231' title='bbox 1057 2330 1264 2380; x_wconf 90' lang='lat' dir='ltr'><strong>dicimus</strong></span> <span class='ocrx_word' id='word_1_232' title='bbox 1285 2353 1307 2376; x_wconf 88' lang='lat'>«</span> <span class='ocrx_word' id='word_1_233' title='bbox 1326 2334 1481 2380; x_wconf 89' lang='lat' dir='ltr'><strong>trinus</strong></span> <span class='ocrx_word' id='word_1_234' title='bbox 1503 2333 1553 2380; x_wconf 92' lang='lat' dir='ltr'><strong>in</strong></span> <span class='ocrx_word' id='word_1_235' title='bbox 1567 2332 1806 2399; x_wconf 89' lang='lat' dir='ltr'><strong>personis,</strong></span> <span class='ocrx_word' id='word_1_236' title='bbox 1828 2351 1850 2376; x_wconf 62' lang='grc' dir='ltr'><strong>»υ</strong></span> <span class='ocrx_word' id='word_1_237' title='bbox 1869 2331 1968 2379; x_wconf 92' lang='lat' dir='ltr'><strong>hoc</strong></span> <span class='ocrx_word' id='word_1_238' title='bbox 1988 2342 2060 2379; x_wconf 91' lang='lat' dir='ltr'><strong>est</strong></span> <span class='ocrx_word' id='word_1_239' title='bbox 2073 2342 2169 2381; x_wconf 92' lang='lat' dir='ltr'><strong>tres</strong></span> <span class='ocrx_word' id='word_1_240' title='bbox 2181 2351 2431 2399; x_wconf 86' lang='lat' dir='ltr'><strong>personas,</strong></span> 
     </span>
     <span class='ocr_line' id='line_1_22' title="bbox 275 2405 2429 2479; baseline 0.003 -19"><span class='ocrx_word' id='word_1_241' title='bbox 275 2422 371 2460; x_wconf 85' lang='lat' dir='ltr'><strong>tres</strong></span> <span class='ocrx_word' id='word_1_242' title='bbox 395 2405 665 2461; x_wconf 88' lang='lat' dir='ltr'><strong>secundum</strong></span> <span class='ocrx_word' id='word_1_243' title='bbox 687 2413 1002 2461; x_wconf 78' lang='lat' dir='ltr'><strong>diffinitiones</strong></span> <span class='ocrx_word' id='word_1_244' title='bbox 1019 2422 1102 2462; x_wconf 87' lang='lat' dir='ltr'><strong>aut</strong></span> <span class='ocrx_word' id='word_1_245' title='bbox 1124 2414 1443 2479; x_wconf 87' lang='lat' dir='ltr'><strong>proprietates</strong></span> <span class='ocrx_word' id='word_1_246' title='bbox 1467 2414 1749 2479; x_wconf 90' lang='lat' dir='ltr'><strong>accipimus,</strong></span> <span class='ocrx_word' id='word_1_247' title='bbox 1777 2421 1831 2460; x_wconf 91' lang='lat' dir='ltr'><strong>ut</strong></span> <span class='ocrx_word' id='word_1_248' title='bbox 1855 2428 2000 2478; x_wconf 87' lang='lat' dir='ltr'><strong>supra</strong></span> <span class='ocrx_word' id='word_1_249' title='bbox 2018 2413 2129 2461; x_wconf 89' lang='lat' dir='ltr'><strong>satis</strong></span> <span class='ocrx_word' id='word_1_250' title='bbox 2154 2414 2429 2466; x_wconf 89' lang='lat' dir='ltr'><strong>docuimus.</strong></span> 
     </span>
     <span class='ocr_line' id='line_1_23' title="bbox 274 2493 2432 2558; baseline 0.002 -17"><span class='ocrx_word' id='word_1_251' title='bbox 274 2495 399 2542; x_wconf 90' lang='lat' dir='ltr'><strong>Cum</strong></span> <span class='ocrx_word' id='word_1_252' title='bbox 418 2511 536 2542; x_wconf 87' lang='lat' dir='ltr'><strong>vero</strong></span> <span class='ocrx_word' id='word_1_253' title='bbox 568 2495 774 2543; x_wconf 89' lang='lat' dir='ltr'><strong>dicimus</strong></span> <span class='ocrx_word' id='word_1_254' title='bbox 797 2516 820 2539; x_wconf 91' lang='lat'>«</span> <span class='ocrx_word' id='word_1_255' title='bbox 837 2494 993 2542; x_wconf 86' lang='lat' dir='ltr'><strong>trinus</strong></span> <span class='ocrx_word' id='word_1_256' title='bbox 1019 2495 1069 2542; x_wconf 90' lang='lat' dir='ltr'><strong>in</strong></span> <span class='ocrx_word' id='word_1_257' title='bbox 1094 2495 1317 2558; x_wconf 89' lang='lat' dir='ltr'><strong>essentia,</strong></span> <span class='ocrx_word' id='word_1_258' title='bbox 1337 2516 1359 2539; x_wconf 83' lang='lat'>»</span> <span class='ocrx_word' id='word_1_259' title='bbox 1385 2495 1483 2543; x_wconf 93' lang='lat' dir='ltr'><strong>hoc</strong></span> <span class='ocrx_word' id='word_1_260' title='bbox 1512 2505 1582 2543; x_wconf 86' lang='lat' dir='ltr'><strong>est</strong></span> <span class='ocrx_word' id='word_1_261' title='bbox 1607 2505 1701 2542; x_wconf 89' lang='lat' dir='ltr'><strong>tres</strong></span> <span class='ocrx_word' id='word_1_262' title='bbox 1723 2493 1955 2556; x_wconf 89' lang='lat' dir='ltr'><strong>essentiae,</strong></span> <span class='ocrx_word' id='word_1_263' title='bbox 1992 2504 2088 2541; x_wconf 90' lang='lat' dir='ltr'><strong>tres</strong></span> <span class='ocrx_word' id='word_1_264' title='bbox 2118 2497 2432 2546; x_wconf 88' lang='lat' dir='ltr'><strong>essentialiter</strong></span> 
     </span>
     <span class='ocr_line' id='line_1_24' title="bbox 272 2574 2434 2641; baseline 0.002 -19"><span class='ocrx_word' id='word_1_265' title='bbox 272 2574 376 2622; x_wconf 89' lang='lat' dir='ltr'><strong>sive</strong></span> <span class='ocrx_word' id='word_1_266' title='bbox 412 2592 620 2623; x_wconf 88' lang='lat' dir='ltr'><strong>numero</strong></span> <span class='ocrx_word' id='word_1_267' title='bbox 647 2575 980 2640; x_wconf 89' lang='lat' dir='ltr'><strong>intelligimus.</strong></span> <span class='ocrx_word' id='word_1_268' title='bbox 1020 2578 1281 2624; x_wconf 90' lang='lat' dir='ltr'><strong>Possumus</strong></span> <span class='ocrx_word' id='word_1_269' title='bbox 1317 2577 1463 2624; x_wconf 88' lang='lat' dir='ltr'><strong>etiam</strong></span> <span class='ocrx_word' id='word_1_270' title='bbox 1497 2577 1564 2624; x_wconf 91' lang='lat' dir='ltr'><strong>ita</strong></span> <span class='ocrx_word' id='word_1_271' title='bbox 1593 2576 1810 2641; x_wconf 89' lang='lat' dir='ltr'><strong>accipere</strong></span> <span class='ocrx_word' id='word_1_272' title='bbox 1843 2577 2002 2622; x_wconf 87' lang='lat' dir='ltr'><strong>Deum</strong></span> <span class='ocrx_word' id='word_1_273' title='bbox 2030 2591 2132 2622; x_wconf 90' lang='lat' dir='ltr'><strong>esse</strong></span> <span class='ocrx_word' id='word_1_274' title='bbox 2166 2577 2349 2625; x_wconf 91' lang='lat' dir='ltr'><strong>trinum</strong></span> <span class='ocrx_word' id='word_1_275' title='bbox 2385 2580 2434 2627; x_wconf 89' lang='lat' dir='ltr'><strong>in</strong></span> 
     </span>
     <span class='ocr_line' id='line_1_25' title="bbox 275 2656 2436 2722; baseline 0.002 -20"><span class='ocrx_word' id='word_1_276' title='bbox 275 2657 496 2720; x_wconf 92' lang='lat' dir='ltr'><strong>personis</strong></span> <span class='ocrx_word' id='word_1_277' title='bbox 527 2666 575 2703; x_wconf 91' lang='lat' dir='ltr'><strong>et</strong></span> <span class='ocrx_word' id='word_1_278' title='bbox 611 2673 768 2704; x_wconf 89' lang='lat' dir='ltr'><strong>unum</strong></span> <span class='ocrx_word' id='word_1_279' title='bbox 799 2657 850 2704; x_wconf 91' lang='lat' dir='ltr'><strong>in</strong></span> <span class='ocrx_word' id='word_1_280' title='bbox 880 2656 1103 2717; x_wconf 89' lang='lat' dir='ltr'><strong>essentia,</strong></span> <span class='ocrx_word' id='word_1_281' title='bbox 1144 2666 1396 2721; x_wconf 87' lang='lat' dir='ltr'><strong>tamquam</strong></span> <span class='ocrx_word' id='word_1_282' title='bbox 1434 2657 1473 2705; x_wconf 93' lang='lat' dir='ltr'><strong>si</strong></span> <span class='ocrx_word' id='word_1_283' title='bbox 1503 2656 1721 2704; x_wconf 91' lang='lat' dir='ltr'><strong>dicamus</strong></span> <span class='ocrx_word' id='word_1_284' title='bbox 1753 2656 1914 2722; x_wconf 92' lang='lat' dir='ltr'><strong>ipsum</strong></span> <span class='ocrx_word' id='word_1_285' title='bbox 1946 2671 2048 2702; x_wconf 91' lang='lat' dir='ltr'><strong>esse</strong></span> <span class='ocrx_word' id='word_1_286' title='bbox 2072 2656 2217 2703; x_wconf 87' lang='lat' dir='ltr'><strong>trium</strong></span> <span class='ocrx_word' id='word_1_287' title='bbox 2256 2656 2436 2707; x_wconf 84' lang='lat' dir='ltr'><strong>diffini-</strong></span> 
     </span>
     <span class='ocr_line' id='line_1_26' title="bbox 276 2735 2436 2805; baseline 0.003 -24"><span class='ocrx_word' id='word_1_288' title='bbox 276 2735 466 2783; x_wconf 89' lang='lat' dir='ltr'><strong>tionum</strong></span> <span class='ocrx_word' id='word_1_289' title='bbox 500 2737 600 2784; x_wconf 87' lang='lat' dir='ltr'><strong>sive</strong></span> <span class='ocrx_word' id='word_1_290' title='bbox 626 2738 995 2802; x_wconf 89' lang='lat' dir='ltr'><strong>proprietatum,</strong></span> <span class='ocrx_word' id='word_1_291' title='bbox 1034 2746 1088 2784; x_wconf 93' lang='lat' dir='ltr'><strong>ut</strong></span> <span class='ocrx_word' id='word_1_292' title='bbox 1123 2752 1271 2802; x_wconf 90' lang='lat' dir='ltr'><strong>supra</strong></span> <span class='ocrx_word' id='word_1_293' title='bbox 1304 2735 1680 2785; x_wconf 88' lang='lat' dir='ltr'><strong>determinatum</strong></span> <span class='ocrx_word' id='word_1_294' title='bbox 1715 2746 1787 2784; x_wconf 90' lang='lat' dir='ltr'><strong>est</strong></span> <span class='ocrx_word' id='word_1_295' title='bbox 1812 2753 1868 2783; x_wconf 87' lang='lat' dir='ltr'><strong>ex</strong></span> <span class='ocrx_word' id='word_1_296' title='bbox 1896 2736 2114 2800; x_wconf 90' lang='lat' dir='ltr'><strong>personis</strong></span> <span class='ocrx_word' id='word_1_297' title='bbox 2141 2736 2274 2802; x_wconf 84' lang='lat' dir='ltr'><strong>ipsiS,</strong></span> <span class='ocrx_word' id='word_1_298' title='bbox 2301 2740 2436 2805; x_wconf 93' lang='lat' dir='ltr'><strong>quod</strong></span> 
     </span>
     <span class='ocr_line' id='line_1_27' title="bbox 276 2815 2437 2883; baseline 0.004 -21"><span class='ocrx_word' id='word_1_299' title='bbox 276 2815 380 2880; x_wconf 89' lang='lat' dir='ltr'><strong>ipse</strong></span> <span class='ocrx_word' id='word_1_300' title='bbox 407 2825 503 2863; x_wconf 88' lang='lat' dir='ltr'><strong>est.</strong></span> <span class='ocrx_word' id='word_1_301' title='bbox 531 2819 586 2863; x_wconf 93' lang='lat' dir='ltr'><strong>In</strong></span> <span class='ocrx_word' id='word_1_302' title='bbox 620 2833 709 2878; x_wconf 92' lang='lat' dir='ltr'><strong>eo,</strong></span> <span class='ocrx_word' id='word_1_303' title='bbox 738 2818 967 2882; x_wconf 83' lang='lat' dir='ltr'><strong>inquam,</strong></span> <span class='ocrx_word' id='word_1_304' title='bbox 1002 2817 1151 2864; x_wconf 91' lang='lat' dir='ltr'><strong>trium</strong></span> <span class='ocrx_word' id='word_1_305' title='bbox 1183 2815 1557 2878; x_wconf 86' lang='lat' dir='ltr'><strong>diffinitionum,</strong></span> <span class='ocrx_word' id='word_1_306' title='bbox 1591 2817 1726 2882; x_wconf 92' lang='lat' dir='ltr'><strong>quod</strong></span> <span class='ocrx_word' id='word_1_307' title='bbox 1755 2817 1858 2881; x_wconf 93' lang='lat' dir='ltr'><strong>ipse</strong></span> <span class='ocrx_word' id='word_1_308' title='bbox 1890 2825 1961 2863; x_wconf 93' lang='lat' dir='ltr'><strong>est</strong></span> <span class='ocrx_word' id='word_1_309' title='bbox 1987 2815 2078 2863; x_wconf 90' lang='lat' dir='ltr'><strong>illae</strong></span> <span class='ocrx_word' id='word_1_310' title='bbox 2103 2834 2338 2883; x_wconf 87' lang='lat' dir='ltr'><strong>personae.</strong></span> <span class='ocrx_word' id='word_1_311' title='bbox 2377 2825 2437 2870; x_wconf 90' lang='lat' dir='ltr'><strong>Et</strong></span> 
     </span>
     <span class='ocr_line' id='line_1_28' title="bbox 278 2896 2438 2962; baseline 0.003 -18"><span class='ocrx_word' id='word_1_312' title='bbox 278 2913 444 2944; x_wconf 87' lang='lat' dir='ltr'><strong>rursus</strong></span> <span class='ocrx_word' id='word_1_313' title='bbox 477 2897 709 2945; x_wconf 89' lang='lat' dir='ltr'><strong>eumdem</strong></span> <span class='ocrx_word' id='word_1_314' title='bbox 742 2914 846 2945; x_wconf 87' lang='lat' dir='ltr'><strong>esse</strong></span> <span class='ocrx_word' id='word_1_315' title='bbox 875 2897 1176 2945; x_wconf 87' lang='lat' dir='ltr'><strong>diffinitionis</strong></span> <span class='ocrx_word' id='word_1_316' title='bbox 1208 2898 1353 2945; x_wconf 92' lang='lat' dir='ltr'><strong>unius</strong></span> <span class='ocrx_word' id='word_1_317' title='bbox 1379 2915 1435 2945; x_wconf 87' lang='lat' dir='ltr'><strong>ex</strong></span> <span class='ocrx_word' id='word_1_318' title='bbox 1469 2898 1675 2946; x_wconf 89' lang='lat' dir='ltr'><strong>essentia</strong></span> <span class='ocrx_word' id='word_1_319' title='bbox 1709 2913 1816 2961; x_wconf 90' lang='lat' dir='ltr'><strong>quae</strong></span> <span class='ocrx_word' id='word_1_320' title='bbox 1842 2896 1943 2962; x_wconf 91' lang='lat' dir='ltr'><strong>ipse</strong></span> <span class='ocrx_word' id='word_1_321' title='bbox 1971 2906 2065 2958; x_wconf 91' lang='lat' dir='ltr'><strong>est,</strong></span> <span class='ocrx_word' id='word_1_322' title='bbox 2093 2897 2143 2945; x_wconf 92' lang='lat' dir='ltr'><strong>in</strong></span> <span class='ocrx_word' id='word_1_323' title='bbox 2174 2915 2233 2946; x_wconf 93' lang='lat' dir='ltr'><strong>eo</strong></span> <span class='ocrx_word' id='word_1_324' title='bbox 2258 2900 2438 2950; x_wconf 90' lang='lat' dir='ltr'><strong>scilicet</strong></span> 
     </span>
     <span class='ocr_line' id='line_1_29' title="bbox 275 2977 2437 3046; baseline 0.003 -22"><span class='ocrx_word' id='word_1_325' title='bbox 275 2977 414 3043; x_wconf 91' lang='lat' dir='ltr'><strong>quod</strong></span> <span class='ocrx_word' id='word_1_326' title='bbox 439 2987 511 3025; x_wconf 92' lang='lat' dir='ltr'><strong>est</strong></span> <span class='ocrx_word' id='word_1_327' title='bbox 538 2977 619 3026; x_wconf 92' lang='lat' dir='ltr'><strong>illa</strong></span> <span class='ocrx_word' id='word_1_328' title='bbox 646 2979 868 3026; x_wconf 87' lang='lat' dir='ltr'><strong>essentia.</strong></span> <span class='ocrx_word' id='word_1_329' title='bbox 897 2979 947 3026; x_wconf 94' lang='lat' dir='ltr'><strong>Si</strong></span> <span class='ocrx_word' id='word_1_330' title='bbox 972 2988 1134 3026; x_wconf 91' lang='lat' dir='ltr'><strong>autem</strong></span> <span class='ocrx_word' id='word_1_331' title='bbox 1158 2977 1289 3025; x_wconf 88' lang='lat' dir='ltr'><strong>idem</strong></span> <span class='ocrx_word' id='word_1_332' title='bbox 1321 2988 1444 3026; x_wconf 88' lang='lat' dir='ltr'><strong>esset</strong></span> <span class='ocrx_word' id='word_1_333' title='bbox 1474 2977 1767 3026; x_wconf 87' lang='lat' dir='ltr'><strong>diffinitione</strong></span> <span class='ocrx_word' id='word_1_334' title='bbox 1797 2977 2003 3026; x_wconf 90' lang='lat' dir='ltr'><strong>essentia</strong></span> <span class='ocrx_word' id='word_1_335' title='bbox 2031 2978 2165 3043; x_wconf 92' lang='lat' dir='ltr'><strong>quod</strong></span> <span class='ocrx_word' id='word_1_336' title='bbox 2187 2997 2407 3046; x_wconf 88' lang='lat' dir='ltr'><strong>personae</strong></span> <span class='ocrx_word' id='word_1_337' title='bbox 2424 3020 2437 3044; x_wconf 95' lang='lat'><strong>,</strong></span> 
     </span>
     <span class='ocr_line' id='line_1_30' title="bbox 277 3058 2441 3126; baseline 0.003 -20"><span class='ocrx_word' id='word_1_338' title='bbox 277 3067 333 3106; x_wconf 89' lang='lat' dir='ltr'><strong>ut</strong></span> <span class='ocrx_word' id='word_1_339' title='bbox 356 3058 579 3107; x_wconf 88' lang='lat' dir='ltr'><strong>videlicet</strong></span> <span class='ocrx_word' id='word_1_340' title='bbox 608 3059 740 3108; x_wconf 91' lang='lat' dir='ltr'><strong>idem</strong></span> <span class='ocrx_word' id='word_1_341' title='bbox 768 3060 960 3126; x_wconf 91' lang='lat' dir='ltr'><strong>penitus</strong></span> <span class='ocrx_word' id='word_1_342' title='bbox 982 3068 1176 3107; x_wconf 86' lang='lat' dir='ltr'><strong>sonaret</strong></span> <span class='ocrx_word' id='word_1_343' title='bbox 1206 3060 1416 3108; x_wconf 88' lang='lat' dir='ltr'><strong>essentia</strong></span> <span class='ocrx_word' id='word_1_344' title='bbox 1443 3058 1577 3125; x_wconf 90' lang='lat' dir='ltr'><strong>quod</strong></span> <span class='ocrx_word' id='word_1_345' title='bbox 1598 3075 1833 3126; x_wconf 90' lang='lat' dir='ltr'><strong>personae,</strong></span> <span class='ocrx_word' id='word_1_346' title='bbox 1859 3068 1976 3106; x_wconf 88' lang='lat' dir='ltr'><strong>tunc</strong></span> <span class='ocrx_word' id='word_1_347' title='bbox 2005 3059 2216 3108; x_wconf 88' lang='lat' dir='ltr'><strong>fortassis</strong></span> <span class='ocrx_word' id='word_1_348' title='bbox 2247 3079 2441 3112; x_wconf 90' lang='lat' dir='ltr'><strong>necesse</strong></span> 
     </span>
     <span class='ocr_line' id='line_1_31' title="bbox 275 3139 2444 3209; baseline 0.003 -24"><span class='ocrx_word' id='word_1_349' title='bbox 275 3148 403 3187; x_wconf 85' lang='lat' dir='ltr'><strong>esset</strong></span> <span class='ocrx_word' id='word_1_350' title='bbox 433 3142 592 3188; x_wconf 92' lang='lat' dir='ltr'><strong>Deum</strong></span> <span class='ocrx_word' id='word_1_351' title='bbox 619 3156 722 3188; x_wconf 87' lang='lat' dir='ltr'><strong>esse</strong></span> <span class='ocrx_word' id='word_1_352' title='bbox 749 3141 930 3188; x_wconf 88' lang='lat' dir='ltr'><strong>trinum</strong></span> <span class='ocrx_word' id='word_1_353' title='bbox 951 3141 1002 3188; x_wconf 88' lang='lat' dir='ltr'><strong>in</strong></span> <span class='ocrx_word' id='word_1_354' title='bbox 1027 3140 1233 3188; x_wconf 89' lang='lat' dir='ltr'><strong>essentia</strong></span> <span class='ocrx_word' id='word_1_355' title='bbox 1258 3139 1382 3187; x_wconf 92' lang='lat' dir='ltr'><strong>sicut</strong></span> <span class='ocrx_word' id='word_1_356' title='bbox 1413 3151 1484 3188; x_wconf 90' lang='lat' dir='ltr'><strong>est</strong></span> <span class='ocrx_word' id='word_1_357' title='bbox 1507 3141 1557 3188; x_wconf 94' lang='lat' dir='ltr'><strong>in</strong></span> <span class='ocrx_word' id='word_1_358' title='bbox 1584 3140 1822 3207; x_wconf 82' lang='lat' dir='ltr'><strong>personiS‚</strong></span> <span class='ocrx_word' id='word_1_359' title='bbox 1847 3149 1930 3187; x_wconf 89' lang='lat' dir='ltr'><strong>aut</strong></span> <span class='ocrx_word' id='word_1_360' title='bbox 1952 3156 2108 3188; x_wconf 91' lang='lat' dir='ltr'><strong>unum</strong></span> <span class='ocrx_word' id='word_1_361' title='bbox 2131 3157 2234 3190; x_wconf 86' lang='lat' dir='ltr'><strong>esse</strong></span> <span class='ocrx_word' id='word_1_362' title='bbox 2258 3143 2306 3190; x_wconf 91' lang='lat' dir='ltr'><strong>in</strong></span> <span class='ocrx_word' id='word_1_363' title='bbox 2331 3161 2444 3209; x_wconf 82' lang='lat' dir='ltr'><strong>per-</strong></span> 
     </span>
     <span class='ocr_line' id='line_1_32' title="bbox 280 3219 2437 3282; baseline 0.003 -17"><span class='ocrx_word' id='word_1_364' title='bbox 280 3220 413 3267; x_wconf 91' lang='lat' dir='ltr'><strong>sonis</strong></span> <span class='ocrx_word' id='word_1_365' title='bbox 439 3221 562 3268; x_wconf 92' lang='lat' dir='ltr'><strong>sicut</strong></span> <span class='ocrx_word' id='word_1_366' title='bbox 583 3232 655 3270; x_wconf 93' lang='lat' dir='ltr'><strong>est</strong></span> <span class='ocrx_word' id='word_1_367' title='bbox 685 3222 736 3269; x_wconf 92' lang='lat' dir='ltr'><strong>in</strong></span> <span class='ocrx_word' id='word_1_368' title='bbox 762 3221 985 3269; x_wconf 86' lang='lat' dir='ltr'><strong>essentia.</strong></span> <span class='ocrx_word' id='word_1_369' title='bbox 1022 3223 1079 3268; x_wconf 92' lang='lat' dir='ltr'><strong>In</strong></span> <span class='ocrx_word' id='word_1_370' title='bbox 1111 3221 1208 3268; x_wconf 94' lang='lat' dir='ltr'><strong>hoc</strong></span> <span class='ocrx_word' id='word_1_371' title='bbox 1232 3219 1457 3269; x_wconf 72' lang='lat' dir='ltr'><strong>videlicet</strong></span> <span class='ocrx_word' id='word_1_372' title='bbox 1481 3238 1650 3282; x_wconf 91' lang='lat' dir='ltr'><strong>sensu,</strong></span> <span class='ocrx_word' id='word_1_373' title='bbox 1677 3231 1732 3269; x_wconf 90' lang='lat' dir='ltr'><strong>ut</strong></span> <span class='ocrx_word' id='word_1_374' title='bbox 1753 3221 1792 3269; x_wconf 92' lang='lat' dir='ltr'><strong>si</strong></span> <span class='ocrx_word' id='word_1_375' title='bbox 1818 3220 1965 3268; x_wconf 91' lang='lat' dir='ltr'><strong>trium</strong></span> <span class='ocrx_word' id='word_1_376' title='bbox 1991 3220 2339 3270; x_wconf 85' lang='lat' dir='ltr'><strong>diffinitionum</strong></span> <span class='ocrx_word' id='word_1_377' title='bbox 2362 3225 2437 3272; x_wconf 88' lang='lat' dir='ltr'><strong>vel</strong></span> 
     </span>
     <span class='ocr_line' id='line_1_33' title="bbox 279 3302 2440 3369; baseline 0.003 -23"><span class='ocrx_word' id='word_1_378' title='bbox 279 3302 631 3367; x_wconf 89' lang='lat' dir='ltr'><strong>proprietatum</strong></span> <span class='ocrx_word' id='word_1_379' title='bbox 660 3312 783 3351; x_wconf 89' lang='lat' dir='ltr'><strong>esset</strong></span> <span class='ocrx_word' id='word_1_380' title='bbox 812 3320 871 3351; x_wconf 86' lang='lat' dir='ltr'><strong>ex</strong></span> <span class='ocrx_word' id='word_1_381' title='bbox 895 3303 1115 3369; x_wconf 87' lang='lat' dir='ltr'><strong>personis</strong></span> <span class='ocrx_word' id='word_1_382' title='bbox 1139 3312 1187 3350; x_wconf 89' lang='lat' dir='ltr'><strong>et</strong></span> <span class='ocrx_word' id='word_1_383' title='bbox 1220 3318 1279 3349; x_wconf 84' lang='lat' dir='ltr'><strong>ex</strong></span> <span class='ocrx_word' id='word_1_384' title='bbox 1302 3302 1510 3350; x_wconf 89' lang='lat' dir='ltr'><strong>essentia</strong></span> <span class='ocrx_word' id='word_1_385' title='bbox 1534 3302 1769 3364; x_wconf 89' lang='lat' dir='ltr'><strong>similiter,</strong></span> <span class='ocrx_word' id='word_1_386' title='bbox 1795 3311 1879 3350; x_wconf 81' lang='lat' dir='ltr'><strong>aut</strong></span> <span class='ocrx_word' id='word_1_387' title='bbox 1906 3302 1945 3349; x_wconf 87' lang='lat' dir='ltr'><strong>si</strong></span> <span class='ocrx_word' id='word_1_388' title='bbox 1975 3319 2034 3350; x_wconf 79' lang='lat' dir='ltr'><strong>ex</strong></span> <span class='ocrx_word' id='word_1_389' title='bbox 2056 3304 2260 3351; x_wconf 88' lang='lat' dir='ltr'><strong>essentia</strong></span> <span class='ocrx_word' id='word_1_390' title='bbox 2286 3321 2440 3352; x_wconf 88' lang='lat' dir='ltr'><strong>unum</strong></span> 
     </span>
    </p>

    <p class='ocr_par' dir='ltr' id='par_1_5' title="bbox 440 3388 2280 3425">
     <span class='ocr_line' id='line_1_34' title="bbox 440 3388 2280 3425; baseline 0.001 -1"><span class='ocrx_word' id='word_1_391' title='bbox 440 3399 473 3424; x_wconf 87' lang='lat' dir='ltr'><strong>u</strong></span> <span class='ocrx_word' id='word_1_392' title='bbox 2230 3388 2280 3425; x_wconf 89' lang='grc'><strong>63</strong></span> 
     </span>
    </p>
   </div>
  </div>
 </body>
</html>
