2638 3866
910 215 1256 266 THEOLOGIA
1291 217 1662 268 CHRlSTlANA.
2275 225 2370 273 385

220 325 408 374 sionem
423 324 455 384 ¹,
481 340 506 368 α
525 328 752 388 oparatus
773 327 863 380 est,
900 318 992 379 ait,
1025 318 1227 367 salutem
1256 319 1305 367 in
1338 319 1500 368 medio
1532 328 1685 367 terrae.
1708 338 1732 364 »
1766 319 1854 368 Hic
1886 320 2099 387 plantata
2130 333 2200 372 est
2234 325 2371 374 vinea

219 422 326 471 quae
350 401 565 452 extendit
591 400 815 468 palmites
837 414 949 447 suos
976 415 1131 464 usque
1154 399 1216 447 ad
1243 416 1392 462 mare,
1422 417 1535 448 cum
1562 399 1679 448 hinc
1703 401 1810 448 vitis
1831 418 1945 451 vera
1969 402 2212 465 Christus,
2254 422 2374 472 apo·

218 485 353 534 stolis
374 484 471 532 suis
503 482 640 549 quasi
662 478 941 548 palmitibus
966 495 1054 546 per
1080 480 1354 529 universum
1387 480 1556 529 orbem
1583 479 1794 543 directis,
1829 482 2107 532 universum
2130 486 2370 534 mundum

221 560 440 608 ubertate
470 557 702 606 doctrinae
733 554 990 622 spiritualis
1021 554 1291 604 inebriavit.
1323 558 1395 604 De
1419 556 1513 604 hac
1547 566 1708 604 autem
1745 559 2046 621 vegetatione
2082 570 2129 608 et
2156 562 2369 611 vivifica·

222 642 355 689 tione
389 640 593 707 Spiritus
627 636 780 686 sancti
816 644 1007 684 sanctus
1036 621 1286 684 Salvianus
1322 637 1577 702 episcopus
1613 636 1677 685 ad
1707 638 1755 683 S.
1799 638 2048 687 Salonium
2085 642 2369 708 episcopum

220 720 345 769 libro
387 721 545 787 primo
580 717 639 766 de
679 715 1030 765 Gubernatione
1068 718 1161 763 Dei
1196 717 1517 781 Pitagoricum
1547 718 1879 765 testimoninm
1908 719 2118 779 inducit,
2152 723 2317 772 dicens
2355 742 2365 770 :

225 823 247 846 «
271 802 516 865 Pitagoras
533 798 873 866 philosophuS,
899 814 1045 863 quem
1065 798 1203 861 quasi
1221 799 1498 862 magistrum
1519 815 1662 849 suum
1682 797 1996 865 Philosophia
2020 801 2123 867 ipsa
2140 805 2366 870 suscepit,

221 883 283 932 de
304 893 477 932 natura
499 892 547 930 et
570 880 815 929 beneficiis
837 880 927 928 Dei
955 878 1210 940 disserenS,
1246 879 1313 927 sic
1344 879 1560 945 loquitur
1587 898 1597 927 :
1632 880 1866 928 «Animus
1892 898 1978 947 per
1999 899 2170 931 omnes
2201 885 2370 933 mundi

226 985 249 1007 «
277 974 436 1030 partes
456 978 736 1012 commeans
758 970 902 1025 atque
928 959 1150 1020 diffusus,
1175 977 1232 1007 ex
1249 977 1349 1025 quo
1370 962 1533 1009 omnia
1558 979 1666 1027 quae
1690 972 1955 1010 nascuntur
1977 964 2203 1012 animalia
2223 966 2370 1013 vitam

224 1064 249 1089 «
272 1046 520 1112 capiunt.»
538 1042 803 1102 Quomodo
826 1041 969 1107 igitur
987 1040 1225 1089 mundum
1247 1041 1486 1107 negligere
1502 1046 1632 1091 Deus
1648 1043 1838 1103 dicitur,
1858 1060 2003 1109 quem
2023 1045 2121 1093 hoc
2137 1046 2243 1111 ipso
2259 1048 2370 1095 satis

221 1125 395 1191 diligit,
427 1125 563 1191 quod
587 1125 746 1191 ipsum
770 1139 960 1190 semper
981 1132 1138 1170 totum
1166 1122 1337 1170 mundi
1361 1140 1539 1190 corpus
1565 1123 1800 1172 intendit?
1821 1142 1846 1169 »
1869 1128 1940 1172 De
1962 1125 2186 1174 Salvanio
2211 1137 2370 1176 autem

222 1208 314 1254 isto
349 1205 655 1255 Massiliensis
689 1204 897 1253 ecclesiae
930 1204 1178 1270 episcop0,
1211 1213 1259 1252 et
1296 1203 1357 1252 de
1385 1205 1512 1253 libro
1541 1205 1644 1270 ejus
1673 1204 1736 1253 ad
1771 1205 2021 1253 Salonium
2054 1207 2337 1274 episcopum
2357 1245 2368 1267 ‚

220 1297 267 1335 et
307 1287 411 1336 aliis
449 1285 677 1353 operibus
717 1286 891 1352 ipsius,
939 1285 1219 1333 Gennadius
1257 1286 1560 1334 Massiliensis
1597 1285 1848 1352 presbyter
1879 1286 1938 1334 de
1961 1287 2237 1335 Illustribcw
2262 1291 2373 1336 viris

219 1367 452 1429 scribens,
483 1369 610 1415 inter
639 1367 846 1415 illustres
881 1367 1010 1414 viros
1039 1376 1085 1414 et
1108 1383 1280 1414 eorum
1313 1383 1464 1432 opera
1492 1368 1793 1415 mentionem
1819 1366 1945 1415 facit.
1977 1369 2072 1427 Qui
2096 1369 2240 1416 etiam
2263 1380 2373 1435 post

221 1452 465 1514 Pytagorae
498 1449 848 1513 testimonium,
885 1447 1092 1495 Tullium
1121 1447 1373 1507 inducens,
1408 1451 1566 1496 Deum
1597 1448 1756 1513 ipsum
1789 1465 1935 1512 quem
1974 1452 2234 1515 Pytagoras
2263 1452 2372 1498 ani-

220 1546 355 1577 mum
407 1539 579 1591 vocat,
630 1539 841 1578 mentem
885 1546 913 1577 a
951 1528 1105 1577 Tullio
1149 1528 1381 1594 appellari
1425 1537 1795 1585 commemorat,
1860 1529 2028 1578 dicens
2079 1549 2090 1577 τ
2143 1551 2165 1574 «
2194 1531 2372 1579 Tullius

220 1628 415 1676 quoque
447 1631 456 1659 ε
505 1631 527 1655 «
547 1614 643 1658 Nec
686 1627 803 1659 vero
839 1614 988 1670 Deus,
1029 1612 1158 1676 ipse,
1201 1610 1377 1675 inquit,
1421 1610 1506 1675 qui
1534 1626 1564 1658 a
1597 1609 1742 1658 nobis
1776 1609 2073 1676 intelligitur,
2101 1611 2195 1659 alio
2223 1611 2372 1659 modo

223 1692 472 1757 «intelligi
515 1700 700 1758 potest,
747 1708 896 1757 quam
934 1707 1074 1739 mens
1116 1689 1274 1738 soluta
1318 1699 1365 1737 et
1407 1689 1558 1738 libera
1608 1691 1857 1754 quaedam,
1918 1700 1966 1738 et
2014 1701 2258 1756 segregata
2312 1691 2372 1739 ab

223 1793 247 1816 «
276 1773 412 1820 omni
454 1773 768 1821 concretione
813 1772 1023 1832 mortali,
1073 1771 1240 1819 omnia
1284 1771 1494 1818 sentiens
1542 1780 1590 1819 et
1632 1788 1851 1820 movens.
1887 1792 1911 1815 ν)
1957 1771 2076 1819 Alibi
2126 1788 2324 1838 quoque
2359 1792 2368 1819 z

227 1873 249 1896 «
282 1852 409 1900 Nihil
445 1862 531 1913 est,
576 1854 758 1918 inquit,
812 1853 1112 1920 praestantius
1150 1855 1270 1900 Deo.
1304 1870 1327 1896 »
1378 1850 1448 1898 Ab
1483 1867 1542 1899 eo
1574 1851 1718 1915 igitur
1771 1851 2010 1900 mundum
2041 1853 2141 1918 regi
2181 1870 2375 1902 necesse

221 1943 308 1982 est.
360 1934 487 1983 Nulli
519 1935 663 1999 igitur
687 1944 869 1983 naturae
889 1934 1125 1983 obediens
1145 1943 1239 1982 ⁴aut
1271 1932 1516 1997 subjectus
1550 1936 1711 1996 Deus3
1747 1951 1943 1983 omnem
1978 1950 2095 1998 ergo
2124 1935 2245 1999 regit
2274 1936 2375 2001 ipse

228 2025 471 2064 naturam.
495 2036 518 2062 »
2269 2003 2277 2006 “

288 2098 575 2163 Augustinus
594 2098 720 2147 libro
733 2102 797 2148 IV
814 2098 873 2146 de
892 2101 1093 2147 Ciuitate
1116 2101 1225 2161 Dei,
1240 2114 1348 2164 cap.
1365 2114 1530 2157 xxxw,
1552 2097 1614 2146 de
1633 2101 1851 2146 Varrone
1870 2097 2075 2162 loquens
2087 2097 2230 2145 ait’:«
2248 2097 2376 2143 Dicit

220 2188 382 2226 autem
416 2180 547 2227 idem
585 2190 756 2228 auctor
793 2181 1095 2228 acutissimus
1128 2190 1273 2244 atque
1308 2178 1632 2236 doctissimus,
1675 2178 1807 2244 quod
1849 2179 1880 2225 ii
1921 2177 2010 2225 soli
2048 2177 2092 2225 ei
2121 2176 2375 2224 videantur

220 2259 616 2308 animadvertisse
651 2260 770 2326 quid
801 2271 926 2309 esset
960 2263 1110 2322 Deus,
1150 2260 1236 2325 qui
1273 2258 1586 2307 crediderunt
1620 2276 1732 2306 eum
1765 2276 1867 2307 esse
1903 2259 2116 2306 animam
2151 2267 2287 2305 motu
2321 2273 2375 2304 ac

219 2340 406 2388 ratione
436 2340 674 2389 mundum
711 2340 1088 2405 gubernantem3
1122 2358 1177 2389 ac
1200 2357 1287 2406 per
1314 2340 1411 2387 hoc
1434 2340 1521 2387 etsi
1556 2339 1779 2387 nondum
1815 2338 2009 2387 tenebat
2038 2337 2173 2403 quod
2195 2338 2377 2386 Veritas

221 2420 371 2469 habet
398 2439 408 2467 :
446 2424 575 2470 Deus
605 2423 735 2470 enim
758 2439 901 2470 verus
926 2440 1027 2470 non
1062 2423 1249 2482 anima,
1286 2420 1371 2469 sed
1402 2421 1572 2468 animae
1603 2438 1800 2486 quoque
1836 2429 1908 2468 est
1941 2419 2183 2474 conditor,
2217 2429 2375 2466 tamen

224 2519 376 2549 unum
406 2505 563 2550 Deum
598 2503 861 2551 colendum
890 2504 1081 2564 fatetur,
1121 2513 1266 2568 atque
1298 2501 1484 2550 suadet.
1502 2522 1524 2545 υ
1554 2504 1673 2550 Item
1705 2501 1831 2549 libro
1856 2502 2006 2548 xxw
2032 2518 2042 2547 :
2068 2503 2226 2548 Deum
2249 2509 2377 2547 certe

221 2583 406 2646 volens,
448 2584 569 2631 sicut
602 2594 815 2649 poterat,
843 2583 1051 2632 diffinire
1074 2586 1262 2644 Cicero,
1289 2593 1450 2631 tantus
1483 2592 1653 2631 auctor
1681 2583 1898 2648 ipsorum
1922 2599 1932 2628 ε
1964 2583 2135 2628 «Mens
2157 2579 2376 2643 quaedam

227 2685 248 2707 «
278 2674 364 2722 est,
399 2666 576 2730 inquit,
603 2665 760 2713 soluta
783 2676 831 2714 et
858 2665 1026 2727 libera,
1055 2675 1236 2713 secreta
1257 2663 1319 2712 ab
1351 2664 1484 2710 omni
1508 2663 1820 2711 concretione
1843 2662 2050 2714 mortali,
2081 2660 2245 2707 omnia
2267 2675 2377 2707 sen-

227 2765 247 2788 «
282 2744 404 2792 tiens
430 2756 477 2793 et
507 2763 727 2806 movens,
765 2748 966 2812 ipsaque
989 2746 1188 2812 praedita
1218 2754 1353 2793 motu
1382 2744 1738 2808 sempiterno.»
1777 2746 1881 2789 Hoc
1911 2751 2072 2788 autem
2096 2740 2305 2805 repperit
2327 2741 2377 2787 in

228 2824 448 2872 doctrina
483 2842 773 2890 magnorum
803 2826 1232 2891 Philosophorum.

293 2906 505 2954 Mentem
529 2906 707 2970 itaque,
736 2905 787 2953 id
810 2915 880 2953 est
905 2907 1122 2953 animum
1146 2906 1246 2953 sive
1272 2906 1486 2953 animam
1518 2907 1679 2952 Deum
1709 2903 1952 2962 dixerunt,
1988 2899 2259 2949 secundum
2282 2899 2379 2947 hoc

226 2985 363 3050 quod
389 2986 535 3033 totius
563 2986 735 3033 mundi
758 2986 976 3051 regimini
996 2986 1135 3050 quasi
1159 2986 1319 3033 anima
1346 2985 1541 3051 corpori
1566 2993 1734 3051 praeest
1753 3001 1762 3030 :
1783 2982 1914 3030 unde
1934 2991 1982 3030 et
2002 2998 2090 3048 per
2112 2982 2379 3047 sapientem

226 3066 508 3130 quemdam,
538 3065 846 3115 adhortando
879 3082 969 3114 nos
1003 3065 1148 3130 digna
1171 3069 1329 3114 Deum
1353 3065 1571 3114 excolere
1597 3074 1780 3123 mente,
1804 3063 1854 3111 id
1879 3071 1949 3111 est
1970 3079 1997 3111 a
2026 3062 2152 3110 vitiis
2181 3070 2384 3127 purgata

286 3283 419 3317 'Psalm
450 3294 568 3327 mxxiii,
585 3295 616 3320 v.
645 3288 695 3320 12.
728 3304 771 3310 —
800 3287 812 3306 ²
830 3285 925 3328 Leg„
949 3294 1020 3327 cap.
1047 3293 1144 3318 xxxi.
1169 3284 1271 3327 0pp.‚
1288 3289 1312 3318 t.
1331 3283 1399 3318 vn.
1414 3302 1453 3308 -
1476 3285 1488 3305 ³
1505 3283 1559 3317 Sic
1575 3284 1609 3315 in
1625 3282 1741 3323 editis,
1759 3282 1843 3314 male
1859 3279 2009 3323 profecto
2026 3286 2100 3311 nam
2115 3276 2280 3310 Ciceronis
2295 3273 2386 3307 Iocus

232 3346 329 3377 quem
349 3339 537 3372 Abaelardus
549 3341 645 3374 affert
662 3340 781 3381 legitur
797 3341 886 3382 apud
901 3339 1102 3381 sarianum,
1119 3339 1159 3372 de
1178 3338 1429 3372 Gubernatione
1445 3339 1526 3380 Dei,
1543 3338 1600 3371 lib.
1618 3335 1651 3379 1,
1669 3346 1742 3378 cap.
1764 3345 1787 3369 1.

392 3412 423 3436 11
2174 3394 2223 3429 49
