2638 3866
963 236 1039 284 TH
1047 236 1262 287 EOLOGt
1273 239 1306 287 A
1342 239 1710 289 CHRlSTlANA.
2319 244 2414 290 473

267 333 539 383 diversitate
561 351 877 401 personarum
904 336 1204 387 identitatem
1231 341 1445 388 essentiae
1473 356 1756 407 oppugnare
1775 339 2013 388 laborant.
2046 343 2229 389 Horum
2255 342 2414 406 itaque

268 415 566 480 objectiones
585 417 794 483 primum
819 433 1076 483 ponamus,
1107 431 1272 485 postea
1295 421 1630 470 dissolvamus.

336 500 426 545 Aut
456 498 606 558 enim,
646 498 887 563 inquiunt,
924 498 1025 546 haec
1054 499 1300 549 diversitas
1334 518 1648 567 personarum
1680 502 1724 549 in
1758 503 1870 550 solis
1902 504 2146 552 vocabulis
2173 504 2408 565 consistit,

269 594 370 625 non
401 579 450 626 in
486 596 555 641 re,
594 589 647 627 ut
680 578 900 628 videlicet
930 579 1164 629 voeabula
1206 592 1390 629 tantum
1425 583 1611 630 diversa
1644 583 1754 643 sint,
1791 593 1838 631 et
1873 584 2003 631 nulla
2036 574 2097 632 sit
2133 586 2181 632 in
2219 587 2322 632 Deo
2347 586 2414 632 rei

269 658 516 708 diversitas
543 678 553 707 ε
577 670 658 708 aut
678 661 726 708 in
748 677 800 708 re
820 660 939 721 sola,
966 670 1014 707 ct
1036 678 1136 708 non
1155 663 1204 709 in
1226 662 1474 711 vocabulis
1498 682 1507 710 :
1532 673 1614 710 aut
1636 663 1776 710 simul
1800 673 1847 711 et
1866 664 1916 711 in
1937 681 1986 712 re
2006 675 2052 712 et
2076 667 2123 712 in
2143 665 2409 714 vocabulis.

270 743 325 786 At
357 757 472 787 vero
503 741 542 788 si
573 741 777 789 alterum
811 741 988 789 horum
1026 742 1201 790 auferri
1238 745 1431 809 poterit,
1466 760 1565 791 non
1604 744 1870 792 remanebit
1900 754 2177 811 utrumque.

336 820 479 878 Quod
503 822 543 869 si
569 821 630 869 ad
651 821 890 871 vocabula
919 823 1246 888 respiciamus,
1273 826 1373 888 jam
1396 842 1494 872 non
1529 834 1598 872 est
1623 825 1826 872 Trinitas
1861 842 2175 891 personarum
2210 837 2381 876 aeterna
2399 867 2410 888 ,

270 917 381 947 cum
406 901 510 968 ipsa
542 904 788 970 impositio
818 904 1070 951 nominum
1094 903 1156 951 ab
1186 903 1466 952 hominibus
1489 906 1610 953 facta
1631 907 1708 953 sit.

338 984 567 1032 Praeterea
597 985 637 1032 si
664 985 726 1032 ad
762 1001 1020 1033 numerum
1056 985 1406 1033 vocabulorum
1442 987 1543 1034 haec
1575 986 1817 1034 distinctio
1853 1003 2168 1051 personarum
2207 990 2266 1036 sit
2296 991 2415 1036 acci-

273 1062 474 1126 pienda3
504 1066 658 1114 multo
682 1066 843 1132 plures
866 1082 1098 1132 personas
1119 1066 1341 1115 confiteri
1364 1084 1509 1132 quam
1531 1078 1626 1115 tres
1649 1085 1739 1115 nos
1762 1076 1970 1132 oportet,
1999 1068 2112 1132 quia
2133 1069 2283 1117 multa
2307 1081 2414 1118 sunt

272 1153 319 1189 et
347 1144 439 1193 alia
463 1146 637 1195 divinae
663 1147 938 1196 substantiae
962 1149 1180 1210 nomina,
1212 1149 1333 1196 sicut
1363 1148 1458 1196 hoc
1487 1165 1665 1196 nomen
1702 1151 1847 1207 Deus,
1873 1148 1945 1195 vel
1969 1150 2207 1197 Dominus
2223 1188 2235 1211 ,
2259 1153 2417 1199 AEter-

273 1240 380 1285 nus,
406 1226 481 1274 vel
509 1218 793 1285 linmensus‚
820 1229 894 1276 vel
920 1232 1136 1290 Creator,
1165 1239 1210 1277 et
1232 1230 1323 1278 alia
1344 1229 1530 1278 infinita
1555 1230 1770 1277 nomina.

336 1307 418 1353 Sin
436 1317 595 1356 autem
617 1309 718 1357 haec
741 1310 988 1358 diversitas
1010 1327 1345 1375 personarum,
1366 1312 1514 1376 magis
1530 1310 1811 1376 accipienda
1834 1311 1894 1357 sit
1917 1311 1965 1357 in
1994 1311 2096 1375 ipsa
2122 1328 2173 1358 re
2195 1328 2343 1376 quam
2367 1314 2414 1360 in

273 1388 589 1451 vocabulis‚in
620 1394 725 1439 Deo
751 1402 912 1439 autem
942 1391 1060 1439 nihil
1095 1402 1165 1440 est
1191 1393 1238 1439 in
1264 1409 1314 1440 re
1337 1402 1505 1457 praeter
1536 1391 1826 1455 singularem
1849 1390 2187 1452 substantiam,
2214 1402 2261 1440 et
2293 1393 2417 1440 indi-

278 1470 489 1529 viduam,
525 1482 573 1520 et
595 1473 871 1530 informem,
898 1474 1006 1538 quis
1032 1473 1221 1521 dubitet
1243 1474 1518 1521 'Trinitatem
1545 1473 1697 1539 accipi
1722 1472 1988 1520 secundum
2015 1472 2290 1521 substantiae
2309 1475 2419 1521 uni-

273 1562 437 1613 tatem,
465 1563 518 1600 ut
539 1563 586 1601 et
609 1555 760 1602 trinus
782 1555 841 1603 sit
864 1555 913 1602 in
936 1554 1457 1603 substantiaadicendus
1480 1558 1609 1602 Deus
1628 1554 1648 1600 ἐ’

339 1638 430 1682 Aut
452 1635 491 1681 si
526 1635 655 1682 idem
678 1636 870 1701 penitus
893 1637 939 1683 in
969 1639 1071 1683 Deo
1097 1636 1360 1683 substantia
1384 1637 1444 1684 sit
1474 1646 1521 1683 et
1543 1650 1782 1701 personae,
1816 1644 1868 1680 ut
1889 1633 2109 1682 videlicet
2132 1635 2251 1682 nihil
2289 1635 2419 1683 aliud

274 1710 540 1761 substantia
574 1714 633 1760 sit
659 1730 805 1778 quam
842 1730 1074 1779 personae,
1111 1714 1186 1761 vel
1218 1730 1610 1780 personaequam
1641 1712 1929 1772 substantia3
1963 1712 2201 1776 numquid
2231 1714 2270 1759 si
2296 1731 2418 1761 unus

274 1802 345 1840 est
363 1795 493 1842 Deus
514 1794 563 1840 in
582 1793 863 1853 substantia,
883 1811 1006 1842 unus
1023 1804 1095 1842 est
1116 1805 1163 1842 et
1186 1795 1235 1842 in
1257 1795 1497 1861 personis;
1524 1804 1608 1842 aut
1627 1794 1666 1841 si
1687 1794 1838 1840 trinus
1858 1793 1918 1840 sit
1940 1793 1988 1840 in
2011 1794 2243 1858 personis,
2266 1795 2420 1842 trinus

275 1883 322 1920 et
355 1875 402 1920 in
435 1874 740 1922 substantia?

338 1953 602 2010 Quomodo
634 1954 777 2002 etiam
812 1964 906 2003 tres
936 1973 1152 2021 personae
1177 1966 1287 2003 sunt
1313 1955 1391 2003 ubi
1426 1954 1559 2002 nullo
1585 1954 1734 2002 modo
1760 1955 1848 2001 tria
1876 1953 2021 2001 sunt?
2055 1957 2146 2001 Aut
2169 1954 2420 2018 quomodo

275 2033 364 2080 tria
382 2044 510 2093 sunt,
531 2035 570 2082 si
592 2035 741 2084 multa
766 2053 864 2083 non
882 2037 1025 2084 sunt?
1049 2041 1140 2084 Aut
1160 2036 1414 2101 quomodo
1440 2037 1589 2085 multa
1602 2052 1703 2082 esse
1721 2045 1940 2101 possunt,
1965 2035 2003 2081 si
2028 2035 2159 2082 nulla
2181 2036 2241 2082 sit
2263 2052 2420 2082 rerum

274 2114 569 2163 multitudo?
609 2119 665 2163 At
685 2134 801 2165 vero
837 2118 1097 2165 multitudo
1127 2134 1289 2165 rerum
1325 2133 1425 2164 esse
1456 2133 1556 2165 non
1587 2124 1745 2180 potest
1776 2131 1832 2161 ex
1870 2130 1964 2162 una
2005 2125 2191 2162 tantum
2229 2132 2300 2175 re,
2334 2116 2421 2162 nisi

276 2195 497 2244 videlicet
519 2214 576 2244 ex
606 2198 825 2263 pluribus
849 2209 1034 2247 constet
1057 2199 1291 2264 partibus.
1322 2199 1484 2245 Partes
1511 2207 1673 2243 autem
1706 2195 1846 2242 nullae
1872 2195 1919 2240 in
1945 2196 2050 2259 ipso
2075 2211 2178 2242 esse
2202 2206 2419 2261 possunt,

277 2287 326 2324 ut
357 2294 504 2343 supra
540 2278 965 2341 confirmavimus3
999 2279 1251 2344 quomodo
1279 2295 1393 2342 ergo
1425 2278 1626 2324 Trinitas
1657 2275 1725 2322 ibi
1761 2285 1848 2336 est,
1887 2274 1970 2322 ubi
1998 2275 2129 2324 nulla
2165 2286 2236 2323 est
2269 2277 2425 2324 multi-

275 2359 425 2408 tudo?
460 2363 619 2409 Omne
650 2363 831 2429 quippe
862 2362 1017 2410 simile
1048 2364 1097 2410 in
1127 2362 1290 2427 aliquo
1316 2361 1545 2410 dissimile
1573 2371 1659 2408 est.
1692 2364 1782 2407 Aut
1813 2359 2067 2423 quomodo
2093 2369 2187 2407 tres
2219 2370 2349 2421 sunt,
2385 2362 2423 2407 si

276 2442 413 2491 multi
438 2459 538 2489 non
562 2443 712 2490 sunt?

344 2526 574 2571 Praeterea
607 2524 860 2589 quomodo
884 2525 1057 2583 dicitis,
1093 2525 1216 2573 Talis
1252 2529 1388 2572 Pater
1423 2522 1577 2588 qualis
1608 2521 1750 2568 Filius
1789 2520 1864 2567 vel
1899 2520 2100 2585 Spiritus
2136 2530 2344 2579 sanctus,
2385 2522 2423 2567 si

277 2603 410 2650 nulla
448 2605 506 2651 sit
534 2621 854 2670 personarum
887 2606 1170 2665 similitudo,
1209 2622 1415 2669 quarum
1454 2604 1587 2651 nulla
1623 2612 1693 2649 est
1730 2600 2023 2647 multitudo?
2050 2603 2204 2648 Omne
2244 2602 2422 2666 quippe

278 2684 429 2730 simile
465 2685 513 2731 in
541 2685 705 2750 aliquo
744 2687 973 2735 dissimile
1009 2697 1103 2747 est,
1145 2696 1192 2733 et
1230 2685 1359 2732 nulla
1398 2695 1467 2732 est
1505 2684 1595 2730 nisi
1624 2684 1672 2729 in
1705 2682 1920 2728 discretis
1956 2679 2099 2726 rebus
2137 2681 2418 2728 similitudo.

281 2762 417 2810 Unde
455 2781 598 2811 nemo
631 2766 765 2814 hune
795 2767 1047 2814 hominem
1084 2777 1131 2814 et
1170 2766 1302 2813 hunc
1331 2757 1497 2812 album
1529 2762 1705 2810 similes
1739 2761 1881 2819 dicit,
1923 2758 1985 2806 de
2017 2760 2189 2808 eodem
2225 2762 2422 2809 homine

277 2859 422 2906 agens
440 2881 452 2904 ,
490 2860 602 2890 cum
627 2861 724 2891 non
745 2847 842 2892 siut
863 2846 925 2894 ab
951 2848 1159 2894 invicem
1181 2845 1489 2893 essentialiter
1512 2841 1720 2889 discreti.

337 2924 559 2989 *Amplius
587 2942 699 2971 cum
730 2927 1116 2991 unumquodque
1140 2925 1273 2990 quod
1297 2925 1452 2972 existit
1482 2933 1564 2971 aut
1585 2921 1849 2970 substantia
1870 2920 1929 2966 sit
1950 2929 2031 2966 aut
2056 2920 2207 2967 forma
2230 2922 2278 2968 in
2304 2922 2425 2969 sul)-

279 3005 454 3051 stantia
481 3005 767 3066 subsistens,
796 3006 917 3054 sicut
945 3017 1014 3054 est
1049 3006 1241 3066 albedo,
1278 3006 1352 3053 vel
1391 3006 1556 3071 pietaS,
1591 3003 1665 3051 vel
1691 3000 1913 3067 quaelibet
1942 3016 2018 3048 res
2050 3017 2224 3073 novem
2254 3004 2423 3067 praedi-

280 3096 633 3138 camentorum,
667 3087 918 3151 quomodo
945 3099 1149 3153 possunt
1176 3075 1278 3136 esse
1301 3087 1459 3152 aliqua
1484 3086 1652 3146 multa,
1683 3083 1775 3131 nisi
1795 3091 1876 3129 aut
1900 3081 2174 3130 substantiae
2199 3084 2311 3143 sint,
2345 3095 2425 3132 aut

282 3167 463 3225 sormae,
491 3177 572 3214 aut·
597 3184 653 3214 ex
677 3168 893 3232 utrisque
917 3169 1208 3233 conjuncta?

347 3250 439 3293 Aut
469 3264 579 3294 cum
615 3250 743 3296 Deus
773 3247 1033 3297 substantia
1069 3250 1146 3310 sit,
1185 3259 1231 3296 et
1261 3248 1358 3296 hoc
1382 3249 1567 3296 'nomen
1601 3248 1729 3292 Deus
1765 3241 2040 3291 substantiae
2071 3243 2148 3301 sit,
2188 3260 2285 3290 non
2324 3261 2424 3307 per-

284 3343 431 3387 sonae,
471 3328 566 3376 hoc
596 3340 663 3377 est
695 3340 892 3396 propter
916 3341 1141 3394 ¹naturam
1176 3329 1469 3389 substantiae,
1499 3344 1597 3375 non
1629 3334 1824 3392 propter
1854 3339 2107 3389 personam
2132 3323 2423 3386 distinguen-

445 3425 474 3447 u
2216 3408 2266 3443 60
