2638 3866
23 728 108 819 Ἐς

384 187 448 233 74
1176 180 1343 229 PETRI
1375 177 1680 225 ABAELARDI

384 285 590 350 Diligens
610 283 843 348 appetitus
865 281 1122 346 aliquando
1150 279 1346 342 negligit
1366 277 1514 324 verba
1534 278 1735 324 cultiora
1748 314 1762 339 ,
1792 277 1924 325 unde
1944 280 2008 326 ait
2033 279 2231 343 quidam
2249 316 2263 342 ‚
2301 298 2414 329 cum
2448 284 2509 330 de

383 379 554 428 genere
578 362 655 410 tali
679 361 960 408 elocutionis
983 369 1167 424 ageret,
1204 374 1306 405 esse
1337 358 1387 404 in
1427 372 1487 404 eo
1517 355 1763 421 quandam
1787 356 2084 421 diligentiam
2113 355 2449 424 negligentem.
2481 384 2505 408 η

384 448 526 492 Item:
546 462 569 487 «
583 441 710 499 Quid
724 441 851 487 enim
869 439 1064 505 prodest
1076 438 1331 487 locutionis
1347 436 1608 503 integritas,
1631 453 1779 501 quam
1802 454 1902 485 non
1921 439 2137 503 sequitur
2151 440 2416 490 intellectus
2427 458 2511 490 au·
2559 448 2563 454 ‘

382 523 579 570 dientis?
595 536 705 567 cum
725 519 955 583 loquendi
972 519 1172 566 omnino
1190 517 1322 564 nulla
1337 517 1398 563 sit
1417 531 1586 576 causa,
1610 516 1649 562 si
1671 516 1807 581 quod
1827 518 2073 582 loquimur
2095 535 2196 566 non
2221 520 2506 586 intelligunt,

378 610 572 666 propter
585 615 724 663 quos,
749 608 803 645 ut
819 597 1107 662 intelligant,
1134 597 1394 660 loquimur.
1422 596 1517 653 Qui
1539 611 1654 659 ergo
1676 596 1840 658 docet,
1866 597 2035 645 vitabit
2049 598 2195 647 verba
2219 602 2385 648 omnia
2404 618 2510 666 quae

379 695 477 726 non
515 679 727 726 docent¹.
748 699 770 723 »
804 681 923 724 Item
946 696 956 723 z
987 697 1011 721 «
1039 667 1238 740 insignis
1264 684 1335 722 est
1371 673 1546 722 indolis
1566 675 1616 722 in
1634 675 1793 724 verbis
1813 693 1981 725 verum
2001 694 2182 741 amare,
2216 696 2319 727 non
2342 680 2505 729 verba.

256 768 277 800 s
324 734 337 839 ἱ
378 759 505 817 Quid
542 759 669 806 enim
706 756 899 822 prodest
935 756 1079 804 clavis
1117 770 1286 816 aurea,
1322 755 1364 802 si
1392 755 1584 820 *aperire
1620 755 1755 820 quod
1790 757 2014 805 volumus
2052 775 2152 807 non
2194 762 2387 825 potest?
2428 771 2511 809 aut

378 837 494 902 quid
513 837 647 885 obest
663 834 840 900 lignea,
863 836 901 883 si
922 835 1017 883 hoc
1036 845 1212 900 potest,
1239 834 1436 898 quando
1459 835 1527 882 nil
1546 837 1820 900 quaerimus,
1845 837 1937 885 nisi
1962 848 2125 903 patere
2146 840 2280 904 quod
2295 840 2510 888 clausum

378 919 473 965 est?
496 939 519 961 »
545 917 637 963 Sed
659 917 895 963 incassum
912 953 924 977 ,
946 916 1136 980 inquies
1151 953 1164 976 ,
1187 915 1483 976 laboramus,
1509 916 1548 962 si
1570 916 1620 963 id
1645 917 1832 982 aperire
1852 919 2127 982 quaerimus,
2153 929 2236 966 aut
2255 920 2391 984 quod
2409 921 2509 985 jam

376 1015 462 1062 per
485 998 599 1045 alios
622 1005 691 1043 est
714 1006 933 1060 apertum
951 1033 964 1057 ,
991 1006 1046 1043 ut
1074 1005 1242 1043 nostro
1269 995 1464 1043 ulterius
1486 994 1651 1044 labore
1674 1012 1797 1062 opus
1818 1013 1921 1045 nou
1941 999 2025 1060 sit,
2051 1008 2134 1046 aut
2160 999 2364 1047 omnino
2386 1015 2511 1066 ape-

376 1077 455 1124 riri
477 1094 573 1124 non
603 1085 777 1142 potest,
818 1085 871 1122 ut
903 1075 1022 1122 illud
1058 1075 1281 1124 videlicet
1314 1074 1555 1123 ineffabile
1588 1076 1829 1125 Trinitatis
1859 1079 2156 1144 mysterium.
2199 1081 2256 1125 Et
2292 1078 2510 1143 profecto

376 1155 494 1203 nihil
516 1155 608 1203 hoc
628 1156 799 1202 veriuS.
826 1155 921 1203 Sed
941 1156 980 1202 si
1002 1155 1098 1203 hoc
1121 1156 1295 1220 aperiri
1315 1172 1419 1203 non
1437 1165 1594 1221 potest
1615 1155 1676 1203 ab
1700 1156 1900 1204 homine
1914 1195 1926 1217 ,
1965 1158 2081 1222 quid
2114 1167 2315 1222 egerunt
2356 1161 2508 1208 sancti

376 1238 533 1283 Patres
549 1272 563 1297 ,
589 1237 671 1301 qui
692 1243 760 1283 tot
781 1236 925 1283 nobis
943 1236 1005 1283 de
1024 1237 1251 1284 Trinitate
1266 1246 1497 1284 tractatus
1516 1236 1849 1302 reliquerunt?
1882 1238 1931 1285 Si
1962 1254 2079 1286 vero
2114 1238 2197 1303 qui
2226 1237 2288 1286 de
2309 1255 2365 1287 ea
2387 1249 2508 1287 trac-

375 1325 618 1375 taverunt,
656 1316 831 1363 docere
866 1316 999 1381 quod
1034 1316 1351 1364 intendebant
1378 1326 1668 1381 potuerunt,
1703 1327 1751 1365 et
1773 1317 1907 1382 quod
1928 1318 2145 1366 clausum
2165 1327 2268 1366 erat
2289 1320 2473 1384 aperire
2494 1356 2506 1379 ,

373 1395 488 1459 quid
510 1411 631 1459 opus
652 1406 752 1443 erat
790 1413 942 1443 unum
973 1407 1084 1461 post
1119 1397 1268 1444 alium
1301 1395 1536 1454 scribere,
1581 1406 1628 1444 et
1657 1397 1898 1461 quodville
1925 1398 2026 1462 jam
2063 1407 2342 1464 aperuerat,
2378 1397 2509 1446 hunc

373 1485 536 1545 postea
554 1473 794 1523 reserare?
820 1475 1068 1541 Quidquid
1092 1476 1268 1523 horum
1294 1476 1520 1540 quislibet
1538 1476 1820 1537 constituat,
1847 1477 1998 1524 miror
2019 1494 2118 1542 qua
2137 1492 2215 1525 me
2241 1478 2400 1526 fronte
2424 1477 2507 1526 ali-

373 1556 478 1618 quis
500 1565 686 1618 arguat,
714 1557 754 1603 si
776 1566 1046 1603 ceterorum
1069 1556 1129 1604 de
1151 1555 1227 1603 his
1250 1556 1565 1604 scribentium
1588 1555 1945 1621 providentiam
1967 1557 2131 1605 laudet
2151 1595 2164 1620 ,
2189 1557 2280 1605 nisi
2310 1557 2436 1605 forte
2457 1558 2507 1605 in

373 1634 467 1682 hoc
486 1641 814 1701 nostrumjam
836 1637 1024 1702 penitus
1048 1637 1340 1702 superfluere
1373 1646 1630 1684 tractatum
1664 1636 1819 1696 dicat,
1865 1636 2000 1701 quod
2033 1646 2081 1684 et
2122 1636 2316 1684 illorum
2356 1636 2508 1685 docu—

374 1726 530 1763 menta
552 1715 814 1778 sufficiant,
838 1726 885 1764 et
907 1717 1048 1765 nullae
1066 1717 1167 1782 jam
1189 1716 1386 1764 ulterius
1411 1716 1586 1781 quibus
1610 1715 1926 1764 resistendum
1948 1717 2009 1764 sit
2031 1716 2268 1782 pullulent
2285 1715 2504 1778 haereses,

376 1795 446 1842 vel
470 1795 607 1843 nullae
629 1796 688 1843 de
710 1807 875 1845 nostra
893 1797 989 1845 fide
1011 1798 1251 1863 supersint
1275 1796 1623 1857 dubitationes,
1652 1813 1760 1861 quae
1780 1795 2018 1861 aliquibus
2046 1796 2313 1844 rationibus
2341 1796 2416 1844 vel
2447 1797 2508 1861 ad

373 1874 715 1923 documentum
738 1877 812 1924 vel
834 1877 895 1925 ad
920 1877 1251 1926 defensionem
1273 1879 1374 1942 ejus
1399 1894 1537 1941 egere
1563 1876 1832 1938 videantur,
1860 1886 2003 1940 atque
2028 1877 2214 1925 utinam
2238 1877 2304 1923 ita
2337 1877 2415 1924 sit.
2452 1878 2509 1924 At

373 1971 486 2004 vero
510 1966 561 2002 ut
589 1958 889 2005 innumeram
925 1958 1282 2008 multitudinem
1314 1957 1611 2017 infidelium,
1655 1973 1761 2021 quae
1799 1966 1931 2005 extra
1967 1956 2229 2004 Ecclesiam
2272 1965 2368 2016 est,
2409 1965 2508 2003 tam

372 2035 641 2084 Judaeorum
680 2038 856 2086 scilicet
895 2055 1045 2103 quam
1075 2038 1420 2101 Etlmicorum,
1446 2048 1750 2104 praeteream,
1786 2036 1893 2102 quis
1926 2037 1990 2084 ita
2020 2053 2189 2084 omnes
2210 2035 2411 2085 haereses
2433 2052 2507 2084 re—

372 2132 555 2179 pressas
578 2118 790 2183 profiteri
813 2119 1011 2181 audeat,
1034 2129 1089 2167 ut
1099 2120 1202 2184 jam
1220 2118 1352 2167 nulla
1370 2119 1502 2185 apud
1524 2135 1615 2166 nos
1637 2117 1751 2166 fidei
1772 2118 1868 2165 sint
1889 2117 2144 2165 s'chismata
2161 2153 2174 2178 ,
2213 2115 2356 2164 nullae
2384 2114 2508 2164 ulte·-

373 2196 469 2242 rius
496 2197 659 2246 futurae
685 2200 779 2246 sint
799 2200 1148 2248 dissensiones?
1172 2203 1439 2264 Quousque
1464 2199 1594 2247 enim
1613 2199 1774 2264 paleas
1797 2215 1909 2246 cum
1931 2197 2088 2261 granis
2110 2213 2318 2262 praesens
2341 2196 2506 2244 Eccle-

372 2277 440 2322 sia
461 2277 784 2327 indifferenter
820 2280 1112 2342 continebit,
1156 2297 1247 2328 nec
1268 2280 1411 2327 messi
1453 2279 1652 2327 Domini
1679 2279 1902 2336 inimicus
1939 2277 2092 2325 homo
2127 2276 2508 2342 superseminare

374 2355 550 2403 zizania
573 2359 806 2408 cessabit?
831 2360 988 2408 donec
1017 2360 1240 2408 videlicet
1270 2361 1320 2407 in
1345 2359 1442 2407 fine
1463 2359 1612 2407 seculi
1635 2375 1868 2406 messores
1899 2357 2070 2421 Angeli
2091 2358 2179 2404 Dei
2201 2356 2380 2404 zizania
2407 2354 2509 2403 col-

372 2434 519 2498 ligant
544 2439 592 2484 in
618 2439 864 2488 fasciculos
881 2477 894 2500 ,
920 2451 969 2488 et
992 2442 1040 2488 in
1061 2441 1221 2505 ignem
1240 2456 1433 2488 arsuros
1454 2441 1663 2487 mittant.
1697 2442 1804 2486 Non
1826 2446 2030 2502 possunt
2053 2435 2375 2496 schismatici,
2407 2451 2505 2483 non

372 2527 571 2578 possunt
593 2518 752 2567 deesse
775 2520 982 2568 haeretici
1000 2558 1012 2582 ,
1051 2537 1141 2569 nec
1165 2521 1293 2568 inter
1315 2521 1596 2585 scorpiones
1618 2528 1664 2566 et
1692 2527 1936 2583 serpentes
1973 2526 2132 2564 tutum
2168 2514 2352 2581 patebit
2385 2515 2502 2575 iter,

374 2595 457 2641 sed
491 2613 678 2663 semper
701 2600 763 2646 ad
784 2600 1120 2665 probationem
1150 2599 1227 2647 vel
1260 2601 1596 2648 excitationem
1629 2598 1845 2646 fidelium
1873 2596 2071 2645 habebit
2097 2605 2249 2643 mater
2268 2594 2501 2654 Ecclesia,

373 2674 460 2721 sub
479 2677 650 2725 Christi
672 2682 868 2728 nomine
885 2717 897 2740 ,
924 2682 1101 2728 multos
1122 2697 1247 2746 quos
1266 2680 1447 2728 coleret
1468 2678 1823 2727 Anti-Christus
1837 2714 1850 2738 ,
1876 2694 1967 2743 pro
1990 2675 2167 2741 quibus
2190 2674 2506 2738 ingemiscens

375 2756 583 2816 quotidie
607 2758 751 2806 dicat²
774 2779 784 2806 t
818 2780 837 2806 α
861 2765 928 2808 Ex
960 2761 1102 2808 nobis
1132 2762 1374 2823 exierunt,
1404 2761 1490 2808 sed
1510 2777 1569 2807 ex
1592 2759 1734 2807 nobis
1756 2774 1856 2805 non
1880 2766 2039 2816 erant,
2066 2775 2089 2799 2>
2116 2766 2163 2803 et
2191 2754 2367 2802 affectu
2400 2770 2505 2801 ma·-

377 2841 510 2880 terno
547 2853 629 2899 per
668 2839 877 2901 singulos
917 2857 1072 2890 annos
1108 2858 1199 2907 pro
1241 2844 1308 2889 eis
1344 2851 1400 2888 ut
1438 2840 1661 2902 redeant,
1706 2837 1923 2886 immolet
1969 2835 2186 2902 publicas
2232 2835 2505 2882 orationum

377 2910 567 2960 hostias.
599 2919 716 2963 Nam
742 2939 763 2961 c<
790 2930 1001 2983 oportet,
1035 2940 1057 2966 »
1086 2922 1242 2986 inquit
1265 2920 1607 2986 Apostolus³,.«
1633 2918 1839 2966 haereses
1856 2933 1981 2977 esse,
2008 2926 2061 2963 ut
2082 2916 2165 2980 qui
2183 2914 2373 2980 probati
2395 2923 2506 2960 sunt

378 2992 610 3039 manifesti
634 2994 764 3041 fiant.
791 3017 813 3040 >³
839 2999 984 3055 Quod
1009 3001 1213 3047 maxime
1233 3001 1283 3047 in
1307 3000 1577 3047 novissimis
1596 2997 1896 3063 temporibus
1917 2994 2227 3044 Anti-Christi
2244 3008 2394 3055 regno
2418 3008 2504 3056 ap-

377 3073 754 3135 propinquante,
780 3077 990 3124 suturum
1014 3089 1365 3143 exspectamus,
1392 3079 1614 3144 quando,
1643 3079 1776 3142 juxta
1799 3076 2094 3124 dominicam
2114 3082 2162 3120 et
2192 3071 2504 3138 apostolicam

1926 3201 1953 3214 ν

424 3257 429 3274 ¹
446 3253 525 3287 Male
542 3255 620 3295 legit
637 3257 730 3288 Amb.
747 3257 871 3290 decent.
890 3277 926 3283 ·—
946 3260 978 3292 ²1
991 3261 1099 3303 Joan.,
1113 3272 1192 3302 c.11,
1208 3274 1237 3295 v.
1256 3265 1307 3297 19.
1326 3281 1365 3288 -
1383 3263 1419 3295 ³1
1439 3262 1698 3303 corinth.‚cap.
1719 3270 1766 3301 x1,
1779 3270 1810 3293 v.
1830 3261 1879 3294 19-
