2638 3866
253 177 350 225 824

251 280 517 318 Vnam-uns
534 275 791 330 praerogativa
809 275 948 315 enituit
965 276 1006 315 in
1025 276 1216 316 Gentibus
1227 308 1237 328 ,
1262 280 1297 327 Ι,

304 348 322 382 1
332 346 396 384 47.

249 449 374 487 Vmeo
391 446 432 485 in
450 445 672 484 infirmitate
685 445 849 484 carnalis
863 446 1185 498 concupiscentiae
1204 459 1299 486 con-

302 525 413 568 cepta
428 548 438 567 ‚
462 523 506 554 ut
532 515 659 554 caeteri
677 515 854 555 homines
871 546 882 565 ‚
903 519 943 567 Ι,
969 519 1039 556 361
1058 533 1069 566 ;
1095 520 1233 556 Versus
1251 517 1300 558 de

302 585 416 624 beata
435 584 609 638 Virgine,
630 587 664 636 I,
685 587 763 625 328
784 594 822 624 et
842 599 930 638 sqq.

249 706 408 752 Vmws,
427 702 582 742 habitus
607 703 746 741 mentis
768 702 960 755 optimus,
983 705 1042 754 ΙΙ,
1071 705 1174 753 584;
1197 706 1298 755 6815

303 770 449 822 species
472 771 674 820 virtutum,
701 772 800 821 585;
822 784 1066 824 unaquaeque
1084 772 1208 811 virtus
1229 772 1301 812 ha-

302 836 368 876 bet
386 837 522 877 vitium
534 836 869 888 sibicontrarium‚
893 839 992 887 5873
1012 851 1060 876 an
1078 851 1157 876 una
1175 838 1299 878 virtus

303 902 388 941 sine
415 902 562 941 caeteris
588 899 724 941 haberi
748 912 891 955 potest,
920 905 983 952 11,
1008 906 1084 943 680
1099 921 1109 952 ;
1138 904 1300 945 virtutes

299 981 435 1008 omnes
462 982 575 1021 pares
605 982 689 1008 esse
716 969 953 1009 contendere
988 970 1191 1020 insanum,
1220 973 1293 1011 681
1344 980 1345 983 ’

304 1044 342 1074 et
369 1048 478 1087 sqq.;
509 1044 678 1087 quatuor
704 1036 858 1075 virtutis
887 1036 1048 1088 species,
1073 1037 1297 1089 prudentia,

298 1100 461 1151 justitia,
483 1101 685 1153 fortitudo,
707 1102 980 1155 temperantia,
996 1104 1049 1151 11,
1067 1104 1161 1142 685.

249 1219 358 1256 V1s10
377 1217 448 1256 Dei
466 1226 525 1257 est
544 1231 740 1258 summum
763 1219 932 1259 hominis
951 1219 1114 1269 bonum,
1136 1223 1171 1269 I,
1190 1222 1267 1260 306
1285 1235 1296 1269 3

298 1284 352 1331 ΙΙ,
373 1284 475 1333 696;
496 1297 547 1322 an
567 1284 744 1324 accidens
768 1285 933 1325 dicenda
953 1286 1014 1334 sit,
1037 1288 1137 1335 6973
1159 1300 1209 1325 an
1227 1286 1298 1326 ati-

302 1362 381 1401 qua
413 1349 489 1388 loci
521 1350 739 1390 differentia
767 1351 903 1406 augeri
923 1352 985 1392 vel
1012 1352 1135 1392 minui
1154 1361 1294 1407 queat,

307 1416 424 1458 698.-

912 174 1092 222 INDEX
1127 175 1328 224 RERUM
1363 175 1438 222 ET
1472 175 1762 225 NOMINUM.

1379 280 1502 324 Vrns,
1532 278 1745 317 secundum
1787 279 1995 332 plerosque
2033 283 2056 321 J
2058 282 2273 334 udaeorum,
2307 286 2426 327 arbor

1430 343 1597 382 scientiae
1610 343 1704 383 boni
1713 345 1885 398 malique
1895 346 2037 387 dicitur
2045 361 2143 400 esse,
2162 352 2195 399 Ι,
2214 352 2312 400 36.3;
2326 355 2420 393 673.

1372 439 1519 477 Vnum
1539 447 1596 478 est
1614 440 1812 492 corruptio
1831 451 1995 494 naturae,
2017 445 2071 494 11,
2094 446 2160 493 51;
2177 444 2272 484 vitia
2289 454 2424 486 eontra

1425 515 1606 545 naturam
1653 507 1863 557 habemus,
1900 512 1970 549 391
1992 524 2003 559 ;
2050 516 2296 564 unaquaeque
2342 513 2424 552 vir-

1427 579 1489 610 tus
1518 571 1636 612 habet
1665 573 1804 613 vitium
1832 573 1905 613 sibi
1938 574 2197 625 contrarium,
2225 579 2286 627 H,
2318 578 2420 628 587;

1427 638 1625 688 quomodo
1650 638 1833 678 differant
1849 640 1990 679 vitium
2007 649 2045 679 et
2065 650 2285 693 peccatum,
2304 642 2420 693 ibid„-

1426 702 1564 741 vitium
1584 711 1641 742 est
1656 716 1735 755 quo
1759 703 1807 742 ad
1824 705 2066 756 peccandum
2085 706 2200 758 proni
2215 706 2419 757 efficimur,

1429 769 1528 818 5953
1553 769 1654 816 5963
1681 769 1776 807 vitia
1795 770 1925 809 omnia
1948 770 2059 823 paria
2080 783 2164 810 esse
2185 771 2422 811 contendere

1426 832 1622 883 insanum,
1643 836 1696 885 ΙΙ,
1721 836 1815 875 681.

1372 931 1575 970 vomens
1591 929 1697 970 bona
1713 934 1798 971 Deo
1813 931 2042 972 naturaliter
2057 945 2102 972 ac
2121 931 2422 972 substantialiter

1422 997 1538 1050 inest,
1559 1001 1613 1050 H,
1633 1001 1727 1040 561.

1371 1101 1471 1150 Ym,
1490 1099 1531 1138 id
1551 1106 1609 1140 est
1627 1112 1816 1153 corporea
1832 1108 1995 1149 natura,
2010 1102 2052 1151 1,
2076 1101 2179 1148 512;
2203 1111 2291 1138 eam
2310 1097 2420 1138 Plato

1421 1174 1607 1219 tanquam
1629 1175 1793 1206 matrem
1817 1179 2028 1219 corporum
2049 1165 2174 1219 ponit,
2198 1164 2294 1203 ibid.

1371 1264 1477 1302 Zeno
1496 1266 1654 1313 stoicus,
1675 1265 1731 1311 11,
1751 1265 1818 1302 53.
1846 1280 1849 1282 ·

1370 1359 1511 1409 Zzuxrs
1530 1356 1670 1408 pictor,
1687 1359 1721 1419 I?
1743 1357 1847 1404 153;
1869 1356 1965 1409 quid
1981 1356 2031 1397 de
2054 1369 2102 1396 eo
2120 1365 2254 1396 narret
2269 1354 2419 1395 Tullius

1420 1420 1463 1459 in
1481 1421 1681 1460 Rhetorica
1698 1434 1785 1470 sua,
1805 1421 1902 1463 ibid.
2283 1424 2286 1426 ’
