2638 3866
884 192 944 240 ΙΝ
978 191 1312 241 EPISTOL-AM
1347 194 1429 242 AD
1465 194 1767 243 ROMANOS,
2316 201 2404 248 251

190 322 206 342 0
254 292 549 359 pugilatoiiae
572 292 646 340 vel
668 291 958 358 gladiatoriae
992 292 1270 354 insistimus,
1294 305 1347 342 ut
1372 311 1460 360 per
1494 311 1550 343 ea
1576 312 1700 361 quos
1727 296 2023 344 voluerimus
2059 299 2410 364 opprimamus,

254 373 330 421 vel
351 374 400 421 in
420 374 575 422 causis
599 374 811 438 linguam
833 389 1126 435 exercemus,
1151 385 1203 422 ut.
1223 375 1337 423 inde
1355 377 1613 442 pecuniam
1630 377 1955 442 acquiramus,
1974 388 2022 426 et
2037 379 2413 446 quibuscunque

254 454 413 502 modis
436 454 508 502 vel
530 454 742 520 aliquam
770 463 958 519 partem
989 456 1141 502 nostri
1173 458 1394 521 corporis
1423 457 1486 505 ad
1517 457 1703 523 aliqu-id
1731 456 1845 505 mali
1880 459 2185 525 operandum
2226 461 2413 509 facilem

253 537 352 584 sive
374 535 587 584 habilem
610 535 861 584 efficimus.
895 536 1031 584 «Sed
1053 536 1296 598 exhibete,
1319 537 1341 582 >5
1369 539 1419 587 id
1440 549 1528 598 est,
1560 550 1825 606 praeparate
1853 562 1874 584 «
1905 558 1993 589 vos
2016 545 2139 603 Deo,
2167 563 2189 586 »
2218 543 2315 591 hoc
2344 553 2415 592 est

254 616 429 666 divinae
459 617 695 665 voluntati
727 616 899 678 dicate,
933 628 986 666 ut
1012 628 1128 684 pote
1156 635 1244 684 per
1277 618 1425 668 fidem
1448 620 1510 669 ab
1538 637 1600 668 eo
1626 620 1934 687 spiritualiter
1967 624 2177 670 suscitati
2201 640 2229 672 a
2258 634 2415 671 morte

252 698 441 746 animae.
463 701 523 745 Et
545 697 640 746 hoc
663 708 734 746 est
761 718 786 744 «
802 709 1035 764 tanquam
1060 700 1284 748 exhibete
1307 701 1527 749 membra
1543 711 1717 750 vestra.
1757 720 1780 747 υ
1811 706 1869 749 Et
1890 703 2002 767 quia
2022 704 2142 751 fides
2165 705 2268 753 sine
2297 722 2419 772 ope-

252 778 387 827 ribus
407 789 596 827 mor-tua
614 789 702 842 est,
731 780 866 829 addit
889 801 911 826 κ
937 791 984 829 et
1019 781 1239 830 membra
1263 792 1439 844 vestra,
1471 804 1494 826 ι»
1537 782 1716 831 scilicet
1753 783 1976 831 exhibete
2017 805 2037 828 ε(
2065 801 2198 833 arma
2223 786 2415 849 justitiae

252 862 374 919 Deo,
395 880 418 905 »
443 860 494 908 id
514 871 590 909 est
611 862 930 910 instrumenta
953 863 1128 928 quibus
1144 864 1304 911 omnis
1327 864 1390 912 ad
1407 865 1534 928 justa
1569 880 1719 931 opera
1750 874 1930 927 utatur,
1956 866 2103 913 veluti
2130 866 2168 913 si
2203 868 2311 931 quis
2334 867 2417 914 ab·

252 942 478 990 stinentia
498 943 659 1008 gulam
683 943 866 1007 domet,
894 955 948 993 ut
970 945 1106 1010 quod
1130 945 1221 994 sibi
1238 945 1478 994 subtrahit
1506 946 1642 994 alteri
1677 947 1908 1011 largiatur
1929 965 1939 993 z
1962 947 2038 994 vel
2059 963 2231 994 manus
2270 948 2319 994 in
2349 948 2416 995 la-

250 1022 374 1072 bore
396 1035 632 1086 exerceat,
659 1035 713 1072 ut
734 1025 911 1075 habeat
936 1027 1068 1075 unde
1088 1027 1266 1076 tribuat
1289 1029 1624 1076 necessitatem
1650 1029 1852 1095 patienti
1880 1046 1891 1076 ε
1918 1028 1996 1076 vel
2022 1045 2161 1076 aures
2187 1028 2417 1095 praedica-

251 1104 374 1152 tioni
409 1116 455 1154 et
489 1106 659 1154 oculos
690 1124 834 1156 sacrae
871 1108 1069 1157 lectioni
1108 1109 1334 1175 applicet,
1375 1120 1428 1157 ut
1469 1110 1589 1158 alios
1628 1127 1826 1176 quoque
1871 1110 2027 1158 valeat
2070 1110 2279 1171 erudire,
2322 1119 2414 1158 etc.

255 1204 278 1230 «
303 1188 559 1235 Peccatum
582 1188 729 1236 enim.
754 1209 775 1234 n
797 1190 907 1237 Dixi
930 1200 983 1238 ut
1007 1189 1271 1238 exhibeatis
1292 1190 1515 1239 membra
1536 1201 1692 1239 vestra
1715 1195 1838 1252 Deo,
1864 1202 1909 1239 et
1933 1191 1981 1239 id
2006 1193 2246 1258 praecipue
2273 1191 2419 1239 debe·

250 1266 310 1313 tis
324 1277 525 1333 propter
548 1270 821 1334 appositam
842 1272 1042 1336 gratiam
1063 1272 1326 1336 Evangelii,
1353 1282 1400 1319 et
1421 1273 1750 1337 gravissimam
1779 1289 1976 1339 poenam
2011 1273 2128 1338 legis
2159 1282 2416 1320 remotam.

250 1349 309 1394 Et
331 1347 429 1396 hoc
448 1359 518 1396 est
535 1360 807 1414 peccatum,
833 1351 882 1399 id
901 1362 988 1415 est,
1010 1353 1083 1400 lex
1104 1354 1306 1419 peccati,
1333 1353 1383 1400 id
1409 1363 1498 1413 est,
1526 1370 1681 1420 poenae
1701 1353 1860 1419 potius
1883 1370 2031 1418 quam
2053 1354 2227 1417 gratiae.
2274 1372 2297 1398 κ
2319 1355 2422 1399 Vo-

247 1426 341 1490 bis,
366 1449 388 1472 ³>
418 1429 478 1476 ad
505 1430 750 1478 Christum
767 1432 868 1497 jam
892 1435 1155 1496 conversis,
1194 1451 1339 1482 «non
1370 1434 1721 1497 dominabitur,
1757 1436 1779 1478 >5
1816 1434 1867 1482 id
1900 1443 1995 1494 est,
2035 1451 2136 1482 non
2174 1434 2420 1499 opprimet

248 1517 394 1572 atque
430 1510 607 1575 affliget
643 1511 735 1559 illis
768 1513 1148 1563 intolerabilium
1191 1532 1446 1581 poenarum
1484 1516 1728 1563 vindictis.
1772 1515 1912 1563 Unde
1949 1531 2146 1562 causam
2187 1515 2419 1575 annectit,

250 1587 417 1636 dicens
439 1607 449 1635 :
482 1610 505 1633 «
527 1594 634 1638 Non
653 1594 784 1640 enim
808 1594 916 1657 sub,
940 1616 963 1639 »
991 1596 1042 1643 id
1065 1606 1152 1659 est,
1175 1614 1275 1646 non
1297 1598 1408 1644 estis
1426 1597 1527 1662 jam
1550 1597 1641 1645 sub
1667 1596 1898 1661 legalibus
1923 1594 2305 1642 institutionibus
2338 1594 2420 1641 ob-

251 1670 401 1729 noxii,
419 1679 651 1735 tanquam
670 1673 755 1721 illo
777 1675 895 1739 legis
912 1676 1030 1740 jugo
1052 1678 1333 1742 gravissimo
1358 1679 1528 1744 pressi,
1554 1697 1578 1723 «
1595 1678 1791 1725 dentem
1809 1694 1899 1742 pro
1919 1676 2083 1735 dente,
2110 1674 2308 1722 oculum
2329 1692 2419 1739 pro

250 1750 393 1797 oculo
408 1752 437 1810 ¹,
464 1760 578 1813 etc.,
605 1771 627 1798 »
655 1754 739 1802 sed
764 1755 855 1802 sub
881 1758 1031 1820 gratia
1061 1758 1243 1806 scilicet
1269 1759 1530 1824 Evangelii.
1562 1758 1709 1817 Quod
1732 1758 1912 1806 scilicet
1935 1756 2249 1820 Evangelium
2276 1764 2420 1803 testa-

248 1840 471 1878 mentum
494 1834 675 1881 amoris
709 1845 757 1882 et
788 1837 1128 1886 misericordiae
1152 1848 1223 1887 est
1242 1839 1525 1902 dicendum,
1562 1840 1683 1887 sicut
1721 1838 1838 1886 illud
1883 1838 2071 1884 timoris
2112 1847 2159 1884 et
2201 1835 2423 1883 vindictae

248 1911 442 1958 exstitit.
473 1913 615 1961 Unde
651 1925 699 1962 et
732 1916 782 1963 in
820 1916 1014 1966 laudem
1046 1919 1224 1967 Christi
1261 1919 1510 1968 Psalmista
1534 1920 1753 1986 praecinit
1773 1921 1814 1966 ²:
1840 1940 1863 1964 <t
1884 1918 2072 1966 Diffusa
2104 1927 2175 1965 est
2198 1917 2347 1981 gratia
2369 1917 2418 1963 in

247 1989 385 2039 labiis
407 1993 520 2054 tuis,
539 2013 561 2036 >2
582 1994 679 2043 hoc
698 2007 770 2044 est
787 1997 1038 2048 dilatatam
1053 2018 1208 2066 usque
1219 2001 1282 2049 ad
1297 2002 1522 2049 inimicos
1535 2002 1801 2062 caritatem,
1819 2000 1956 2064 juxta
1971 1998 2106 2063 quod
2123 1998 2236 2045 alibi
2249 1997 2364 2044 dicit
2376 1999 2416 2043 ⁸:

253 2093 275 2115 «
298 2075 472 2121 Latum
497 2076 782 2126 mandatum
808 2089 947 2128 tuum
966 2082 1130 2144 nimis,
1161 2101 1184 2126 »
1211 2093 1258 2130 et
1280 2092 1382 2130 tota
1413 2093 1497 2130 tua
1519 2092 1716 2130 resonat
1740 2080 2037 2147 praedicatio.
2074 2082 2192 2136 Quae
2223 2078 2421 2142 quidem

249 2154 413 2201 omnia
434 2155 498 2203 ita
522 2155 699 2205 dimitti
722 2161 956 2226 praecipit,
979 2179 1064 2209 seu
1088 2162 1363 2227 persuadet,
1391 2173 1440 2210 ut
1465 2164 1710 2211 incassum
1746 2176 1996 2226 speremus
2031 2159 2364 2206 remissionem
2395 2174 2422 2205 a

248 2234 352 2280 Deo
373 2246 702 2300 peccatorum,
730 2240 824 2286 nisi
846 2241 1075 2289 omnibus
1099 2259 1269 2290 omnes
1293 2243 1492 2308 injurias
1516 2243 1836 2290 dimittamus.
1879 2260 1902 2285 «
1934 2239 2065 2298 Quid
2101 2255 2217 2303 ergo
2250 2254 2423 2303 pecca-

247 2311 444 2362 bimus?
466 2334 489 2359 »
525 2318 794 2367 Occasione
829 2322 1189 2386 praemissorum
1221 2324 1539 2388 quaestionem
1577 2322 1818 2371 interserit
1848 2331 1994 2386 atque
2035 2319 2179 2367 solvit
2212 2317 2378 2365 dicens
2405 2337 2416 2365 ε

248 2394 379 2451 Quid
402 2411 536 2460 ergo,
557 2398 736 2447 scilicet
759 2400 1024 2450 dicendum
1046 2414 1116 2452 est
1139 2414 1222 2452 aut
1240 2404 1543 2453 tenendum?
1577 2404 1674 2452 hoc
1707 2413 1795 2465 est,
1831 2402 2150 2468 quaestionem
2175 2399 2312 2464 quasi
2345 2415 2421 2447 ra-

248 2473 543 2524 tionabiliter
562 2478 854 2529 incurrimus
879 2483 1035 2531 hanc:
1059 2485 1388 2548 Peccabimus,
1415 2485 1650 2551 quoniam
1672 2501 1773 2532 non
1792 2499 1959 2531 sumus
1981 2480 2072 2528 sub
2097 2480 2228 2543 lege:
2252 2478 2300 2525 id
2326 2488 2414 2539 est,

246 2553 518 2603 libertatem
540 2556 669 2606 hanc
692 2563 852 2624 gratiae
875 2579 1024 2628 quam
1048 2567 1324 2632 accepimus
1341 2576 1681 2614 convertemus
1715 2564 1778 2612 ad
1812 2562 2134 2630 peccandum,
2177 2559 2290 2623 quia
2325 2558 2418 2605 sci-

247 2633 357 2682 licet
381 2637 643 2687 vindictam
675 2641 803 2690 hanc
833 2646 1142 2710 corporalem
1175 2665 1277 2695 non
1310 2646 1575 2695 timemus?
1603 2667 1626 2689 «
1655 2645 1806 2704 Absit,
1843 2664 1867 2689 υ
1902 2642 2036 2708 quod
2067 2639 2293 2687 videlicet
2315 2655 2416 2685 1¹01]

249 2704 370 2763 esset
391 2716 494 2765 haec
515 2719 728 2784 libertas,
758 2724 844 2772 sed
876 2727 1097 2775 servitus.
1132 2731 1191 2775 Et
1216 2728 1313 2775 hoc
1333 2738 1404 2775 est
1426 2727 1560 2792 quod
1584 2726 1785 2774 subdit·
1807 2744 1830 2769 «
1859 2726 1926 2771 An
1951 2722 2162 2782 nescitis,
2196 2739 2220 2765 »
2245 2719 2295 2766 id
2325 2730 2413 2779 est,

249 2802 347 2841 tam
371 2797 532 2845 stolidi
554 2801 666 2847 estis
689 2804 857 2866 quod
844 2808 1095 2868 ignoratis,
1127 2808 1299 2873 «quod
1320 2809 1444 2856 servi
1467 2808 1578 2855 estis
1603 2807 1706 2871 ejus
1730 2806 1809 2853 cui
1830 2821 1917 2852 vos
1943 2801 2218 2869 praeparatis
2254 2817 2418 2847 servos

247 2875 310 2922 ad
341 2875 692 2942 obediendum,
723 2904 745 2926 ι)
784 2883 836 2931 id
859 2896 947 2947 est,
974 2888 1052 2934 cui
1076 2904 1163 2935 vos
1186 2898 1361 2954 sponte
1383 2887 1571 2936 traditis
1597 2904 1700 2934 non
1735 2886 1908 2945 coacti,
1949 2895 2001 2932 ut
2035 2882 2169 2948 quod
2200 2880 2418 2947 praecipit

247 2959 599 3020 exsequamini,
619 2977 720 3008 nou
742 2965 1048 3014 attendentes
1070 2958 1293 3016 videlicet
1316 2986 1378 3017 an
1400 2985 1500 3016 non
1522 2969 1583 3015 sit
1603 2967 1900 3026 faciendum,
1928 2964 2011 3012 sed
2037 2962 2170 3028 quod
2195 2963 2256 3009 sit
2279 2960 2341 3008 ab
2357 2978 2416 3008 eo

247 3047 560 3103 praeceptum,
585 3060 605 3085 «
636 3042 736 3090 sive
759 3047 959 3109 peccati,
978 3066 1002 3093 »
1026 3047 1077 3095 id
1100 3059 1188 3109 est,
1215 3066 1374 3116 pravae
1400 3048 1663 3096 voluntatis
1689 3046 1911 3095 ducentis
1934 3045 1996 3092 ad
2019 3053 2247 3103 mortem,
2270 3042 2319 3089 id
2347 3051 2417 3089 est

248 3114 631 3184 damnationem,
658 3125 796 3188 quasi
825 3129 1158 3191 suggestione
1182 3130 1503 3196 praecipientis
1524 3145 1674 3196 prava
1695 3143 1862 3194 opera,
1891 3147 1914 3170 «
1936 3126 2036 3174 sive
2060 3122 2372 3182 obeditioniS,
2390 3140 2413 3165 >›

293 3255 442 3294 ¹Exod„
459 3267 489 3290 c.
516 3268 589 3302 xxi,
608 3269 639 3294 v.
656 3263 710 3296 24.
723 3281 763 3287 —
777 3265 931 3298 ²Psalm.
953 3275 1043 3310 κων,
1060 3276 1090 3302 v.
1111 3269 1142 3302 3.
1157 3286 1195 3292 -
1214 3269 1226 3289 ³
1239 3268 1372 3302 Psalm.
1391 3276 1512 3308 cxviii,
1529 3277 1561 3300 v.
1579 3269 1631 3301 96.
1645 3284 1684 3291 —
1702 3267 1712 3287 ⁴
1729 3266 1827 3299 Amb.
1845 3265 2051 3306 Suqqe-rem,
2068 3269 2142 3303 qnae
2158 3268 2223 3294 vox
2238 3260 2336 3292 latina
2347 3265 2414 3291 ⁰⁰¹¹

252 3311 318 3349 est,
337 3311 458 3343 nedum
475 3322 608 3347 sensum
626 3316 766 3358 aliquem
783 3320 946 3360 praeserat.
