2638 3866
818 232 880 282 ΙΝ
912 229 1247 280 EPISTOLAM
1280 231 1361 281 AD
1395 230 1697 282 ROMANOS.
2233 233 2330 282 247

180 340 374 400 mortui,
412 336 724 406 pergratiam
753 333 933 384 scilicet
969 332 1112 382 nobis
1153 334 1379 383 collatam
1414 333 1476 382 de
1504 332 1788 381 remissione
1820 332 1965 380 etiam
1998 342 2326 399 peccatorum.

183 442 206 467 (ι
228 424 301 470 An
335 418 585 485 ignoratis.
609 437 632 463 »
668 419 733 466 Ac
760 415 800 464 si
832 413 1013 463 diceret
1041 432 1051 460 ε
1093 414 1250 463 Etiam
1277 415 1383 481 ipso
1413 422 1712 463 sacramento
1742 423 1790 461 et
1825 412 2139 462 similitudine
2165 416 2334 464 mortis

179 501 372 563 Christi,
402 515 549 564 quam
572 495 821 564 accepistis
843 495 894 542 in
917 493 1180 561 baptismo,
1203 494 1556 555 admonemini,
1581 503 1841 562 postquam
1869 494 2047 542 mortui
2079 494 2190 544 facti
2222 496 2334 545 estis

179 590 399 649 peccam,
415 596 516 629 non
537 595 640 628 esse
658 575 922 627 vivendum
945 577 996 624 in
1022 575 1124 624 illo.
1154 576 1286 625 Sicut
1305 578 1434 625 enim
1454 575 1533 625 ille
1554 574 1702 624 semel
1721 585 1939 623 mortuus
1961 592 2167 642 corpore
2186 578 2335 626 semel

179 661 440 711 resurrexit
462 677 491 709 a
512 668 688 720 morte,
727 673 829 706 non
865 657 992 705 ultra
1025 657 1206 705 scilicet
1238 658 1503 706 moriturus
1527 675 1538 705 ε
1564 658 1631 705 ita
1655 665 1704 704 et
1726 672 1813 705 vos
1836 673 1866 704 a
1887 666 2042 705 morte
2068 658 2258 718 animae,
2283 658 2334 706 id

179 752 252 791 est
272 750 492 809 peccato,
521 757 610 807 per
627 739 826 804 gratiam
848 737 1078 805 baptismi
1104 737 1298 799 Christi,
1321 755 1422 787 non
1450 737 1668 800 Joannis,
1701 737 1907 796 liberati,
1935 737 2091 785 redire
2120 737 2183 786 ad
2214 754 2335 804 pec·

179 831 343 871 catum
364 838 467 870 non
491 820 697 870 debetiS.
726 821 784 867 Et
804 818 902 868 hoc
926 828 997 867 est
1024 836 1035 866 :
1066 818 1298 883 Nunquid
1319 837 1409 869 vos
1430 820 1515 885 qui
1538 818 1604 867 ita
1626 818 1890 885 opponitiS,
1925 818 2154 882 ignoratis
2176 834 2337 867 sacra-

179 912 417 963 mentum,
452 900 505 950 id
541 911 612 950 est
650 898 1079 949 sanctificationem
1112 899 1340 966 baptismi
1372 900 1566 961 Christi,
1605 898 1656 947 id
1679 908 1751 947 est
1778 899 2009 963 ignoratis
2028 898 2163 963 quod
2186 901 2334 965 «qui-

178 998 372 1049 cunque
406 981 638 1048 baptizati
669 997 836 1030 sumus
863 981 914 1029 in
941 979 1131 1028 Christo
1156 982 1286 1041 Jesu,
1311 1000 1335 1026 n
1373 980 1424 1029 id
1446 990 1517 1029 est
1544 979 1832 1046 baptismate
1864 980 1966 1044 ejus
1995 980 2155 1044 potius
2192 995 2337 1045 quam

178 1063 394 1127 Joannis,
423 1082 448 1109 «
472 1080 638 1111 sumus
654 1062 885 1129 baptizati
904 1062 955 1109 in
981 1071 1136 1110 morte
1154 1062 1331 1128 ipsius?
1354 1080 1379 1108 »
1405 1061 1457 1109 id
1481 1070 1571 1124 est,
1600 1061 1651 1108 in
1681 1059 1994 1108 similitudine
2026 1070 2073 1108 et
2100 1060 2339 1125 significa-

179 1143 311 1192 tione
326 1143 592 1211 corporalis
619 1143 808 1203 mortiS,
835 1143 958 1191 sicut
982 1142 1165 1191 dictum
1188 1152 1277 1205 est,
1295 1152 1351 1190 ut
1371 1141 1596 1190 videlicet
1616 1141 1739 1189 sicut
1759 1141 1840 1189 ille
1863 1140 2009 1189 semel
2027 1150 2248 1191 mortuus
2268 1153 2338 1192 est

178 1239 384 1290 corpore
409 1234 457 1273 et
479 1225 767 1292 resurrexit,
795 1225 861 1272 ita
885 1233 934 1272 et
955 1240 1046 1272 nos
1065 1223 1212 1272 semel
1235 1223 1362 1271 mori
1384 1232 1584 1289 peccato
1608 1223 1837 1282 nitamur,
1863 1232 1911 1270 et
1941 1238 2042 1270 non
2065 1223 2191 1272 ultra
2219 1223 2338 1272 velle

175 1319 394 1369 peccare,
433 1305 625 1353 etiamsi
653 1321 742 1371 per
769 1305 1105 1372 poenitentiam
1138 1303 1384 1353 valeamus
1426 1319 1695 1368 resurgere.
1749 1321 1773 1348 α
1807 1302 2089 1369 Consepulti
2125 1304 2272 1352 enim.
2309 1326 2333 1349 n

176 1387 288 1433 Post
311 1385 678 1434 similitudinem
699 1386 868 1434 mortis
892 1395 939 1434 et
962 1385 1222 1451 sepulturae
1247 1385 1466 1449 adjungit
1490 1385 1633 1432 etiam
1650 1384 2035 1444 resurrectionis,
2061 1384 2225 1433 dicens
2247 1401 2338 1434 nos

178 1464 241 1513 ad
261 1463 368 1514 hoc*
380 1466 430 1513 in
454 1465 702 1532 baptismo
721 1466 1032 1532 consepultos
1054 1482 1158 1513 esse
1181 1465 1373 1513 Christo
1398 1465 1450 1512 in
1472 1475 1628 1513 morte
1648 1464 1851 1531 peccati,
1869 1463 1920 1512 id
1942 1473 2012 1512 est
2024 1465 2339 1514 similitudine

177 1545 338 1594 tridua
359 1546 462 1611 ejus
486 1547 762 1614 sepulturae,
783 1564 870 1613 per
893 1563 1041 1612 quam
1061 1546 1299 1594 morimur
1317 1555 1517 1611 peccato
1540 1547 1822 1611 accepisse¹,
1846 1545 1908 1594 ad
1927 1545 2024 1593 hoc
2045 1546 2246 1611 inquam
2264 1557 2335 1608 ut,

182 1644 206 1671 «
229 1627 482 1691 quomodo
505 1627 725 1676 Christus
749 1628 896 1677 semel
929 1628 1204 1688 resurrexit,
1229 1647 1252 1671 >2
1278 1629 1408 1674 non²
1430 1627 1607 1674 iterum
1629 1642 1826 1673 casurus
1856 1626 1906 1672 in
1938 1635 2166 1687 mortem,
2206 1646 2229 1672 κ
2254 1643 2341 1693 per

179 1707 382 1771 gloriam
409 1709 501 1756 Dei
537 1708 707 1771 Patris,
735 1729 758 1753 »
785 1708 837 1756 id
864 1718 935 1756 est
965 1724 1053 1774 per
1081 1708 1351 1773 potentiam
1384 1706 1665 1767 divinitatiS,
1701 1723 1808 1771 quae
1839 1706 2107 1772 specialiter
2141 1709 2341 1758 nomine

176 1788 328 1835 Patris
351 1788 653 1854 exprimitur,
679 1789 745 1838 ita
775 1806 867 1837 nos
898 1788 1203 1837 ambulemus
1234 1804 1322 1854 per
1349 1787 1525 1852 gradus
1551 1788 1802 1849 virtutum,
1828 1803 1934 1852 quae
1962 1804 2147 1836 novum
2179 1789 2340 1838 homi·

178 1883 292 1915 nem
313 1867 513 1931 faciunt,
539 1885 642 1917 non
666 1878 958 1918 revertentes
989 1868 1053 1917 ad
1074 1869 1188 1917 vitia
1217 1885 1323 1934 quae
1357 1877 1471 1916 sunt
1499 1885 1630 1917 mors
1652 1869 1844 1918 animae.
1883 1888 1906 1915 «
1935 1869 1984 1916 Si
2007 1869 2156 1917 enim.
2178 1888 2203 1915 »
2230 1871 2340 1919 Dixi

176 1961 268 1995 nos
290 1949 533 2015 accepisse
555 1949 926 1999 similitudinem
950 1950 1122 1998 mortis
1138 1958 1186 1999 et
1207 1950 1463 2016 sepulturae
1484 1950 1661 1998 Christi
1677 1951 1727 1998 in
1746 1950 2006 2016 baptismo,
2033 1959 2087 1998 ut
2120 1951 2341 2000 similitu·

177 2026 343 2076 dinem
370 2031 734 2079 resurrectionis
769 2049 857 2098 per
888 2031 1157 2080 novitatem
1194 2031 1303 2079 vitae
1340 2041 1607 2080 teneamus.
1641 2035 1700 2079 Et
1734 2032 1926 2094 merito,
1961 2053 1985 2078 <c
2004 2032 2129 2090 Quia
2146 2031 2186 2079 si
2205 2048 2339 2080 com-

177 2106 379 2173 plantati
403 2110 634 2159 fuerimus
654 2111 958 2160 similitudini
978 2112 1166 2172 mortiS,
1190 2111 1366 2159 Christi
1392 2131 1417 2158 >2
1450 2112 1500 2160 id
1526 2122 1613 2174 est,
1645 2114 1685 2160 si
1713 2112 1864 2178 gratia
1880 2111 2198 2178 baptismatis,
2231 2129 2336 2176 quae

178 2197 250 2236 est
282 2189 547 2238 similitudo
575 2193 748 2240 mortis
777 2192 972 2255 Christi,
1013 2192 1216 2240 firmiter
1249 2191 1450 2241 radicati
1485 2193 1742 2255 fuerimus,
1785 2193 1908 2241 sicut
1946 2193 2024 2241 ille
2063 2193 2339 2241 obedientia

179 2270 347 2316 mortis
375 2269 467 2317 sibi
489 2271 718 2335 injunctae
739 2289 766 2321 a
784 2283 921 2336 patre
946 2272 1211 2320 immobilis
1233 2273 1439 2334 exstitit3
1465 2290 1570 2339 quae
1592 2273 1791 2339 quidem
1815 2290 1947 2322 mors
1970 2274 2072 2339 ejus
2094 2274 2182 2322 fuit
2200 2275 2338 2339 quasi

179 2348 412 2414 plantatio
445 2351 581 2414 grani
612 2351 937 2401 fructificandi
964 2363 1012 2401 et
1044 2353 1415 2420 multiplicandi,
1442 2355 1566 2402 sicut
1596 2355 1698 2421 ipse
1733 2354 1875 2403 dicit³
1901 2374 1911 2402 ε
1948 2375 1971 2401 «
2002 2355 2100 2403 Nisi
2133 2371 2336 2419 granum

179 2428 424 2493 frumenti,
451 2440 567 2493 etc.,
590 2452 613 2476 2>
646 2452 669 2477 <c
697 2433 841 2481 simul
866 2434 1048 2482 erimus
1071 2444 1119 2482 et
1136 2435 1503 2483 resurrectionis
1527 2435 1646 2500 ejus,
1679 2454 1702 2481 »
1727 2435 1777 2484 id
1801 2446 1873 2484 est
1893 2435 2231 2502 perveniemus
2252 2452 2339 2501 per

180 2508 356 2572 gradus
375 2511 608 2560 virtutum
639 2512 701 2561 ad
734 2515 1100 2563 resurrectionis
1129 2515 1233 2580 ejus
1264 2515 1486 2581 gloriam,
1521 2517 1620 2564 sive
1645 2516 1708 2564 ad
1731 2519 1885 2583 ipsam
1921 2517 2188 2564 novitatem
2213 2516 2335 2574 vitae,

179 2605 285 2654 quae
303 2600 374 2638 est
395 2591 540 2640 etiam
562 2593 612 2640 in
637 2595 776 2642 terris
801 2595 1025 2660 quaedam
1049 2596 1318 2644 similitudo
1342 2596 1514 2645 futurae
1533 2597 1655 2657 vitae,
1674 2613 1822 2662 quam
1839 2596 2136 2661 resurgendo
2155 2596 2339 2662 primus

182 2668 398 2718 Christus
420 2674 674 2722 nuntiavit.
703 2675 899 2724 Novitas
921 2677 1031 2723 vitae
1053 2685 1139 2738 est,
1167 2686 1222 2724 ut·
1244 2677 1309 2724 ait
1334 2677 1584 2742 Origenes,
1607 2677 1690 2725 ubi
1711 2688 1923 2726 veterem
1945 2677 2195 2724 hominem
2228 2692 2339 2723 cum

182 2749 369 2798 actibus
395 2753 492 2800 suis
526 2753 838 2818 deponimus,
870 2766 919 2804 et
960 2756 1208 2804 induimus
1239 2774 1426 2805 novum
1456 2758 1541 2821 qui
1577 2768 1841 2806 renovatur
1872 2759 1922 2806 in
1955 2757 2201 2823 agnitione
2229 2757 2334 2804 Dei.

183 2830 411 2888 Quotidie
435 2832 502 2880 sic
521 2833 615 2881 dici
638 2843 796 2899 potest
815 2835 919 2901 ipsa
942 2837 1132 2884 novitas
1155 2837 1438 2885 innovanda
1453 2854 1573 2885 esse.
1596 2838 1673 2886 Sic
1689 2838 1820 2886 enim
1843 2837 1960 2885 dicit
1976 2840 2017 2884 ⁴:
2050 2857 2073 2883 <c
2092 2841 2212 2886 Nam
2235 2846 2282 2885 et
2300 2837 2340 2884 is

183 2910 267 2974 qui
291 2910 408 2960 foris
430 2922 501 2960 est
517 2911 671 2960 homo
693 2923 859 2962 noster
880 2917 1235 2981 corrumpitur,
1254 2917 1340 2965 sed
1365 2918 1449 2983 qui
1467 2917 1597 2965 intus
1616 2927 1879 2966 renovatur
1898 2918 1959 2966 de
1982 2917 2061 2967 die
2076 2918 2126 2965 in
2145 2917 2291 2966 diem.
2310 2936 2334 2962 »

184 2991 279 3047 Qui
299 2991 350 3040 in
373 2991 470 3040 fide
491 2992 771 3059 proficiunt,
800 3011 991 3062 semper
1012 2996 1154 3044 bonis
1178 2997 1408 3064 operibus
1429 2998 1664 3064 adjiciunt
1685 3000 1903 3047 meliora.

257 3075 401 3121 «Hoc
432 3074 652 3136 scientes,
681 3093 705 3120 »
743 3075 794 3123 id
823 3085 895 3124 est
925 3077 1225 3127 attendentes
1257 3089 1306 3128 et
1339 3079 1699 3128 considerantes
1732 3079 1782 3127 in
1818 3080 1924 3145 ipso
1959 3095 2134 3143 genere
2170 3078 2338 3127 mortis

217 3277 314 3337 ‘¹Sie
334 3278 543 3317 Amboesius.
572 3282 707 3324 Aliquid
734 3284 849 3318 deesse
875 3284 1004 3319 videtur
1033 3290 1109 3334 ante
1136 3294 1230 3320 acce·
1296 3286 1634 3323 iterum.-³Joann.
1652 3297 1681 3323 c.
1700 3287 1993 3331 x11,v.24.—⁴11
2009 3287 2184 3327 Corinth,
2204 3293 2333 3326 cap-lv.

184 3339 275 3373 ριεεε
294 3356 303 3373 ,
330 3336 367 3366 ut
392 3335 546 3376 qratiam
575 3335 751 3378 baptismi.
782 3356 820 3364 -
851 3338 957 3373 ²Male
984 3338 1082 3374 Amb.
1118 3341 1230 3375 Semel
1295 3351 1326 3375 v.
1350 3342 1400 3376 16.
