2638 3866
817 134 1213 186 INTRODUCTIO
1247 138 1330 187 AD
1363 137 1774 187 THEOLOGIAM.
2282 140 2372 186 149

225 235 446 300 congruit
472 234 678 283 bonitati
709 244 763 283 ut
789 252 879 285 nos
901 236 1023 285 velle
1053 237 1128 286 vel
1160 256 1359 305 poscere
1382 238 1565 305 aliquid
1596 239 1868 306 praecipiat,
1894 238 2029 305 quod
2050 254 2079 287 a
2110 238 2376 288 rectissima

225 315 530 364 ordinatione
554 316 827 380 sejunctum
847 325 918 364 est
933 353 946 377 ,
981 316 1115 381 quod
1143 335 1451 385 nequaquam
1473 319 1740 368 decreverit
1762 337 1863 369 esse
1887 318 2189 368 faciendum?
2210 321 2306 367 Nec
2325 320 2375 368 id

224 396 388 461 utique
409 396 513 445 sine
534 412 695 445 causa.
719 398 827 444 Non
851 397 982 445 enim
1006 397 1057 446 in
1075 396 1154 447 his
1174 408 1364 449 tantum
1386 417 1493 465 quae
1514 398 1661 462 fiunt,
1687 398 1772 447 sed
1793 400 1840 447 in
1866 398 1941 449 his
1966 401 2110 448 etiam
2142 416 2250 465 quae
2273 396 2376 447 fieri

222 493 323 526 non
346 477 582 543 permittit
595 515 608 540 ,
630 492 776 526 causa
796 477 840 526 ei
857 477 1152 528 rationabilis
1169 497 1271 528 non
1297 480 1457 544 deest3
1475 478 1561 528 sed
1579 489 1678 527 tam
1694 478 1796 528 haec
1810 497 1956 545 quam
1975 479 2054 528 illa
2071 497 2159 528 cur
2174 478 2278 527 fieri
2300 480 2373 527 vel

223 574 322 605 non
340 556 439 606 fieri
464 557 740 619 conveniat,
756 557 900 606 nobis
922 557 1274 622 ignorantibus,-
1298 570 1483 626 pensat,
1499 559 1583 625 qui
1599 558 1724 607 mala
1738 560 1881 608 etiam
1896 561 1961 609 ita
1974 560 2100 609 bene
2117 559 2309 609 ordinat
2324 571 2374 607 ut

221 639 364 686 etiam
387 637 577 686 bonum
595 638 656 686 sit
681 637 806 685 mala
831 654 932 687 esse
950 675 963 701 ‚
988 649 1037 688 et
1054 639 1294 705 quidquid
1319 640 1497 700 evenit,
1522 639 1711 688 bonum
1727 640 1788 688 sit
1811 641 2031 700 evenire;
2057 639 2190 688 unde
2215 650 2264 688 et
2286 641 2376 688 mi-

222 718 371 767 rabile
391 718 583 767 videtur
598 735 687 767 cur
703 717 862 783 aliqua
883 735 943 769 ex
961 718 1040 768 his
1057 737 1164 787 quae
1187 721 1416 769 eveniunt
1432 721 1476 769 ei
1491 719 1746 787 displicere
1758 718 2008 780 dicuntur3
2025 729 2108 768 aut
2123 703 2375 785 quomodo

220 815 420 864 peccare
441 797 713 865 probibeat,
730 815 843 848 cum
861 800 963 866 ipsa
975 817 1174 867 quoque
1190 811 1384 868 peccata
1395 800 1584 849 bonum
1604 801 1665 849 sit
1682 816 1808 862 esse,
1829 810 2060 866 tanquam
2079 800 2238 865 aliqua
2256 801 2377 849 nolit

219 896 340 942 esse,
364 897 471 945 quae
495 889 659 928 tamen
678 879 869 929 bonum
893 890 964 929 est
988 898 1111 943 esse,
1130 891 1274 947 atque
1296 881 1420 930 adeo
1437 880 1642 941 bonum,
1666 890 1721 929 ut
1742 881 1979 929 nonnulla
2002 881 2147 928 etiam
2168 881 2375 928 maxima

220 970 416 1026 peccata
434 961 498 1008 ita
518 962 710 1009 evenire
723 960 963 1027 approbet
978 971 1026 1010 et
1039 961 1191 1011 dicat²
1208 980 1220 1010 ε
1240 983 1263 1007 «
1279 965 1479 1011 Necesse
1493 971 1563 1010 est
1582 962 1712 1009 enim
1732 971 1783 1009 ut
1802 961 1998 1009 veniant
2020 960 2268 1022 scandala3
2296 978 2375 1007 ve-

219 1051 489 1089 rumtamen
507 1058 577 1089 vae
590 1041 656 1089 illi
669 1058 758 1108 per
770 1059 916 1107 quem
927 1043 1209 1092 scandalum
1225 1044 1372 1091 venit.
1385 1062 1408 1089 >³
1428 1042 1558 1102 Quid
1578 1052 1648 1092 est
1658 1052 1820 1091 autem
1842 1060 1854 1090 t
1879 1063 1902 1086 «
1919 1043 1996 1089 Vae
2014 1041 2100 1102 illi,
2120 1059 2143 1084 »
2158 1041 2249 1089 nisi
2264 1057 2375 1089 eum

219 1121 283 1170 ob
302 1122 399 1171 hoc
417 1121 666 1184 damnari,
690 1122 826 1189 quod
846 1131 1007 1173 tamen
1025 1141 1113 1192 per
1134 1141 1249 1173 eum
1264 1123 1369 1173 fieri
1389 1123 1674 1191 oportebat?
1702 1122 1773 1172 Ad
1793 1122 1928 1189 quod
1955 1139 2069 1172 eum
2100 1121 2374 1170 faciendum

217 1205 318 1269 ipse
334 1220 531 1271 quoque
546 1205 786 1253 Dominus
800 1204 1040 1271 elegerat?
1065 1205 1206 1254 Unde
1222 1215 1271 1254 et
1293 1206 1386 1254 ait²
1407 1223 1420 1254 z
1438 1225 1461 1249 «
1479 1204 1726 1270 Numquid
1750 1220 1841 1268 ego
1860 1203 2119 1251 duodecim
2133 1219 2221 1250 vos
2235 1202 2349 1268 elegi
2361 1242 2371 1261 ‚

216 1294 262 1331 et
286 1300 413 1332 unus
429 1301 487 1332 ex
510 1283 652 1333 vobis
671 1283 895 1334 diabolus
917 1287 1021 1335 est?
1047 1307 1069 1331 n
1099 1286 1183 1335 Ille
1203 1285 1423 1353 profecto
1443 1302 1615 1352 quem,
1639 1295 1689 1333 ut
1711 1285 1777 1332 ait
1800 1284 2110 1350 AugustinuS‚
2139 1283 2202 1331 ad
2219 1283 2373 1331 effun-

216 1362 434 1412 dendum
453 1366 737 1431 sanguinem
758 1383 902 1414 suum
924 1366 1151 1431 elegerat,
1172 1376 1227 1414 ut
1250 1376 1384 1415 tanto
1407 1366 1509 1431 ejus
1540 1365 1670 1415 malo
1695 1365 1746 1413 in
1776 1373 1910 1412 tanta
1930 1363 2188 1411 hominum
2223 1362 2373 1411 salute

216 1452 447 1492 uteretur.
492 1445 757 1504 Quomodo
806 1456 970 1495 autem
1008 1464 1121 1495 eum
1160 1446 1223 1495 ad
1260 1446 1357 1495 hoc
1408 1445 1684 1496 faciendum
1722 1445 1915 1510 elegerit
1935 1480 1948 1502 ‚
1999 1444 2092 1491 nisi
2127 1442 2223 1491 hoc
2261 1459 2373 1491 eum

216 1524 368 1573 facere
394 1524 711 1575 convenerit?
735 1529 798 1574 Ut
817 1526 1042 1575 videlicet
1067 1543 1154 1593 per
1179 1527 1281 1593 ejus
1314 1527 1625 1576 traditionem
1661 1525 1878 1573 Christus
1909 1541 1937 1572 a
1967 1523 2143 1572 Judaeis
2180 1523 2372 1572 occide-

216 1614 368 1665 retur,
394 1614 443 1653 et
476 1606 544 1654 sic
577 1623 667 1654 nos
689 1606 948 1655 redimeret
972 1617 1128 1656 morte
1151 1624 1254 1657 sua.
1290 1608 1338 1655 Si
1370 1607 1502 1656 enim
1531 1606 1721 1654 bonum
1755 1614 1857 1654 erat
1894 1621 1985 1653 nos
2014 1603 2187 1652 redimi
2218 1610 2373 1651 morte

215 1684 411 1746 Christi,
431 1686 683 1751 quomodo
707 1703 809 1735 non
828 1687 1019 1736 bonum
1043 1687 1130 1735 fuit
1154 1705 1267 1736 eum
1288 1688 1412 1735 mori
1427 1687 1503 1736 vel
1523 1685 1681 1735 occidi
1703 1702 1794 1752 pro
1817 1693 1983 1733 nostra
2004 1683 2372 1749 redemptione?

215 1766 478 1823 Quomodo
502 1776 662 1815 autem
688 1766 875 1815 bonum
901 1768 988 1816 fuit
1011 1785 1123 1816 eum
1150 1777 1352 1835 propter
1373 1768 1470 1816 hoc
1498 1766 1655 1815 occidi
1672 1802 1685 1827 ,
1715 1765 1807 1813 nisi
1844 1775 1891 1813 et
1921 1764 2108 1812 bonum
2149 1763 2288 1812 fuerit
2310 1764 2371 1811 ab

213 1846 454 1913 aliquibus
479 1865 594 1898 eum
617 1849 803 1913 occidi,
829 1850 906 1898 vel
937 1851 1128 1916 aliquos
1159 1866 1272 1898 eum
1306 1849 1552 1912 occidere,
1576 1857 1630 1896 ut
1653 1848 1751 1896 hoc
1774 1846 1997 1895 videlicet
2031 1844 2145 1893 inde
2180 1845 2373 1893 contin-

212 1931 375 1994 geret?
409 1933 456 1979 Si
491 1942 652 1980 autem
691 1932 880 1981 bonum
917 1933 1034 1994 suit,
1073 1951 1240 1982 nonne
1271 1942 1319 1981 et
1351 1916 1495 1981 nobis
1523 1930 1803 1998 >optandum
1838 1930 1924 1977 fuit
1952 1928 2003 1976 id
2030 1927 2132 1975 fieri
2158 1927 2291 1991 quod
2327 1937 2373 1974 et

205 2011 315 2072 fieri
338 2013 620 2079 oportebat,
648 2024 695 2063 et
716 2024 890 2063 nostrae
905 2015 1159 2063 salvationi
1182 2015 1391 2062 maxime
1414 2011 1744 2077 congruebat?
1770 2009 2036 2070 Quomodo
2057 2018 2218 2056 autem
2243 2024 2372 2055 mors

212 2092 386 2141 Christi
410 2093 552 2142 nobis
571 2094 785 2162 optanda
810 2095 924 2157 fuit,
950 2095 1027 2144 vel
1049 2097 1208 2163 passio
1234 2096 1336 2160 ejus
1357 2093 1680 2142 desideranda
1695 2133 1708 2151 ,
1740 2094 1779 2140 si
1811 2108 1868 2139 ea
1887 2091 1990 2137 sine
2011 2098 2211 2154 peccato
2235 2104 2371 2135 com-

213 2174 336 2222 mitti
359 2191 459 2222 non
479 2175 662 2240 potuit,
690 2193 803 2223 cum
827 2177 1061 2225 innocens
1084 2175 1436 2224 interficeretur
1457 2174 1518 2223 ab
1537 2175 1718 2240 impiis,
1740 2173 1832 2220 nisi
1855 2171 1999 2220 etiam
2019 2170 2207 2217 bonum
2232 2169 2372 2216 fuerit

213 2264 311 2301 tam
335 2255 647 2303 innocentem
671 2255 732 2303 ab
757 2256 918 2322 impiis
943 2256 1127 2305 occidi?
1150 2257 1371 2322 Denique
1386 2292 1398 2316 ,
1425 2254 1679 2321 quomodo
1706 2254 1850 2301 etiam
1874 2252 1976 2317 ipse
1995 2249 2224 2307 voluerit,
2251 2248 2371 2295 sicut

211 2335 443 2399 scriptum
464 2337 556 2382 est⁸
577 2353 587 2382 :
611 2355 635 2380 «
662 2335 867 2384 Oblatus
889 2346 962 2384 est
981 2337 1094 2402 quia
1110 2337 1211 2402 ipse
1230 2337 1409 2396 voluit;
1429 2355 1451 2381 »
1469 2336 1566 2384 et‘:
1594 2355 1618 2381 «
1642 2338 1792 2382 Nemo
1804 2332 1929 2381 tollit
1942 2332 2156 2379 animam
2172 2345 2370 2376 meama

212 2430 307 2471 me,
324 2415 406 2462 sed
422 2432 512 2479 ego
534 2433 667 2481 pono
682 2433 807 2478 eam,
826 2436 849 2463 ι)
872 2418 965 2465 nisi
977 2427 1024 2466 et
1042 2417 1204 2466 hocin
1220 2434 1333 2465 eum
1355 2417 1459 2465 fieri
1474 2416 1662 2464 bonum
1676 2414 1830 2463 esset?
1844 2413 1990 2472 Quod
2007 2422 2169 2461 tamen
2186 2425 2370 2472 nequa-

211 2510 356 2557 quam
374 2496 475 2544 sine
498 2507 694 2562 peccato
717 2499 983 2563 perpetrari
1000 2507 1189 2547 constat
1198 2518 1210 2558 ;
1233 2508 1287 2546 ut
1302 2500 1370 2547 sic
1383 2514 1581 2564 quoque
1605 2497 1655 2544 in
1676 2512 1788 2544 eum
1811 2495 2002 2561 peccari
2019 2493 2206 2541 bonum
2223 2499 2363 2550 esset,

211 2577 428 2638 quamvis
450 2579 611 2642 ipsum
636 2588 890 2644 peccatum
913 2579 1188 2628 nullatenus
1210 2596 1310 2628 esse
1332 2580 1522 2628 bonum
1546 2587 1719 2645 potest.

276 2655 502 2721 (Explicit
514 2646 650 2722 juxta
672 2659 930 2726 exemplar.
950 2660 968 2724 )

256 2828 406 2869 'Matth.,
425 2838 497 2871 cap.
513 2832 565 2872 18,
580 2839 609 2865 v.
627 2833 656 2864 7.
678 2848 715 2854 -—
731 2832 742 2851 ²
755 2830 866 2874 Joan.,
882 2841 953 2874 cap.
970 2841 1015 2874 vi,
1033 2841 1063 2865 v.
1083 2834 1135 2865 71.
1154 2832 1214 2855 —³
1228 2831 1328 2873 lsai„
1348 2839 1421 2871 cap.
1440 2839 1509 2871 uu,
1526 2840 1556 2863 v.
1578 2833 1609 2864 τ.
1625 2848 1663 2854 --
1680 2831 1691 2851 ⁴
1708 2828 1816 2869 Joau„
1835 2837 1909 2870 cap.
1927 2837 1964 2869 x,
1989 2836 2017 2859 v.
2042 2829 2092 2861 18.

1150 3019 1427 3030 --——-—-—-
