2638 3866
1134 254 1446 305 DlALOGUS.
2266 250 2362 298 673

217 372 384 405 verum
412 356 579 422 utique
598 366 668 404 est
690 366 837 422 atque
857 353 1113 420 liquidum.
1147 357 1242 406 Sed
1269 357 1366 405 hoc
1387 357 1456 405 eis
1480 356 1654 405 accidit
1677 355 1979 414 hominibus,
2009 356 2091 420 qui
2118 351 2363 402 rationalis

216 438 386 504 peritia
408 437 724 504 philosophiae
754 447 801 485 et
832 447 1227 501 argumentorum
1254 447 1420 486 carent
1449 436 1769 496 discretione3
1795 436 1960 501 quales
1991 452 2041 484 se
2070 435 2221 483 Judaei
2244 450 2363 500 pro-

218 517 413 566 fitentur
442 534 560 580 esse,
590 518 674 583 qui
696 531 785 584 pro
810 518 1104 581 argumentis
1126 518 1263 582 signa
1284 519 1562 583 requirunt,
1586 528 1635 566 et
1657 519 1936 583 quicunque
1965 533 2106 564 suum
2143 517 2191 563 in
2224 514 2364 563 dictis

216 599 409 647 alterius
430 599 702 665 praesidium
733 605 956 664 ponunt3
987 608 1217 662 tanquam
1246 599 1306 646 de
1335 600 1618 647 auctoritate
1640 599 1715 646 vel
1745 597 1926 664 scripto
1949 597 2158 645 absentis
2182 596 2365 644 facilius

212 679 472 742 judicetur,
500 695 648 744 quam
670 678 735 727 de
752 679 941 727 ratione
964 678 1038 726 vel
1061 679 1298 726 sententia
1321 680 1582 744 praesentis,
1606 689 1654 727 et
1676 695 1842 726 sensus
1868 679 1992 726 illius
2017 676 2187 724 melius
2217 692 2365 741 quam

216 760 349 807 istius
383 759 533 825 possit
570 758 766 823 inquiri.
803 762 932 807 Dum
963 773 1099 820 vero,
1136 768 1372 823 quantum
1405 759 1645 818 valemus,
1690 759 1752 806 de
1789 768 1951 805 nostra
1988 757 2176 805 solliciti
2214 756 2366 804 salute

218 841 374 889 Deum
405 838 721 905 inquirimus,
759 840 862 904 ejus
894 840 1060 905 utique
1091 839 1283 904 supplet
1306 839 1454 903 gratia
1483 839 1614 903 quod
1651 849 1814 886 nostra
1852 854 1950 885 non
1981 836 2155 884 sufficit
2187 852 2361 901 opera,

217 929 264 967 et
286 919 503 968 volentes
534 920 728 985 adjuvat
754 930 806 968 ut
833 920 1044 986 possint,
1078 921 1162 984 qui
1192 919 1288 967 hoc
1319 920 1477 985 ipsum
1507 919 1651 967 etiam
1683 919 1883 984 inspirat
1919 929 1969 966 ut
1992 917 2156 965 velint.
2196 920 2252 963 Et
2282 918 2365 981 qui

218 1017 341 1067 saepe
369 1001 547 1049 invitos
575 1001 743 1063 trahit,
788 1000 1003 1049 volentes
1040 1017 1142 1048 non
1175 999 1351 1066 rejicit,
1384 1011 1432 1048 et
1465 1001 1635 1048 nitenti
1673 1000 1875 1066 porrigit
1912 999 2156 1046 dexteram
2175 1035 2188 1058 ,
2230 998 2366 1061 cujus

219 1097 418 1145 arguere
440 1097 540 1129 non
565 1091 724 1148 potes-t
754 1081 1110 1147 negligentiam.
1137 1083 1210 1129 De
1232 1098 1332 1146 quo
1355 1098 1442 1128 vos
1478 1082 1578 1146 ipsa
1609 1097 1757 1146 quam
1787 1080 1943 1127 dicitis
1969 1079 2140 1126 veritas
2174 1094 2367 1125 securos

219 1161 434 1210 Christus
466 1161 700 1224 efficiens,
737 1175 951 1225 congrua
983 1161 1297 1210 similitudine
1321 1162 1564 1227 praemissa
1595 1161 1871 1208 subintulit¹
1899 1178 1909 1206 ε
1941 1179 1963 1205 «
1989 1159 2137 1206 Petite
2167 1169 2216 1206 et
2239 1159 2367 1206 acci-

218 1243 372 1307 pietis,
400 1244 595 1308 quaerite
617 1254 664 1291 et
684 1243 953 1301 invenietis,
976 1242 1161 1308 pulsate
1184 1252 1231 1290 et
1245 1243 1485 1308 aperietur
1500 1242 1656 1289 vobis.
1679 1262 1710 1285 »-
1726 1242 1893 1288 Omnis
1906 1242 2035 1287 enim
2052 1240 2135 1303 qui
2158 1240 2276 1305 petit
2297 1255 2368 1286 ac·

217 1323 348 1389 cipit,
381 1333 427 1371 et
449 1322 584 1389 [qui]
609 1324 777 1388 quaerit
795 1323 993 1385 invenit,
1019 1333 1067 1371 et
1093 1339 1140 1388 p.
1169 1339 1212 1370 a.
1250 1326 1367 1382 Quae
1395 1322 1593 1388 quidem
1627 1322 1824 1368 memini
1847 1320 2168 1386 praecedentia
2196 1318 2363 1375 verba,

217 1404 505 1466 Augustinus
522 1421 767 1470 exponens
784 1404 997 1469 quodam
1011 1420 1100 1451 suo
1116 1414 1318 1452 tractatu
1329 1402 1386 1450 de
1399 1401 1733 1451 Misericordia
1746 1401 1902 1466 inquit
1916 1420 1930 1448 .·
1952 1422 1973 1444 «
1994 1401 2142 1448 Petite
2156 1400 2362 1459 orando,

218 1485 416 1549 quaerite
442 1485 758 1551 disputando,
791 1485 977 1551 pulsate
1008 1485 1277 1550 operando.
1309 1505 1332 1530 n
1361 1484 1501 1532 Unde
1524 1493 1570 1532 et
1590 1493 1742 1532 artem
1769 1482 2047 1547 disputandi
2073 1481 2288 1529 secundo
2312 1480 2369 1527 de

221 1563 401 1612 Ordine
422 1565 546 1612 libro
570 1566 739 1613 ceteris
765 1566 1020 1631 praeferens
1043 1566 1325 1631 disciplinis,
1355 1577 1403 1614 et
1428 1576 1657 1629 tanquam
1679 1563 1782 1628 ipsa
1804 1564 1906 1611 sola
1931 1564 2048 1610 sciat
2066 1561 2143 1609 vel
2168 1562 2371 1609 scientes

220 1644 387 1708 faciat,
422 1662 529 1694 eam
551 1646 901 1694 commendans
923 1647 989 1694 ait
1017 1665 1028 1693 ε
1066 1666 1089 1692 «
1118 1647 1431 1712 Disciplinam
1463 1645 1854 1710 disciplinarum,
1892 1660 2039 1707 quam
2069 1642 2369 1690 dialecticam

220 1737 411 1775 vocant„
456 1730 565 1775 Haec
599 1727 741 1775 docet
775 1724 974 1788 docere,
1018 1727 1119 1775 haec
1152 1727 1295 1775 docet
1326 1727 1527 1774 discere.
1577 1729 1629 1772 [n
1660 1725 1753 1771 hac
1786 1740 1836 1771 se
1877 1725 1982 1789 ipsa
2012 1724 2134 1770 ratio
2166 1722 2369 1770 demon-

219 1816 363 1868 strat3
401 1808 519 1872 quid
550 1808 632 1868 sit,
670 1807 789 1873 quid
821 1807 964 1865 velit,
1000 1808 1089 1870 scit
1122 1807 1241 1855 sola.
1272 1802 1579 1871 Scientesque
1616 1805 1771 1852 facere
1801 1821 1903 1851 non
1934 1803 2092 1850 solum
2126 1803 2252 1860 vult,
2286 1804 2368 1850 sed

220 1888 365 1935 etiam
388 1897 564 1954 potest.
590 1907 613 1934 »
641 1888 775 1936 Idem
806 1889 855 1935 in
888 1888 1012 1936 libro
1041 1888 1258 1936 secundo
1286 1887 1344 1934 de
1378 1887 1658 1934 Christiana
1691 1886 1926 1932 Doctrina
1959 1899 2067 1932 eam
2104 1883 2370 1931 admodum

220 1983 362 2015 sacrae
391 1967 587 2016 lectioni
618 1969 934 2017 necessariam
965 1969 1224 2016 ostendens
1263 1987 1273 2015 :
1316 1987 1339 2014 «
1370 1970 1595 2027 Restant,
1627 1987 1649 2009 n
1685 1966 1865 2030 inquit,
1904 1981 2000 2012 «ea
2033 1981 2139 2029 quae
2172 1981 2272 2012 non
2308 1964 2371 2013 ad

221 2049 437 2114 corporis
464 2064 631 2097 sensus
655 2049 738 2096 sed
762 2049 825 2097 ad
850 2050 1088 2096 rationem
1117 2050 1375 2114 pertinent,
1403 2048 1487 2095 ubi
1510 2047 1812 2112 disciplinam
1837 2056 2009 2110 regunt
2032 2045 2370 2110 disputationis

222 2139 269 2176 et
303 2130 510 2177 numeri.
544 2129 637 2177 Sed
663 2130 1000 2194 disputationis
1031 2129 1282 2194 disciplina
1310 2128 1373 2176 ad
1404 2128 1571 2176 omnia
1602 2143 1778 2191 genera
1810 2127 2152 2191 quaestionum,
2190 2141 2295 2189 quae
2319 2125 2367 2172 in

222 2211 366 2257 sacris
401 2210 548 2257 literis
579 2220 691 2257 sunt
723 2209 1048 2276 penetranda,
1074 2209 1341 2275 plurimum
1368 2208 1512 2256 valet.
1545 2210 1726 2256 Tamen*
1755 2207 1823 2254 ibi
1861 2206 2076 2255 cavenda
2095 2208 2183 2253 'est
2218 2205 2369 2253 libido

222 2289 411 2338 rixandi
431 2300 479 2338 et
499 2290 693 2356 puerilis
716 2290 938 2355 quaedam
961 2290 1218 2337 ostentatio
1243 2289 1515 2355 decipiendi
1537 2288 1882 2336 adversarium.
1907 2290 2031 2335 Sunt
2048 2287 2178 2334 enim
2199 2286 2366 2347 multa,

221 2378 328 2427 quae
357 2362 660 2428 appellantur
692 2362 1009 2428 sophismata,
1046 2361 1170 2409 falsae
1200 2361 1537 2409 conclusiones
1563 2361 1806 2407 rationum
1837 2368 1884 2407 et
1914 2359 2198 2424 plerumque
2231 2374 2367 2405 veras

222 2443 489 2504 imitantes,
525 2452 579 2490 ut
601 2459 701 2490 non
724 2443 883 2490 solum
906 2442 1077 2491 tardos
1097 2442 1183 2490 sed
1205 2443 1351 2490 etiam
1378 2441 1652 2505 ingeniosos
1685 2441 1843 2488 minus
1872 2450 2079 2488 attentos
2111 2439 2367 2503 decipiant.

223 2523 368 2582 Quod
393 2539 544 2588 genus
571 2523 893 2589 captiosarum
918 2523 1287 2571 conclusionum
1304 2524 1558 2588 scriptura,
1584 2531 1821 2587 quantum
1847 2521 2084 2581 existimo,
2111 2519 2372 2566 detestatur

224 2602 306 2651 illo
331 2603 441 2651 loco
466 2602 550 2650 ubi
575 2603 759 2651 dictum
784 2607 878 2651 est²
908 2622 919 2650 :
951 2624 973 2649 ε(
992 2604 1087 2662 Qui
1110 2603 1368 2668 sophistice
1390 2602 1625 2667 loquitur,
1655 2600 1848 2649 odibilis
1869 2610 1955 2648 est.
1978 2622 2000 2643 »

290 2685 563 2732 CflmsTIAu.
594 2687 746 2732 Nemo
771 2694 900 2732 certe
923 2694 1163 2743 nostram,
1190 2683 1275 2747 qui
1303 2683 1536 2730 discretus
1565 2691 1652 2743 est,
1689 2680 1958 2729 rationibus
1983 2679 2129 2727 fidem
2153 2679 2373 2743 vestigari

225 2780 280 2811 ac
314 2763 487 2811 discuti
524 2773 676 2823 vetat,
715 2781 805 2812 nec
838 2763 1187 2812 rationabiliter
1219 2763 1293 2810 his
1325 2780 1430 2827 quae
1466 2762 1617 2810 dubia
1654 2762 1856 2822 fuerint,
1900 2760 2236 2825 acquiescitur,
2281 2759 2373 2807 nisi

225 2860 311 2892 cur
336 2844 740 2908 acquiescendum
767 2844 952 2892 ratione
975 2843 1235 2909 praeniissa.
1259 2845 1376 2901 Quae
1407 2842 1647 2902 videlicet,
1675 2859 1788 2889 cum
1820 2842 1889 2889 rei
1916 2841 2076 2889 dubioe
2099 2840 2247 2888 fidem
2270 2839 2372 2887 effi-

225 2925 306 2984 cit,
332 2924 550 2989 profecto
571 2924 620 2971 id
642 2924 777 2989 quod
796 2941 825 2971 a
846 2924 983 2971 vobis
1006 2933 1347 2988 argumentum
1367 2922 1544 2970 dicitur
1566 2923 1669 2988 ipsa
1694 2921 1763 2969 fit.
1792 2923 1843 2969 ln
1870 2922 2005 2969 omni
2027 2922 2207 2987 quippe
2230 2920 2373 2969 disci-

224 3004 356 3070 plina
390 3014 486 3052 tam
510 3005 572 3052 de
596 3005 775 3070 scripto
802 3022 950 3070 quam
985 3004 1045 3052 de
1076 3004 1309 3052 sententia
1331 3019 1382 3051 se
1407 3002 1580 3068 ingerit
1609 3002 1956 3059 controversia,
1990 3012 2038 3049 et
2071 3002 2121 3049 in
2155 3000 2374 3066 quolibet

226 3084 564 3150 disputationis
588 3085 818 3133 conflictu
842 3084 1026 3132 firmior
1050 3084 1250 3133 rationis
1272 3083 1444 3131 veritas
1467 3082 1673 3144 reddita,
1700 3099 1850 3148 quam
1878 3082 2140 3131 auctoritas
2161 3092 2371 3130 ostensa.

228 3167 390 3230 Neque
424 3166 554 3214 enim
582 3165 643 3214 ad
677 3165 824 3213 fidem
857 3164 1165 3213 astruendam
1197 3163 1368 3225 refert,
1398 3164 1519 3229 quid
1550 3165 1610 3212 sit
1643 3163 1694 3211 in
1725 3164 1794 3212 rei
1819 3163 2034 3225 veritate,
2069 3163 2153 3211 sed
2176 3162 2296 3227 quid
2326 3163 2374 3208 in

279 3349 430 3391 ¹Matth.,
449 3359 522 3391 cap.
540 3358 617 3392 vm,
638 3359 668 3383 v.
686 3352 717 3383 7.
735 3347 953 3391 —2Eccles.‚
974 3357 1046 3391 cap.
1063 3357 1139 3391 vm,
1160 3357 1190 3382 v.
1208 3351 1235 3383 1.

390 3424 421 3447 11
2165 3407 2215 3443 85
