2638 3866
275 207 371 255 446
1083 206 1255 253 PETRI
1288 205 1604 255 ABAELARDI

277 324 496 368 monum,
540 323 624 372 per
661 322 869 370 quorum
909 322 994 354 ora
1034 307 1109 354 vel
1150 316 1307 372 gestus
1348 306 1552 373 praedari
1595 307 1791 355 miseras
1832 324 1930 355 non
1975 318 2160 355 cessant
2194 307 2411 355 animas?

274 393 450 437 Gravat
480 387 696 453 profecto
729 397 776 434 et
807 386 948 435 taedet
978 387 1223 435 auditores
1253 387 1389 451 quod
1419 388 1468 435 in
1494 387 1690 436 eeclesia
1712 388 1800 436 Dei
1833 387 2031 447 dicitur3
2059 387 2313 435 molestum
2340 396 2410 434 est

274 470 363 517 illis
401 469 485 533 qui
515 468 726 515 offerunt
755 468 930 515 Christi
963 466 1216 529 altaribus3
1252 484 1346 516 nec
1382 468 1430 514 in
1462 468 1576 534 ipsis
1599 468 1850 516 missarum
1881 468 2145 529 solemniis,
2182 467 2245 515 ad
2269 466 2409 514 unius

271 550 403 596 horae
430 549 657 614 spatium,
683 548 898 613 linguam
920 564 949 596 a
969 547 1511 613 vaniloquiis-cohibere
1534 559 1754 614 possunt.
1780 551 1925 596 Totus
1947 549 2114 612 flagrat
2142 557 2188 596 et
2219 547 2411 596 anhelat

271 629 467 700 animus.
486 628 612 676 foras
636 628 700 676 ad
730 629 913 677 curiam
938 629 1215 677 daemonum
1241 637 1286 677 et
1309 637 1578 677 conventus
1600 627 1908 689 histrionum,
1937 628 2020 676 ubi
2051 637 2164 676 sunt
2193 627 2240 674 in
2277 625 2411 673 obla-

271 708 482 755 tionibus
512 708 719 773 prodigi,
745 719 791 756 et
816 726 929 756 cum
954 725 1145 756 summo
1168 708 1357 757 silentio
1381 717 1427 756 et
1456 717 1559 757 toto
1585 707 1824 756 desiderio
1849 709 2014 756 attenti
2038 707 2123 764 illi,
2153 716 2206 754 ut
2227 706 2409 754 dictum

269 798 355 849 est,
385 787 634 836 diabolicae
657 789 1001 855 praedicationi.
1030 793 1204 838 Parum
1233 789 1443 837 fortassis
1467 799 1515 837 et
1537 788 1632 837 hoc
1654 788 1878 838 diabolus
1901 798 2090 855 reputat
2119 786 2254 853 quod
2279 796 2407 834 extra

268 885 400 917 sacra
437 871 546 918 loca
579 869 888 919 basilicarum
924 881 1127 936 gerunt,
1168 871 1260 918 nisi
1298 871 1440 919 etiam
1475 871 1685 918 scenicas
1721 869 2039 935 turpitudines
2075 870 2124 916 in
2160 868 2407 916 ecclesiam

267 951 354 997 Dei
390 950 678 998 introducat.
716 951 843 999 Proh
875 949 1045 999 dolori
1085 951 1230 1000 audet
1263 950 1387 1011 hoc;
1426 961 1473 999 et
1506 950 1630 1016 proh
1663 948 1843 1017 pudor!
1880 949 2083 1016 perficit,
2122 959 2266 1014 atque
2298 957 2408 996 ante

266 1032 369 1096 ipsa
399 1030 576 1078 Christi
599 1032 781 1094 altaria,
809 1031 1036 1080 omnibus
1055 1032 1156 1096 jam
1180 1031 1361 1096 ubique
1389 1030 1676 1079 introductis
1701 1028 2096 1097 turpitudinibus,
2123 1046 2210 1095 per
2233 1027 2407 1076 solem-

266 1112 470 1159 nitatum
502 1122 770 1161 conventus
794 1112 972 1179 templa
996 1112 1283 1161 dedicantur
1314 1111 1633 1171 daemonibus,
1658 1121 1706 1159 et
1729 1110 1821 1158 sub
1843 1109 2087 1174 religionis
2107 1119 2154 1156 et
2177 1109 2408 1157 orationis

264 1192 494 1251 obtentu,
536 1192 600 1240 ad
642 1193 927 1258 explendam
970 1194 1119 1242 libere
1155 1193 1399 1242 lasciviam
1443 1190 1671 1240 omnibus
1709 1191 1924 1256 undique
1980 1200 2077 1238 tam
2114 1190 2225 1238 viris
2259 1204 2407 1254 quam

264 1273 451 1320 feminis
469 1273 890 1335 convenientibus,
917 1274 1118 1323 Veneris
1139 1272 1443 1322 celebrantur
1468 1272 1651 1336 vigiliae.
