<?xml version="1.0" encoding="UTF-8"?>
<!DOCTYPE html PUBLIC "-//W3C//DTD XHTML 1.0 Transitional//EN"
    "http://www.w3.org/TR/xhtml1/DTD/xhtml1-transitional.dtd">
<html xmlns="http://www.w3.org/1999/xhtml" xml:lang="en" lang="en">
 <head>
  <title>
</title>
<meta http-equiv="Content-Type" content="text/html;charset=utf-8" />
  <meta name='ocr-system' content='tesseract 3.04.00' />
  <meta name='ocr-capabilities' content='ocr_page ocr_carea ocr_par ocr_line ocrx_word'/>
</head>
<body>
  <div class='ocr_page' id='page_1' title='image "./operahactenusseo00abeluoft_0468.png"; bbox 0 0 2638 3866; ppageno 0'>
   <div class='ocr_carea' id='block_1_1' title="bbox 265 270 1596 319">
    <p class='ocr_par' dir='ltr' id='par_1_1' title="bbox 265 270 1596 319">
     <span class='ocr_line' id='line_1_1' title="bbox 265 270 1596 319; baseline 0 0"><span class='ocrx_word' id='word_1_1' title='bbox 265 273 364 319; x_wconf 79' lang='lat'>458</span> <span class='ocrx_word' id='word_1_2' title='bbox 1076 270 1247 316; x_wconf 85' lang='lat' dir='ltr'>PETRI</span> <span class='ocrx_word' id='word_1_3' title='bbox 1281 271 1596 319; x_wconf 84' lang='lat' dir='ltr'><strong>ABAELARDI</strong></span> 
     </span>
    </p>
   </div>
   <div class='ocr_carea' id='block_1_2' title="bbox 235 369 2411 3164">
    <p class='ocr_par' dir='ltr' id='par_1_2' title="bbox 235 369 2411 3164">
     <span class='ocr_line' id='line_1_2' title="bbox 266 369 2411 443; baseline 0.002 -24"><span class='ocrx_word' id='word_1_4' title='bbox 266 372 407 419; x_wconf 91' lang='lat' dir='ltr'>simul</span> <span class='ocrx_word' id='word_1_5' title='bbox 431 389 529 418; x_wconf 92' lang='lat' dir='ltr'>non</span> <span class='ocrx_word' id='word_1_6' title='bbox 554 371 742 417; x_wconf 89' lang='lat' dir='ltr'>sentiat.</span> <span class='ocrx_word' id='word_1_7' title='bbox 770 369 908 416; x_wconf 87' lang='lat' dir='ltr'><strong>Unde</strong></span> <span class='ocrx_word' id='word_1_8' title='bbox 929 378 976 417; x_wconf 91' lang='lat' dir='ltr'>et</span> <span class='ocrx_word' id='word_1_9' title='bbox 1003 369 1288 430; x_wconf 85' lang='lat' dir='ltr'>Psalmista¹,</span> <span class='ocrx_word' id='word_1_10' title='bbox 1316 391 1339 414; x_wconf 87' lang='lat'>«</span> <span class='ocrx_word' id='word_1_11' title='bbox 1360 371 1597 434; x_wconf 88' lang='lat' dir='ltr'>Satiabor,</span> <span class='ocrx_word' id='word_1_12' title='bbox 1625 372 1799 437; x_wconf 88' lang='lat' dir='ltr'>inquit,</span> <span class='ocrx_word' id='word_1_13' title='bbox 1831 391 1943 441; x_wconf 89' lang='lat' dir='ltr'>cum</span> <span class='ocrx_word' id='word_1_14' title='bbox 1962 375 2236 441; x_wconf 86' lang='lat' dir='ltr'>apparuerit</span> <span class='ocrx_word' id='word_1_15' title='bbox 2259 375 2411 443; x_wconf 83' lang='lat' dir='ltr'>gloria</span> 
     </span>
     <span class='ocr_line' id='line_1_3' title="bbox 264 449 2407 519; baseline 0.003 -21"><span class='ocrx_word' id='word_1_16' title='bbox 264 461 362 499; x_wconf 87' lang='lat' dir='ltr'>tua.</span> <span class='ocrx_word' id='word_1_17' title='bbox 388 473 411 494; x_wconf 88' lang='lat'>»</span> <span class='ocrx_word' id='word_1_18' title='bbox 437 454 568 497; x_wconf 92' lang='lat' dir='ltr'>Tunc</span> <span class='ocrx_word' id='word_1_19' title='bbox 589 449 785 514; x_wconf 91' lang='lat' dir='ltr'>quidem</span> <span class='ocrx_word' id='word_1_20' title='bbox 816 449 1095 515; x_wconf 83' lang='lat' dir='ltr'>implebitur</span> <span class='ocrx_word' id='word_1_21' title='bbox 1124 450 1260 514; x_wconf 92' lang='lat' dir='ltr'>quod</span> <span class='ocrx_word' id='word_1_22' title='bbox 1283 451 1387 516; x_wconf 88' lang='lat' dir='ltr'>ipsa</span> <span class='ocrx_word' id='word_1_23' title='bbox 1417 452 1649 517; x_wconf 83' lang='lat' dir='ltr'>sapientia</span> <span class='ocrx_word' id='word_1_24' title='bbox 1678 453 1766 500; x_wconf 91' lang='lat' dir='ltr'>Dei</span> <span class='ocrx_word' id='word_1_25' title='bbox 1786 455 2023 519; x_wconf 90' lang='lat' dir='ltr'>promittit</span> <span class='ocrx_word' id='word_1_26' title='bbox 2047 454 2212 502; x_wconf 91' lang='lat' dir='ltr'>dicens</span> <span class='ocrx_word' id='word_1_27' title='bbox 2230 458 2245 480; x_wconf 83' lang='lat'>²</span> <span class='ocrx_word' id='word_1_28' title='bbox 2270 472 2281 502; x_wconf 76' lang='lat' dir='ltr'><em>z</em></span> <span class='ocrx_word' id='word_1_29' title='bbox 2314 458 2407 504; x_wconf 90' lang='lat' dir='ltr'>«Si</span> 
     </span>
     <span class='ocr_line' id='line_1_4' title="bbox 262 529 2408 597; baseline 0.002 -19"><span class='ocrx_word' id='word_1_30' title='bbox 262 532 370 595; x_wconf 88' lang='lat' dir='ltr'>quis</span> <span class='ocrx_word' id='word_1_31' title='bbox 405 531 556 593; x_wconf 83' lang='lat' dir='ltr'><strong>diligit</strong></span> <span class='ocrx_word' id='word_1_32' title='bbox 590 546 686 590; x_wconf 92' lang='lat' dir='ltr'>me,</span> <span class='ocrx_word' id='word_1_33' title='bbox 722 529 947 594; x_wconf 85' lang='lat' dir='ltr'>diligetur</span> <span class='ocrx_word' id='word_1_34' title='bbox 977 547 1006 578; x_wconf 85' lang='lat' dir='ltr'>a</span> <span class='ocrx_word' id='word_1_35' title='bbox 1041 540 1175 595; x_wconf 90' lang='lat' dir='ltr'>patre</span> <span class='ocrx_word' id='word_1_36' title='bbox 1198 547 1328 593; x_wconf 88' lang='lat' dir='ltr'>meo,</span> <span class='ocrx_word' id='word_1_37' title='bbox 1366 541 1414 578; x_wconf 90' lang='lat' dir='ltr'>et</span> <span class='ocrx_word' id='word_1_38' title='bbox 1450 549 1540 596; x_wconf 90' lang='lat' dir='ltr'>ego</span> <span class='ocrx_word' id='word_1_39' title='bbox 1576 532 1771 597; x_wconf 85' lang='lat' dir='ltr'>diligam</span> <span class='ocrx_word' id='word_1_40' title='bbox 1800 551 1913 582; x_wconf 91' lang='lat' dir='ltr'>eum</span> <span class='ocrx_word' id='word_1_41' title='bbox 1942 544 1991 582; x_wconf 91' lang='lat' dir='ltr'>et</span> <span class='ocrx_word' id='word_1_42' title='bbox 2026 535 2341 583; x_wconf 82' lang='lat' dir='ltr'>manifestabo</span> <span class='ocrx_word' id='word_1_43' title='bbox 2363 537 2408 583; x_wconf 92' lang='lat' dir='ltr'>ei</span> 
     </span>
     <span class='ocr_line' id='line_1_5' title="bbox 261 610 2407 676; baseline 0.003 -19"><span class='ocrx_word' id='word_1_44' title='bbox 261 611 564 675; x_wconf 83' lang='lat' dir='ltr'>meipsum.»</span> <span class='ocrx_word' id='word_1_45' title='bbox 601 610 699 657; x_wconf 90' lang='lat' dir='ltr'>Nisi</span> <span class='ocrx_word' id='word_1_46' title='bbox 732 611 862 658; x_wconf 90' lang='lat' dir='ltr'>enim</span> <span class='ocrx_word' id='word_1_47' title='bbox 898 627 948 658; x_wconf 92' lang='lat' dir='ltr'>se</span> <span class='ocrx_word' id='word_1_48' title='bbox 982 612 1084 676; x_wconf 92' lang='lat' dir='ltr'>ipse</span> <span class='ocrx_word' id='word_1_49' title='bbox 1119 614 1249 658; x_wconf 92' lang='lat' dir='ltr'>Deus</span> <span class='ocrx_word' id='word_1_50' title='bbox 1287 611 1573 674; x_wconf 82' lang='lat' dir='ltr'>manifestet,</span> <span class='ocrx_word' id='word_1_51' title='bbox 1611 630 1702 661; x_wconf 92' lang='lat' dir='ltr'>nec</span> <span class='ocrx_word' id='word_1_52' title='bbox 1739 624 1853 662; x_wconf 88' lang='lat' dir='ltr'>tunc</span> <span class='ocrx_word' id='word_1_53' title='bbox 1888 625 2062 662; x_wconf 90' lang='lat' dir='ltr'>natura</span> <span class='ocrx_word' id='word_1_54' title='bbox 2096 625 2263 663; x_wconf 89' lang='lat' dir='ltr'>nostra</span> <span class='ocrx_word' id='word_1_55' title='bbox 2295 632 2407 663; x_wconf 91' lang='lat' dir='ltr'>eum</span> 
     </span>
     <span class='ocr_line' id='line_1_6' title="bbox 261 689 2407 760; baseline 0.003 -23"><span class='ocrx_word' id='word_1_56' title='bbox 261 690 423 738; x_wconf 87' lang='lat' dir='ltr'>videre</span> <span class='ocrx_word' id='word_1_57' title='bbox 451 689 654 738; x_wconf 86' lang='lat' dir='ltr'>sufficiet</span> <span class='ocrx_word' id='word_1_58' title='bbox 667 709 681 750; x_wconf 83' lang='lat'><em>3</em></span> <span class='ocrx_word' id='word_1_59' title='bbox 708 707 798 738; x_wconf 91' lang='lat' dir='ltr'>nec</span> <span class='ocrx_word' id='word_1_60' title='bbox 821 708 953 739; x_wconf 92' lang='lat' dir='ltr'>nunc</span> <span class='ocrx_word' id='word_1_61' title='bbox 975 691 1202 738; x_wconf 85' lang='lat' dir='ltr'>mortales</span> <span class='ocrx_word' id='word_1_62' title='bbox 1231 692 1367 738; x_wconf 91' lang='lat' dir='ltr'>omni</span> <span class='ocrx_word' id='word_1_63' title='bbox 1389 693 1615 758; x_wconf 83' lang='lat' dir='ltr'>spurcitia</span> <span class='ocrx_word' id='word_1_64' title='bbox 1638 705 1950 759; x_wconf 88' lang='lat' dir='ltr'>peccatorum</span> <span class='ocrx_word' id='word_1_65' title='bbox 1973 695 2105 760; x_wconf 88' lang='lat' dir='ltr'>pleni</span> <span class='ocrx_word' id='word_1_66' title='bbox 2127 696 2407 744; x_wconf 86' lang='lat' dir='ltr'>ratiunculis</span> 
     </span>
     <span class='ocr_line' id='line_1_7' title="bbox 258 771 2406 840; baseline 0.003 -23"><span class='ocrx_word' id='word_1_67' title='bbox 258 771 355 817; x_wconf 91' lang='lat' dir='ltr'>suis</span> <span class='ocrx_word' id='word_1_68' title='bbox 381 771 794 836; x_wconf 86' lang='lat' dir='ltr'>comprehendere</span> <span class='ocrx_word' id='word_1_69' title='bbox 818 771 1356 837; x_wconf 88' lang='lat' dir='ltr'>incomprehensibilem</span> <span class='ocrx_word' id='word_1_70' title='bbox 1379 773 1611 834; x_wconf 90' lang='lat' dir='ltr'>nitantur,</span> <span class='ocrx_word' id='word_1_71' title='bbox 1638 774 1722 837; x_wconf 89' lang='lat' dir='ltr'>qui</span> <span class='ocrx_word' id='word_1_72' title='bbox 1744 791 1834 822; x_wconf 92' lang='lat' dir='ltr'>nec</span> <span class='ocrx_word' id='word_1_73' title='bbox 1857 776 2057 840; x_wconf 79' lang='lat' dir='ltr'>seipSOS,</span> <span class='ocrx_word' id='word_1_74' title='bbox 2085 791 2176 823; x_wconf 91' lang='lat' dir='ltr'>nec</span> <span class='ocrx_word' id='word_1_75' title='bbox 2197 785 2406 840; x_wconf 89' lang='lat' dir='ltr'>quantu-</span> 
     </span>
     <span class='ocr_line' id='line_1_8' title="bbox 259 851 2406 916; baseline 0.003 -18"><span class='ocrx_word' id='word_1_76' title='bbox 259 851 525 916; x_wconf 84' lang='lat' dir='ltr'>laecumque</span> <span class='ocrx_word' id='word_1_77' title='bbox 549 862 772 900; x_wconf 88' lang='lat' dir='ltr'>naturam</span> <span class='ocrx_word' id='word_1_78' title='bbox 794 862 1023 900; x_wconf 85' lang='lat' dir='ltr'>creaturae</span> <span class='ocrx_word' id='word_1_79' title='bbox 1044 852 1314 900; x_wconf 90' lang='lat' dir='ltr'>discernere</span> <span class='ocrx_word' id='word_1_80' title='bbox 1336 853 1524 901; x_wconf 90' lang='lat' dir='ltr'>ratione</span> <span class='ocrx_word' id='word_1_81' title='bbox 1550 853 1820 914; x_wconf 65' lang='lat' dir='ltr'>sufficiunt.=</span> <span class='ocrx_word' id='word_1_82' title='bbox 1836 856 1982 914; x_wconf 89' lang='lat' dir='ltr'>Quod</span> <span class='ocrx_word' id='word_1_83' title='bbox 2001 858 2147 904; x_wconf 89' lang='lat' dir='ltr'>etiam</span> <span class='ocrx_word' id='word_1_84' title='bbox 2168 856 2406 904; x_wconf 83' lang='lat' dir='ltr'>maximus</span> 
     </span>
     <span class='ocr_line' id='line_1_9' title="bbox 258 931 2404 999; baseline 0.002 -21"><span class='ocrx_word' id='word_1_85' title='bbox 258 931 337 979; x_wconf 92' lang='lat' dir='ltr'>ille</span> <span class='ocrx_word' id='word_1_86' title='bbox 375 933 661 998; x_wconf 88' lang='lat' dir='ltr'>sapientium</span> <span class='ocrx_word' id='word_1_87' title='bbox 699 933 1010 980; x_wconf 90' lang='lat' dir='ltr'>considerans</span> <span class='ocrx_word' id='word_1_88' title='bbox 1047 933 1096 980; x_wconf 92' lang='lat' dir='ltr'>in</span> <span class='ocrx_word' id='word_1_89' title='bbox 1133 932 1417 980; x_wconf 80' lang='lat' dir='ltr'>Ecclesiaste</span> <span class='ocrx_word' id='word_1_90' title='bbox 1466 933 1718 999; x_wconf 84' lang='lat' dir='ltr'>profitetur</span> <span class='ocrx_word' id='word_1_91' title='bbox 1756 935 1944 983; x_wconf 73' lang='lat' dir='ltr'>dicens’</span> <span class='ocrx_word' id='word_1_92' title='bbox 1981 951 1993 982; x_wconf 70' lang='grc' dir='ltr'>ε</span> <span class='ocrx_word' id='word_1_93' title='bbox 2038 955 2062 979; x_wconf 78' lang='grc' dir='ltr'><strong>α</strong></span> <span class='ocrx_word' id='word_1_94' title='bbox 2084 938 2278 983; x_wconf 86' lang='lat' dir='ltr'>Cunctae</span> <span class='ocrx_word' id='word_1_95' title='bbox 2328 952 2404 983; x_wconf 90' lang='lat' dir='ltr'>res</span> 
     </span>
     <span class='ocr_line' id='line_1_10' title="bbox 257 1011 2399 1079; baseline 0.002 -21"><span class='ocrx_word' id='word_1_96' title='bbox 257 1011 490 1074; x_wconf 87' lang='lat' dir='ltr'>difficiles,</span> <span class='ocrx_word' id='word_1_97' title='bbox 529 1030 617 1060; x_wconf 92' lang='lat' dir='ltr'>nec</span> <span class='ocrx_word' id='word_1_98' title='bbox 649 1022 808 1078; x_wconf 88' lang='lat' dir='ltr'>potest</span> <span class='ocrx_word' id='word_1_99' title='bbox 838 1030 916 1060; x_wconf 90' lang='lat' dir='ltr'>eas</span> <span class='ocrx_word' id='word_1_100' title='bbox 945 1030 1115 1061; x_wconf 91' lang='lat' dir='ltr'>omnes</span> <span class='ocrx_word' id='word_1_101' title='bbox 1144 1013 1298 1060; x_wconf 93' lang='lat' dir='ltr'>homo</span> <span class='ocrx_word' id='word_1_102' title='bbox 1328 1013 1565 1079; x_wconf 87' lang='lat' dir='ltr'>explicare</span> <span class='ocrx_word' id='word_1_103' title='bbox 1595 1031 1882 1063; x_wconf 83' lang='lat' dir='ltr'>sermone.»</span> <span class='ocrx_word' id='word_1_104' title='bbox 1905 1015 2040 1063; x_wconf 83' lang='lat' dir='ltr'>Idem</span> <span class='ocrx_word' id='word_1_105' title='bbox 2070 1016 2121 1062; x_wconf 90' lang='lat' dir='ltr'>in</span> <span class='ocrx_word' id='word_1_106' title='bbox 2156 1015 2361 1063; x_wconf 66' lang='lat' dir='ltr'>eodem*</span> <span class='ocrx_word' id='word_1_107' title='bbox 2387 1035 2399 1063; x_wconf 74' lang='grc' dir='ltr'><strong>ε</strong></span> 
     </span>
     <span class='ocr_line' id='line_1_11' title="bbox 259 1093 2403 1161; baseline 0.002 -22"><span class='ocrx_word' id='word_1_108' title='bbox 259 1111 283 1137; x_wconf 87' lang='lat'>«</span> <span class='ocrx_word' id='word_1_109' title='bbox 302 1096 404 1157; x_wconf 88' lang='lat' dir='ltr'>Ego</span> <span class='ocrx_word' id='word_1_110' title='bbox 431 1093 733 1141; x_wconf 90' lang='lat' dir='ltr'>Ecclesiastes</span> <span class='ocrx_word' id='word_1_111' title='bbox 755 1093 823 1140; x_wconf 84' lang='lat' dir='ltr'>fui</span> <span class='ocrx_word' id='word_1_112' title='bbox 849 1110 933 1141; x_wconf 88' lang='lat' dir='ltr'>rex</span> <span class='ocrx_word' id='word_1_113' title='bbox 964 1094 1106 1141; x_wconf 88' lang='lat' dir='ltr'>Israel</span> <span class='ocrx_word' id='word_1_114' title='bbox 1133 1094 1184 1141; x_wconf 94' lang='lat' dir='ltr'>in</span> <span class='ocrx_word' id='word_1_115' title='bbox 1215 1095 1495 1153; x_wconf 75' lang='lat' dir='ltr'>Jerusalem3</span> <span class='ocrx_word' id='word_1_116' title='bbox 1529 1105 1575 1142; x_wconf 94' lang='lat' dir='ltr'>et</span> <span class='ocrx_word' id='word_1_117' title='bbox 1607 1097 1838 1161; x_wconf 90' lang='lat' dir='ltr'>proposui</span> <span class='ocrx_word' id='word_1_118' title='bbox 1873 1097 1923 1143; x_wconf 94' lang='lat' dir='ltr'>in</span> <span class='ocrx_word' id='word_1_119' title='bbox 1953 1097 2117 1144; x_wconf 90' lang='lat' dir='ltr'>animo</span> <span class='ocrx_word' id='word_1_120' title='bbox 2141 1113 2251 1143; x_wconf 90' lang='lat' dir='ltr'>meo</span> <span class='ocrx_word' id='word_1_121' title='bbox 2275 1112 2403 1160; x_wconf 88' lang='lat' dir='ltr'>quae-</span> 
     </span>
     <span class='ocr_line' id='line_1_12' title="bbox 253 1175 2400 1240; baseline 0.002 -20"><span class='ocrx_word' id='word_1_122' title='bbox 253 1190 358 1221; x_wconf 89' lang='lat' dir='ltr'>rere</span> <span class='ocrx_word' id='word_1_123' title='bbox 394 1184 441 1221; x_wconf 92' lang='lat' dir='ltr'>et</span> <span class='ocrx_word' id='word_1_124' title='bbox 474 1175 756 1239; x_wconf 88' lang='lat' dir='ltr'>investigare</span> <span class='ocrx_word' id='word_1_125' title='bbox 779 1176 1020 1240; x_wconf 90' lang='lat' dir='ltr'>sapienter</span> <span class='ocrx_word' id='word_1_126' title='bbox 1054 1175 1116 1222; x_wconf 92' lang='lat' dir='ltr'>de</span> <span class='ocrx_word' id='word_1_127' title='bbox 1156 1175 1405 1234; x_wconf 90' lang='lat' dir='ltr'>omnibus,</span> <span class='ocrx_word' id='word_1_128' title='bbox 1440 1192 1544 1239; x_wconf 88' lang='lat' dir='ltr'>quae</span> <span class='ocrx_word' id='word_1_129' title='bbox 1582 1175 1705 1224; x_wconf 85' lang='lat' dir='ltr'>fiunt</span> <span class='ocrx_word' id='word_1_130' title='bbox 1738 1177 1828 1224; x_wconf 92' lang='lat' dir='ltr'>sub</span> <span class='ocrx_word' id='word_1_131' title='bbox 1866 1177 1983 1224; x_wconf 93' lang='lat' dir='ltr'>sole.</span> <span class='ocrx_word' id='word_1_132' title='bbox 2010 1197 2033 1221; x_wconf 72' lang='lat'>&gt;2</span> <span class='ocrx_word' id='word_1_133' title='bbox 2071 1178 2250 1224; x_wconf 78' lang='lat' dir='ltr'>Item⁸z</span> <span class='ocrx_word' id='word_1_134' title='bbox 2295 1196 2320 1222; x_wconf 91' lang='lat'>«</span> <span class='ocrx_word' id='word_1_135' title='bbox 2341 1180 2400 1224; x_wconf 91' lang='lat' dir='ltr'>Et</span> 
     </span>
     <span class='ocr_line' id='line_1_13' title="bbox 251 1255 2402 1321; baseline 0.002 -22"><span class='ocrx_word' id='word_1_136' title='bbox 251 1255 456 1318; x_wconf 88' lang='lat' dir='ltr'>apposui</span> <span class='ocrx_word' id='word_1_137' title='bbox 480 1272 566 1302; x_wconf 91' lang='lat' dir='ltr'>cor</span> <span class='ocrx_word' id='word_1_138' title='bbox 594 1271 773 1312; x_wconf 92' lang='lat' dir='ltr'>meum,</span> <span class='ocrx_word' id='word_1_139' title='bbox 802 1264 855 1301; x_wconf 93' lang='lat' dir='ltr'>ut</span> <span class='ocrx_word' id='word_1_140' title='bbox 877 1255 1049 1302; x_wconf 90' lang='lat' dir='ltr'>scirem</span> <span class='ocrx_word' id='word_1_141' title='bbox 1072 1255 1355 1320; x_wconf 89' lang='lat' dir='ltr'>sapientiam</span> <span class='ocrx_word' id='word_1_142' title='bbox 1379 1265 1426 1302; x_wconf 93' lang='lat' dir='ltr'>et</span> <span class='ocrx_word' id='word_1_143' title='bbox 1453 1256 1767 1320; x_wconf 85' lang='lat' dir='ltr'>intelligerem</span> <span class='ocrx_word' id='word_1_144' title='bbox 1788 1257 2134 1304; x_wconf 90' lang='lat' dir='ltr'>distensionem</span> <span class='ocrx_word' id='word_1_145' title='bbox 2163 1273 2268 1321; x_wconf 84' lang='lat' dir='ltr'>quae</span> <span class='ocrx_word' id='word_1_146' title='bbox 2294 1273 2402 1305; x_wconf 87' lang='lat' dir='ltr'>ver·</span> 
     </span>
     <span class='ocr_line' id='line_1_14' title="bbox 250 1334 2401 1403; baseline 0.002 -23"><span class='ocrx_word' id='word_1_147' title='bbox 250 1343 382 1380; x_wconf 90' lang='lat' dir='ltr'>satur</span> <span class='ocrx_word' id='word_1_148' title='bbox 415 1335 464 1380; x_wconf 93' lang='lat' dir='ltr'>in</span> <span class='ocrx_word' id='word_1_149' title='bbox 499 1345 640 1397; x_wconf 91' lang='lat' dir='ltr'>terra,</span> <span class='ocrx_word' id='word_1_150' title='bbox 675 1345 723 1382; x_wconf 89' lang='lat' dir='ltr'>et</span> <span class='ocrx_word' id='word_1_151' title='bbox 754 1334 964 1382; x_wconf 90' lang='lat' dir='ltr'>intellexi</span> <span class='ocrx_word' id='word_1_152' title='bbox 998 1335 1134 1399; x_wconf 92' lang='lat' dir='ltr'>quod</span> <span class='ocrx_word' id='word_1_153' title='bbox 1169 1336 1389 1382; x_wconf 91' lang='lat' dir='ltr'>omnium</span> <span class='ocrx_word' id='word_1_154' title='bbox 1416 1353 1620 1401; x_wconf 91' lang='lat' dir='ltr'>operum</span> <span class='ocrx_word' id='word_1_155' title='bbox 1655 1338 1744 1385; x_wconf 93' lang='lat' dir='ltr'>Dei</span> <span class='ocrx_word' id='word_1_156' title='bbox 1781 1338 1965 1386; x_wconf 85' lang='lat' dir='ltr'>nullam</span> <span class='ocrx_word' id='word_1_157' title='bbox 1998 1337 2150 1403; x_wconf 89' lang='lat' dir='ltr'>possit</span> <span class='ocrx_word' id='word_1_158' title='bbox 2183 1338 2401 1385; x_wconf 86' lang='lat' dir='ltr'>invenire</span> 
     </span>
     <span class='ocr_line' id='line_1_15' title="bbox 247 1413 2400 1484; baseline 0.003 -24"><span class='ocrx_word' id='word_1_159' title='bbox 247 1413 398 1462; x_wconf 89' lang='lat' dir='ltr'>homo</span> <span class='ocrx_word' id='word_1_160' title='bbox 428 1416 666 1463; x_wconf 89' lang='lat' dir='ltr'>rationem</span> <span class='ocrx_word' id='word_1_161' title='bbox 701 1432 872 1464; x_wconf 90' lang='lat' dir='ltr'>eorum</span> <span class='ocrx_word' id='word_1_162' title='bbox 900 1433 1006 1481; x_wconf 85' lang='lat' dir='ltr'>quae</span> <span class='ocrx_word' id='word_1_163' title='bbox 1037 1415 1159 1463; x_wconf 83' lang='lat' dir='ltr'>fiunt</span> <span class='ocrx_word' id='word_1_164' title='bbox 1191 1415 1280 1463; x_wconf 91' lang='lat' dir='ltr'>sub</span> <span class='ocrx_word' id='word_1_165' title='bbox 1311 1416 1430 1476; x_wconf 92' lang='lat' dir='ltr'>sole,</span> <span class='ocrx_word' id='word_1_166' title='bbox 1462 1427 1508 1464; x_wconf 92' lang='lat' dir='ltr'>et</span> <span class='ocrx_word' id='word_1_167' title='bbox 1531 1428 1714 1482; x_wconf 89' lang='lat' dir='ltr'>quanto</span> <span class='ocrx_word' id='word_1_168' title='bbox 1739 1418 1847 1484; x_wconf 90' lang='lat' dir='ltr'>plus</span> <span class='ocrx_word' id='word_1_169' title='bbox 1869 1418 2160 1466; x_wconf 88' lang='lat' dir='ltr'>laboraverit</span> <span class='ocrx_word' id='word_1_170' title='bbox 2181 1418 2245 1465; x_wconf 90' lang='lat' dir='ltr'>ad</span> <span class='ocrx_word' id='word_1_171' title='bbox 2272 1435 2400 1482; x_wconf 87' lang='lat' dir='ltr'>quae-</span> 
     </span>
     <span class='ocr_line' id='line_1_16' title="bbox 248 1494 2401 1563; baseline 0.003 -23"><span class='ocrx_word' id='word_1_172' title='bbox 248 1494 473 1555; x_wconf 90' lang='lat' dir='ltr'>rendum,</span> <span class='ocrx_word' id='word_1_173' title='bbox 514 1505 647 1544; x_wconf 91' lang='lat' dir='ltr'>tanto</span> <span class='ocrx_word' id='word_1_174' title='bbox 682 1496 843 1543; x_wconf 91' lang='lat' dir='ltr'>minus</span> <span class='ocrx_word' id='word_1_175' title='bbox 878 1497 1107 1556; x_wconf 86' lang='lat' dir='ltr'>inveniet,</span> <span class='ocrx_word' id='word_1_176' title='bbox 1145 1497 1331 1544; x_wconf 89' lang='lat' dir='ltr'>etiamsi</span> <span class='ocrx_word' id='word_1_177' title='bbox 1363 1497 1536 1544; x_wconf 84' lang='lat' dir='ltr'>dixerit</span> <span class='ocrx_word' id='word_1_178' title='bbox 1567 1498 1756 1563; x_wconf 92' lang='lat' dir='ltr'>sapiens</span> <span class='ocrx_word' id='word_1_179' title='bbox 1791 1515 1841 1546; x_wconf 95' lang='lat' dir='ltr'>se</span> <span class='ocrx_word' id='word_1_180' title='bbox 1878 1515 2047 1556; x_wconf 91' lang='lat' dir='ltr'>nosse,</span> <span class='ocrx_word' id='word_1_181' title='bbox 2087 1514 2188 1545; x_wconf 92' lang='lat' dir='ltr'>non</span> <span class='ocrx_word' id='word_1_182' title='bbox 2222 1500 2401 1562; x_wconf 91' lang='lat' dir='ltr'>poterit</span> 
     </span>
     <span class='ocr_line' id='line_1_17' title="bbox 245 1577 2396 1641; baseline 0.002 -20"><span class='ocrx_word' id='word_1_183' title='bbox 245 1577 471 1639; x_wconf 90' lang='lat' dir='ltr'>reperire.</span> <span class='ocrx_word' id='word_1_184' title='bbox 499 1577 674 1624; x_wconf 89' lang='lat' dir='ltr'>Omnia</span> <span class='ocrx_word' id='word_1_185' title='bbox 701 1577 804 1624; x_wconf 89' lang='lat' dir='ltr'>haec</span> <span class='ocrx_word' id='word_1_186' title='bbox 822 1578 1025 1624; x_wconf 78' lang='lat' dir='ltr'>tentavi⁶</span> <span class='ocrx_word' id='word_1_187' title='bbox 1046 1578 1096 1624; x_wconf 91' lang='lat' dir='ltr'>in</span> <span class='ocrx_word' id='word_1_188' title='bbox 1121 1577 1270 1625; x_wconf 91' lang='lat' dir='ltr'>corde</span> <span class='ocrx_word' id='word_1_189' title='bbox 1293 1594 1421 1639; x_wconf 90' lang='lat' dir='ltr'>meo,</span> <span class='ocrx_word' id='word_1_190' title='bbox 1455 1587 1508 1624; x_wconf 92' lang='lat' dir='ltr'>ut</span> <span class='ocrx_word' id='word_1_191' title='bbox 1532 1578 1720 1625; x_wconf 90' lang='lat' dir='ltr'>curiose</span> <span class='ocrx_word' id='word_1_192' title='bbox 1743 1577 2076 1641; x_wconf 89' lang='lat' dir='ltr'>intelligerem.</span> <span class='ocrx_word' id='word_1_193' title='bbox 2102 1598 2126 1621; x_wconf 77' lang='lat'>&gt;2</span> <span class='ocrx_word' id='word_1_194' title='bbox 2153 1581 2213 1624; x_wconf 87' lang='lat' dir='ltr'>Et</span> <span class='ocrx_word' id='word_1_195' title='bbox 2241 1578 2396 1638; x_wconf 87' lang='lat' dir='ltr'>item⁷,</span> 
     </span>
     <span class='ocr_line' id='line_1_18' title="bbox 249 1657 2400 1723; baseline 0.003 -25"><span class='ocrx_word' id='word_1_196' title='bbox 249 1674 272 1698; x_wconf 74' lang='grc' dir='ltr'>ι(</span> <span class='ocrx_word' id='word_1_197' title='bbox 294 1657 477 1704; x_wconf 92' lang='lat' dir='ltr'>Cuncta</span> <span class='ocrx_word' id='word_1_198' title='bbox 508 1658 688 1704; x_wconf 88' lang='lat' dir='ltr'>tentavi</span> <span class='ocrx_word' id='word_1_199' title='bbox 723 1658 772 1704; x_wconf 91' lang='lat' dir='ltr'>in</span> <span class='ocrx_word' id='word_1_200' title='bbox 809 1658 1060 1722; x_wconf 87' lang='lat' dir='ltr'>sapientia.</span> <span class='ocrx_word' id='word_1_201' title='bbox 1098 1659 1223 1717; x_wconf 79' lang='lat' dir='ltr'>Dixi,</span> <span class='ocrx_word' id='word_1_202' title='bbox 1258 1659 1447 1723; x_wconf 89' lang='lat' dir='ltr'>sapiens</span> <span class='ocrx_word' id='word_1_203' title='bbox 1479 1657 1676 1720; x_wconf 86' lang='lat' dir='ltr'>efficiar,</span> <span class='ocrx_word' id='word_1_204' title='bbox 1712 1667 1760 1705; x_wconf 93' lang='lat' dir='ltr'>et</span> <span class='ocrx_word' id='word_1_205' title='bbox 1790 1658 1894 1723; x_wconf 88' lang='lat' dir='ltr'>ipsa</span> <span class='ocrx_word' id='word_1_206' title='bbox 1919 1657 2111 1722; x_wconf 85' lang='lat' dir='ltr'>longius</span> <span class='ocrx_word' id='word_1_207' title='bbox 2141 1658 2337 1705; x_wconf 89' lang='lat' dir='ltr'>recessit</span> <span class='ocrx_word' id='word_1_208' title='bbox 2371 1673 2400 1705; x_wconf 88' lang='lat' dir='ltr'>a</span> 
     </span>
     <span class='ocr_line' id='line_1_19' title="bbox 244 1736 2399 1802; baseline 0.002 -21"><span class='ocrx_word' id='word_1_209' title='bbox 244 1752 340 1795; x_wconf 88' lang='lat' dir='ltr'>me,</span> <span class='ocrx_word' id='word_1_210' title='bbox 377 1736 530 1784; x_wconf 92' lang='lat' dir='ltr'>multo</span> <span class='ocrx_word' id='word_1_211' title='bbox 562 1738 711 1800; x_wconf 89' lang='lat' dir='ltr'>magis</span> <span class='ocrx_word' id='word_1_212' title='bbox 743 1747 979 1801; x_wconf 91' lang='lat' dir='ltr'>quantum</span> <span class='ocrx_word' id='word_1_213' title='bbox 1006 1748 1108 1784; x_wconf 88' lang='lat' dir='ltr'>erat</span> <span class='ocrx_word' id='word_1_214' title='bbox 1136 1748 1184 1784; x_wconf 94' lang='lat' dir='ltr'>et</span> <span class='ocrx_word' id='word_1_215' title='bbox 1214 1738 1307 1786; x_wconf 90' lang='lat' dir='ltr'>alta</span> <span class='ocrx_word' id='word_1_216' title='bbox 1341 1737 1663 1802; x_wconf 86' lang='lat' dir='ltr'>profunditas,</span> <span class='ocrx_word' id='word_1_217' title='bbox 1692 1739 1800 1802; x_wconf 90' lang='lat' dir='ltr'>quis</span> <span class='ocrx_word' id='word_1_218' title='bbox 1822 1738 2036 1785; x_wconf 66' lang='lat' dir='ltr'>inveniet</span> <span class='ocrx_word' id='word_1_219' title='bbox 2064 1738 2203 1785; x_wconf 77' lang='lat' dir='ltr'>eam?</span> <span class='ocrx_word' id='word_1_220' title='bbox 2222 1756 2246 1783; x_wconf 72' lang='grc' dir='ltr'><strong>υ</strong></span> <span class='ocrx_word' id='word_1_221' title='bbox 2274 1739 2339 1785; x_wconf 80' lang='lat' dir='ltr'>Ac</span> <span class='ocrx_word' id='word_1_222' title='bbox 2359 1738 2399 1785; x_wconf 94' lang='lat' dir='ltr'>si</span> 
     </span>
     <span class='ocr_line' id='line_1_20' title="bbox 245 1816 2398 1883; baseline 0.001 -21"><span class='ocrx_word' id='word_1_223' title='bbox 245 1826 407 1880; x_wconf 89' lang='lat' dir='ltr'>aperte</span> <span class='ocrx_word' id='word_1_224' title='bbox 445 1833 648 1881; x_wconf 87' lang='lat' dir='ltr'>magnus</span> <span class='ocrx_word' id='word_1_225' title='bbox 679 1816 756 1864; x_wconf 91' lang='lat' dir='ltr'>ille</span> <span class='ocrx_word' id='word_1_226' title='bbox 786 1818 985 1883; x_wconf 87' lang='lat' dir='ltr'>Sapiens</span> <span class='ocrx_word' id='word_1_227' title='bbox 1017 1817 1301 1882; x_wconf 87' lang='lat' dir='ltr'>profiteatur</span> <span class='ocrx_word' id='word_1_228' title='bbox 1338 1834 1390 1864; x_wconf 91' lang='lat' dir='ltr'>se</span> <span class='ocrx_word' id='word_1_229' title='bbox 1425 1819 1473 1864; x_wconf 90' lang='lat' dir='ltr'>in</span> <span class='ocrx_word' id='word_1_230' title='bbox 1512 1817 1740 1865; x_wconf 87' lang='lat' dir='ltr'>omnibus</span> <span class='ocrx_word' id='word_1_231' title='bbox 1771 1835 1933 1865; x_wconf 90' lang='lat' dir='ltr'>rerum</span> <span class='ocrx_word' id='word_1_232' title='bbox 1973 1818 2157 1864; x_wconf 88' lang='lat' dir='ltr'>naturis</span> <span class='ocrx_word' id='word_1_233' title='bbox 2204 1818 2398 1865; x_wconf 90' lang='lat' dir='ltr'>investi-</span> 
     </span>
     <span class='ocr_line' id='line_1_21' title="bbox 244 1895 2392 1961; baseline 0 -18"><span class='ocrx_word' id='word_1_234' title='bbox 244 1895 413 1960; x_wconf 88' lang='lat' dir='ltr'>gandis</span> <span class='ocrx_word' id='word_1_235' title='bbox 451 1906 498 1944; x_wconf 89' lang='lat' dir='ltr'>et</span> <span class='ocrx_word' id='word_1_236' title='bbox 532 1897 718 1944; x_wconf 88' lang='lat' dir='ltr'>ratione</span> <span class='ocrx_word' id='word_1_237' title='bbox 767 1896 1079 1944; x_wconf 89' lang='lat' dir='ltr'>discutiendis</span> <span class='ocrx_word' id='word_1_238' title='bbox 1124 1897 1496 1944; x_wconf 86' lang='lat' dir='ltr'>insufficientem</span> <span class='ocrx_word' id='word_1_239' title='bbox 1531 1908 1674 1961; x_wconf 89' lang='lat' dir='ltr'>atque</span> <span class='ocrx_word' id='word_1_240' title='bbox 1712 1897 2003 1944; x_wconf 89' lang='lat' dir='ltr'>imbecillem</span> <span class='ocrx_word' id='word_1_241' title='bbox 2039 1897 2265 1961; x_wconf 88' lang='lat' dir='ltr'>reperiri,</span> <span class='ocrx_word' id='word_1_242' title='bbox 2307 1897 2392 1960; x_wconf 91' lang='lat' dir='ltr'>qui</span> 
     </span>
     <span class='ocr_line' id='line_1_22' title="bbox 242 1976 2389 2043; baseline -0 -19"><span class='ocrx_word' id='word_1_243' title='bbox 242 1977 374 2041; x_wconf 87' lang='lat' dir='ltr'>prius</span> <span class='ocrx_word' id='word_1_244' title='bbox 397 1977 459 2025; x_wconf 89' lang='lat' dir='ltr'>ad</span> <span class='ocrx_word' id='word_1_245' title='bbox 487 1977 583 2024; x_wconf 94' lang='lat' dir='ltr'>hoc</span> <span class='ocrx_word' id='word_1_246' title='bbox 607 1994 656 2024; x_wconf 88' lang='lat' dir='ltr'>se</span> <span class='ocrx_word' id='word_1_247' title='bbox 684 1977 902 2025; x_wconf 86' lang='lat' dir='ltr'>sufficere</span> <span class='ocrx_word' id='word_1_248' title='bbox 934 1977 1271 2038; x_wconf 86' lang='lat' dir='ltr'>arbitrabatur,</span> <span class='ocrx_word' id='word_1_249' title='bbox 1307 1988 1355 2025; x_wconf 91' lang='lat' dir='ltr'>et</span> <span class='ocrx_word' id='word_1_250' title='bbox 1385 1994 1574 2025; x_wconf 89' lang='lat' dir='ltr'>summa</span> <span class='ocrx_word' id='word_1_251' title='bbox 1604 1978 1832 2043; x_wconf 81' lang='lat' dir='ltr'>praeditus</span> <span class='ocrx_word' id='word_1_252' title='bbox 1864 1978 2095 2043; x_wconf 88' lang='lat' dir='ltr'>sapientia</span> <span class='ocrx_word' id='word_1_253' title='bbox 2115 1976 2389 2024; x_wconf 80' lang='lat' dir='ltr'>videbatur.</span> 
     </span>
     <span class='ocr_line' id='line_1_23' title="bbox 242 2056 2391 2123; baseline 0 -19"><span class='ocrx_word' id='word_1_254' title='bbox 242 2057 452 2105; x_wconf 88' lang='lat' dir='ltr'>Consule</span> <span class='ocrx_word' id='word_1_255' title='bbox 485 2058 629 2104; x_wconf 88' lang='lat' dir='ltr'>etiam</span> <span class='ocrx_word' id='word_1_256' title='bbox 659 2058 813 2122; x_wconf 88' lang='lat' dir='ltr'>ipsam</span> <span class='ocrx_word' id='word_1_257' title='bbox 835 2058 1147 2123; x_wconf 89' lang='lat' dir='ltr'>Sapientiam,</span> <span class='ocrx_word' id='word_1_258' title='bbox 1180 2067 1229 2104; x_wconf 92' lang='lat' dir='ltr'>et</span> <span class='ocrx_word' id='word_1_259' title='bbox 1251 2058 1443 2105; x_wconf 90' lang='lat' dir='ltr'>attende</span> <span class='ocrx_word' id='word_1_260' title='bbox 1473 2058 1592 2123; x_wconf 93' lang='lat' dir='ltr'>quid</span> <span class='ocrx_word' id='word_1_261' title='bbox 1617 2058 1677 2105; x_wconf 91' lang='lat' dir='ltr'>de</span> <span class='ocrx_word' id='word_1_262' title='bbox 1699 2058 1797 2105; x_wconf 92' lang='lat' dir='ltr'>hoc</span> <span class='ocrx_word' id='word_1_263' title='bbox 1821 2059 1925 2123; x_wconf 92' lang='lat' dir='ltr'>ipsa</span> <span class='ocrx_word' id='word_1_264' title='bbox 1955 2058 2198 2116; x_wconf 80' lang='lat' dir='ltr'>consulat3</span> <span class='ocrx_word' id='word_1_265' title='bbox 2234 2056 2363 2104; x_wconf 91' lang='lat' dir='ltr'>illam</span> <span class='ocrx_word' id='word_1_266' title='bbox 2379 2091 2391 2114; x_wconf 94' lang='lat'>,</span> 
     </span>
     <span class='ocr_line' id='line_1_24' title="bbox 239 2137 2397 2204; baseline -0 -20"><span class='ocrx_word' id='word_1_267' title='bbox 239 2137 457 2202; x_wconf 89' lang='lat' dir='ltr'>inquam,</span> <span class='ocrx_word' id='word_1_268' title='bbox 493 2154 598 2202; x_wconf 89' lang='lat' dir='ltr'>quae</span> <span class='ocrx_word' id='word_1_269' title='bbox 627 2154 656 2185; x_wconf 90' lang='lat' dir='ltr'>a</span> <span class='ocrx_word' id='word_1_270' title='bbox 681 2137 898 2202; x_wconf 91' lang='lat' dir='ltr'>quodam</span> <span class='ocrx_word' id='word_1_271' title='bbox 931 2154 1124 2185; x_wconf 91' lang='lat' dir='ltr'>summo</span> <span class='ocrx_word' id='word_1_272' title='bbox 1161 2139 1374 2204; x_wconf 92' lang='lat' dir='ltr'>sapiente</span> <span class='ocrx_word' id='word_1_273' title='bbox 1404 2137 1657 2202; x_wconf 88' lang='lat' dir='ltr'>singularis</span> <span class='ocrx_word' id='word_1_274' title='bbox 1691 2147 1739 2185; x_wconf 93' lang='lat' dir='ltr'>et</span> <span class='ocrx_word' id='word_1_275' title='bbox 1766 2139 1975 2186; x_wconf 88' lang='lat' dir='ltr'>maxima</span> <span class='ocrx_word' id='word_1_276' title='bbox 2008 2137 2313 2203; x_wconf 87' lang='lat' dir='ltr'>praedicatur‚</span> <span class='ocrx_word' id='word_1_277' title='bbox 2342 2145 2397 2184; x_wconf 89' lang='lat' dir='ltr'>ut</span> 
     </span>
     <span class='ocr_line' id='line_1_25' title="bbox 239 2217 2393 2284; baseline -0.001 -19"><span class='ocrx_word' id='word_1_278' title='bbox 239 2219 390 2282; x_wconf 84' lang='lat' dir='ltr'>magis</span> <span class='ocrx_word' id='word_1_279' title='bbox 425 2219 588 2266; x_wconf 88' lang='lat' dir='ltr'>divina</span> <span class='ocrx_word' id='word_1_280' title='bbox 625 2236 772 2282; x_wconf 88' lang='lat' dir='ltr'>quam</span> <span class='ocrx_word' id='word_1_281' title='bbox 808 2219 1022 2266; x_wconf 91' lang='lat' dir='ltr'>humana</span> <span class='ocrx_word' id='word_1_282' title='bbox 1045 2218 1251 2277; x_wconf 85' lang='lat' dir='ltr'>videtur,</span> <span class='ocrx_word' id='word_1_283' title='bbox 1288 2218 1373 2266; x_wconf 89' lang='lat' dir='ltr'>ubi</span> <span class='ocrx_word' id='word_1_284' title='bbox 1407 2219 1585 2266; x_wconf 90' lang='lat' dir='ltr'>scilicet</span> <span class='ocrx_word' id='word_1_285' title='bbox 1615 2219 1665 2265; x_wconf 90' lang='lat' dir='ltr'>in</span> <span class='ocrx_word' id='word_1_286' title='bbox 1698 2218 1824 2266; x_wconf 91' lang='lat' dir='ltr'>libro</span> <span class='ocrx_word' id='word_1_287' title='bbox 1858 2220 2117 2284; x_wconf 61' lang='lat' dir='ltr'>Sapientiae</span> <span class='ocrx_word' id='word_1_288' title='bbox 2161 2217 2393 2282; x_wconf 88' lang='lat' dir='ltr'>scriptum</span> 
     </span>
     <span class='ocr_line' id='line_1_26' title="bbox 239 2297 2390 2364; baseline 0 -19"><span class='ocrx_word' id='word_1_289' title='bbox 239 2308 326 2357; x_wconf 90' lang='lat' dir='ltr'>est,</span> <span class='ocrx_word' id='word_1_290' title='bbox 360 2316 550 2346; x_wconf 91' lang='lat' dir='ltr'>summo</span> <span class='ocrx_word' id='word_1_291' title='bbox 579 2300 662 2346; x_wconf 91' lang='lat' dir='ltr'>illo</span> <span class='ocrx_word' id='word_1_292' title='bbox 704 2300 926 2364; x_wconf 88' lang='lat' dir='ltr'>Sapiente</span> <span class='ocrx_word' id='word_1_293' title='bbox 959 2300 1026 2346; x_wconf 85' lang='lat' dir='ltr'>ita</span> <span class='ocrx_word' id='word_1_294' title='bbox 1060 2298 1277 2346; x_wconf 85' lang='lat' dir='ltr'>dicente⁸</span> <span class='ocrx_word' id='word_1_295' title='bbox 1300 2317 1311 2345; x_wconf 71' lang='grc' dir='ltr'>ε</span> <span class='ocrx_word' id='word_1_296' title='bbox 1339 2299 1492 2346; x_wconf 90' lang='lat' dir='ltr'>«Mihi</span> <span class='ocrx_word' id='word_1_297' title='bbox 1527 2298 1661 2346; x_wconf 91' lang='lat' dir='ltr'>dedit</span> <span class='ocrx_word' id='word_1_298' title='bbox 1685 2302 1816 2346; x_wconf 90' lang='lat' dir='ltr'>Deus</span> <span class='ocrx_word' id='word_1_299' title='bbox 1850 2299 2010 2347; x_wconf 90' lang='lat' dir='ltr'>dicere</span> <span class='ocrx_word' id='word_1_300' title='bbox 2039 2315 2098 2346; x_wconf 86' lang='lat' dir='ltr'>ex</span> <span class='ocrx_word' id='word_1_301' title='bbox 2122 2297 2360 2345; x_wconf 88' lang='lat' dir='ltr'>sententia</span> <span class='ocrx_word' id='word_1_302' title='bbox 2377 2333 2390 2356; x_wconf 94' lang='lat'>,</span> 
     </span>
     <span class='ocr_line' id='line_1_27' title="bbox 238 2378 2392 2444; baseline -0 -20"><span class='ocrx_word' id='word_1_303' title='bbox 238 2388 285 2424; x_wconf 89' lang='lat' dir='ltr'>et</span> <span class='ocrx_word' id='word_1_304' title='bbox 308 2396 594 2443; x_wconf 82' lang='lat' dir='ltr'>praesumere</span> <span class='ocrx_word' id='word_1_305' title='bbox 618 2380 764 2444; x_wconf 86' lang='lat' dir='ltr'>digna</span> <span class='ocrx_word' id='word_1_306' title='bbox 786 2379 964 2426; x_wconf 90' lang='lat' dir='ltr'>horum</span> <span class='ocrx_word' id='word_1_307' title='bbox 989 2396 1094 2443; x_wconf 89' lang='lat' dir='ltr'>quae</span> <span class='ocrx_word' id='word_1_308' title='bbox 1120 2379 1242 2426; x_wconf 90' lang='lat' dir='ltr'>mihi</span> <span class='ocrx_word' id='word_1_309' title='bbox 1271 2379 1465 2425; x_wconf 89' lang='lat' dir='ltr'>dantur.</span> <span class='ocrx_word' id='word_1_310' title='bbox 1497 2382 1602 2444; x_wconf 90' lang='lat' dir='ltr'>Ipse</span> <span class='ocrx_word' id='word_1_311' title='bbox 1627 2380 1758 2426; x_wconf 90' lang='lat' dir='ltr'>enim</span> <span class='ocrx_word' id='word_1_312' title='bbox 1781 2379 1915 2427; x_wconf 90' lang='lat' dir='ltr'>dedit</span> <span class='ocrx_word' id='word_1_313' title='bbox 1937 2379 2056 2426; x_wconf 89' lang='lat' dir='ltr'>mihi</span> <span class='ocrx_word' id='word_1_314' title='bbox 2084 2378 2265 2425; x_wconf 91' lang='lat' dir='ltr'>horum</span> <span class='ocrx_word' id='word_1_315' title='bbox 2285 2393 2392 2441; x_wconf 89' lang='lat' dir='ltr'>quae</span> 
     </span>
     <span class='ocr_line' id='line_1_28' title="bbox 237 2455 2391 2523; baseline -0 -19"><span class='ocrx_word' id='word_1_316' title='bbox 237 2469 346 2506; x_wconf 91' lang='lat' dir='ltr'>sunt</span> <span class='ocrx_word' id='word_1_317' title='bbox 378 2460 625 2507; x_wconf 86' lang='lat' dir='ltr'>scientiam</span> <span class='ocrx_word' id='word_1_318' title='bbox 656 2476 836 2520; x_wconf 86' lang='lat' dir='ltr'>veram,</span> <span class='ocrx_word' id='word_1_319' title='bbox 871 2468 924 2505; x_wconf 90' lang='lat' dir='ltr'>ut</span> <span class='ocrx_word' id='word_1_320' title='bbox 956 2459 1104 2506; x_wconf 92' lang='lat' dir='ltr'>sciam</span> <span class='ocrx_word' id='word_1_321' title='bbox 1129 2459 1498 2523; x_wconf 91' lang='lat' dir='ltr'>dispositionem</span> <span class='ocrx_word' id='word_1_322' title='bbox 1532 2459 1663 2506; x_wconf 92' lang='lat' dir='ltr'>orbis</span> <span class='ocrx_word' id='word_1_323' title='bbox 1696 2469 1952 2519; x_wconf 89' lang='lat' dir='ltr'>terrarum,</span> <span class='ocrx_word' id='word_1_324' title='bbox 1987 2469 2036 2506; x_wconf 90' lang='lat' dir='ltr'>et</span> <span class='ocrx_word' id='word_1_325' title='bbox 2069 2459 2264 2505; x_wconf 87' lang='lat' dir='ltr'>virtutes</span> <span class='ocrx_word' id='word_1_326' title='bbox 2295 2455 2391 2504; x_wconf 90' lang='lat' dir='ltr'>ele-</span> 
     </span>
     <span class='ocr_line' id='line_1_29' title="bbox 238 2536 2390 2604; baseline -0.001 -20"><span class='ocrx_word' id='word_1_327' title='bbox 238 2549 534 2601; x_wconf 90' lang='lat' dir='ltr'>mentorum,</span> <span class='ocrx_word' id='word_1_328' title='bbox 572 2540 763 2586; x_wconf 90' lang='lat' dir='ltr'>initium</span> <span class='ocrx_word' id='word_1_329' title='bbox 806 2549 854 2586; x_wconf 91' lang='lat' dir='ltr'>et</span> <span class='ocrx_word' id='word_1_330' title='bbox 890 2539 1361 2586; x_wconf 88' lang='lat' dir='ltr'>consummationem</span> <span class='ocrx_word' id='word_1_331' title='bbox 1395 2548 1442 2585; x_wconf 91' lang='lat' dir='ltr'>et</span> <span class='ocrx_word' id='word_1_332' title='bbox 1474 2539 1783 2587; x_wconf 89' lang='lat' dir='ltr'>medietatem</span> <span class='ocrx_word' id='word_1_333' title='bbox 1813 2549 2108 2604; x_wconf 88' lang='lat' dir='ltr'>temporum,</span> <span class='ocrx_word' id='word_1_334' title='bbox 2150 2536 2390 2584; x_wconf 90' lang='lat' dir='ltr'>vicissitu-</span> 
     </span>
     <span class='ocr_line' id='line_1_30' title="bbox 237 2616 2388 2686; baseline -0.002 -21"><span class='ocrx_word' id='word_1_335' title='bbox 237 2618 408 2667; x_wconf 90' lang='lat' dir='ltr'>dinum</span> <span class='ocrx_word' id='word_1_336' title='bbox 442 2620 840 2686; x_wconf 90' lang='lat' dir='ltr'>permutationes,</span> <span class='ocrx_word' id='word_1_337' title='bbox 877 2629 924 2666; x_wconf 91' lang='lat' dir='ltr'>et</span> <span class='ocrx_word' id='word_1_338' title='bbox 949 2618 1391 2666; x_wconf 89' lang='lat' dir='ltr'>consummationes</span> <span class='ocrx_word' id='word_1_339' title='bbox 1417 2618 1662 2683; x_wconf 87' lang='lat' dir='ltr'>ipsorum,</span> <span class='ocrx_word' id='word_1_340' title='bbox 1704 2619 1820 2666; x_wconf 91' lang='lat' dir='ltr'>anni</span> <span class='ocrx_word' id='word_1_341' title='bbox 1854 2634 2038 2679; x_wconf 84' lang='lat' dir='ltr'>cursuS,</span> <span class='ocrx_word' id='word_1_342' title='bbox 2065 2626 2113 2664; x_wconf 91' lang='lat' dir='ltr'>et</span> <span class='ocrx_word' id='word_1_343' title='bbox 2143 2616 2388 2663; x_wconf 84' lang='lat' dir='ltr'>stellarum</span> 
     </span>
     <span class='ocr_line' id='line_1_31' title="bbox 237 2694 2388 2765; baseline -0.002 -21"><span class='ocrx_word' id='word_1_344' title='bbox 237 2699 594 2765; x_wconf 89' lang='lat' dir='ltr'>dispositiones,</span> <span class='ocrx_word' id='word_1_345' title='bbox 632 2710 828 2747; x_wconf 88' lang='lat' dir='ltr'>naturas</span> <span class='ocrx_word' id='word_1_346' title='bbox 852 2700 1151 2759; x_wconf 91' lang='lat' dir='ltr'>animalium,</span> <span class='ocrx_word' id='word_1_347' title='bbox 1192 2708 1239 2746; x_wconf 91' lang='lat' dir='ltr'>et</span> <span class='ocrx_word' id='word_1_348' title='bbox 1268 2699 1360 2746; x_wconf 91' lang='lat' dir='ltr'>iras</span> <span class='ocrx_word' id='word_1_349' title='bbox 1385 2697 1668 2761; x_wconf 88' lang='lat' dir='ltr'>bestiarum,</span> <span class='ocrx_word' id='word_1_350' title='bbox 1694 2699 1793 2746; x_wconf 87' lang='lat' dir='ltr'>vim</span> <span class='ocrx_word' id='word_1_351' title='bbox 1815 2708 2094 2759; x_wconf 87' lang='lat' dir='ltr'>ventorum,</span> <span class='ocrx_word' id='word_1_352' title='bbox 2126 2706 2175 2743; x_wconf 89' lang='lat' dir='ltr'>et</span> <span class='ocrx_word' id='word_1_353' title='bbox 2209 2694 2388 2758; x_wconf 84' lang='lat' dir='ltr'>cogita-</span> 
     </span>
     <span class='ocr_line' id='line_1_32' title="bbox 237 2777 2388 2842; baseline -0.002 -18"><span class='ocrx_word' id='word_1_354' title='bbox 237 2780 393 2827; x_wconf 86' lang='lat' dir='ltr'>tiones</span> <span class='ocrx_word' id='word_1_355' title='bbox 425 2780 702 2839; x_wconf 92' lang='lat' dir='ltr'>hominum,</span> <span class='ocrx_word' id='word_1_356' title='bbox 740 2778 1034 2826; x_wconf 90' lang='lat' dir='ltr'>differentias</span> <span class='ocrx_word' id='word_1_357' title='bbox 1056 2778 1390 2842; x_wconf 89' lang='lat' dir='ltr'>virgultorum,</span> <span class='ocrx_word' id='word_1_358' title='bbox 1426 2788 1474 2826; x_wconf 89' lang='lat' dir='ltr'>et</span> <span class='ocrx_word' id='word_1_359' title='bbox 1500 2779 1699 2826; x_wconf 87' lang='lat' dir='ltr'>virtutes</span> <span class='ocrx_word' id='word_1_360' title='bbox 1719 2777 1955 2825; x_wconf 87' lang='lat' dir='ltr'>radicum.</span> <span class='ocrx_word' id='word_1_361' title='bbox 1989 2780 2046 2824; x_wconf 90' lang='lat' dir='ltr'>Et</span> <span class='ocrx_word' id='word_1_362' title='bbox 2070 2789 2388 2841; x_wconf 84' lang='lat' dir='ltr'>quaecumque</span> 
     </span>
     <span class='ocr_line' id='line_1_33' title="bbox 237 2831 2387 2925; baseline -0.002 -21"><span class='ocrx_word' id='word_1_363' title='bbox 237 2869 349 2905; x_wconf 89' lang='lat' dir='ltr'>sunt</span> <span class='ocrx_word' id='word_1_364' title='bbox 383 2861 666 2908; x_wconf 87' lang='lat' dir='ltr'>abscondita</span> <span class='ocrx_word' id='word_1_365' title='bbox 695 2870 742 2907; x_wconf 90' lang='lat' dir='ltr'>et</span> <span class='ocrx_word' id='word_1_366' title='bbox 769 2860 1031 2925; x_wconf 90' lang='lat' dir='ltr'>improvisa</span> <span class='ocrx_word' id='word_1_367' title='bbox 1057 2831 1432 2906; x_wconf 52' lang='lat' dir='ltr'>didicisffisscce</span> <span class='ocrx_word' id='word_1_368' title='bbox 1467 2869 1647 2923; x_wconf 87' lang='lat' dir='ltr'>quanta</span> <span class='ocrx_word' id='word_1_369' title='bbox 1671 2859 1730 2906; x_wconf 90' lang='lat' dir='ltr'>sit</span> <span class='ocrx_word' id='word_1_370' title='bbox 1766 2859 1867 2906; x_wconf 86' lang='lat' dir='ltr'>haec</span> <span class='ocrx_word' id='word_1_371' title='bbox 1890 2857 2140 2923; x_wconf 88' lang='lat' dir='ltr'>sapientia,</span> <span class='ocrx_word' id='word_1_372' title='bbox 2170 2865 2216 2903; x_wconf 91' lang='lat' dir='ltr'>et</span> <span class='ocrx_word' id='word_1_373' title='bbox 2240 2869 2387 2918; x_wconf 89' lang='lat' dir='ltr'>quam</span> 
     </span>
     <span class='ocr_line' id='line_1_34' title="bbox 237 2933 2384 3004; baseline -0.001 -22"><span class='ocrx_word' id='word_1_374' title='bbox 237 2936 378 3000; x_wconf 80' lang='lat' dir='ltr'>longe</span> <span class='ocrx_word' id='word_1_375' title='bbox 408 2957 602 2987; x_wconf 88' lang='lat' dir='ltr'>omnem</span> <span class='ocrx_word' id='word_1_376' title='bbox 629 2940 901 2987; x_wconf 90' lang='lat' dir='ltr'>humanum</span> <span class='ocrx_word' id='word_1_377' title='bbox 930 2949 1182 3004; x_wconf 88' lang='lat' dir='ltr'>exsuperet</span> <span class='ocrx_word' id='word_1_378' title='bbox 1208 2955 1421 2987; x_wconf 89' lang='lat' dir='ltr'>sensum.</span> <span class='ocrx_word' id='word_1_379' title='bbox 1448 2939 1542 2986; x_wconf 90' lang='lat' dir='ltr'>Sed</span> <span class='ocrx_word' id='word_1_380' title='bbox 1572 2938 1765 2986; x_wconf 89' lang='lat' dir='ltr'>attende</span> <span class='ocrx_word' id='word_1_381' title='bbox 1787 2938 1906 3003; x_wconf 89' lang='lat' dir='ltr'>quid</span> <span class='ocrx_word' id='word_1_382' title='bbox 1928 2939 1978 2985; x_wconf 92' lang='lat' dir='ltr'>in</span> <span class='ocrx_word' id='word_1_383' title='bbox 2002 2933 2314 3002; x_wconf 90' lang='lat' dir='ltr'>sequentibus</span> <span class='ocrx_word' id='word_1_384' title='bbox 2335 2943 2384 2979; x_wconf 86' lang='lat' dir='ltr'>et</span> 
     </span>
     <span class='ocr_line' id='line_1_35' title="bbox 238 3011 2375 3083; baseline -0.002 -21"><span class='ocrx_word' id='word_1_385' title='bbox 238 3016 340 3080; x_wconf 91' lang='lat' dir='ltr'>ipsa</span> <span class='ocrx_word' id='word_1_386' title='bbox 369 3018 517 3065; x_wconf 78' lang='lat' dir='ltr'>dicat⁹</span> <span class='ocrx_word' id='word_1_387' title='bbox 546 3037 556 3065; x_wconf 91' lang='lat'>:</span> <span class='ocrx_word' id='word_1_388' title='bbox 594 3019 977 3081; x_wconf 86' lang='lat' dir='ltr'>«Cogitationes,</span> <span class='ocrx_word' id='word_1_389' title='bbox 1004 3020 1177 3083; x_wconf 89' lang='lat' dir='ltr'>inquit,</span> <span class='ocrx_word' id='word_1_390' title='bbox 1219 3018 1501 3066; x_wconf 85' lang='lat' dir='ltr'>mortalium</span> <span class='ocrx_word' id='word_1_391' title='bbox 1535 3019 1732 3078; x_wconf 87' lang='lat' dir='ltr'>timidae,</span> <span class='ocrx_word' id='word_1_392' title='bbox 1760 3028 1808 3066; x_wconf 92' lang='lat' dir='ltr'>et</span> <span class='ocrx_word' id='word_1_393' title='bbox 1836 3019 2029 3065; x_wconf 84' lang='lat' dir='ltr'>incertae</span> <span class='ocrx_word' id='word_1_394' title='bbox 2061 3011 2375 3081; x_wconf 85' lang='lat' dir='ltr'>providentiae</span> 
     </span>
     <span class='ocr_line' id='line_1_36' title="bbox 235 3095 2382 3164; baseline -0.002 -23"><span class='ocrx_word' id='word_1_395' title='bbox 235 3106 425 3144; x_wconf 83' lang='lat' dir='ltr'>nostrae.</span> <span class='ocrx_word' id='word_1_396' title='bbox 461 3101 647 3163; x_wconf 88' lang='lat' dir='ltr'>Corpus</span> <span class='ocrx_word' id='word_1_397' title='bbox 679 3100 811 3146; x_wconf 92' lang='lat' dir='ltr'>enim</span> <span class='ocrx_word' id='word_1_398' title='bbox 832 3098 967 3162; x_wconf 87' lang='lat' dir='ltr'>quod</span> <span class='ocrx_word' id='word_1_399' title='bbox 991 3100 1321 3164; x_wconf 88' lang='lat' dir='ltr'>corrumpitur</span> <span class='ocrx_word' id='word_1_400' title='bbox 1348 3109 1571 3164; x_wconf 84' lang='lat' dir='ltr'>aggravat</span> <span class='ocrx_word' id='word_1_401' title='bbox 1598 3099 1828 3158; x_wconf 85' lang='lat' dir='ltr'>animam,</span> <span class='ocrx_word' id='word_1_402' title='bbox 1862 3108 1910 3145; x_wconf 86' lang='lat' dir='ltr'>et</span> <span class='ocrx_word' id='word_1_403' title='bbox 1939 3095 2166 3162; x_wconf 91' lang='lat' dir='ltr'>deprimit</span> <span class='ocrx_word' id='word_1_404' title='bbox 2195 3102 2382 3140; x_wconf 89' lang='lat' dir='ltr'>terrena</span> 
     </span>
    </p>
   </div>
   <div class='ocr_carea' id='block_1_3' title="bbox 231 3248 2380 3400">
    <p class='ocr_par' dir='ltr' id='par_1_3' title="bbox 231 3248 2380 3400">
     <span class='ocr_line' id='line_1_37' title="bbox 280 3248 2380 3292; baseline -0.001 -10"><span class='ocrx_word' id='word_1_405' title='bbox 280 3250 432 3282; x_wconf 84' lang='lat' dir='ltr'>¹Psalm.</span> <span class='ocrx_word' id='word_1_406' title='bbox 456 3259 530 3291; x_wconf 76' lang='lat' dir='ltr'>xvi,</span> <span class='ocrx_word' id='word_1_407' title='bbox 558 3260 589 3283; x_wconf 89' lang='lat' dir='ltr'>v.</span> <span class='ocrx_word' id='word_1_408' title='bbox 615 3251 666 3284; x_wconf 81' lang='lat'>15.</span> <span class='ocrx_word' id='word_1_409' title='bbox 686 3269 723 3274; x_wconf 92' lang='lat'>—</span> <span class='ocrx_word' id='word_1_410' title='bbox 741 3253 751 3270; x_wconf 83' lang='lat'>²</span> <span class='ocrx_word' id='word_1_411' title='bbox 766 3251 880 3291; x_wconf 82' lang='lat' dir='ltr'>Joan.,</span> <span class='ocrx_word' id='word_1_412' title='bbox 910 3261 982 3292; x_wconf 78' lang='lat' dir='ltr'>cap.</span> <span class='ocrx_word' id='word_1_413' title='bbox 1008 3261 1075 3291; x_wconf 74' lang='lat' dir='ltr'>xiv,</span> <span class='ocrx_word' id='word_1_414' title='bbox 1098 3261 1128 3283; x_wconf 83' lang='lat' dir='ltr'>v.</span> <span class='ocrx_word' id='word_1_415' title='bbox 1159 3255 1213 3285; x_wconf 80' lang='lat'>21.</span> <span class='ocrx_word' id='word_1_416' title='bbox 1233 3269 1270 3275; x_wconf 90' lang='lat'>—</span> <span class='ocrx_word' id='word_1_417' title='bbox 1345 3269 1385 3275; x_wconf 93' lang='lat'>—</span> <span class='ocrx_word' id='word_1_418' title='bbox 1402 3253 1412 3271; x_wconf 85' lang='lat'><strong>⁷</strong></span> <span class='ocrx_word' id='word_1_419' title='bbox 1430 3250 1550 3283; x_wconf 82' lang='lat' dir='ltr'>Eccles.</span> <span class='ocrx_word' id='word_1_420' title='bbox 1563 3274 1572 3291; x_wconf 88' lang='lat'>,</span> <span class='ocrx_word' id='word_1_421' title='bbox 1588 3260 1660 3290; x_wconf 87' lang='lat' dir='ltr'>cap.</span> <span class='ocrx_word' id='word_1_422' title='bbox 1677 3259 1737 3289; x_wconf 81' lang='lat' dir='ltr'>vn,</span> <span class='ocrx_word' id='word_1_423' title='bbox 1755 3259 1786 3282; x_wconf 78' lang='lat' dir='ltr'>v.</span> <span class='ocrx_word' id='word_1_424' title='bbox 1808 3251 1861 3283; x_wconf 75' lang='lat'>24.</span> <span class='ocrx_word' id='word_1_425' title='bbox 1879 3266 1908 3272; x_wconf 95' lang='lat'>—</span> <span class='ocrx_word' id='word_1_426' title='bbox 1928 3248 2053 3290; x_wconf 67' lang='lat' dir='ltr'>‘Sap.,</span> <span class='ocrx_word' id='word_1_427' title='bbox 2072 3257 2146 3288; x_wconf 83' lang='lat' dir='ltr'>cap.</span> <span class='ocrx_word' id='word_1_428' title='bbox 2159 3256 2219 3289; x_wconf 85' lang='lat' dir='ltr'>vn,</span> <span class='ocrx_word' id='word_1_429' title='bbox 2235 3257 2265 3280; x_wconf 87' lang='lat' dir='ltr'>v.</span> <span class='ocrx_word' id='word_1_430' title='bbox 2287 3249 2380 3282; x_wconf 88' lang='lat'>15.—</span> 
     </span>
     <span class='ocr_line' id='line_1_38' title="bbox 231 3304 1742 3346; baseline -0.001 -10"><span class='ocrx_word' id='word_1_431' title='bbox 231 3306 244 3324; x_wconf 76' lang='lat'><strong>⁸</strong></span> <span class='ocrx_word' id='word_1_432' title='bbox 260 3304 397 3344; x_wconf 83' lang='lat' dir='ltr'>Eccles.,</span> <span class='ocrx_word' id='word_1_433' title='bbox 417 3313 489 3344; x_wconf 86' lang='lat' dir='ltr'>cap.</span> <span class='ocrx_word' id='word_1_434' title='bbox 511 3314 534 3343; x_wconf 77' lang='grc' dir='ltr'>ι,</span> <span class='ocrx_word' id='word_1_435' title='bbox 556 3313 585 3336; x_wconf 88' lang='lat' dir='ltr'>v.</span> <span class='ocrx_word' id='word_1_436' title='bbox 612 3306 643 3337; x_wconf 90' lang='lat'>8.</span> <span class='ocrx_word' id='word_1_437' title='bbox 667 3322 708 3326; x_wconf 97' lang='lat'><strong>—</strong></span> <span class='ocrx_word' id='word_1_438' title='bbox 731 3305 741 3323; x_wconf 85' lang='lat'><strong><em>⁴</em></strong></span> <span class='ocrx_word' id='word_1_439' title='bbox 757 3304 866 3345; x_wconf 84' lang='lat' dir='ltr'>Ibid.‚</span> <span class='ocrx_word' id='word_1_440' title='bbox 899 3314 930 3335; x_wconf 90' lang='lat' dir='ltr'>v.</span> <span class='ocrx_word' id='word_1_441' title='bbox 958 3308 1009 3337; x_wconf 83' lang='lat'>12.</span> <span class='ocrx_word' id='word_1_442' title='bbox 1031 3322 1069 3327; x_wconf 88' lang='lat'>—-</span> <span class='ocrx_word' id='word_1_443' title='bbox 1100 3306 1110 3324; x_wconf 81' lang='lat'>⁵</span> <span class='ocrx_word' id='word_1_444' title='bbox 1128 3305 1270 3345; x_wconf 57' lang='lat' dir='ltr'>Eccles„</span> <span class='ocrx_word' id='word_1_445' title='bbox 1346 3305 1468 3346; x_wconf 67' lang='lat'>⁹8:111„</span> <span class='ocrx_word' id='word_1_446' title='bbox 1485 3313 1556 3344; x_wconf 85' lang='lat' dir='ltr'>cap.</span> <span class='ocrx_word' id='word_1_447' title='bbox 1578 3311 1626 3343; x_wconf 80' lang='lat' dir='ltr'>ix,</span> <span class='ocrx_word' id='word_1_448' title='bbox 1642 3312 1674 3335; x_wconf 86' lang='lat' dir='ltr'>v.</span> <span class='ocrx_word' id='word_1_449' title='bbox 1692 3304 1742 3336; x_wconf 85' lang='lat'>15.</span> 
     </span>
     <span class='ocr_line' id='line_1_39' title="bbox 231 3358 1272 3400; baseline 0.001 -9"><span class='ocrx_word' id='word_1_450' title='bbox 231 3369 305 3400; x_wconf 85' lang='lat' dir='ltr'>cap.</span> <span class='ocrx_word' id='word_1_451' title='bbox 320 3368 393 3400; x_wconf 74' lang='lat' dir='ltr'>vin,</span> <span class='ocrx_word' id='word_1_452' title='bbox 412 3369 441 3392; x_wconf 72' lang='lat' dir='ltr'>V.</span> <span class='ocrx_word' id='word_1_453' title='bbox 462 3360 562 3392; x_wconf 83' lang='lat'>16.—</span> <span class='ocrx_word' id='word_1_454' title='bbox 574 3359 586 3378; x_wconf 84' lang='lat'><strong><em>⁶</em></strong></span> <span class='ocrx_word' id='word_1_455' title='bbox 600 3358 636 3390; x_wconf 89' lang='lat' dir='ltr'>ln</span> <span class='ocrx_word' id='word_1_456' title='bbox 651 3359 736 3391; x_wconf 86' lang='lat' dir='ltr'>libro</span> <span class='ocrx_word' id='word_1_457' title='bbox 749 3358 962 3391; x_wconf 82' lang='lat' dir='ltr'>Ecclesiastes</span> <span class='ocrx_word' id='word_1_458' title='bbox 979 3359 1097 3398; x_wconf 80' lang='lat' dir='ltr'>legitur</span> <span class='ocrx_word' id='word_1_459' title='bbox 1113 3360 1272 3392; x_wconf 77' lang='lat' dir='ltr'>tractavi.</span> 
     </span>
    </p>
   </div>
  </div>
 </body>
</html>
