2638 3866
302 250 363 296 64
1109 245 1276 293 PETRI
1311 243 1623 293 ABAELARDI

304 364 532 412 ronymus
553 348 778 395 adversus
809 363 978 393 eorum
1000 345 1260 393 calumnias
1287 344 1518 404 reddidit,
1557 346 1643 409 qui
1672 345 1736 392 ob
1771 345 1821 391 id
1858 344 2120 392 catholicos
2149 354 2364 395 tractato.

303 426 720 491 reprehendendos
742 434 1008 485 autumant,
1033 424 1166 488 quod
1189 424 1283 470 suis
1305 423 1774 488 scriptissinfidelium
1787 424 2058 471 testimonia
2075 424 2148 471 vel
2163 424 2292 473 dicta
2301 428 2426 475 inse·

304 523 406 553 rere
427 514 738 570 praesumant,
768 505 905 569 quasi
929 506 996 551 eis
1021 503 1348 551 auctoritatem
1372 501 1605 562 tribuant,
1634 503 1715 567 qui
1748 502 1880 551 nulla
1909 502 2043 566 digni
2077 513 2189 551 sunt
2221 508 2428 553 auctori-

304 595 421 644 tate,
464 595 510 632 et
544 585 680 648 quasi
713 583 952 632 maculare
982 599 1138 631 sacras
1177 582 1433 630 sententias
1466 583 1616 648 possit
1652 582 1823 630 veritas
1852 599 1937 648 per
1972 582 2189 631 infideles
2221 586 2423 649 prolata.

303 668 507 712 Noverat
529 673 655 711 certe
681 673 732 711 ut
751 664 1111 711 discretissimus
1135 676 1279 725 grana
1301 676 1330 708 a
1351 660 1517 726 paleis,
1544 671 1592 709 et
1609 662 1910 724 margaritam
1934 664 2112 710 caeteris
2136 664 2435 729 quandoque*

303 744 633 807 pretiosiorem
654 745 703 791 in
728 743 1005 806 sterquilino
1022 739 1398 806 deprehendere,
1422 757 1568 805 quam
1581 741 1631 788 in
1651 749 1935 802 ornamento
1954 742 2086 805 regio
2101 751 2330 807 tanquam
2346 760 2429 791 sa—

304 823 437 886 piens
465 810 702 871 aurifaber
721 823 874 870 valeat
895 836 1203 887 componere.
1234 819 1444 868 Tenebat
1475 820 1756 879 certissime,
1794 821 1841 867 et
1877 819 2007 868 dona
2042 822 2129 868 Dei
2151 838 2239 887 per
2261 812 2432 887 quem-A

304 919 492 966 cunque
535 902 716 950 malum
753 901 1068 949 contaminari
1098 916 1198 946 non
1227 915 1390 964 posse,
1430 916 1519 948 nec
1550 899 1711 948 divina
1742 909 2036 947 sacramenta
2065 910 2290 949 contactu
2318 918 2429 967 pra·

305 998 475 1033 vorum
498 982 765 1046 inquinari,
795 996 907 1028 cum
928 990 1010 1027 aut
1033 981 1082 1028 in
1104 980 1301 1028 nomine
1318 980 1555 1028 Trinitatis
1576 979 1792 1028 infideles
1813 978 2057 1045 baptizant
2075 1015 2088 1041 ‚
2123 991 2208 1028 aut
2235 982 2430 1047 pessimi

308 1062 484 1124 quique
507 1060 666 1109 divina
688 1060 833 1108 verba
851 1060 1135 1125 praedicant,
1158 1069 1241 1109 aut
1261 1059 1540 1126 prophetias
1558 1060 1847 1126 loquuntur,
1886 1070 1934 1108 et
1965 1077 2319 1127 nonnunquam
2340 1063 2431 1110 mi-

307 1139 467 1187 racula
489 1140 684 1187 faciunt.
727 1143 1035 1205 Quaecunque
1062 1141 1191 1188 enim
1218 1139 1350 1188 bona
1377 1151 1514 1200 sunt,
1558 1157 1586 1189 a
1617 1143 1719 1188 Deo
1758 1157 1858 1188 esse
1896 1156 2088 1189 necesse
2118 1150 2215 1203 est,
2254 1157 2344 1189 nec
2377 1156 2432 1189 ea

307 1218 634 1282 quorumlibet
665 1219 842 1268 malitia
863 1221 1191 1269 contaminare
1212 1230 1387 1286 potest.
1422 1220 1668 1269 Unde-nec
1690 1219 1993 1287 prophetiam
2014 1221 2204 1268 Balaam
2228 1219 2430 1285 gentilis,

307 1314 463 1362 neque
486 1299 629 1345 Arioli
654 1316 788 1347 sacra
809 1300 1100 1365 improbavit
1118 1301 1374 1348 auctoritas
1391 1337 1403 1360 ,
1442 1317 1538 1365 qua
1560 1299 1874 1366 postmodum
1913 1299 2038 1363 magi
2070 1300 2291 1364 primitiae
2326 1316 2440 1364 gen-

307 1378 424 1424 tium
447 1377 625 1426 incitati
650 1378 938 1441 creduntur,
978 1390 1031 1428 ut-
1063 1397 1192 1429 nova
1221 1389 1481 1446 apparente
1503 1379 1638 1428 stella
1658 1397 1842 1428 novum
1873 1380 2032 1427 statim
2059 1395 2218 1444 regem
2261 1395 2438 1444 quaere-

307 1466 433 1515 rent,
457 1473 545 1503 nec
566 1457 754 1522 Sibyllae
779 1459 851 1506 vel
877 1460 1059 1524 Virgilii
1082 1460 1306 1508 vaticinia
1337 1459 1595 1524 spiritualis
1631 1459 1805 1507 doctor
1841 1459 2130 1523 Augustinus
2161 1467 2437 1506 sanctorum

308 1535 570 1600 prophetiis
599 1538 806 1586 inserere
834 1540 1018 1600 timuit,
1045 1539 1296 1587 attendens
1322 1539 1442 1587 illud
1469 1540 1734 1605 Apostoli¹:
1766 1559 1790 1583 «
1817 1541 1875 1586 Et
1897 1554 2042 1586 nemo
2071 1538 2230 1586 dicere
2251 1548 2435 1604 potest:

312 1616 544 1663 Dominus
575 1620 732 1677 Jesus‚
769 1619 859 1666 nisi
883 1620 932 1666 in
953 1620 1134 1684 Spiritu
1156 1628 1347 1674 sancto,
1378 1637 1402 1664 »
1429 1635 1520 1667 nec
1541 1618 1846 1685 prophetiam
1877 1618 2068 1683 Caiphae
2099 1617 2440 1666 commendare

314 1695 605 1759 Evangelista
629 1698 804 1745 veritus
826 1708 895 1746 est
917 1699 1106 1746 dicens¹
1131 1717 1143 1745 ε
1170 1718 1193 1744 «
1222 1702 1320 1747 Hos
1350 1709 1512 1748 autem
1540 1715 1570 1747 a
1602 1699 1859 1764 semetipso
1894 1714 1994 1745 non
2030 1697 2173 1757 dixit,
2212 1697 2297 1744 sed
2327 1713 2438 1744 cum

314 1784 434 1822 esset
469 1776 682 1824 Pontifex
719 1779 833 1825 anni
866 1778 1015 1841 illius,
1056 1779 1377 1844 prophetavit.
1409 1800 1432 1824 ³>
1469 1783 1566 1828 Nec
1597 1780 1812 1845 ipsorum
1852 1777 2130 1836 daemonum
2166 1778 2439 1825 testimonia

315 1855 623 1918 Evangelium
643 1857 852 1917 reticuit,
880 1875 992 1905 cum
1016 1859 1078 1906 ad
1099 1875 1268 1907 eorum
1291 1860 1621 1926 expulsionem
1637 1859 2091 1906 Domino'veniente
2108 1893 2120 1917 ,
2143 1873 2257 1905 eum
2280 1859 2438 1906 Iesum

314 1933 548 1982 Christum
563 1973 575 1996 ,
613 1952 695 1983 seu
721 1937 872 1985 filium
895 1940 983 1986 Dei
1006 1939 1317 1988 inclamarent
1339 1957 1395 1989 ac
1417 1940 1777 1988 confiterentur.
1805 1940 1997 2005 Quippe
2025 1939 2162 2003 cujus
2184 1938 2408 1987 virtutem
2423 1973 2437 1997 ‚

312 2014 408 2060 sive
432 2016 691 2076 nascentis,
718 2034 799 2065 seu
835 2019 1104 2079 morientis,
1141 2021 1240 2068 sive
1272 2021 1562 2084 resurgentis
1592 2019 1668 2068 vel
1705 2019 2004 2067 ascendentis
2038 2027 2086 2066 et
2108 2016 2339 2066 miracula
2371 2017 2443 2065 fa·

317 2093 504 2155 cientis,
542 2095 644 2159 ipsa
666 2097 809 2144 etiam
840 2099 1133 2148 insensibilia
1164 2100 1528 2165 quodammodo
1558 2100 1788 2159 sensisse,
1820 2108 1874 2146 ut
1911 2099 1954 2146 ei
1991 2097 2320 2145 testimonium
2352 2114 2441 2145 suo

317 2173 463 2219 modo
491 2175 779 2238 praeberent,
805 2178 973 2227 beatus
1005 2180 1227 2245 perhibet
1257 2181 1543 2244 Gregorius3
1585 2179 1771 2244 Angelis
1804 2178 2001 2244 quidem
2037 2187 2084 2225 et
2119 2176 2252 2225 stella
2285 2179 2442 2227 statim

318 2253 366 2298 in
391 2263 501 2300 ortu
525 2255 669 2318 ipsius
694 2258 1056 2322 apparentibus,
1083 2260 1132 2306 in
1153 2270 1307 2308 morte
1329 2276 1445 2308 vero
1468 2260 1569 2308 sole
1591 2259 1847 2308 obscurato
1863 2296 1876 2320 ,
1907 2259 2053 2325 petris
2083 2268 2131 2306 et
2151 2256 2258 2305 vela
2278 2257 2444 2323 templi

318 2331 494 2393 scissis,
519 2343 567 2379 et
586 2339 907 2385 monumentis
923 2348 1199 2387 sanctorum
1220 2340 1396 2404 apertis
1413 2340 1783 2403 resurgentium,
1809 2338 2067 2401 multisque
2089 2338 2440 2403 apparentium,

318 2410 364 2455 in
391 2415 732 2462 resurrectione
754 2425 887 2464 terrae
908 2429 1043 2466 motu
1064 2420 1187 2466 facto
1207 2436 1318 2466 cum
1343 2420 1527 2466 visione
1550 2419 1842 2482 Angelorum
1861 2454 1873 2477 ,
1910 2419 1959 2464 in
1993 2417 2270 2464 ascensione
2314 2414 2444 2463 nube

317 2506 426 2536 eum
460 2493 762 2557 suscipiente.
800 2497 942 2560 Cujus
973 2516 1169 2563 quoque
1204 2501 1470 2564 potentiam
1502 2508 1644 2564 atque
1671 2499 1954 2563 sapientiam
1989 2491 2238 2544 universus
2273 2494 2444 2543 mundi

318 2579 510 2618 ornatus
542 2576 827 2624 annuntiare
846 2594 945 2624 non
970 2590 1119 2626 cessat
1145 2596 1198 2626 ac
1224 2579 1505 2644 praedicare,
1527 2589 1574 2626 et
1595 2595 1682 2626 suo
1708 2579 1855 2625 modo
1878 2576 2074 2625 laudare
2089 2613 2101 2637 ,
2127 2585 2174 2623 et
2197 2591 2445 2623 commen-

320 2646 451 2709 dare,
477 2667 533 2698 ex
556 2652 658 2717 ipsa
682 2656 755 2701 sui
778 2657 979 2704 mirabili
1003 2655 1355 2723 compositione
1378 2676 1434 2707 ac
1457 2659 1786 2724 dispositione.
1821 2657 1960 2704 Unde
1991 2655 2265 2721 Apostolus*⁵
2287 2674 2297 2702 :
2324 2674 2348 2701 «
2368 2658 2448 2702 In-

319 2726 538 2789 visibilia,
570 2751 592 2774 »
618 2733 798 2798 inquit,
828 2754 851 2781 «
880 2737 1030 2802 ipsius
1052 2754 1078 2784 a
1099 2748 1318 2786 creatura
1350 2738 1520 2786 mundi
1553 2755 1637 2803 per
1669 2754 1725 2785 ea
1755 2753 1860 2803 quae
1888 2737 2013 2783 facta
2042 2744 2179 2795 sunt,
2211 2734 2447 2783 intellecta

320 2808 694 2870 conspiciuntur.
720 2815 1018 2879 Sempiterna
1040 2834 1235 2882 quoque
1257 2819 1406 2866 virtus
1433 2829 1481 2866 et
1508 2818 1750 2879 divinitas,
1776 2827 1867 2865 etc.
1893 2835 1916 2861 n
1943 2816 2066 2862 Hinc
2097 2815 2343 2863 Psalmista
2369 2815 2444 2861 in-

321 2884 615 2935 sensibilium
640 2907 834 2955 quoque
860 2904 1185 2944 creaturarum
1207 2899 1429 2945 laudibus
1448 2898 1767 2963 applaudens,
1790 2913 1961 2945 omnes
1982 2896 2160 2961 pariter
2192 2894 2254 2942 ad
2283 2893 2449 2941 laudes

321 2963 408 3010 Dei
439 2975 678 3014 creaturas
720 2971 910 3030 invitat,
951 2977 1086 3037 quasi
1126 2993 1182 3024 ex
1221 2978 1447 3024 omnibus
1484 2980 1666 3043 optime
1704 2977 1910 3025 conditis
1941 2975 2107 3022 laudes
2145 2974 2232 3021 Dei
2255 2989 2283 3020 a
2305 2971 2452 3020 nobis

319 3041 497 3104 exigat,
525 3047 608 3108 qui
634 3064 722 3111 pro
746 3050 886 3097 nobis
909 3052 957 3098 in
977 3054 1162 3102 mundo
1185 3057 1400 3104 condidit
1424 3057 1660 3105 universa.
1690 3057 1828 3105 Unde
1864 3065 1910 3104 et
1934 3071 1962 3103 a
1990 3054 2287 3102 summitate⁴
2309 3051 2416 3100 coeli
2431 3088 2444 3112 ,

323 3289 344 3321 Α
366 3230 586 3322 “[1)(;οτίυῑὶ].,
605 3244 677 3277 cap.
695 3246 751 3277 ευ,
779 3247 806 3272 v.
836 3242 866 3274 3.
886 3259 927 3267 -
945 3242 1075 3285 ²Joan.,
1099 3253 1169 3285 cap.
1189 3254 1240 3286 x1,
1273 3255 1303 3278 v.
1323 3249 1375 3280 51.
1395 3266 1432 3272 -
1451 3250 1463 3269 ³
1479 3222 1589 3290 Ram„
1615 3260 1684 3292 cap.
1716 3260 1740 3291 ι,
1758 3261 1789 3283 v.
1807 3252 1858 3284 20.
1878 3266 1918 3274 --
1937 3249 1947 3268 ⁴
1963 3249 2014 3282 Sic
2026 3248 2110 3281 Cod.
2129 3247 2212 3279 Vict.
2228 3242 2452 3278 Solemnitate

350 3298 380 3321 m
410 3314 416 3321 .
2115 3302 2118 3306 ·
