2638 3866
244 221 340 268 488
1044 217 1216 264 PETRI
1250 218 1567 266 ABAELARDI

245 322 462 385 negative
491 319 633 378 dicat,
670 318 764 364 hoc
797 327 868 365 est
899 333 998 364 non
1036 317 1281 365 diversum
1311 335 1535 366 numero.
1567 320 1615 367 Si
1645 319 1775 366 enim
1809 335 1919 385 pars
1952 336 2157 368 numero
2190 321 2378 369 diversa

245 401 481 448 diceretur
507 416 535 446 a
564 415 652 445 suo
674 407 776 445 toto
791 435 803 459 ,
832 398 1052 463 profecto
1077 401 1296 447 Socrates
1319 399 1379 447 de
1401 399 1731 448 differentibus
1763 418 1966 449 numero
1990 401 2239 467 praedicari
2261 419 2380 450 con-

245 481 510 539 cederetur,
534 495 646 525 cum
668 478 891 526 videlicet
918 478 1015 526 1100
1037 489 1193 527 totum
1221 497 1277 528 ex
1297 496 1445 528 manu
1464 481 1641 528 scilicet
1670 492 1718 529 et
1746 482 1932 546 reliquo
1956 499 2162 548 corpore
2184 499 2381 549 compo-

240 562 382 607 situm
410 560 468 606 sit
495 561 728 620 Socrates,
760 569 807 606 et
826 559 984 625 ipsum
1007 577 1202 625 quoque
1232 560 1466 626 reliquum
1490 578 1667 627 corpus
1692 579 1719 610 a
1740 578 1885 610 manu
1910 561 2138 627 deinceps
2161 564 2380 610 Socrates

237 642 296 687 sit
324 639 604 701 dicendum,
632 640 727 688 1100
754 650 824 688 est
854 641 945 689 hac
977 642 1139 690 anima
1164 641 1487 704 vivificatum3
1520 643 1582 691 de
1604 661 1703 708 quo
1735 643 1934 709 quidem
1967 643 2108 691 latius
2131 643 2180 690 in
2205 643 2381 710 praedi-

240 730 464 768 camento
489 720 761 769 substantiae
784 721 898 770 alibi
920 721 1062 769 nobis
1085 723 1328 787 agendum
1353 723 1458 771 fuit.

302 802 501 850 Diversa
532 812 695 850 autem
725 802 1011 850 diffinitione
1048 813 1177 866 sunt,
1203 821 1310 869 quae
1342 804 1513 853 eadem
1544 804 1833 853 diffinitione
1860 806 2103 854 sententiae
2137 805 2380 852 terminari

239 899 337 930 non
372 893 591 948 possunt,
623 882 719 930 hoc
741 893 812 930 est
841 900 946 948 quae
974 883 1087 931 talia
1114 894 1242 947 sunt,
1272 895 1325 933 ut
1358 902 1458 933 sese
1493 895 1662 933 mutuo
1699 903 1798 933 non
1832 887 2041 949 exigant,
2076 885 2186 933 licet
2211 885 2381 933 eadem

236 980 311 1011 res
333 963 393 1010 sit
420 973 693 1029 utrumque,
717 965 840 1012 sicut
862 974 932 1012 est
954 965 1219 1013 substantia
1250 976 1297 1013 et
1319 983 1512 1031 corpus,
1535 966 1611 1013 vel
1633 965 1798 1014 album
1823 977 1870 1014 et
1893 966 2087 1014 durum.
2118 969 2226 1014 Non
2251 966 2381 1014 enim

237 1060 294 1090 ex
331 1061 390 1092 eo
426 1044 561 1109 quod
602 1044 865 1093 substantia
904 1056 974 1093 est
1010 1063 1188 1111 corpus
1216 1057 1310 1108 est3
1354 1046 1428 1094 vel
1480 1063 1537 1094 ex
1579 1063 1637 1093 00
1671 1046 1804 1111 quod
1841 1046 2007 1094 album
2050 1056 2148 1109 est,
2203 1046 2380 1094 durum

237 1135 323 1186 est,
367 1142 479 1172 cum
515 1124 610 1172 hoc
648 1126 750 1173 sine
785 1125 868 1172 illo
904 1137 1047 1191 queat
1076 1144 1195 1190 esse,
1224 1144 1383 1192 neque
1420 1144 1476 1175 ex
1508 1143 1558 1174 se
1583 1126 1702 1175 illud
1733 1128 1903 1193 exigat.
1942 1131 1996 1175 Et
2030 1127 2158 1175 hanc
2185 1126 2382 1191 quidem

237 1205 554 1253 differentiam
591 1206 782 1253 Boetius
809 1207 857 1254 in
889 1207 1048 1273 primo
1085 1209 1366 1272 Topicorum
1402 1224 1492 1254 nos
1524 1207 1684 1269 docet,
1720 1208 1804 1255 ubi
1832 1225 1944 1256 cum
1968 1207 2095 1255 dicat
2119 1207 2249 1255 idem
2281 1223 2383 1255 esse

237 1287 638 1351 propositionem,
673 1287 1001 1350 quaestionem,
1036 1288 1423 1347 conclusionem;
1450 1288 1567 1336 dicit
1596 1298 1755 1336 tamen
1788 1305 1847 1337 ea
1872 1288 2082 1350 differre,
2109 1305 2222 1336 cum
2253 1287 2384 1335 vide-

235 1364 345 1412 licet
377 1367 644 1432 propositio
677 1368 826 1433 possit
856 1384 959 1415 esse
987 1369 1025 1415 si
1061 1386 1159 1416 non
1188 1370 1247 1416 sit
1278 1369 1474 1434 quaestio
1505 1370 1577 1417 vel
1608 1369 1884 1432 conclusio;
1912 1379 1960 1417 et
1988 1370 2185 1434 quaestio
2210 1369 2251 1416 si
2281 1385 2382 1416 non

238 1448 295 1494 sit
324 1447 592 1508 conclusio,
628 1466 739 1496 cum
768 1449 864 1497 hoc
894 1467 993 1497 non
1021 1451 1176 1515 exigat
1203 1451 1339 1512 illud,
1373 1461 1421 1499 et
1445 1451 1629 1515 singula
1659 1451 1866 1518 propriis
1896 1450 2264 1498 diffinitionibus
2293 1463 2385 1499 ter-

237 1528 466 1576 minanda
497 1530 609 1576 sint.
643 1530 739 1588 Qui
770 1531 914 1577 etiam
942 1532 993 1578 in
1025 1531 1344 1579 Dc'vzlrc‘onibus
1369 1532 1464 1580 hoc
1498 1532 1648 1579 modo
1684 1530 1915 1580 rationale
1952 1541 1999 1579 et
2025 1530 2164 1596 bipes
2193 1531 2385 1580 differre

238 1607 380 1669 dicit,
421 1609 553 1671 licet,
592 1611 776 1674 inquit,
825 1611 958 1659 nulla
997 1611 1057 1659 ab
1092 1612 1299 1660 invicem
1342 1613 1648 1679 oppositione
1685 1612 2036 1677 disjungantur.
2091 1612 2385 1678 Porphyrius

239 1705 433 1753 quoque
458 1690 506 1736 in
531 1693 744 1756 Isagogzlc
762 1692 858 1739 suis
877 1691 1158 1756 hujusmodi
1178 1693 1517 1756 differentiam,
1541 1694 1808 1742 secundum
1828 1693 2166 1742 diffinitionem
2186 1694 2382 1754 scilicet,

239 1785 338 1816 non
377 1771 702 1834 praetermisit,
737 1789 848 1819 00111
881 1773 945 1820 ait
987 1790 996 1819 ε
1035 1776 1302 1831 «Quorum
1329 1775 1543 1835 termini,
1577 1775 1624 1821 id
1661 1785 1731 1822 est
1770 1774 2082 1822 diffinitiones
2115 1783 2226 1821 sunt
2254 1774 2387 1822 diste-

239 1850 426 1908 renfiae,
462 1851 565 1915 ipsa
597 1868 792 1916 quoque
827 1863 940 1899 sunt
970 1852 1255 1900 differentia.
1285 1874 1306 1897 >2
1335 1856 1530 1901 Certum
1561 1855 1742 1921 quippe
1764 1864 1834 1902 est
1857 1854 2022 1901 omnia
2055 1871 2160 1918 quae
2184 1870 2385 1918 quoquo

239 1930 388 1978 modo
405 1930 724 1980 affirmatione
739 1942 785 1980 et
798 1934 1053 1998 negati0ne
1068 1934 1274 1999 disjungi
1294 1944 1513 2000 possunt,
1528 1934 1719 1982 differre
1735 1935 1796 1982 ab
1811 1935 2036 1981 invicem.
2053 1932 2197 1980 Verbi
2214 1933 2382 1997 gratia,

238 2012 276 2057 si
298 2010 359 2059 de
382 2012 620 2076 aliquibus
645 2015 900 2063 ostendere
926 2032 1202 2081 possumuS,
1229 2015 1364 2080 quod
1386 2015 1514 2063 istud
1539 2016 1736 2078 animal,
1761 2025 1807 2063 et
1829 2015 1947 2063 illud
1970 2031 2069 2061 non
2099 2015 2156 2062 sit
2180 2013 2390 2082 animal,

238 2091 421 2139 clarum
468 2103 538 2140 est
572 2110 630 2162 ea
663 2094 884 2156 differre3
926 2096 1056 2144 unde
1092 2097 1236 2144 etiam
1275 2106 1468 2163 oportet
1511 2096 1715 2144 concedi
1752 2095 1976 2161 quaelibet
2015 2093 2387 2142 diffinitionibus

237 2172 440 2233 diversa,
469 2174 654 2222 etiamsi
679 2176 774 2223 sint
797 2176 888 2224 sibi
914 2193 999 2242 per
1029 2177 1419 2243 praedicationem
1451 2177 1759 2238 cohaerentia,
1787 2178 1910 2224 sicut
1934 2176 2110 2223 animal
2140 2185 2187 2222 et
2214 2173 2384 2234 homo,

238 2254 311 2300 vel
341 2253 507 2301 album
540 2265 587 2302 et
617 2255 810 2315 durum,
852 2257 1045 2306 differre
1076 2257 1444 2322 quodammodo
1475 2258 1536 2306 ab
1568 2259 1793 2318 invicem,
1826 2274 1940 2305 cum
1965 2273 2022 2304 ea
2043 2272 2239 2321 quoque
2263 2273 2386 2320 quo-

238 2333 504 2383 dammodo
528 2335 847 2385 affirmatione
872 2349 917 2386 et
943 2339 1200 2403 negatione
1223 2339 1285 2387 ab
1308 2339 1516 2386 invicem
1539 2348 1836 2405 separentur.
1875 2336 2061 2386 Animal
2083 2336 2262 2402 quippe
2285 2352 2388 2384 esse

237 2423 413 2478 potest,
451 2416 513 2463 ita
548 2417 682 2482 quod
712 2435 812 2465 non
846 2419 905 2466 sit
934 2419 1115 2480 homo,
1150 2420 1232 2467 sed
1265 2419 1416 2467 homo
1449 2436 1549 2467 non
1585 2429 1742 2485 potest
1775 2435 1893 2480 esse,
1931 2419 1997 2465 ita
2033 2416 2167 2482 quod
2201 2433 2301 2463 non
2329 2416 2388 2462 sit

237 2496 458 2558 animal¹3
491 2507 538 2544 et
571 2498 750 2546 animal
772 2499 868 2547 hoc
898 2510 1086 2548 tantum
1110 2500 1270 2564 exigit,
1297 2510 1350 2547 ut
1373 2501 1430 2547 sit
1456 2500 1720 2547 animatum
1747 2509 1794 2547 et
1816 2497 2066 2557 sensibile3
2096 2496 2249 2543 homo
2272 2511 2388 2542 vero

237 2592 336 2622 non
373 2576 469 2624 1100
501 2579 862 2639 tantummodo,
895 2580 978 2628 sed
1011 2581 1209 2646 insuper
1243 2591 1294 2628 ut
1322 2581 1381 2627 sit
1418 2580 1649 2628 rationale
1685 2590 1731 2627 et
1769 2579 1987 2626 mortale.
2019 2576 2204 2626 Eodem
2237 2575 2387 2622 modo

239 2657 433 2720 phoenix
466 2668 512 2705 et
543 2658 624 2706 hic
661 2660 878 2725 phoenix,
906 2671 953 2709 et
978 2660 1073 2708 hoc
1103 2678 1299 2726 corpus,
1327 2660 1498 2709 ethaeo
1529 2661 1707 2721 anima,
1737 2660 1834 2707 sive
1856 2658 1937 2706 hic
1967 2657 2138 2719 homo,
2165 2656 2263 2703 sive
2290 2655 2388 2703 hoc

239 2754 413 2803 corpus
444 2739 626 2803 album,
653 2740 842 2789 diversa
861 2759 962 2790 esse
987 2752 1188 2807 possunt
1211 2741 1418 2804 ostendi,
1445 2741 1555 2789 licet
1575 2740 1792 2806 ejusdem
1820 2739 2013 2805 penitus
2036 2737 2251 2785 essentiae
2274 2737 2384 2783 sint.

240 2817 310 2863 Ad
347 2818 473 2866 hanc
511 2837 705 2885 quoque
756 2822 1082 2871 diversitatem
1119 2822 1238 2870 illud
1271 2823 1510 2888 pertinere
1546 2822 1751 2879 videtur,
1794 2820 1930 2885 quod
1963 2819 2029 2867 ait
2065 2818 2384 2883 Porphyrius,

240 2896 618 2948 differentiarum
653 2903 767 2950 alias
801 2920 902 2951 esse
928 2903 1152 2951 divisivas
1189 2904 1393 2968 generis,
1428 2903 1543 2950 alias
1577 2902 1909 2950 constitutivas
1940 2900 2226 2966 specierum.
2268 2900 2387 2944 Nam

240 2976 349 3024 licet
368 2979 546 3027 eaedem
566 2983 757 3047 penitus
775 2983 986 3032 divisivae
1003 2985 1098 3031 sint
1118 2994 1165 3031 et
1183 2984 1519 3046 constitutivae,
1537 2983 1731 3031 aliunde
1747 2993 1906 3029 tamen
1926 2979 2243 3028 constitutivae
2256 2987 2383 3034 sunt,

242 3072 298 3103 ex
322 3074 381 3104 eo
410 3061 587 3109 scilicet
615 3063 750 3127 quod
781 3066 1102 3128 constituunt,
1139 3064 1332 3112 aliunde
1368 3063 1596 3125 divisivae,
1634 3081 1690 3111 ex
1720 3080 1779 3111 00
1802 3063 1981 3110 scilicet
2005 3059 2139 3125 quod
2166 3057 2389 3105 dividunt

242 3136 303 3183 ab
333 3137 556 3199 invicem3
584 3142 680 3189 hoc
711 3153 779 3190 est
805 3143 1125 3194 diversificant
1154 3145 1353 3210 species.
1395 3148 1450 3192 Et
1481 3144 1592 3193 ideo
1623 3144 1711 3191 alia
1744 3152 1813 3190 est
1843 3141 2110 3207 proprietas
2133 3139 2230 3186 sive
2262 3136 2386 3184 diffi-

310 3323 345 3356 111
362 3324 460 3358 editis
476 3324 587 3358 homo.
