2638 3866
594 191 807 238 ETHICA
840 191 949 238 SEU
984 191 1156 238 LlBER
1188 189 1393 238 DICTUS
1429 207 1441 236 :
1481 188 1648 236 SClTO
1682 187 1951 236 TElPSUM.
2303 188 2388 234 621

254 294 431 361 gra'via.
464 294 638 340 Rursus
658 290 1007 340 damnabilium
1027 291 1246 355 quaedam
1271 290 1535 338 criminalia
1555 290 1798 352 dicuntur,
1825 305 1932 355 quae
1953 289 2002 336 in
2026 287 2117 336 illis
2142 304 2400 354 personam

252 374 482 423 infamem
514 372 592 421 vel
628 372 939 420 criminosam
976 371 1130 419 facere
1163 371 1369 431 habent,
1413 372 1451 419 si
1484 372 1533 419 in
1570 370 1865 419 audientiam
1900 370 2096 417 veniant
2131 387 2141 416 ε
2180 368 2401 434 quaedam

254 472 371 503 vero
401 455 618 502 minime.
645 452 860 502 Venialia
895 451 1094 518 quidem
1129 453 1205 500 vel
1243 452 1352 500 talia
1381 462 1578 518 peccata
1613 461 1743 512 sunt,
1782 450 1980 516 quando
2012 451 2062 498 in
2096 467 2157 498 eo
2190 467 2399 498 consen-

254 537 398 583 timus
428 536 507 583 cui
541 551 642 582 non
669 531 1070 583 consentiendum
1101 549 1203 580 esse
1235 533 1428 594 scimus,
1467 533 1551 581 sed
1586 542 1702 580 tunc
1736 542 1897 580 tamen
1933 548 2034 578 non
2064 531 2275 579 occurrit
2301 547 2403 578 me-

254 617 418 664 moriae
447 614 567 663 illud
588 613 724 679 quod
749 614 926 662 scimus
944 648 957 672 ,
994 612 1346 678 multavquippe
1369 613 1563 673 scimus,
1592 613 1736 661 etiam
1763 612 2077 671 dormientes,
2106 611 2182 658 vel
2205 611 2403 675 quando

254 713 423 745 eorum
470 711 571 743 non
606 693 936 743 recordamur.
979 695 1085 740 Non
1122 693 1252 740 enim
1294 693 1584 741 dormiendo
1626 703 1812 740 nostras
1849 692 2111 740 amittimus
2150 692 2401 753 scientias,

253 776 327 824 vel
361 776 491 824 stulti
521 774 773 833 efficimur,
798 783 882 822 aut
911 790 1024 821 cum
1060 772 1327 838 vigilamus,
1358 773 1594 839 sapientes
1622 772 1878 820 efficimur.
1907 771 2214 836 Quandoque
2247 772 2406 838 itaque

252 856 328 905 vel
368 857 418 904 in
453 856 816 921 vaniloquium,
852 853 928 902 vel
964 854 1015 901 in
1048 853 1348 920 superfluum
1382 870 1519 902 esum
1552 854 1628 901 vel
1668 863 1842 919 potum
1877 851 2230 909 consentimus,
2270 854 2405 917 quod

254 948 415 986 tamen
433 953 741 1003 nequaquam
762 952 865 985 esse
881 934 1157 983 faciendum
1176 934 1380 982 scimus:
1399 933 1483 982 sed
1497 944 1614 982 tunc
1633 934 1831 982 minime
1858 932 2252 990 recordabamur,
2270 934 2402 997 quod

254 1034 355 1066 non
385 1028 508 1066 esset
533 1017 828 1066 faciendum.
855 1015 990 1063 Tales
1021 1015 1182 1080 itaque
1210 1031 1474 1063 consensus
1505 1032 1628 1081 quos
1650 1031 1739 1081 per
1766 1013 2061 1061 oblivionem
2086 1014 2375 1061 incurrimus
2392 1054 2403 1075 ,

256 1098 460 1147 venialia
493 1108 578 1147 aut
609 1098 734 1146 levia
768 1097 997 1146 dicuntur
1031 1106 1246 1162 peccata,
1284 1095 1380 1144 hoc
1415 1106 1512 1157 est,
1546 1113 1646 1143 non
1682 1111 1866 1159 magnae
1899 1094 2231 1142 satisfactionis
2264 1112 2407 1160 poena

253 1179 556 1243 corrigenda,
591 1188 644 1227 ut
678 1178 751 1227 vel
775 1188 908 1226 extra
932 1178 1182 1226 ecclesiam
1210 1177 1382 1243 positi,
1420 1177 1497 1226 vel
1537 1178 1667 1242 gravi
1701 1175 1991 1224 abstinentia
2016 1177 2168 1241 pressi
2198 1175 2264 1223 ob
2297 1176 2408 1224 talia

253 1260 545 1325 plectamur3
588 1276 680 1326 pro
726 1259 902 1324 quihus
939 1259 1137 1324 quidem
1186 1258 1483 1323 negligentiis
1534 1256 1880 1324 poenitentibus
1920 1256 2218 1304 dimittendis
2262 1256 2407 1304 verba

254 1341 549 1406 quotidianae
570 1340 886 1388 confessionis
900 1340 1278 1406 frequentamus,
1299 1340 1348 1387 in
1372 1357 1470 1405 qua
1492 1339 1690 1387 minime
1711 1338 2112 1386 commemoratio
2134 1337 2405 1401 graviorum

254 1423 506 1488 culparum
533 1421 752 1470 facienda
780 1432 867 1483 est,
903 1421 988 1469 sed
1020 1430 1207 1469 tantum
1227 1420 1486 1468 leviorum.
1517 1423 1682 1485 Neque
1705 1419 1835 1467 enim
1859 1418 1926 1466 ibi
1949 1418 2110 1466 dicere
2133 1417 2366 1466 debemus
2394 1437 2401 1463 :

253 1503 452 1550 Peccavi
486 1503 536 1550 in
569 1503 800 1568 perjurio,
835 1503 884 1549 in
915 1500 1203 1561 homicidio,
1242 1502 1290 1548 in
1316 1500 1573 1561 adulterio,
1602 1510 1649 1549 et
1678 1498 2031 1558 consimilibus,
2071 1515 2176 1562 quae
2214 1497 2410 1546 damna-

254 1581 370 1631 bilia
401 1592 448 1630 et
480 1583 702 1647 graviora
733 1582 962 1630 dicuntur
988 1593 1187 1648 peccata
1213 1603 1225 1630 :
1251 1582 1354 1630 haec
1383 1582 1563 1646 quippe
1586 1597 1687 1627 non
1719 1596 1807 1645 per
1837 1578 2151 1639 oblivionem,
2185 1579 2309 1626 sicut
2331 1578 2409 1625 illa

254 1663 562 1726 incurrimus,
598 1663 685 1711 sed
708 1672 938 1728 tanquam
965 1679 1020 1710 ex
1045 1663 1207 1711 studio
1230 1673 1278 1710 et
1301 1661 1648 1711 deliberatione
1669 1660 2035 1720 committimus,
2062 1658 2411 1707 abominabiles

255 1746 398 1793 etiam
424 1747 529 1792 Deo
552 1744 729 1806 effecti,
759 1744 897 1808 juxta
926 1742 1043 1791 illud
1082 1743 1363 1791 Psalmistae²
1391 1760 1401 1789 ε
1433 1762 1456 1788 α
1477 1739 1837 1789 Abominabiles
1872 1739 1985 1787 facti
2006 1749 2120 1787 sunt
2156 1739 2207 1786 in
2242 1738 2410 1786 studiis

255 1825 391 1872 suis»
421 1843 431 1871 :
459 1825 595 1890 quasi
611 1823 902 1873 execrabiles
924 1833 973 1872 et
990 1823 1132 1872 valde
1159 1823 1364 1872 odibiles
1386 1840 1446 1871 ex
1463 1822 1555 1882 his,
1582 1822 1633 1869 in
1663 1819 1841 1887 quibus
1872 1821 2081 1868 scienter
2099 1836 2412 1886 praesumpse-

256 1915 385 1953 runt.
421 1907 608 1953 Horum
640 1914 804 1952 autem
839 1903 928 1952 alia
960 1904 1227 1953 criminalia
1251 1903 1496 1964 dicuntur,
1532 1918 1639 1967 quae
1671 1918 1758 1967 per
1792 1901 2015 1948 effectum
2046 1901 2240 1964 cognita
2275 1917 2410 1947 naevo

257 2003 440 2051 magnae
473 1986 624 2052 culpae
654 1985 907 2034 hominem
930 1985 1215 2047 detrahunt,
1249 1995 1301 2033 ut
1328 2000 1592 2033 consensus
1618 1982 1832 2048 perjurii,
1861 1981 2140 2039 homicidii,
2167 1980 2407 2041 adulterii,

255 2084 361 2132 quae
390 2067 654 2133 plurimum
687 2065 937 2114 ecclesiam
972 2065 1312 2114 scandalizant.
1348 2067 1472 2112 Cum
1494 2080 1609 2111 vero
1636 2079 1783 2129 supra
1805 2078 1954 2127 quam
1987 2078 2180 2109 necesse
2204 2070 2274 2108 est
2300 2060 2409 2107 cibo

256 2147 580 2212 indulgemus,
619 2146 697 2194 vel
721 2163 822 2194 non
843 2145 1078 2195 mediocri
1111 2146 1243 2193 cultu
1278 2162 1337 2193 ex
1372 2161 1496 2192 vana
1534 2143 1684 2209 gloria
1719 2160 1809 2191 nos
1844 2141 2161 2198 adornamus,
2205 2141 2291 2188 etsi
2314 2139 2410 2186 hoc

255 2227 460 2276 scienter
483 2227 837 2294 praesumimus,
866 2244 966 2274 non
988 2226 1091 2275 haec
1114 2226 1304 2274 crimini
1328 2224 1688 2284 adscribuntur,
1715 2233 1763 2271 et
1785 2221 1917 2289 apud
1931 2220 2107 2269 multos
2126 2221 2232 2287 plus
2256 2219 2410 2268 laudis

256 2307 437 2357 habent
460 2325 608 2374 quam
629 2307 1012 2374 vituperationis.

1103 2498 1349 2590 CAPUT
1414 2529 1567 2590 va

580 2678 721 2716 Utrum
749 2675 887 2715 melius
918 2676 967 2715 sit
999 2689 1021 2714 a
1057 2675 1269 2714 levioribus
1298 2674 1423 2726 culpis
1454 2687 1573 2726 quam
1602 2672 1848 2727 gravioribus
1879 2670 2087 2711 abstinere.

326 2804 450 2849 Sunt
486 2802 571 2866 qui
606 2801 861 2867 perfectius
898 2810 946 2848 et
984 2800 1095 2848 ideo
1134 2799 1305 2848 melius
1343 2798 1513 2847 dicunt
1550 2798 1804 2864 providere
1843 2814 1870 2845 a
1907 2795 2175 2844 venialibus
2206 2796 2414 2860 peccatis

257 2898 405 2946 quam
436 2898 466 2930 a
489 2880 836 2938 criminalibus,
862 2897 922 2928 eo
946 2880 1081 2944 quod
1103 2879 1345 2927 difficilius
1372 2879 1425 2926 id
1452 2878 1686 2939 videatur,
1720 2887 1768 2925 et
1790 2877 1986 2940 majoris
2014 2875 2160 2923 studii
2184 2875 2414 2923 sollicitu—

256 2961 371 3010 dine
413 2961 642 3026 indigeat.
691 2960 879 3020 Quibus
913 2961 1125 3026 primum
1174 2958 1294 3006 illud
1332 2957 1601 3024 respondeo
1641 2958 1912 3006 Tullianum
1960 2975 1970 3003 :
2009 2955 2154 3015 Quod
2200 2956 2239 3003 si
2280 2955 2414 3003 labo·

257 3043 467 3102 riosum,
504 3059 605 3090 non
644 3041 754 3090 ideo
789 3041 1072 3104 gloriosum.
1112 3040 1334 3105 Alioquin
1367 3039 1561 3104 majoris
1596 3038 1751 3086 meriti
1789 3037 1920 3104 apud
1950 3036 2217 3084 Dominum
2259 3045 2414 3084 essent

255 3123 339 3186 qui
374 3139 515 3188 grave
543 3123 713 3187 jugum
748 3121 861 3187 legis
894 3131 1229 3187 portaverunt,
1269 3137 1416 3186 quam
1449 3121 1533 3183 qui
1564 3118 1836 3184 evangelica
1867 3117 2084 3166 libertate
2107 3116 2410 3173 deserviunt:

302 3295 453 3328 'Pealrw
476 3304 603 3334 x111.v.
632 3298 659 3329 l.
