2638 3866
850 148 909 196 IN
942 149 1269 198 EPISTOLAM
1302 151 1385 200 AD
1419 147 1718 200 ROMANOS.
2266 158 2360 205 245

217 259 419 315 purgato
442 265 542 298 non
568 258 843 316 purgatum,
869 249 955 298 sed
971 266 1082 298 cum
1105 251 1208 316 ipsa
1223 252 1361 316 palea
1383 253 1678 301 frumentum
1702 254 2027 319 producatur:
2054 257 2175 303 sicut
2198 272 2257 304 ex
2275 273 2360 322 pa-

218 329 430 378 rentibus
445 347 532 396 per
547 339 902 378 sacramentum
921 346 947 378 a
970 340 1170 396 peccato
1194 332 1607 393 mundatis-nemo
1633 334 1723 381 nisi
1745 350 1856 382 cum
1883 346 2082 401 peccato
2101 338 2326 385 nascitur.

284 413 455 459 Utrum
482 420 645 458 autem
675 427 731 458 ex
766 410 997 476 proximis
1022 427 1219 476 quoque
1251 413 1532 477 parentibus
1566 415 1687 462 sicut
1721 431 1777 462 ex
1803 416 1970 480 primis
2009 427 2205 482 peccata
2244 435 2361 466 con-

216 491 515 550 traxerimus,
538 500 586 539 et
600 489 924 555 multiplicatis
946 490 1259 555 originalibus
1285 494 1508 558 peccatis,
1533 503 1668 542 tanto
1682 495 1886 559 quisque
1908 505 2132 545 nascatur
2151 497 2361 546 deterior

214 581 396 636 quanto
411 572 664 637 posterior,
680 571 842 619 etiam¹
856 571 1098 635 quaeritur.
1121 575 1288 620 Beatus
1301 590 1416 620 vero
1432 575 1718 637 Augustinus
1733 575 1780 621 in
1793 575 2086 635 Enclzz'riclio,
2099 594 2205 644 cap.
2227 596 2355 636 uvi,

212 650 307 700 hoc
335 650 648 717 probabiliter
674 650 770 698 dici
803 652 1060 712 consentit,
1087 661 1142 699 ut
1170 655 1502 718 proximorum
1526 670 1723 719 quoque
1747 665 2002 719 parentum
2035 660 2243 722 peccatis
2277 660 2359 707 filii

213 731 505 796 obligentur,
529 731 612 779 ubi
631 730 856 779 videlicet
879 732 974 781 ait:
1001 735 1294 781 «Parentum
1316 751 1513 800 quoque
1534 735 1743 800 peccatis
1767 736 1993 800 parvulos
2012 737 2231 803 obligari,
2259 757 2359 788 non

212 812 368 860 solum
387 813 657 878 primorum
675 811 950 871 hominum,
975 812 1060 861 sed
1082 814 1224 861 etiam
1247 814 1483 879 ipsorum,
1507 815 1567 863 de
1583 815 1758 879 quibus
1776 817 1867 881 ipsi
1883 818 1982 864 nati
2004 828 2133 879 sunt,
2155 836 2254 867 non
2280 822 2359 867 im-

211 891 526 965 probabiliter
546 893 739 941 dicitur.
762 892 844 940 llla
862 893 1045 959 quippe
1064 893 1228 942 divina
1243 896 1529 944 sententia’:
1554 915 1575 940 u
1594 895 1807 943 Reddam
1825 907 2079 961 peccatum
2100 909 2292 963 patrum
2310 903 2358 948 in

215 992 236 1017 α
255 972 396 1032 filios,
415 994 438 1018 n
455 984 586 1022 tenet
603 990 686 1022 eos
706 974 870 1038 utique
886 983 1144 1038 antequam
1166 991 1251 1040 per
1275 977 1691 1040 regenerationem
1718 976 1780 1024 ad
1795 979 2152 1026 Testamentum
2171 982 2359 1028 Novum

209 1053 443 1119 incipiant
457 1055 710 1120 pertinere.
732 1054 877 1113 Quod
892 1064 1232 1120 testamentum
1247 1056 1631 1121 prophetabatur
1646 1074 1759 1104 cum
1778 1057 2021 1106 diceretur
2043 1076 2127 1124 per
2145 1060 2362 1108 Ezechie-

210 1132 322 1194 lem,
351 1151 452 1182 non
475 1144 756 1200 accepturos
779 1134 904 1183 filios
928 1146 1124 1201 peccata
1143 1143 1353 1201 patrum,
1377 1153 1468 1184 nec
1489 1137 1611 1184 ultra
1634 1137 1844 1185 futuram
1856 1139 1905 1185 in
1921 1140 2064 1187 Israel
2079 1140 2360 1202 parabolam

208 1213 357 1262 hanc³
373 1233 383 1262 ε
405 1235 428 1260 κ
448 1218 610 1264 Patres
625 1215 1042 1264 manducaverunt
1055 1233 1200 1264 uvam
1214 1217 1455 1277 acerbam,
1475 1227 1521 1265 et
1534 1217 1702 1266 dentes
1714 1217 1923 1266 filiorum
1941 1219 2312 1285 obstupuerunt.
2334 1244 2356 1268 ι)

207 1297 327 1342 Item
349 1313 360 1342 ε
388 1316 411 1340 (ι
434 1296 550 1344 Ideo
570 1306 641 1344 est
657 1298 872 1345 instituta
886 1298 1204 1361 regeneratio,
1228 1298 1341 1362 quia
1358 1298 1529 1346 vitiosa
1542 1308 1613 1346 est
1629 1300 1869 1362 generatio
1886 1318 1898 1359 ;
1923 1316 2076 1364 usque
2090 1301 2213 1348 adeo
2230 1313 2279 1349 ut
2299 1304 2358 1351 de

206 1375 420 1440 legitimo
444 1378 753 1425 matrimonio
777 1388 1059 1443 procreatus
1083 1378 1212 1439 dicat
1227 1379 1240 1402 ¹⁶
1265 1396 1274 1424 :
1308 1399 1330 1421 «
1355 1381 1409 1425 In
1432 1379 1768 1442 iniquitatibus
1796 1390 2062 1445 conceptus
2083 1398 2207 1442 sum,
2238 1393 2284 1430 et
2307 1385 2354 1431 in

210 1475 234 1501 «
250 1459 458 1521 peccatis
471 1459 694 1524 concepit
714 1475 791 1506 me
811 1468 964 1506 mater
977 1475 1101 1506 mea.
1121 1478 1143 1501 »
1170 1462 1335 1524 Neque
1353 1460 1483 1506 enim
1503 1459 1584 1507 hic
1603 1459 1723 1506 dixit
1745 1477 1755 1505 :
1786 1479 1809 1502 «
1828 1463 1881 1507 In
1897 1461 2150 1525 iniquitate
2165 1463 2237 1509 vel
2252 1480 2360 1527 pec-

210 1558 232 1580 «
251 1547 377 1599 cato,
392 1559 415 1582 ))
432 1539 547 1603 quia
557 1549 604 1586 et
618 1540 666 1586 in
681 1538 785 1586 illo⁸
799 1556 898 1586 uno
911 1539 1046 1604 quod
1056 1540 1106 1587 in
1119 1556 1288 1587 omnes
1302 1539 1526 1587 homines
1536 1541 1827 1605 pertransiit,
1841 1543 2002 1603 atque⁶
2014 1551 2113 1589 tam
2127 1559 2356 1607 magnum

205 1628 294 1678 est,
317 1628 371 1666 ut
387 1629 654 1667 mutaretur
670 1619 747 1668 vel
769 1629 1131 1667 converteretur
1154 1620 1202 1666 in
1228 1620 1559 1667 necessitatem
1583 1620 1751 1667 mortis
1773 1620 1990 1669 humana
2012 1633 2200 1682 natura,
2226 1641 2359 1690 repe-

204 1698 412 1759 riuntur,
433 1700 555 1748 sicut
576 1717 724 1766 supra
746 1700 966 1760 disserui,
994 1700 1134 1765 plura
1156 1710 1371 1765 peccata,
1396 1711 1443 1748 et
1462 1702 1557 1748 alia
1577 1711 1852 1767 parentum,
1876 1718 1983 1767 quae
2001 1711 2049 1749 et
2075 1714 2210 1752 reatu
2238 1705 2360 1753 obli·

204 1789 318 1841 gant
338 1779 481 1840 filios,
502 1781 596 1828 nisi
619 1781 770 1844 gratia
790 1780 957 1828 divina
978 1779 1247 1828 subveniat.
1272 1781 1367 1828 Sed
1385 1781 1446 1829 de
1462 1781 1669 1846 peccatis
1684 1782 1892 1829 aliorum
1905 1793 2160 1848 parentum
2174 1784 2237 1833 ab
2253 1786 2357 1850 ipso

203 1858 355 1908 Adam
372 1877 525 1926 usque
548 1861 611 1910 ad
632 1872 816 1928 patrem
835 1879 977 1910 suum
1000 1861 1255 1927 disceptari
1279 1871 1453 1927 potest,
1482 1871 1645 1910 utrum
1676 1862 1900 1912 omnium
1931 1864 2070 1912 malis
2098 1865 2287 1912 actibus
2312 1876 2359 1912 et

203 1939 527 2006 multiplicatis
550 1941 735 1990 delictis
753 1941 1067 2007 originalibus
1101 1943 1186 2007 qui
1220 1943 1435 1991 nascitur
1457 1943 1747 2009 implicetur,
1776 1954 1829 1992 ut
1859 1954 1993 1992 tanto
2016 1945 2151 2010 pejus
2174 1955 2356 2010 quanto

202 2022 437 2085 posterius
450 2023 654 2088 quisque
667 2033 905 2071 nascatur.
929 2042 954 2068 »
972 2026 1083 2070 Haec
1099 2033 1262 2072 tamen
1281 2025 1412 2071 Beati
1429 2025 1681 2089 Augustini
1693 2025 1822 2074 dicta
1832 2026 1982 2090 magis
1998 2025 2059 2073 ad
2074 2026 2357 2090 opinionem

200 2100 425 2166 aliorum,
450 2104 572 2152 sicut
594 2105 797 2170 ipsemet
817 2104 995 2166 innuit,
1023 2104 1349 2170 probabilem,
1366 2123 1516 2170 quam
1534 2107 1597 2154 ad
1609 2107 1762 2172 ipsius
1778 2107 2091 2155 assertionem
2107 2107 2355 2154 referenda

200 2182 442 2232 videntur.
472 2186 592 2243 Quis
607 2202 820 2250 namque
843 2186 1136 2233 Hieremiam
1166 2195 1214 2234 et
1247 2190 1487 2235 Joannem
1514 2188 1776 2252 Baptistam
1795 2186 2118 2235 sanctificatos
2141 2188 2191 2234 in
2216 2197 2354 2235 utero

200 2264 342 2328 longe
365 2267 655 2330 posteriores
679 2283 828 2332 quam
848 2267 965 2315 Cain
993 2266 1254 2316 deteriores
1286 2268 1418 2315 nasci
1452 2267 1711 2316 arbitretur
1737 2269 1756 2315 Ξ)
1787 2268 2008 2332 Denique
2039 2277 2085 2315 et
2116 2268 2355 2315 Dominus

198 2346 333 2393 Jesus
357 2361 415 2392 ex
437 2345 600 2394 multis
622 2346 958 2412 peccatoribus
981 2347 1198 2413 patribus
1224 2348 1463 2412 originem
1487 2348 1670 2396 ducens
1693 2348 1963 2396 secundum
1987 2364 2184 2396 carnem
2212 2347 2355 2410 longe

198 2434 310 2489 post
333 2426 451 2473 Cain
475 2436 615 2474 natus
652 2437 725 2475 est
747 2444 805 2475 ex
827 2429 1030 2491 virgine.
1075 2431 1134 2475 Et
1170 2444 1283 2475 cum
1314 2429 1478 2493 plures
1511 2445 1660 2494 quam
1694 2430 1811 2476 Cain
1846 2438 2123 2493 peccatores
2158 2427 2355 2475 haberet

198 2514 537 2567 antecessores,
559 2507 678 2555 nihil
703 2517 863 2556 tamen
886 2509 931 2555 ei
953 2508 1110 2555 obfuit
1133 2509 1452 2556 numerositas
1476 2508 1646 2556 talium
1668 2519 1879 2574 patrum,
1925 2525 2135 2573 quorum
2159 2524 2353 2554 carnem

197 2586 381 2650 accepit
400 2587 451 2634 in
473 2588 673 2652 virgine.
702 2588 803 2657 Sed
819 2605 935 2636 vero
955 2588 1076 2636 illud
1095 2589 1146 2636 in
1166 2589 1540 2637 admirationem
1571 2590 1735 2638 venire
1758 2589 1919 2648 debet,
1959 2589 2093 2653 quod
2116 2605 2228 2635 cum
2255 2590 2350 2633 ori-

198 2665 352 2727 ginale
374 2677 628 2732 peecatum
650 2668 978 2729 condonatur,
1006 2679 1154 2717 status
1177 2670 1567 2731 immortalitatis,
1599 2670 1683 2733 qui
1714 2687 1801 2735 per
1834 2670 1994 2735 ipsum
2032 2669 2233 2717 amissus
2259 2678 2347 2726 est,

198 2760 299 2791 non
318 2757 646 2812 recuperatur.
675 2750 797 2796 Satis
819 2750 1002 2814 quippe
1026 2749 1089 2797 ad
1114 2748 1288 2796 divinae
1314 2749 1471 2812 gratiae
1503 2749 1771 2813 largitatem
1805 2749 1948 2795 nobis
1980 2748 2125 2796 debet
2157 2764 2275 2808 esse,
2312 2750 2350 2794 si

197 2825 272 2871 vel
296 2827 625 2890 gravissimam
647 2838 695 2876 et
715 2839 942 2876 aeternam
965 2831 1197 2877 evitemus
1220 2839 1427 2877 mortem
1447 2847 1459 2876 ε
1485 2829 1598 2893 quia
1619 2845 1706 2894 per
1729 2828 1848 2876 illud
1870 2839 2125 2894 peccatum
2147 2829 2350 2876 incurri—

197 2921 306 2952 mus
330 2916 599 2972 utramque.
627 2911 734 2956 Non
757 2919 828 2956 est
845 2910 976 2957 enim
1000 2909 1132 2959 aliud
1149 2911 1306 2957 Deum
1329 2909 1611 2956 condonare
1645 2917 1917 2974 peccatum,
1948 2925 2095 2974 quam
2122 2919 2351 2957 aeternam

199 2986 299 3048 ejus
321 2987 534 3036 relaxare
557 3005 770 3054 poenam.
800 2989 875 3037 Ad.
895 2989 993 3037 hoc
1016 2989 1167 3046 enim,
1205 2998 1259 3037 ut
1288 2988 1514 3049 arbitror,
1539 3005 1686 3058 poena
1706 2990 1793 3038 ista
1818 2990 2086 3056 corporalis
2110 3000 2158 3038 et
2181 2990 2349 3038 transi-

242 3192 344 3228 ¹Male
363 3195 475 3236 Δηὼ,
492 3198 576 3230 Ante
594 3198 774 3239 quae‘ritur.
791 3216 831 3224 -
847 3200 859 3219 ²
874 3199 990 3241 Dent..
1010 3208 1082 3241 cap.
1109 3208 1142 3243 v,
1165 3210 1195 3235 v.
1214 3202 1246 3236 9.
1267 3216 1306 3228 -·
1323 3203 1336 3224 ³
1351 3201 1483 3242 Ezech..
1504 3211 1579 3244 cap.
1600 3209 1694 3244 xvnx,
1711 3208 1743 3236 v.
1768 3201 2007 3235 2.-⁴Psalm.
2032 3210 2062 3242 ι,
2086 3211 2116 3233 v.
2136 3203 2166 3234 7.
2184 3217 2222 3224 -—
2239 3201 2249 3219 ⁵
2264 3198 2343 3231 Male

200 3246 297 3279 Amb.
320 3248 438 3284 Verbo.
456 3267 497 3274 —
513 3251 642 3293 ⁶Atque
658 3250 766 3285 Deest.
784 3262 837 3294 ap.
859 3252 958 3286 Amb.
977 3254 1073 3287 male.
