2638 3866
933 319 1275 369 THEOLOGIA
1323 321 1694 371 CHRISTIANA.
2293 320 2389 369 433

245 439 350 473 eam
380 437 542 471 veram
573 420 803 485 intelligat
832 420 1134 486 sapientiam,
1171 421 1232 468 de
1259 439 1354 487 qua
1382 423 1592 472 Jacobus
1614 421 1862 489 apostolus
1896 421 2036 469 ‹licw
2065 440 2075 467 :
2116 442 2139 464 «
2160 424 2277 481 Quae
2305 422 2390 470 de-

244 520 434 552 sursum
455 512 524 550 est
544 502 775 568 sapientia
804 501 1014 566 primum
1040 501 1218 566 pudica
1240 503 1437 567 quidem
1460 514 1547 563 est,
1581 503 1757 551 deinde
1783 502 1999 569 pacifica.
2029 523 2051 546 n
2081 505 2144 551 Ac
2169 503 2207 550 si
2230 513 2393 569 aperte

244 586 373 633 dicat
399 602 408 630 ε
438 582 847 648 Contemplationi
880 580 1137 645 studioque
1172 582 1448 631 divinorum
1486 583 1692 631 idoneus
1723 600 1823 630 non
1845 594 1932 642 est,
1971 583 2052 648 qui
2085 584 2392 631 continentiae

244 667 390 713 vitam
426 681 525 712 non
552 663 747 728 arripit,
780 673 831 709 ut
854 661 976 709 liber
1005 678 1032 709 a
1064 664 1343 725 gravissimo
1373 665 1539 711 uxoris
1563 665 1699 728 jugo,
1733 674 1780 711 et
1810 665 1998 728 quietus
2024 681 2051 712 a
2074 675 2143 712 tot
2172 674 2218 712 et
2249 665 2392 711 tantis

245 736 583 811 conjugiorum
606 743 835 793 molestiis
863 744 1008 790 vivat.
1035 745 1235 791 Servum
1255 761 1433 810 nempe
1460 762 1510 792 se
1533 744 1679 793 efficit
1707 745 1791 810 qui
1813 761 1864 792 se
1880 745 2083 792 vinculis
2114 746 2391 810 nuptiarum

246 827 478 890 astringit,
507 825 787 891 propriique
811 825 956 872 etiam
977 825 1213 889 corporis,
1236 825 1371 889 juxta
1396 827 1698 891 Apostolum,
1731 836 2016 891 potestatem
2040 826 2238 886 amittit,
2277 836 2329 872 ut
2352 826 2393 872 si

247 906 541 971 quandoque
576 906 722 953 etiam
745 922 772 952 a
799 904 971 952 saeculo
994 905 1210 952 converti
1239 905 1300 952 ad
1327 906 1609 969 religionem
1646 906 1868 962 voluerit,
1909 923 2057 953 uxore
2083 905 2387 970 prohibente,

245 1003 344 1035 non
378 987 542 1052 possit.
572 986 730 1047 Unde,
769 996 818 1033 ut
852 986 917 1033 ait
954 986 1276 1050 Hieronymus
1312 986 1362 1032 in
1397 987 1555 1052 primo
1590 989 1772 1033 Contra
1796 988 2129 1046 Iovinianum,
2168 985 2286 1033 illud
2325 996 2395 1032 est

247 1068 515 1133 Apostoli²:
549 1070 758 1115 «Servus
795 1076 992 1114 vocatus
1025 1067 1101 1114 es?
1135 1083 1236 1113 non
1257 1067 1336 1114 *sit
1372 1067 1458 1114 tibi
1497 1084 1639 1127 curae,
1681 1067 1764 1115 sed
1799 1077 1847 1115 et
1884 1069 1921 1115 si
1955 1078 2094 1134 potes
2115 1067 2235 1115 liber
2272 1066 2390 1124 fieri,

248 1149 396 1212 magis
417 1158 566 1210 utere,
585 1169 607 1192 ι)
626 1148 722 1195 hoc
737 1158 824 1209 est,
842 1148 985 1195 etiam
1005 1147 1043 1194 si
1066 1146 1233 1208 habes,
1259 1148 1434 1212 inquit,
1463 1164 1679 1207 uxorem,
1698 1158 1744 1196 et
1766 1148 1834 1196 illi
1853 1149 2069 1213 alligatus
2086 1165 2153 1209 es,
2182 1158 2227 1195 et
2251 1147 2394 1202 solvis

248 1228 484 1291 debitum,
510 1238 558 1276 et
597 1246 695 1276 non
726 1228 874 1277 habes
910 1229 979 1276 tui
1015 1229 1234 1294 corporis
1264 1239 1570 1294 potestatem,
1609 1239 1752 1294 atque
1789 1239 1842 1277 ut
1874 1230 2168 1277 manifestius
2202 1229 2391 1293 loquar,

247 1327 413 1358 servus
451 1311 612 1357 uxoris
634 1327 701 1372 es,
738 1310 837 1358 noli
861 1320 1058 1376 propter
1089 1310 1184 1357 hoc
1214 1309 1394 1357 habere
1422 1311 1679 1371 tristitiam,
1722 1328 1811 1358 nec
1837 1311 1896 1358 de
1926 1312 2097 1358 amissa
2127 1310 2395 1374 virginitate

247 1394 473 1457 suspires,
497 1391 581 1439 sed
602 1392 747 1439 etiam
771 1392 810 1439 si
834 1402 970 1457 potes
992 1408 1157 1439 causas
1180 1391 1365 1456 aliquas
1381 1392 1596 1438 invenire
1615 1391 1819 1450 discidii,
1844 1401 1896 1438 ut
1914 1391 2131 1439 libertate
2154 1390 2395 1456 pudicitiae

248 1472 524 1537 perfruaris,
553 1473 653 1520 noli
686 1473 888 1520 salutem
918 1483 1050 1522 tuam
1081 1490 1192 1522 cum
1221 1475 1416 1522 alterius
1447 1475 1639 1522 interitu
1671 1491 1901 1539 quaerere,
1935 1483 2025 1522 etc.
2059 1472 2205 1532 Quod
2234 1482 2397 1519 autem

248 1553 606 1619 Theophrastus
637 1572 834 1620 quoque
867 1572 974 1603 eam
1005 1573 1110 1621 quae
1139 1557 1392 1605 desursum
1424 1567 1495 1605 est
1523 1557 1805 1623 sapientiam
1839 1555 2137 1616 intellexerit,
2172 1570 2268 1618 qua
2298 1553 2398 1617 jam

248 1645 387 1699 gustu
404 1637 825 1702 contemplationis
844 1637 905 1685 de
922 1641 1025 1686 Deo
1040 1655 1207 1704 sapere
1221 1640 1402 1704 aliquid
1427 1640 1698 1705 incipimus,
1727 1641 1776 1687 in
1793 1637 1967 1686 eodem
1991 1638 2142 1703 aperit
2160 1634 2392 1701 capitulo,

248 1715 332 1763 ubi
367 1718 632 1783 sapientem
669 1735 935 1783 numquam
975 1719 1410 1785 solum'perhibet,
1447 1737 1594 1785 quem
1630 1737 1819 1786 semper
1848 1729 1933 1767 aut
1960 1735 2072 1766 cum
2102 1715 2403 1782 sapientibus

249 1797 491 1859 conferre,
519 1809 602 1846 aut
627 1816 738 1846 cum
764 1803 868 1847 Deo
895 1800 1030 1865 loqui
1051 1802 1234 1848 asserit·
1266 1804 1337 1848 De
1362 1818 1460 1866 quo
1492 1802 1582 1849 ista
1614 1802 1939 1865 Hieronymus
1968 1801 2017 1847 in
2043 1797 2218 1845 eodem
2242 1797 2400 1862 primo

250 1879 432 1925 Contra
468 1881 780 1926 Jovinianum
817 1879 942 1928 libro
984 1899 995 1927 z
1043 1902 1066 1925 α
1092 1884 1287 1941 Fertur,
1322 1883 1507 1947 inquit,
1555 1882 1779 1930 aureolus
1822 1880 2139 1946 Theophrasti
2185 1878 2306 1926 liber
2341 1877 2402 1924 de

249 1959 447 2024 nuptiis,
474 1960 522 2006 in
541 1977 640 2025 quo
664 1962 915 2026 quaerit‘an
936 1963 1008 2009 vir
1027 1964 1217 2028 sapiens
1240 1963 1386 2011 ducat
1411 1980 1628 2011 uxorem.
1655 1967 1713 2010 Et
1736 1980 1847 2010 cum
1873 1962 2117 2010 definisset
2140 1961 2179 2007 si
2203 1958 2401 2026 pulchra

248 2050 388 2101 esset,
414 2041 453 2087 si
475 2040 602 2089 bene
628 2053 832 2104 morata,
860 2043 898 2089 si
920 2044 1138 2091 honestis
1161 2045 1462 2109 parentibus,
1498 2046 1536 2092 si
1568 2046 1670 2110 ipse
1693 2061 1840 2091 sanus
1859 2053 1907 2091 et
1928 2043 2061 2090 dives
2080 2062 2092 2103 3
2121 2042 2189 2088 sic
2212 2041 2401 2106 sapien-

250 2128 346 2167 tem
369 2121 491 2168 inire
523 2122 785 2187 aliquando
819 2124 1211 2185 matrimonium,
1238 2126 1399 2173 statim
1435 2125 1594 2172 intulit
1624 2143 1634 2172 ε
1672 2128 1782 2172 Haec
1808 2134 1969 2171 autem
2001 2139 2111 2170 raro
2145 2123 2194 2168 in
2219 2120 2398 2185 nuptiis

249 2201 473 2249 universa
503 2203 824 2251 concordant.
853 2207 961 2251 Non
993 2215 1063 2251 est
1085 2206 1228 2269 igitur
1257 2223 1379 2253 uxor
1409 2205 1631 2253 ducenda
1662 2205 1883 2271 sapienti.
1916 2204 2131 2250 Primum
2159 2202 2289 2248 enim
2311 2200 2402 2246 im-

250 2281 404 2344 pediri
436 2283 594 2331 studia
627 2284 1055 2350 philosophorum,
1088 2303 1179 2333 nec
1205 2300 1344 2351 posse
1374 2286 1510 2334 libris
1534 2294 1581 2334 et
1606 2286 1747 2334 uxori
1777 2286 1956 2351 pariter
1990 2283 2225 2331 inserviri.
2255 2281 2404 2328 Multa

251 2377 354 2409 esse
377 2380 484 2427 quae
506 2374 839 2412 matronarum
866 2366 1033 2414 usibus
1058 2369 1325 2415 necessaria
1351 2379 1479 2428 sunt,
1508 2368 1727 2433 pretiosae
1752 2376 1932 2426 vestes,
1960 2382 2150 2426 aurum,
2181 2379 2398 2428 gemmae,

250 2453 496 2508 sumptus,
523 2446 722 2504 ancillae,
750 2447 987 2512 supellex,
1019 2448 1161 2495 variae
1182 2448 1377 2508 lecticae,
1416 2458 1465 2496 et
1494 2448 1662 2496 esseda
1686 2448 1929 2495 deaurata.
1958 2445 2144 2493 Deinde
2170 2461 2257 2510 per
2281 2453 2405 2491 totas

251 2535 419 2572 noctes
450 2527 649 2590 garrulae
677 2529 1053 2593 conquestiones
1079 2547 1089 2574 ε
1117 2529 1203 2588 Illa
1236 2531 1453 2578 ornatior
1484 2530 1703 2596 procedit
1738 2530 1786 2576 in
1817 2529 2087 2594 publicum,
2116 2526 2218 2573 haec
2245 2525 2405 2572 hono-

251 2615 383 2652 ratur
414 2606 475 2653 ab
508 2608 752 2666 omnibus,
793 2626 883 2673 ego
919 2610 1104 2658 misella
1138 2610 1394 2675 despicior.
1428 2613 1527 2658 Cur
1554 2610 1817 2676 aspiciebas
1851 2609 2092 2657 vicinam?
2129 2606 2258 2665 Quid
2292 2621 2402 2652 cum

252 2686 423 2734 ancilla
442 2688 751 2752 loquebaris?
777 2693 848 2737 De
867 2691 974 2737 foro
990 2692 1187 2738 veniens
1203 2691 1319 2754 quid
1338 2692 1560 2738 attulisti?
1579 2695 1684 2738 Non
1702 2691 1912 2737 amicum
1930 2689 2109 2735 habere
2126 2702 2400 2751 possumus,

254 2781 353 2812 non
388 2768 622 2815 sodalem.
661 2770 863 2817 Alterius
894 2787 1130 2833 amorem,
1163 2788 1306 2818 suum
1341 2771 1510 2818 odium
1544 2772 1829 2836 suspicatur.
1866 2771 1917 2816 Si
1949 2768 2254 2816 doctissimus
2285 2782 2403 2832 prae·

254 2856 424 2911 ceptor
447 2848 495 2894 in
522 2849 737 2912 qualibet
760 2850 954 2897 urbium
982 2852 1146 2910 suerit,
1178 2868 1267 2898 nec
1292 2868 1493 2898 uxorem
1528 2851 1824 2915 relinquere,
1862 2866 1951 2897 nec
1979 2866 2091 2896 cum
2124 2848 2309 2896 sarcina
2336 2847 2405 2894 ire

254 2942 527 2990 possumus.
568 2931 831 2994 Pauperem
866 2931 993 2977 alere
1024 2930 1219 2978 difficile
1249 2940 1335 2992 est,
1366 2930 1563 2978 divitem
1598 2931 1721 2978 ferre
1752 2940 2066 2978 tormentum.
2102 2929 2237 2976 Adde
2270 2927 2404 2993 quod

252 3009 386 3057 nulla
412 3021 482 3057 est
516 3013 678 3059 uxoris
707 3013 896 3075 electio,
930 3014 1015 3061 sed
1037 3014 1402 3080 qualiscumque
1437 3014 1704 3075 obvenerit,
1742 3013 1984 3062 habenda.
2013 3013 2062 3059 Si
2090 3012 2340 3073 iracunda,
2368 3012 2405 3058 si

256 3090 407 3153 fatua,
446 3093 485 3139 si
517 3092 767 3154 deformis,
801 3096 840 3141 si
872 3095 1101 3160 superba,
1130 3097 1169 3142 si
1204 3095 1390 3156 foetida,
1426 3096 1773 3161 quodcumque
1807 3095 1911 3142 vitii
1943 3104 2032 3156 est,
2071 3104 2180 3160 post
2215 3093 2406 3158 nuptias

257 3171 504 3220 discimus.
543 3177 735 3238 Equus,
764 3176 942 3234 asinuS‚
978 3175 1084 3232 bos,
1121 3178 1280 3239 canis,
1315 3186 1363 3224 et
1388 3178 1608 3224 vilissima
1637 3178 1879 3241 mancipia
1903 3175 2171 3241 probantur
2194 3176 2325 3239 prius
2360 3182 2407 3219 et

255 3251 324 3298 sic
360 3264 612 3315 emuntur;
642 3255 744 3303 sola
777 3273 898 3303 uxor
932 3273 1032 3304 non
1069 3246 1355 3318 ostenditur,
1393 3274 1455 3306 ne
1486 3267 1596 3306 ante
1627 3257 1876 3323 displiceat
1906 3272 2053 3320 quam
2078 3255 2297 3303 ducatur.
2326 3256 2405 3299 At·

305 3438 311 3455 ¹
338 3435 402 3469 Jac.
419 3462 427 3476 ‚
446 3446 518 3479 cap.
533 3447 581 3479 ιιι,
598 3441 695 3473 v.17.
713 3456 753 3465 —
768 3442 780 3461 ¹
798 3441 949 3476 Corinth.
965 3442 994 3484 1,
1011 3451 1082 3484 cap.
1102 3451 1160 3484 vn,
1176 3451 1208 3476 v.
1223 3444 1276 3476 21.

419 3510 452 3534 11
2199 3500 2250 3534 53
