2638 3866
260 223 356 272 626
1048 226 1219 273 PETRI
1254 225 1570 274 ABAELARD!

258 342 359 373 non
395 325 834 391 hujusmodi'esse,
875 335 927 373 ut
962 325 1022 373 de
1058 327 1171 391 ipsis
1209 325 1350 373 nobis
1383 326 1478 373 sint
1510 325 1823 391 eleemosynae
1859 326 2103 375 faciendae.
2145 328 2389 376 Ridebuut

258 423 448 465 omnes,
478 416 524 454 et
554 405 709 453 ridere
738 405 942 464 debent,
968 407 1052 470 qui
1083 405 1185 454 haec
1213 406 1425 454 audient.
1461 406 1540 453 Ille
1561 423 1677 454 vero
1703 407 1845 454 miser
1867 408 1951 472 qui
1978 408 2243 474 expoliatos
2270 425 2391 474 pau-

256 502 391 550 peres
418 487 479 534 ad
508 486 680 534 horam
708 487 822 534 flere
852 488 1024 551 coegit,
1056 488 1105 534 in
1138 477 1426 553 perpetuum
1452 486 1520 535 ibi
1548 486 1697 535 flebit.
1724 489 1846 535 Sunt
1873 489 1955 552 qui
1981 505 2118 536 suam
2144 489 2392 554 negligen-

258 567 371 613 tiam
392 566 668 614 hominibus
689 584 790 614 non
814 570 917 614 Deo
941 567 1157 615 volentes
1179 568 1435 629 occultare,
1462 568 1525 615 ad
1547 568 1840 616 excusandas
1862 569 2189 617 excusationes
2205 571 2254 617 in
2276 587 2390 634 pec—

256 647 370 693 catis
398 646 567 694 dicunt
588 657 660 695 tot
679 664 761 695 eos
781 665 881 695 esse
910 665 1033 712 quos
1055 648 1456 714 exspoliaverunt,
1481 659 1532 697 ut
1553 650 1756 697 omnino
1773 666 2061 714 cognoscere
2082 650 2159 697 vel
2180 651 2390 715 reperire

251 736 492 789 nequeant
518 745 528 773 ι
563 727 624 775 de
647 744 745 792 quo
772 745 884 776 cum
915 729 1096 776 nullam
1124 728 1493 777 sollicitudinem
1522 739 1791 791 assumant,
1820 730 1939 777 illud
1972 730 2253 795 Apostolicae
2280 747 2389 778 sen-

252 808 407 854 tentiae
428 807 665 871 judicium
688 809 963 856 incurrunt¹
988 827 998 855 ε
1029 828 1052 855 «
1077 812 1136 858 Et
1153 810 1235 875 qui
1257 810 1445 874 ignorat
1469 808 1785 873 ignorabitur.
1818 830 1839 853 »
1866 813 1973 857 Non
2001 811 2252 858 inveniunt
2283 810 2391 857 illos

251 888 364 951 quia
397 904 496 935 non
530 898 774 953 quaerunt3
805 890 1016 937 inveniet
1045 890 1152 938 illos
1183 890 1376 938 dextera
1403 890 1516 950 Dei,
1557 906 1704 954 quem
1741 899 2150 955 contempserunt.
2190 893 2261 937 De
2294 906 2389 954 qua

250 968 391 1015 etiam
406 969 637 1034 scriptum
654 971 743 1016 est²
763 988 774 1017 z
801 989 824 1014 ι(
845 973 1048 1018 Dextera
1070 980 1152 1018 tua
1175 971 1386 1018 inveniet
1408 987 1578 1017 omnes
1600 970 1683 1033 qui
1706 980 1752 1018 te
1775 970 1998 1017 oderunt.
2028 989 2051 1015 »
2069 973 2227 1028 Quam
2258 970 2387 1017 idem

249 1048 511 1114 propheta,
540 1051 623 1115 qui
653 1050 748 1097 hoc
778 1050 919 1110 dixit,
955 1051 1264 1099 vehementer
1297 1067 1633 1116 expavescens,
1667 1061 1714 1098 et
1736 1050 1900 1099 locum
1929 1051 2118 1098 nullum
2152 1050 2389 1098 evadendi

248 1129 572 1191 considerans,
612 1130 724 1178 alibi
757 1132 844 1178 ait³
868 1149 878 1178 :
911 1152 933 1175 (ε
959 1135 1068 1190 Quo
1101 1132 1184 1179 ibo
1208 1148 1236 1179 a
1257 1132 1423 1197 spiritu
1448 1142 1550 1191 tuo,
1586 1142 1633 1178 et
1668 1148 1767 1197 quo
1790 1148 1819 1180 a
1841 1132 1960 1180 facie
1985 1141 2067 1179 tua
2100 1131 2313 1196 fugiam?
2339 1132 2387 1178 Si

248 1209 509 1258 ascendero
520 1211 568 1258 in
584 1210 777 1272 coelum,
799 1221 850 1258 tu
867 1212 963 1260 illic
985 1229 1053 1272 es;
1069 1212 1106 1260 si
1121 1212 1418 1260 descendero
1430 1212 1478 1258 in
1495 1211 1755 1273 infernum,
1773 1212 1903 1260 ades.
1927 1232 1949 1257 υ
1966 1215 2023 1259 Et
2041 1213 2155 1277 quia
2178 1212 2390 1277 plerum-

247 1307 340 1355 que
364 1307 464 1338 non
495 1291 678 1338 minor⁴
699 1301 770 1339 est
790 1293 987 1340 avaritia
1010 1292 1268 1339 sacerdotis
1292 1308 1437 1356 quam
1463 1293 1650 1358 populi,
1668 1293 1803 1356 juxta
1823 1292 1942 1340 illud
1966 1293 2236 1358 Prophetae⁵
2260 1312 2270 1340 :
2294 1295 2390 1339 «Et

245 1372 332 1418 erit
354 1372 477 1419 sicut
500 1372 788 1431 sacerdotes,
816 1373 883 1420 sic
908 1374 1141 1438 populus,
1164 1394 1186 1417 >³
1214 1373 1391 1420 multos
1419 1373 1728 1421 morientium
1755 1373 1952 1421 seducet
1972 1373 2210 1438 cupiditas
2233 1389 2389 1421 sacer-

244 1453 414 1501 dotum
453 1470 630 1501 vanam
662 1455 729 1501 eis
760 1454 1064 1502 securitatem
1098 1454 1503 1519 promittentium,
1542 1454 1581 1501 si
1617 1471 1721 1518 quae
1745 1453 1926 1502 habent
1957 1452 2199 1501 sacrificiis
2244 1453 2386 1501 obtu—

241 1534 399 1594 lerint,
428 1544 475 1582 et
497 1535 664 1583 missas
689 1545 851 1582 emant
872 1551 992 1599 quas
1015 1550 1325 1599 nequaquam
1348 1535 1490 1598 gratis
1512 1533 1763 1582 haberent.
1789 1537 1841 1581 In
1865 1551 1964 1599 quo
1991 1533 2189 1598 quidem
2214 1534 2389 1580 merci-

244 1615 412 1662 monio
443 1615 692 1679 praefixum
726 1615 859 1681 apud
895 1632 978 1662 eos
1010 1616 1216 1680 pretium
1242 1625 1431 1663 constat
1463 1632 1581 1675 esse,
1617 1632 1708 1680 pro
1735 1632 1832 1663 uua
1866 1614 2045 1662 scilicet
2069 1614 2213 1661 missa
2237 1631 2389 1662 unum

239 1696 520 1755 denarium,
570 1704 616 1742 et
653 1712 743 1760 pro
782 1712 883 1742 uno
928 1695 1123 1743 annuali
1157 1695 1487 1760 quadraginta.
1533 1699 1639 1743 Non
1677 1695 1936 1743 consulunt
1983 1694 2299 1742 morientibus
2336 1704 2390 1741 ut

238 1776 429 1841 rapinas
456 1776 724 1835 restituant,
756 1775 840 1822 sed
869 1785 921 1822 ut
942 1775 991 1821 in
1018 1775 1251 1822 sacrificio
1276 1776 1402 1840 ipsas
1435 1775 1661 1835 offerant3
1699 1792 1811 1822 cum
1834 1792 1861 1822 e
1886 1775 2129 1822 contrario
2154 1775 2387 1839 scriptum

236 1858 314 1904 sit⁶
340 1876 350 1904 :
382 1876 405 1902 «
430 1857 525 1915 Qui
557 1855 696 1903 offert
732 1855 1018 1904 sacrificium
1048 1855 1108 1902 de
1139 1854 1399 1902 substantia
1423 1857 1672 1921 pauperis,
1711 1856 1846 1920 quasi
1879 1856 1963 1919 qui
1998 1855 2210 1902 victimat
2238 1854 2388 1901 filium

238 1939 287 1984 in
311 1946 570 2003 conspectu
589 1937 758 2002 patris3
790 1958 812 1981 υ
839 1937 947 2002 plus
970 1937 1100 1984 enim
1123 1945 1288 1999 gravat
1307 1945 1495 2000 patrem
1514 1936 1692 1983 occisio
1710 1935 1794 1982 filii
1818 1952 1981 1983 coram
2000 1951 2050 1982 se
2074 1934 2212 1995 facta,
2241 1950 2387 1998 quam

237 2019 276 2066 si
304 2035 405 2065 non
434 2018 619 2066 videret
639 2034 770 2077 eam;
803 2027 849 2064 et
872 2017 1010 2081 quasi
1038 2016 1162 2063 filius
1185 2016 1519 2063 immolatione
1548 2016 1805 2078 occiditur,
1831 2016 1949 2063 dum
1980 2014 2245 2062 substantia
2268 2031 2386 2080 pau-

234 2099 379 2164 peris,
408 2100 458 2145 in
494 2114 594 2163 qua
628 2098 728 2145 vita
762 2098 863 2161 ejus
896 2096 1203 2157 consistebat,
1240 2097 1290 2143 in
1322 2096 1556 2144 sacrificio
1584 2097 1799 2162 ponitur.
1841 2099 1899 2142 Et
1934 2095 2115 2142 Veritas
2153 2094 2386 2142 sacrificio

230 2179 606 2228 misericordiam
629 2178 904 2244 praeferens⁷
929 2196 940 2224 :
963 2198 986 2222 «
1006 2181 1202 2238 Euntes,
1221 2177 1395 2242 inquit,
1422 2177 1590 2225 discite
1609 2176 1727 2241 quid
1751 2186 1820 2223 est
1845 2194 1855 2222 :
1877 2174 2252 2223 Misericordiam
2269 2175 2384 2222 volo

232 2270 279 2307 et
298 2277 397 2307 non
422 2259 723 2307 sacrificium.
751 2278 774 2303 »
794 2259 934 2322 Pejus
953 2268 1115 2306 autem
1141 2268 1212 2306 est
1235 2258 1426 2323 rapinas
1455 2258 1679 2319 retinere,
1707 2274 1855 2322 quam
1878 2256 2260 2304 misericordiam
2283 2272 2383 2303 non

234 2340 530 2405 impendere,
558 2339 653 2387 hoc
676 2349 763 2399 est,
786 2339 1078 2404 pauperibus
1098 2338 1285 2386 auferre
1307 2355 1409 2399 sua,
1436 2355 1584 2403 quam
1607 2354 1706 2386 non
1730 2337 2011 2403 impendere
2047 2346 2229 2397 nostra,
2265 2336 2386 2383 sicut

235 2431 281 2468 et
309 2437 453 2486 supra
479 2421 528 2468 in
554 2420 865 2468 damnatione
891 2420 1047 2467 divitis
1070 2419 1397 2467 meminimus.

1086 2637 1327 2697 CAPUT
1373 2638 1524 2695 XIX.

1022 2787 1081 2822 De
1117 2784 1315 2822 fructuosa
1350 2782 1590 2834 poenitentia.

304 2913 360 2957 Et
382 2911 495 2975 quia
516 2910 576 2958 de
605 2911 903 2959 infructuosa
925 2910 1130 2958 diximus
1154 2909 1452 2975 poenitentia,
1478 2917 1615 2956 tanto
1639 2907 1911 2972 diligentius
1938 2916 2120 2971 quanto
2143 2906 2380 2954 salubrius

239 2991 530 3037 fructuosam
563 2991 937 3038 consideremus.
961 2990 1033 3038 Ad
1058 3007 1204 3055 quam
1243 2989 1494 3055 Apostolus
1529 2988 1791 3054 quemlibet
1820 2988 2027 3035 invitans
2059 2986 2376 3044 obstinatum,

239 3087 330 3118 nec
357 3070 656 3118 horrendum
685 3072 774 3118 Dei
802 3071 1037 3133 judicium
1068 3069 1410 3118 adtendentem
1431 3070 1515 3116 ait⁸
1549 3087 1560 3116 :
1593 3088 1616 3114 «
1642 3072 1712 3116 An
1737 3068 1922 3116 divitias
1951 3067 2178 3115 bonitatis
2204 3067 2305 3129 ejus
2333 3075 2380 3112 et

282 3262 288 3279 ¹
306 3258 455 3292 Corinth.
467 3283 476 3300 ,
496 3267 566 3299 xlv,
582 3268 613 3291 v.
625 3257 884 3291 38.—²Psalm.
901 3266 961 3298 xx,
979 3267 1010 3290 v.
1024 3258 1127 3291 9.-³
1139 3257 1268 3291 psalm.
1345 3267 1375 3291 v.
1392 3258 1497 3300 9,--“ἲ
1513 3256 1624 3296 Eccli,
1641 3265 1713 3297 cap.
1733 3264 1849 3295 xxxiv,
1868 3264 1898 3287 v.
1916 3257 1967 3288 24.
1986 3271 2024 3277 —
2042 3257 2050 3274 ⁷
2067 3254 2195 3294 Matth.‚
2223 3263 2294 3294 cap.
2329 3263 2375 3294 ix,

240 3321 404 3353 cxxxvm,
418 3321 449 3345 v.
470 3314 501 3347 8.
523 3327 561 3335 —-
579 3314 589 3333 ⁴
603 3311 683 3344 cod.
711 3312 752 3345 Si
780 3311 907 3345 minor.
924 3329 965 3335 —
980 3314 991 3333 ⁵
1006 3311 1095 3353 Ose.,
1120 3322 1191 3353 cap.
1223 3321 1268 3352 iv,
1344 3321 1374 3344 v.
1404 3313 1454 3345 13.
1473 3329 1514 3335 —
1531 3312 1542 3331 ⁸
1559 3311 1676 3350 Rom,
1706 3318 1780 3349 cap.
1809 3318 1847 3348 n,
1874 3318 1902 3341 v.
1922 3310 1954 3342 4.
