2638 3866
248 220 344 270 706
1051 220 1224 268 PETRI
1258 221 1575 269 ABAELARDI

247 322 515 381 infernum,
545 330 596 367 ut
619 318 1031 384 quemadmodum
1054 320 1252 368 nomine
1274 320 1406 382 coeli,
1439 321 1523 384 qui
1550 321 1767 386 superior
1792 330 1861 369 est
1884 337 1992 387 pars
2016 320 2209 383 mundi,
2237 337 2371 369 sum-

249 417 376 449 mam
399 401 667 448 animarum
693 398 1041 448 beatitudinem
1073 399 1434 465 distinguimus,
1462 401 1527 448 ita
1557 402 1752 451 nomine
1775 402 1949 450 inferni
1970 417 2208 455 summam
2230 402 2373 449 mise-

247 482 394 541 riam,
421 496 527 543 quae
550 488 683 527 tanto
718 478 913 527 inferius
939 479 1096 543 jacere
1122 480 1418 546 perhibetur,
1451 490 1634 546 quanto
1663 481 1725 535 ab
1754 481 1836 529 illa
1859 497 2045 529 summa
2075 479 2373 529 beatitudine

247 558 451 624 amplius
472 559 647 607 distare
680 560 1003 623 cognoscitur,
1033 569 1081 607 et
1105 561 1148 608 ei
1181 561 1384 626 amplius
1405 562 1645 613 contraria
1667 561 1872 609 videtur.
1901 562 2032 609 Sicut
2063 560 2215 621 enim,
2241 560 2374 624 quod

245 639 415 686 melius
437 649 524 699 est,
551 655 637 704 per
670 638 998 688 excellentiam
1019 657 1114 687 suae
1136 640 1379 704 dignitatis
1402 641 1580 689 dicitur
1606 642 1756 690 altum
1771 679 1783 701 ,
1810 643 1875 689 ita
1897 658 1924 688 e
1949 642 2209 701 contrario,
2242 639 2374 704 quod

244 720 380 785 pejus
411 729 498 782 est,
523 735 610 784 per
639 718 959 784 abjectionem
982 720 1055 766 sui
1078 719 1253 767 dicitur
1275 720 1512 769 infimum.
1549 721 1697 770 Multa
1720 708 1900 787 quippe
1932 721 1993 768 de
2018 721 2172 785 poenis
2201 719 2375 768 inferni

245 808 342 847 tam
360 800 503 847 Vetus
522 815 668 864 quam
691 802 882 847 Novum
903 802 1255 847 Testamentum
1274 810 1455 863 narrat,
1481 818 1586 866 quae
1603 816 1908 866 nequaquam
1931 801 1993 848 ad
2012 800 2199 848 literam
2222 799 2375 864 accipi

245 895 386 944 posse
422 879 665 928 videntur.
690 879 820 938 Quid
844 889 915 928 est
945 880 1074 928 enim
1112 880 1175 928 ad
1211 877 1421 943 literam,
1456 881 1588 947 quod
1622 881 1682 928 de
1706 882 1844 945 justis
1873 890 1923 928 et
1951 881 2110 946 impiis
2138 879 2375 927 Dominus

243 975 330 1024 per
354 959 558 1008 Jesaiam
588 960 676 1007 ait¹
703 978 714 1006 ε
745 979 769 1005 «
789 962 848 1006 Et
873 959 1177 1024 egredientur
1198 969 1246 1008 et
1268 961 1502 1009 videbunt
1523 960 1756 1009 cadavera
1778 977 1948 1008 eorum
1978 961 2059 1025 qui
2083 959 2373 1025 praevaricati

244 1049 355 1086 sunt
388 1040 437 1086 in
474 1056 577 1101 me,
617 1040 790 1087 vermis
822 1056 991 1087 eorum
1028 1057 1129 1087 non
1164 1042 1397 1089 morietur
1432 1051 1479 1089 et
1513 1041 1633 1105 ignis
1666 1057 1837 1089 eorum
1870 1056 1971 1087 non
2002 1039 2317 1104 extinguetur.
2347 1059 2369 1082 >2

244 1120 363 1177 Quis
390 1120 478 1167 iste
510 1129 787 1167 sanctorum
818 1120 1080 1185 corporalis
1108 1137 1345 1186 egressus,
1368 1131 1423 1168 ut
1450 1136 1618 1186 poenas
1644 1121 1906 1186 impiorum
1924 1119 2142 1181 videant,
2178 1128 2260 1167 aut
2290 1119 2374 1182 qui

245 1216 429 1246 vermes
450 1210 562 1247 sunt
585 1199 860 1265 corporales
883 1201 930 1247 in
962 1200 1250 1266 corporibus
1281 1201 1622 1266 reproborum,
1648 1218 1755 1265 quae
1778 1200 2005 1249 omnibus
2036 1200 2220 1263 integra
2253 1198 2375 1246 sicut

243 1290 290 1327 et
323 1289 599 1327 sanctorum
633 1296 841 1346 corpora
871 1290 983 1328 sunt
1014 1281 1366 1329 resurrectura?
1390 1284 1509 1340 Quae
1538 1281 1607 1329 ibi
1638 1291 1740 1329 erat
1765 1282 1981 1334 corrosio
2001 1280 2257 1340 vermium,
2289 1277 2374 1326 ubi

242 1361 461 1407 omnium
484 1361 662 1425 pariter
678 1361 1011 1409 immortalitas
1032 1361 1214 1426 absque
1242 1361 1341 1409 ullo
1370 1362 1558 1409 defectu
1587 1362 1678 1410 erit
1698 1360 1996 1427 corporum?
2029 1359 2124 1408 Sed
2147 1369 2194 1407 et
2216 1357 2374 1423 quod¹

242 1441 478 1488 Dominus
500 1440 561 1488 de
579 1440 725 1488 divite
741 1451 791 1489 et
812 1443 1011 1489 Lazaro³
1033 1441 1269 1489 defunctis
1286 1443 1336 1489 in
1360 1441 1619 1506 Evangelio
1636 1442 1778 1489 refert
1791 1477 1804 1499 ,
1831 1440 2082 1506 quomodo
2099 1439 2163 1488 ad
2185 1439 2373 1486 literam

241 1529 362 1566 stare
382 1530 556 1584 potest,
595 1522 775 1586 quippe
803 1538 915 1568 cum
941 1521 1246 1587 corporalem
1276 1521 1570 1587 sepulturam
1594 1537 1696 1569 non
1717 1521 1907 1569 inferno
1932 1520 2093 1568 anima
2113 1518 2195 1566 illa
2215 1517 2374 1567 divitis

242 1599 418 1648 habere
455 1600 633 1665 queat?
676 1604 768 1648 Aut
802 1602 909 1666 quis
946 1603 1005 1649 sit
1040 1603 1118 1650 ille
1153 1603 1416 1669 corporalis
1452 1601 1648 1650 Abrahae
1681 1602 1836 1663 sinus,
1877 1618 1976 1666 quo
2016 1601 2176 1653 anima
2214 1599 2374 1647 Lazari

241 1679 443 1727 refertur
472 1680 534 1727 ab
560 1681 738 1746 angelis
765 1682 974 1729 deferri?
1004 1685 1161 1740 Quam
1190 1683 1257 1730 ibi
1286 1683 1499 1747 linguam
1524 1682 1685 1730 anima
1715 1681 1871 1729 divitis
1899 1679 2091 1742 habeat,
2125 1679 2202 1727 vel
2229 1694 2374 1743 quem

242 1759 444 1822 digitum
480 1759 656 1808 habeat
693 1762 854 1808 anima
889 1762 1080 1823 Lazari,
1119 1772 1201 1809 aut
1234 1779 1339 1826 quae
1375 1772 1446 1810 est
1478 1761 1547 1808 ibi
1584 1761 1847 1825 corporalis
1882 1777 2036 1824 aqua,
2079 1759 2216 1823 cujus
2252 1757 2377 1806 stilla

240 1840 414 1903 linguae
442 1841 654 1888 ardentis
678 1841 836 1889 infusa
866 1841 1146 1889 incendium
1177 1842 1278 1906 ejus
1305 1842 1581 1906 extinguere
1616 1841 1790 1906 possit,
1818 1850 1901 1888 aut
1923 1839 2172 1886 minuere?
2208 1837 2370 1896 Unde,

240 1936 352 1967 cum
382 1920 483 1967 haec
511 1921 647 1984 juxta
677 1921 864 1969 literam
900 1937 1206 1987 nequaquam
1234 1923 1283 1969 in
1320 1921 1573 1970 animabus
1602 1921 1702 1984 jam
1732 1921 1885 1968 exutis
1916 1935 2060 1967 carne
2095 1918 2373 1981 contingere

240 2009 441 2062 queant,
476 2000 599 2048 sicut
619 2017 709 2048 nec
733 2001 852 2048 illud
872 2001 1006 2066 quod
1028 2001 1141 2049 alibi
1165 2001 1358 2049 dicitur*
1384 2019 1395 2048 ε
1426 2019 1450 2046 «
1469 2001 1642 2065 Ligatis
1664 2000 1889 2048 manibus
1922 2010 1970 2048 et
2002 1998 2207 2064 pedibus
2224 2034 2237 2058 ,
2263 1997 2373 2044 mit-

238 2080 323 2127 tite
345 2096 458 2127 eum
473 2081 524 2128 in
540 2081 762 2129 tenebras
785 2083 1060 2143 exteriores,
1085 2082 1153 2129 ibi
1174 2082 1265 2129 erit
1286 2081 1423 2129 fletus
1442 2090 1490 2128 et
1512 2080 1688 2128 stridor
1710 2080 1947 2140 dentium,
1965 2089 2107 2127 »tam
2134 2095 2191 2126 ex
2213 2079 2372 2125 Veteri

238 2176 385 2224 quam
408 2177 465 2207 ex.
489 2164 625 2209 Novo
647 2164 948 2210 Testamento
979 2162 1118 2209 innui
1139 2161 1330 2209 videtur
1355 2177 1413 2209 ea
1443 2177 1549 2226 quae
1578 2160 1640 2208 de
1675 2160 1864 2208 inferno
1892 2160 2138 2217 dixerunt,
2177 2158 2372 2221 mystice

238 2241 388 2303 magis
420 2257 565 2305 quam
598 2242 911 2307 corporaliter
943 2242 1095 2306 accipi
1127 2240 1333 2302 debere3
1370 2250 1423 2288 ut
1444 2239 1683 2298 videlicet,
1720 2240 1843 2287 sicut
1875 2239 1954 2286 ille
1988 2237 2186 2286 Abrahae
2220 2236 2368 2295 sinus,

239 2337 337 2384 quo
369 2331 586 2385 suscepta
607 2331 677 2368 est
698 2323 858 2370 anima
888 2323 1074 2383 Lazari,
1102 2321 1323 2387 spiritalis
1341 2330 1414 2368 est
1442 2337 1542 2369 non
1575 2320 1838 2385 corporalis
1859 2318 2211 2382 intelligendus,
2237 2317 2303 2364 ita
2326 2326 2374 2364 et

239 2400 451 2448 infernus
473 2401 691 2465 spiritalis
708 2401 787 2448 ille
812 2403 1065 2461 cruciatus,
1096 2419 1195 2466 que
1218 2402 1378 2449 anima
1401 2400 1560 2449 divitis
1583 2401 1769 2465 sepulta
1789 2408 2102 2447 memoratur.
2129 2397 2370 2456 Quamdiu

240 2481 411 2528 animae
445 2472 730 2545 corporibus
771 2491 961 2540 carent,
1007 2499 1105 2547 quo
1153 2482 1265 2529 ferri
1297 2480 1512 2528 localiter
1545 2490 1628 2527 aut
1664 2480 1847 2528 moveri
1877 2479 1951 2526 vel
1992 2478 2128 2542 quasi
2157 2477 2372 2541 corporis

241 2560 425 2607 ambitu
449 2562 659 2608 coerceri
688 2562 892 2626 possint,
926 2578 1032 2625 quae
1054 2561 1326 2610 nullatenus
1348 2560 1524 2608 locales
1545 2569 1660 2607 sunt
1688 2559 1917 2623 omnique
1943 2572 2147 2621 corpore
2174 2556 2372 2622 propria

241 2649 409 2688 natura
436 2640 579 2705 longe
602 2641 872 2689 subtiliores
902 2642 1133 2701 existunt,
1170 2651 1253 2689 aut
1283 2657 1388 2705 quae
1420 2641 1482 2688 sit
1515 2640 1588 2687 vis
1617 2639 1967 2689 elementorum
1987 2651 2247 2702 corporea,
2272 2644 2371 2685 tam

245 2719 463 2767 videlicet
484 2721 606 2784 ignis
629 2737 775 2785 quam
801 2731 1075 2771 ceterorum
1091 2758 1103 2782 ,
1137 2738 1243 2785 quae
1263 2721 1388 2786 ipsas
1411 2721 1513 2767 sine
1543 2718 1829 2784 corporibus
1856 2718 2134 2780 contingere
2158 2715 2235 2763 vel
2256 2731 2372 2768 cru-

242 2799 366 2846 ciare
383 2800 550 2864 possit,
570 2817 670 2848 non
692 2801 827 2849 facile
846 2802 1014 2851 disseri
1034 2812 1117 2850 aut
1133 2801 1330 2865 intelligi
1349 2809 1524 2866 potest.
1548 2799 1690 2847 Unde
1710 2807 1758 2847 et
1776 2798 2018 2847 daemones
2036 2806 2146 2862 post
2164 2796 2368 2860 lapsum,

242 2888 295 2924 ut
324 2881 632 2944 corporaliter
655 2882 798 2929 etiam
822 2883 920 2947 pati
951 2883 1158 2947 possint,
1188 2882 1237 2928 in
1261 2879 1482 2946 quaedam
1505 2879 1718 2928 devoluti
1748 2879 1876 2927 aeria
1899 2892 2102 2942 corpora
2124 2875 2367 2935 dicuntur,

241 2974 347 3021 quae
369 2961 503 3023 quasi
524 2976 763 3008 carcerem
787 2960 1090 3027 acceperunt.
1121 2962 1242 3008 Hinc
1265 2971 1312 3008 et
1332 2960 1470 3009 aeriae
1492 2960 1607 3008 dicti
1637 2968 1748 3014 sunt
1769 2967 2053 3023 potestates,
2081 2954 2216 3020 quod
2238 2952 2368 3003 vide·

241 3036 351 3083 licet
383 3038 431 3084 in
463 3038 543 3086 illo
566 3040 826 3104 plurimum
856 3042 1040 3106 possint
1070 3042 1326 3102 elemento,
1352 3041 1430 3088 cui
1459 3049 1571 3088 sunt
1598 3038 1918 3104 incorporati,
1945 3037 2065 3083 sicut
2096 3044 2144 3083 et
2175 3044 2369 3083 terrenae

242 3125 497 3179 potestates
526 3120 683 3166 vocati
714 3130 823 3166 sunt
854 3120 1092 3180 homines,
1130 3121 1212 3184 qui
1242 3121 1291 3167 in
1321 3121 1458 3168 terris
1486 3119 1836 3185 principantur.
1875 3119 1957 3164 Sin
1991 3125 2148 3163 autem
2184 3126 2367 3160 vermes

285 3303 291 3321 ¹
307 3302 398 3343 lsai„
419 3312 491 3344 cap.
509 3311 595 3345 mm,
612 3312 642 3336 v.
661 3305 713 3337 24.
729 3321 770 3328 -
785 3306 796 3324 ²
813 3304 906 3343 Quod
922 3305 1152 3345 supplevimus.
1169 3323 1200 3329 -
1222 3305 1233 3325 ³
1247 3304 1340 3345 Luc.‚
1359 3313 1430 3344 cap.
1451 3312 1520 3336 xw.
1539 3321 1575 3327 -
1593 3304 1603 3323 ⁴
1618 3302 1753 3344 Manli„
1775 3310 1847 3342 cap.
1865 3309 1949 3341 xxu,
1967 3311 1996 3334 v.
2018 3300 2065 3334 13.
