2638 3866
1152 251 1458 300 DlALOGUS.
2158 247 2165 253 '
2284 257 2334 303 71
2347 257 2376 303 7

231 345 588 410 cogitationem,
624 363 723 394 non
748 359 1055 414 exsuperaret
1085 367 1281 400 omnem
1309 370 1519 416 sensum,
1553 371 1643 403 nec
1662 354 1951 403 inhabitaret
1975 355 2133 403 lucem
2163 357 2377 405 inacces-

230 425 417 475 sibilem
434 463 446 484 ‚
473 443 633 491 neque
659 426 898 477 diceretur
918 446 1029 478 vere
1064 431 1569 498 incomprehensibile,
1599 435 1733 501 quod
1765 437 1871 500 quis
1901 446 2060 501 posset
2085 437 2375 500 cogitatione

230 505 305 553 vel
328 506 575 555 intellectu
606 507 837 573 attingere
858 510 934 557 vel
968 512 1398 577 comprehendere.
1431 516 1585 564 Sensit
1609 516 1705 563 hoc
1737 516 1813 564 ille
1846 518 1929 582 qui
1954 517 2093 566 dixit¹
2122 535 2132 563 z
2164 520 2246 564 «Ο
2270 518 2374 566 alti-

230 587 350 636 tudo
381 587 657 637 divitiarum
679 589 922 655 sapientiae
956 600 1004 639 et
1035 593 1242 641 scientiae
1276 593 1385 643 Deil
1428 598 1586 654 Quam
1624 597 2128 663 incomprehensibilia
2155 608 2269 646 sunt
2303 599 2377 663 ju·

229 668 354 717 dicia
378 669 480 734 ejus
509 680 556 718 et
583 670 933 734 investigabiles
958 672 1044 720 viae
1067 673 1189 737 ejus!
1225 676 1343 733 Quis
1366 677 1495 723 enim
1524 678 1753 742 cognovit
1783 694 1975 726 sensum
2003 679 2227 726 Domini?
2258 700 2280 724 »
2322 684 2376 727 At

228 758 389 798 tamen
431 767 490 798 ex
520 761 656 817 parte
692 751 812 799 illud
857 770 1102 802 summum
1141 754 1326 803 bonum
1362 768 1696 821 cognoverunt
1731 768 1778 806 et
1807 775 1865 806 ex
1905 769 2038 825 parte
2081 761 2224 807 etiam
2261 778 2373 826 pro—

227 830 546 896 phetaverunt
578 831 647 894 hi,
688 849 773 898 per
807 850 930 898 quos
961 836 1196 885 canonica
1235 838 1468 904 scriptura
1491 839 1674 887 Veteris
1695 855 1750 887 ac
1773 840 1895 887 Novi
1916 842 2201 888 Testamenti
2225 841 2377 889 admi·

226 911 423 960 nistrata
459 922 555 974 est,
597 913 647 960 in
683 930 780 979 qua
824 915 900 963 vel
944 933 1031 982 per
1068 917 1319 983 speculum
1362 928 1409 965 et
1451 920 1500 966 in
1545 919 1796 984 aenigmate
1835 930 2032 985 apparet
2066 920 2373 986 pulchritudo

226 993 403 1040 summi
426 992 568 1055 boni,
595 1011 796 1044 summae
816 996 1033 1060 justitiae,
1060 1015 1259 1046 summae
1281 998 1411 1061 vitae,
1438 1016 1636 1048 summae
1661 1001 1904 1066 potentiae,
1942 1018 2142 1050 summae
2172 1001 2371 1063 lactitiae,

225 1089 425 1122 summae
448 1075 655 1123 caritatis
678 1086 725 1124 et
755 1076 995 1125 claritatis.
1022 1082 1139 1137 Qua:
1163 1079 1328 1128 omnia
1357 1080 1519 1145 eisque
1543 1081 1712 1129 similia
1735 1081 1796 1129 de
1821 1098 2013 1130 summo
2046 1081 2179 1130 bono
2204 1084 2374 1148 praedi-

225 1164 331 1203 cata
363 1172 463 1204 non
496 1166 610 1205 sunt
631 1157 807 1219 multa,
840 1158 924 1206 sed
950 1176 1104 1207 unum
1126 1160 1325 1218 ¹causale
1349 1177 1404 1209 ac
1439 1162 1750 1227 primordiale
1774 1163 2063 1229 principium
2095 1180 2177 1211 seu
2204 1163 2375 1212 funda-

226 1245 445 1284 mentum
481 1240 703 1285 omnium
741 1256 849 1304 quae
881 1257 968 1305 per
1003 1241 1162 1306 ipsum
1195 1251 1243 1289 et
1281 1252 1391 1307 post
1418 1243 1578 1307 ipsum
1605 1243 1737 1292 bona
1766 1254 1878 1292 sunt
1907 1245 1956 1291 in
1990 1243 2160 1292 ordine
2193 1261 2370 1293 rerum.

226 1318 343 1375 Quae
368 1334 482 1365 cum
502 1319 551 1366 in
577 1319 650 1367 sui
676 1329 847 1369 natura
870 1321 966 1368 sint
989 1337 1159 1370 omnes
1183 1321 1342 1383 bonae,
1371 1332 1541 1388 utpote
1564 1340 1590 1372 a
1614 1341 1803 1372 summo
1838 1324 1973 1373 bono
1998 1324 2230 1373 habentes
2251 1342 2370 1387 esse,

225 1406 386 1446 tamen
418 1399 486 1448 eis
521 1410 567 1448 et
601 1399 726 1449 bene
763 1402 831 1448 uti
856 1400 1044 1449 bonum
1077 1412 1147 1450 est
1179 1412 1226 1450 et
1256 1402 1380 1450 male
1414 1404 1482 1451 uti
1507 1404 1687 1452 malum
1720 1415 1806 1453 est.
1835 1408 1988 1453 Docet
2012 1414 2172 1453 autem
2202 1407 2374 1455 Sancta

223 1479 490 1545 Scriptura,
521 1482 727 1530 maxime
749 1492 912 1530 autem
936 1484 1059 1531 Novi
1086 1484 1392 1546 Testamenti,
1418 1485 1670 1549 quomodo
1694 1485 2000 1533 inferioribus
2023 1485 2163 1533 bonis
2187 1486 2374 1534 homini

223 1560 283 1606 sit
309 1561 563 1623 utendum,
590 1573 644 1610 ut
671 1564 922 1629 perveniat
944 1564 1006 1612 ad
1036 1580 1282 1612 summum
1311 1565 1516 1627 bonum,
1544 1566 1679 1630 cujus
1709 1566 1888 1614 fructus
1911 1575 2114 1614 aeternus
2144 1576 2373 1631 tanquam

223 1640 428 1690 diurnus
460 1643 686 1692 denarius
720 1644 812 1693 illis
850 1646 940 1693 erit
980 1645 1354 1711 persolvendus,
1396 1647 1480 1712 qui
1513 1647 1657 1695 bonis
1694 1646 2000 1696 inferioribus
2032 1647 2157 1695 hene
2194 1648 2374 1695 utendo

221 1722 446 1772 laborant
470 1726 517 1773 in
543 1726 703 1787 vinea,
731 1743 838 1792 quae
867 1737 936 1775 est
966 1744 1172 1793 praesens
1201 1737 1251 1775 et
1273 1729 1583 1793 peregrinans
1617 1729 1834 1789 ecclesia,
1863 1738 1995 1777 extra
2026 1745 2172 1793 quam
2199 1738 2376 1776 stantes

222 1803 271 1850 in
303 1804 409 1853 foro
433 1805 577 1869 hujus
603 1806 776 1854 mundi
806 1807 948 1856 otiosi
971 1808 1147 1873 pagani
1178 1809 1276 1855 sive
1303 1810 1603 1872 negotiantes
1621 1809 1796 1873 judaei,
1824 1810 1923 1856 sive
1945 1809 2037 1857 illis
2060 1809 2248 1874 pejores
2272 1809 2374 1857 falsi

221 1883 469 1934 christiani
486 1886 665 1941 habere
687 1886 941 1935 denarium
955 1905 1056 1936 non
1074 1898 1323 1954 poterunt,
1340 1890 1633 1954 quem¹solis
1654 1889 1777 1938 bene
1797 1891 1845 1936 in
1863 1891 2002 1938 vinea
2020 1890 2370 1951 laborantibus,

222 1975 367 2031 prout
395 1966 435 2013 si
458 1976 649 2033 tempus
669 1967 923 2017 laborandi
953 1986 1055 2017 non
1078 1969 1284 2030 habent,
1315 1980 1367 2017 ut
1389 1970 1593 2018 infantes
1612 2007 1624 2030 ‚
1660 1970 1833 2018 Christi
1860 1980 2154 2018 sacramenta
2185 1981 2372 2033 gestan-

220 2045 372 2106 tibus,
406 2047 625 2096 dandum
651 2060 923 2111 noverunt,
953 2051 1036 2115 qui
1059 2068 1159 2098 non
1185 2068 1212 2098 a
1236 2050 1539 2116 philosophis
1571 2061 1654 2099 aut
1674 2050 1844 2115 judaeis
1878 2051 2119 2099 Christum
2143 2051 2371 2115 ignoran-

221 2126 351 2175 tibus
384 2139 465 2176 aut
501 2128 899 2194 reprobantibus,
936 2130 1022 2178 sed
1056 2148 1113 2178 ex
1146 2132 1251 2196 ipso
1287 2131 1477 2179 Christo
1510 2131 1720 2178 veritatis
1753 2131 2026 2178 doctrinam
2059 2141 2366 2196 acceperunt.

221 2211 384 2272 Ipsum
406 2210 589 2269 audite,
620 2211 686 2258 ait
715 2220 852 2276 pater
876 2210 1097 2259 coelestis.
1125 2214 1289 2276 Ipsum
1315 2211 1494 2271 audite,
1521 2212 1598 2260 aio
1633 2221 1680 2259 et
1711 2228 1800 2275 ego
1830 2211 1966 2260 vobis
1990 2213 2268 2277 quicunque
2295 2229 2370 2259 me

220 2289 410 2350 auditiS‚
442 2290 775 2356 discipulibseu
810 2290 910 2339 filii.
936 2294 1099 2358 Ipsum
1121 2291 1284 2339 audite
1308 2292 1469 2357 potius
1493 2308 1640 2356 quam
1672 2308 1913 2357 paganum
1945 2291 2369 2358 philosophantem

220 2370 296 2417 vel
330 2370 578 2419 hebroeum
611 2371 954 2436 judaizantem.
996 2372 1153 2438 lpsum
1191 2371 1354 2420 audite
1397 2372 1556 2420 solum
1591 2389 1691 2420 non
1723 2372 1850 2437 justa
1882 2372 2170 2434 docentem,
2204 2372 2288 2420 sed
2324 2382 2368 2419 et

218 2450 395 2517 impios
417 2451 788 2517 justificantem,
825 2470 925 2501 non
953 2470 1040 2519 per
1072 2454 1357 2519 sapientiam
1387 2453 1531 2517 hujus
1563 2452 1733 2501 mundi
1765 2463 1847 2501 aut
1875 2470 1931 2501 ex
1962 2453 2188 2519 operibus
2224 2453 2366 2517 legis,

220 2532 306 2580 sed
329 2550 416 2598 per
440 2532 587 2581 fidem
610 2550 707 2599 qua
730 2534 952 2582 doctrina
977 2535 1078 2598 ejus
1102 2534 1316 2582 ereditur
1337 2543 1384 2581 et
1406 2534 1692 2581 custoditur.
1730 2535 1862 2581 Sicut
1886 2536 1987 2599 ipse
2013 2535 2102 2581 ait⁸
2128 2552 2137 2580 ε
2172 2554 2193 2576 «
2222 2535 2366 2594 Beati,

220 2614 303 2677 qui
336 2613 540 2661 audiunt
573 2613 777 2662 verbum
812 2615 901 2662 Dei
937 2625 983 2662 et
1019 2614 1301 2662 custodiunt
1334 2614 1470 2662 illud.
1497 2633 1520 2658 »
1557 2616 1611 2662 ln
1643 2613 1964 2661 custodiendo
1996 2613 2078 2660 illo
2116 2612 2368 2660 retributio

220 2692 390 2741 multa.
426 2696 605 2742 Revera
627 2694 728 2742 haec
752 2694 1007 2743 retributio
1033 2694 1182 2742 multa
1205 2704 1294 2756 est,
1322 2711 1428 2760 quae
1451 2711 1552 2741 non
1578 2694 1723 2742 habet
1748 2695 1911 2755 finem,
1938 2694 2019 2741 sed
2043 2694 2145 2758 ipsa
2167 2704 2236 2741 est
2262 2693 2370 2740 finis

220 2784 266 2821 et
289 2775 643 2823 consummatio
666 2775 1058 2841 participantium
1081 2791 1271 2822 summo
1295 2774 1446 2834 bono,
1466 2775 1727 2823 fruentium
1750 2790 1940 2821 summo
1965 2774 2157 2837 gaudiO,
2183 2774 2371 2838 sapien-

220 2855 341 2902 tium
375 2871 563 2902 summa
586 2855 835 2920 sapientia,
867 2872 972 2920 quae
1001 2865 1072 2903 est
1094 2855 1326 2902 Christus.
1354 2858 1515 2920 Ipsum
1546 2854 1731 2914 audite3
1759 2854 2054 2902 consiliarius
2078 2863 2165 2901 est.
2208 2857 2369 2919 lpsum

219 2936 411 2997 audite3
438 2946 704 3002 praeceptor
721 2946 792 2984 est
819 2954 830 2982 ε
867 2936 1027 3002 ipsum
1055 2935 1233 2983 audite.
1260 2936 1309 2982 Si
1337 2952 1436 2983 non
1463 2936 1661 3001 potestis
1679 2936 1892 3000 recipere
1919 2936 2067 3001 ipsius
2091 2934 2364 2997 consilium,

221 3026 275 3065 ut
313 3016 607 3081 abnegantes
651 3033 741 3064 vos
777 3016 916 3065 vobis
958 3017 1118 3082 ipsum
1153 3016 1452 3081 sequamini,
1490 3016 1660 3064 saltem
1695 3026 1878 3064 servate
1903 3025 2196 3082 praeceptum
2236 3025 2284 3063 et
2320 3016 2367 3062 in

222 3108 428 3163 utroque
456 3097 796 3161 cognoscendo
829 3097 988 3163 ipsum
1020 3096 1198 3144 audite.
1233 3097 1420 3157 Primo,
1456 3097 1494 3144 si
1533 3096 1635 3144 fieri
1666 3106 1846 3162 potest,
1886 3096 1948 3143 ad
1986 3095 2369 3144 conservandam

221 3178 566 3239 innocentiam,
600 3178 759 3243 ipsum
785 3177 963 3226 audite.
1004 3176 1260 3238 Secundo,
1299 3176 1381 3224 ubi
1417 3177 1665 3225 amiseritis
1703 3177 2062 3237 innocentiam,
2104 3175 2270 3223 saltem
2305 3174 2365 3221 ad

265 3361 271 3379 ¹
288 3360 400 3402 Rom,
422 3368 494 3401 cap.
512 3367 563 3401 xi,
582 3367 612 3391 v.
630 3360 682 3392 33.
699 3376 740 3384 -
755 3360 766 3379 ²
781 3358 970 3393 Rhetnwald
983 3366 1068 3401 quoe.
1084 3375 1125 3383 —
1141 3359 1151 3378 ²
1166 3356 1283 3398 Marc„
1300 3365 1375 3398 cap.
1388 3365 1435 3396 ix,
1455 3366 1485 3391 v.
1504 3360 1533 3389 7.
