2638 3866
259 134 355 179 702
1066 128 1234 175 PETRI
1273 127 1582 175 ABAELARDI

263 232 456 296 ubique,
481 240 534 277 ut
559 229 732 287 dicitis,
760 231 887 275 Deus
910 228 1115 275 existens
1150 227 1331 292 ubique
1361 227 1660 276 beatitudine
1692 244 1779 276 sua
1811 245 1944 296 aeque
1977 229 2175 285 fruatur,
2217 238 2265 276 et
2298 230 2399 293 ejus

262 312 459 359 visionis
491 309 694 369 claritas,
731 306 1100 372 quibuscunque
1124 306 1254 367 velit,
1278 324 1404 370 sese,
1432 318 1578 374 prout
1607 307 1724 370 vult,
1750 308 1926 374 pariter
1951 308 2234 371 infundens,
2261 325 2397 373 aeque

266 391 369 438 illos
385 390 563 453 ubique
585 388 754 434 beatos
773 386 961 448 efficiat,
989 386 1122 434 nullo
1149 386 1464 450 adminiculo,
1493 388 1626 436 nulla
1651 387 1745 436 loci
1768 388 1994 453 qualitate
2012 389 2088 436 vel
2111 390 2397 454 propinqui-

266 480 358 517 tate
382 468 441 516 ad
465 468 561 514 hoc
583 466 819 531 indigens,
848 466 932 514 sed
952 484 1010 515 ex
1034 483 1083 514 se
1102 467 1294 532 penitus
1318 467 1576 530 sufficiens,
1596 484 1705 516 cum
1731 469 1934 534 inquam
1958 469 2195 516 Dominus
2219 468 2401 534 ubique

270 566 353 612 per
384 546 650 612 potentiam
686 546 890 594 existens
924 556 971 594 et
1002 547 1140 612 quasi
1169 547 1218 594 in
1250 564 1351 595 uno
1382 548 1492 595 loco
1522 565 1617 596 suae
1651 548 1908 613 majestatis
1952 549 2254 597 mansionem
2285 565 2403 596 con-

265 627 480 688 cludens,
507 626 652 688 dicat,
674 626 860 675 Coelum
881 627 1000 674 mihi
1023 627 1160 675 sedes
1192 637 1290 689 est,
1311 637 1359 675 et
1388 645 1557 676 omnes
1579 638 1678 676 tam
1709 629 1831 676 Novi
1862 645 2009 694 quam
2041 629 2220 676 Veteris
2242 631 2404 675 Testa·

267 708 416 755 menti
439 708 696 772 scriptores
718 724 820 754 non
848 707 990 755 aliam
1012 707 1184 756 mundi
1201 717 1386 774 partem
1410 709 1501 756 nisi
1521 709 1696 757 coelum
1719 710 1820 773 ejus
1843 709 2129 757 habitationi
2151 708 2401 774 deputent,

262 804 360 835 non
395 787 639 834 immerito
673 787 826 834 videri
853 798 1011 853 potest
1037 788 1179 853 hujus
1210 789 1471 854 superioris
1501 789 1597 836 loci
1622 789 1851 837 serenitas
1875 790 1991 855 ipsis
2022 790 2097 837 vel
2128 788 2270 836 nobis
2306 804 2405 835 non

265 867 383 914 nihil
408 867 628 915 conferre
663 867 988 916 beatitudinis.
1020 868 1159 916 Unde
1192 878 1240 917 et
1268 886 1354 935 per
1387 870 1613 917 Jesaiam¹
1644 869 1707 916 ad
1734 868 1877 934 hujus
1909 868 2220 917 beatitudinis
2254 868 2404 934 pleni·

267 947 481 995 tudinem
514 948 594 994 lux
630 947 772 1010 lunae,
807 949 929 996 sicut
947 949 1028 996 lux
1050 949 1164 997 solis
1187 950 1360 1008 futura,
1390 960 1436 997 et
1457 949 1538 997 lux
1563 949 1675 997 solis
1707 951 2079 1016 septempliciter
2109 949 2409 1015 promittitur

269 1038 382 1074 tunc
406 1027 676 1093 splendere,
704 1039 751 1075 et
773 1045 900 1076 nova
931 1039 1027 1077 tam
1052 1030 1160 1077 coeli
1183 1047 1328 1095 quam
1359 1040 1495 1077 terrae
1517 1030 1714 1091 creatio,
1746 1040 1800 1077 ut
1829 1031 1927 1095 ipsa
1952 1046 2147 1095 quoque
2172 1030 2226 1076 'in
2251 1029 2411 1076 omni²

272 1124 432 1154 rerum
456 1117 627 1155 natura
654 1108 846 1156 felicitas
869 1120 1115 1173 augeatur.

337 1191 607 1237 Cnmsrmn.
642 1190 689 1236 Si
713 1190 1045 1255 prophetizare
1080 1193 1229 1256 magis
1251 1209 1398 1257 quam
1419 1191 1662 1256 judaizare
1693 1192 1742 1238 in
1773 1191 1909 1239 litera
1940 1207 2123 1251 nosses,
2149 1199 2197 1237 et
2219 1206 2324 1254 quae
2352 1189 2413 1236 de

273 1272 375 1316 Deo
420 1269 509 1316 sub
543 1270 700 1334 specie
738 1271 980 1335 corporali
1018 1271 1245 1319 dicuntur
1288 1289 1388 1320 non
1425 1271 1738 1338 corporaliter
1770 1270 1830 1318 ad
1861 1271 2078 1330 literam,
2100 1269 2184 1317 sed
2217 1269 2413 1332 mystice

272 1366 356 1415 per
388 1349 664 1414 allegoriam
687 1351 886 1415 intelligi
921 1353 1080 1410 scireS,
1108 1370 1209 1400 non
1236 1354 1300 1401 ita
1324 1364 1376 1401 ut
1399 1352 1569 1418 vulgus
1602 1370 1707 1418 quae
1731 1351 1956 1400 dicuntur
1983 1351 2242 1417 acciperes.
2268 1350 2414 1414 Cujus

273 1430 491 1495 profecto
516 1432 555 1478 si
580 1448 895 1480 communem
925 1434 1136 1498 sequeris
1167 1434 1476 1499 opinionem,
1512 1450 1602 1481 nec
1632 1449 1801 1481 eorum
1831 1431 1977 1479 fidem
2000 1442 2082 1479 tua
2109 1429 2416 1478 transcendat

273 1511 609 1575 intelligentia,
636 1513 718 1575 qui
744 1511 864 1560 nihil
893 1514 984 1561 nisi
1013 1530 1303 1578 corporeum
1325 1515 1401 1563 vel
1426 1515 1488 1562 ad
1518 1514 1721 1562 modum
1743 1513 1812 1561 rei
1840 1528 2084 1577 corporeae
2117 1518 2276 1558 mente
2299 1525 2416 1557 con-

274 1592 473 1655 cipiunt,
496 1592 545 1638 in
567 1608 679 1639 eum
704 1592 877 1640 iterum
908 1595 1074 1659 utique
1098 1594 1320 1642 dilaberis
1343 1612 1554 1643 errorem
1569 1632 1581 1653 ,
1609 1604 1660 1641 ut
1681 1597 1838 1641 Deum
1860 1592 2154 1648 nullatenus,
2187 1590 2281 1638 nisi
2314 1606 2416 1636 rem

276 1671 537 1735 quamdam
573 1688 858 1737 corpoream
904 1684 951 1721 et
998 1674 1287 1739 quibusdam
1326 1676 1542 1741 partibus
1579 1675 1946 1733 consistentem,
2002 1672 2156 1737 capite
2197 1669 2417 1717 videlicet

275 1751 497 1799 manibus
518 1768 574 1799 ac
595 1752 803 1817 pedibus
825 1770 906 1800 seu
934 1755 1125 1818 reliquis
1151 1755 1379 1803 membris
1397 1756 1723 1821 compositum
1742 1753 2005 1818 intelligere
2024 1768 2188 1817 queas,
2212 1750 2417 1798 maxime

276 1848 385 1878 cum
412 1849 580 1880 ornnes
604 1833 700 1880 fere
725 1833 926 1881 humani
955 1835 1175 1900 corporis
1203 1845 1361 1900 partes
1386 1837 1428 1883 ei
1447 1837 1580 1900 juxta
1606 1834 1968 1882 similitudinem
1994 1833 2204 1896 aliquam
2229 1831 2278 1877 in
2302 1830 2418 1877 scri-

278 1913 430 1976 pturis
474 1913 791 1976 assignentur.
832 1915 949 1972 Quis
990 1915 1119 1962 enim
1154 1915 1487 1964 illiteratorum
1520 1925 1602 1962 aut
1638 1914 1927 1979 simplicium
1963 1913 2219 1959 hominum
2255 1909 2421 1957 audire

276 1993 520 2053 sustineat,
550 1994 589 2039 si
613 1995 770 2040 Deum
793 1994 1022 2058 praedices
1046 2012 1137 2043 nec
1159 1997 1327 2044 oculos
1351 2013 1439 2047 nec
1464 2013 1603 2043 aures
1627 1995 1825 2055 habere,
1857 2010 1946 2041 nec
1971 2003 2129 2041 cetera
2153 2003 2258 2055 quae
2280 1989 2422 2037 nobis

277 2072 499 2119 videntur
538 2075 802 2122 necessaria
842 2075 1092 2123 membra?
1116 2078 1285 2123 Statim
1320 2077 1500 2142 quippe
1540 2076 1733 2140 objiciet
1766 2091 1879 2122 eum
1914 2088 2221 2138 nequaquam
2258 2069 2422 2116 videre

278 2169 436 2216 posse,
464 2153 546 2217 qui
575 2153 742 2201 oculos
768 2155 884 2202 tales
910 2172 1010 2202 non
1034 2155 1227 2215 habeat,
1255 2155 1471 2204 similiter
1493 2172 1595 2203 non
1618 2155 1802 2216 audire,
1828 2171 1918 2202 uec
1945 2152 2154 2218 operari,
2183 2149 2262 2198 cui
2285 2165 2423 2196 aures

278 2233 436 2279 desint
471 2243 517 2280 et
552 2235 759 2282 manus?
799 2237 928 2283 Sicut
964 2253 1078 2301 ergo
1120 2238 1310 2297 omnia,
1346 2254 1455 2302 quae
1484 2237 1702 2302 corporis
1735 2244 1862 2293 sunt,
1903 2232 2098 2280 nonnisi
2142 2228 2419 2296 parabolice

274 2312 461 2375 judicas
492 2314 540 2359 in
571 2317 675 2361 Deo
701 2316 1033 2380 intelligenda,
1063 2318 1130 2365 sic
1153 2334 1451 2382 quaecunque
1481 2317 1544 2365 ad
1579 2315 1882 2381 corporalem
1916 2313 2009 2361 loci
2039 2312 2333 2378 positionem
2363 2309 2425 2356 de

281 2391 527 2440 divinitate
562 2394 788 2442 dicuntur
827 2413 924 2443 non
956 2396 1146 2444 dubites
1177 2397 1475 2462 accipienda.
1503 2400 1624 2444 Cum
1658 2397 1819 2460 itaque
1846 2394 2073 2442 Jesaiam³
2101 2390 2239 2439 audis
2261 2389 2423 2436 dicen-

284 2483 417 2518 tem:
449 2493 470 2518 α
489 2476 599 2521 Haeo
622 2475 738 2522 dicit
759 2477 1021 2538 Dominus,
1050 2478 1235 2524 Coelum
1258 2476 1394 2524 sedes
1425 2493 1532 2524 mea
1560 2487 1607 2524 et
1641 2486 1767 2523 terra
1798 2473 2057 2522 scabellum
2087 2470 2269 2536 pedum
2290 2485 2423 2515 meo·

283 2568 407 2599 rum.
440 2556 557 2611 Quae
586 2564 655 2602 est
678 2556 767 2603 ista
793 2556 968 2603 domus
999 2574 1146 2621 quam
1174 2556 1466 2605 aedificabitis
1498 2556 1644 2615 mihi,
1677 2565 1724 2602 et
1753 2555 1860 2619 quis
1886 2562 1957 2600 est
1980 2552 2066 2599 iste
2091 2550 2225 2597 locus
2253 2547 2424 2613 quietis

287 2633 438 2679 meae?
465 2636 639 2683 Omnia
664 2636 765 2683 haec
786 2653 958 2684 manus
980 2654 1087 2684 mea
1105 2637 1231 2696 fecit,
1258 2647 1349 2685 etc.
1369 2656 1381 2698 ;
1408 2657 1429 2682 »
1456 2638 1578 2697 sicut
1601 2636 1798 2683 minime
1822 2650 1934 2681 eum
1954 2629 2255 2696 corporalem
2286 2627 2424 2674 intel-

286 2711 409 2774 ligis,
440 2715 505 2760 sic
541 2733 630 2763 nec
658 2718 961 2782 corporalem
993 2717 1157 2766 sedem
1186 2718 1386 2777 coelum,
1421 2734 1512 2765 nec
1543 2715 1793 2783 corporale
1819 2712 2078 2761 scabellum
2107 2709 2289 2777 pedum
2323 2707 2423 2772 ejus

287 2803 486 2855 terram,
516 2813 674 2860 neque
703 2797 850 2846 ullam
870 2800 971 2863 ejus
993 2799 1196 2847 localem
1220 2799 1510 2864 positionem
1535 2797 1787 2860 intelligaS,
1813 2811 1908 2860 qua
1937 2792 2124 2840 sedem⁴
2144 2789 2418 2837 aestimetur.

290 2873 415 2920 Absit
443 2876 572 2922 enim
605 2886 658 2922 ut
692 2878 792 2941 ejus
822 2880 1043 2943 majestas
1065 2878 1246 2943 aliquid
1270 2878 1557 2926 infirmitatis
1587 2877 1778 2935 habeat,
1815 2885 1867 2922 ut
1899 2873 2011 2921 sede
2042 2872 2200 2939 aliqua
2222 2868 2298 2916 vel
2326 2882 2425 2914 sca-

290 2952 414 2999 bello
455 2959 706 3004 sustentari
743 2970 894 3021 egeat.
934 2959 1051 3007 Coeli
1089 2977 1203 3023 ergo
1241 2959 1438 3007 nomine
1476 2969 1523 3006 et
1561 2968 1720 3012 terrae,
1756 2957 1853 3003 hoc
1885 2955 1995 3002 loco
2028 2952 2169 2999 bonae
2206 2959 2254 2997 et
2293 2946 2426 2994 malae

334 3164 338 3178 ¹
359 3161 444 3200 lsai„
465 3171 536 3202 cap.
558 3173 642 3201 xxx,
670 3174 698 3194 v.
721 3168 773 3198 26.
801 3183 837 3188 —-
861 3167 966 3198 ²Cod.
986 3168 1137 3199 Nomine.
1162 3166 1352 3201 Rheinwald
1371 3170 1502 3209 conjicit
1527 3168 1706 3200 emnil—³
1731 3165 1822 3204 lsai„-
1848 3173 1920 3204 ⁰³11-
1942 3171 2031 3201 LXW:
2066 3169 2094 3191 V·
2122 3161 2157 3198 1⁷
2183 3160 2214 3190 ²·
2235 3173 2272 3179 ““
2298 3157 2307 3174 ⁴
2330 3154 2422 3194 Gonj'

295 3213 484 3247 Rheinwam
500 3227 508 3247 ι
530 3216 609 3254 Quce
629 3217 719 3248 sedes
737 3223 792 3250 aut
808 3227 877 3258 qua
895 3219 1006 3250 sedere
