2638 3866
915 257 1255 307 THEOLOGlA
1292 259 1664 308 CHRlSTlANA.
2275 261 2367 308 457

219 358 330 406 dam
361 358 652 420 censebant3
693 367 742 405 et
775 356 838 405 ad
872 372 979 405 eam
1010 358 1226 407 moribus
1254 360 1416 425 potius
1445 376 1594 425 quam
1614 359 1774 408 verbis
1796 358 2052 407 nitendum
2082 375 2200 407 esse.
2234 360 2372 409 Unde

218 440 456 498 Socrates,
482 448 536 486 ut
551 438 652 502 jam
673 427 854 503 praefati
870 454 1053 496 sumus,
1082 438 1281 487 nolebat
1297 440 1578 487 immundos
1601 441 1803 488 terrenis
1825 439 2168 506 cupiditatibus
2185 441 2372 489 animos

220 536 271 567 se
294 520 342 567 in
369 518 534 566 divina
556 518 741 576 conari,
768 518 1003 582 quoniam
1033 519 1229 583 quidem
1253 519 1315 567 ab
1341 521 1408 567 eis
1430 538 1597 568 causas
1620 537 1782 568 rerum
1807 519 2000 568 videbat
2025 521 2221 585 inquiri,
2251 537 2373 586 quas

222 599 418 647 nonnisi
448 599 498 647 in
534 598 622 648 Dei
651 597 900 646 voluntate
933 614 1035 645 esse
1071 599 1312 662 credebat,
1346 611 1394 648 et
1423 601 1533 648 ideo
1565 600 1827 667 purgandae
1853 600 1997 647 bonis
2029 600 2244 648 moribus
2266 601 2372 648 vitae

221 679 447 728 censebat
478 677 774 727 instandum.
812 677 959 742 Cujus
991 688 1038 725 et
1068 679 1170 745 ipse
1204 697 1305 728 non
1347 682 1605 730 immemor
1640 682 1928 746 Augustinus
1957 682 2219 738 sententiae,
2246 681 2371 729 libro

223 761 382 826 primo
423 762 579 824 Super
613 759 862 819 Genesim,
896 769 1066 807 contra
1100 760 1364 810 calumnias
1401 762 1805 823 Manichaeorum,
1849 762 2002 826 ipsam
2041 778 2236 826 quoque
2273 761 2374 810 aliis

222 840 478 906 explicavit
501 838 659 887 verbis
681 839 777 888 hoc
800 839 977 902 modo¹
1004 858 1014 886 :
1046 860 1068 883 α
1094 842 1188 899 Qui
1213 841 1354 889 dicit:
1382 845 1543 900 Quare
1576 845 1706 890 Deus
1729 841 1839 889 fecit
1861 851 1908 889 et
1934 841 2146 889 terram?
2170 858 2371 907 respon·

223 920 439 968 dendum
466 919 533 967 illi
560 929 655 968 est:
684 920 809 978 Quia
833 919 1001 968 voluit.
1030 919 1264 969 Voluntas
1287 922 1416 968 enim
1444 923 1532 970 Dei
1554 938 1699 970 causa
1722 930 1792 969 est
1811 921 1917 968 coeli
1947 930 1994 968 et
2018 931 2170 982 terrae,
2193 931 2238 968 et
2263 921 2372 968 ideo

224 1001 380 1065 major
410 1017 557 1066 quam
593 1000 771 1049 coelum
811 1010 859 1048 et
892 1010 1037 1049 terra.
1079 1002 1174 1060 Qui
1212 1012 1372 1050 autem
1413 1002 1559 1050 dicit:
1588 1005 1749 1061 Quare
1783 1000 1970 1049 voluit?
2005 1001 2160 1065 majus
2193 1001 2374 1064 aliquid

222 1081 394 1146 quaerit
425 1097 570 1146 quam
603 1090 674 1129 est
704 1080 929 1129 voluntas
959 1082 1064 1129 Dei.
1100 1081 1227 1130 Nihil
1261 1092 1421 1130 autem
1452 1083 1606 1148 majus
1629 1082 1832 1130 inveniri
1863 1091 2036 1147 potest.
2066 1083 2119 1128 At
2142 1082 2180 1129 si
2202 1080 2377 1128 volun-

225 1171 373 1210 tatem
394 1162 483 1210 Dei
505 1178 650 1209 nosse
670 1162 876 1227 quisque
900 1162 1156 1223 desiderat,
1179 1162 1263 1211 fiat
1285 1164 1467 1211 amicus
1486 1166 1590 1211 Deo
1619 1182 1629 1210 ε
1654 1163 1768 1228 quia
1792 1163 1831 1210 si
1852 1162 2148 1211 voluntatem
2167 1161 2377 1209 hominis

226 1259 368 1291 nosse
391 1242 550 1303 vellet,
583 1242 718 1307 cujus
750 1244 933 1290 amicus
963 1261 1064 1291 non
1090 1253 1230 1304 esset,
1269 1261 1438 1292 omnes
1461 1244 1839 1310 imprudentiam
1873 1253 1957 1291 aut
1980 1242 2226 1290 stultitiam
2252 1242 2377 1289 deri-

224 1321 412 1373 derent.
449 1326 555 1370 Non
588 1333 750 1371 autem
777 1323 983 1372 efficitur
1011 1325 1195 1372 amicus
1215 1325 1319 1379 Dei,
1348 1325 1439 1372 nisi
1462 1325 1808 1390 purgatissimis
1836 1322 2070 1382 moribus,
2105 1332 2154 1370 et
2176 1322 2257 1369 illo
2283 1321 2378 1370 fine

224 1404 470 1470 praecepti,
496 1403 557 1451 de
586 1419 685 1468 quo
716 1403 833 1451 dicit
862 1405 1140 1470 Apostolus²
1167 1423 1178 1451 ι
1215 1425 1238 1448 «
1256 1405 1384 1452 Finis
1410 1415 1574 1453 autem
1602 1405 1825 1471 praecepti
1847 1414 1919 1451 est
1940 1403 2109 1451 caritas
2141 1402 2202 1450 de
2230 1403 2378 1451 corde

229 1503 255 1527 «
271 1501 396 1549 puro
418 1501 445 1532 e
488 1485 781 1532 conscientia
805 1484 938 1533 bona
960 1495 1008 1533 et
1032 1485 1129 1533 fide
1152 1502 1254 1533 non
1280 1485 1391 1534 ficta
1414 1504 1425 1532 z
1446 1506 1467 1529 »
1486 1502 1632 1551 quam
1657 1486 1733 1533 isti
1755 1485 1794 1532 si
1817 1484 2071 1544 haberent,
2097 1500 2197 1531 non
2222 1493 2380 1532 essent

225 1564 452 1613 haeretici.
533 1568 773 1624 Quantam
805 1566 948 1614 etiam
976 1567 1024 1613 in
1050 1569 1207 1613 Deum
1231 1567 1552 1615 reverentiam
1575 1569 1795 1615 Socrates
1823 1564 2063 1627 habuerit,
2101 1574 2155 1612 ut
2177 1564 2220 1611 ei
2245 1564 2381 1612 vide-

226 1646 337 1693 licet
372 1646 535 1693 omnia
569 1655 734 1693 nostra
771 1646 995 1694 tribuerit
1023 1657 1167 1712 atque
1199 1646 1504 1712 adscripserit
1534 1646 1690 1706 bona,
1730 1646 1936 1693 maxime
1960 1661 2017 1692 ea
2049 1661 2155 1708 quae
2186 1644 2248 1691 ad
2277 1660 2383 1709 per-

226 1725 463 1791 cipiendae
485 1726 697 1774 veritatis
731 1727 934 1774 attinent
972 1727 1333 1785 discretionem,
1372 1727 1578 1792 ipsemet
1611 1725 1883 1792 profitetur,
1923 1725 2060 1788 cujus
2090 1740 2300 1789 persona
2332 1725 2382 1771 in

234 1808 408 1854 Timaeo
429 1806 639 1854 Platonis
662 1807 953 1869 introducta,
979 1817 1033 1854 ut
1053 1824 1200 1873 supra
1222 1823 1417 1872 quoque
1440 1807 1766 1867 meminimus,
1791 1822 1991 1852 omnem
2022 1805 2383 1868 intelligentiam

227 1896 275 1934 et
304 1886 539 1934 rationem
574 1887 624 1933 in
647 1887 782 1934 omni
807 1888 1002 1936 veritate
1031 1887 1335 1935 discutienda
1358 1903 1384 1934 a
1408 1889 1512 1935 Deo
1538 1887 1742 1952 simplici
1766 1885 2099 1933 obsecratione
2122 1884 2383 1950 petendam

227 1975 430 2015 censet:
459 1968 509 2014 in
549 1976 734 2015 tantum
774 1978 828 2015 ut
865 1985 948 2016 eos
982 1985 1152 2016 omnes
1190 1985 1282 2033 pro
1320 1968 1509 2015 furiosis
1546 1977 1592 2015 et
1630 1966 1933 2032 inexpiandis
1969 1965 2173 2022 habeat,
2217 1965 2300 2029 qui
2334 1965 2382 2012 in

230 2046 459 2095 omnibus
483 2057 612 2095 recte
641 2048 839 2111 agendis
873 2049 1089 2096 divinam
1123 2065 1224 2095 non
1257 2049 1484 2095 invocent
1516 2064 1678 2112 opem.
1706 2050 1759 2093 In
1793 2063 1892 2111 quo
1918 2055 2080 2110 aperte
2110 2062 2161 2092 se
2184 2045 2303 2092 nihil
2328 2061 2385 2092 ex

230 2144 280 2176 se
313 2145 472 2193 posse,
511 2127 596 2175 sed
635 2145 692 2176 ex
721 2128 893 2176 divinae
922 2128 1163 2176 beneficio
1200 2129 1358 2192 gratiae
1392 2137 1701 2193 protestatur.
1739 2125 1947 2173 Audiant
1976 2125 2142 2172 saltem
2168 2123 2383 2189 philoso-

230 2208 442 2274 phorum
479 2208 735 2255 consilium
769 2208 822 2255 hi
854 2210 937 2273 qui
972 2226 1022 2256 se
1047 2208 1368 2274 philosophos
1403 2207 1708 2273 profitentur.
1737 2205 1948 2253 Audiant
1984 2204 2234 2269 magistros
2269 2221 2384 2252 suos

232 2290 316 2354 qui
347 2297 669 2335 contemnunt
703 2299 918 2346 sanctos,
958 2298 1009 2335 ut
1044 2289 1083 2336 si
1117 2288 1339 2335 videlicet
1374 2288 1576 2353 cupiunt
1614 2290 1772 2334 Deum
1804 2285 2099 2349 intelligere,
2138 2283 2288 2332 velint
2321 2284 2383 2332 ad

232 2368 600 2433 intelligendum
636 2384 686 2415 se
717 2368 842 2416 bene
874 2368 1085 2416 vivendo
1115 2385 1403 2435 praeparare,
1436 2378 1484 2416 et
1514 2369 1641 2416 viam
1675 2367 2008 2415 humanitatis³
2035 2365 2263 2431 arripere,
2290 2381 2386 2430 qua

231 2449 334 2496 sola
368 2449 431 2496 ad
459 2448 796 2496 celsitudinem
819 2450 951 2497 illam
979 2449 1303 2515 intelligentiae
1328 2449 1592 2511 acceditur,
1621 2465 1887 2514 numquam
1909 2446 2188 2513 pervenitur
2213 2462 2382 2510 quam-

234 2528 316 2576 diu
341 2529 390 2576 in
412 2528 505 2576 hac
529 2528 721 2576 mortali
745 2545 889 2577 carne
910 2530 1105 2577 vivitur.
1153 2550 1176 2573 κ
1206 2529 1533 2595 Corruptibile
1556 2530 1686 2577 enim
1709 2545 1885 2595 corpus
1908 2536 2130 2591 aggravat
2153 2526 2381 2586 animam,

233 2618 282 2657 et
315 2609 541 2675 deprimit
570 2619 759 2658 terrena
781 2610 1067 2658 inhabitatio
1102 2627 1295 2658 sensum
1319 2610 1471 2657 multa
1492 2610 1786 2674 cogitantem
1797 2610 1830 2655 ⁴.
1857 2627 1880 2652 »
1908 2605 2048 2654 Unde
2078 2615 2125 2652 et
2148 2606 2385 2652 Dominus

236 2690 387 2753 Moysi
406 2690 637 2754 quaerenti
662 2690 830 2737 faciem
853 2691 956 2754 ejus
975 2690 1139 2738 videre
1159 2689 1458 2753 respondit⁵z
1489 2710 1511 2732 «
1531 2693 1638 2736 Non
1662 2688 1845 2736 videbit
1867 2704 1944 2734 me
1967 2686 2119 2732 homo
2137 2695 2183 2731 et
2195 2685 2341 2732 vivet.
2360 2704 2383 2730 n

235 2771 343 2833 Ipsa
373 2770 553 2834 quippe
577 2769 697 2816 visio
727 2769 990 2817 divinitatis
1015 2770 1119 2835 ipsa
1145 2778 1214 2816 est
1243 2769 1402 2815 futura
1423 2767 1690 2829 beatitudo,
1716 2767 1777 2814 de
1799 2782 1895 2831 qua
1923 2765 2040 2812 dicit
2065 2764 2344 2829 Apostolus⁸
2370 2783 2381 2812 z

240 2867 263 2893 «
292 2851 430 2895 Nunc
467 2847 687 2895 videmus
708 2865 796 2912 per
822 2849 1072 2913 speculum
1094 2850 1143 2896 in
1169 2850 1435 2911 aenigmate,
1473 2857 1588 2894 tunc
1627 2857 1788 2894 autem
1825 2846 1941 2893 facie
1973 2845 2036 2892 ad
2067 2845 2253 2892 faciem.
2276 2864 2300 2890 υ
2331 2848 2388 2892 Et

237 2927 372 2976 alibi⁷
398 2946 410 2976 ι
441 2949 463 2971 c<
485 2931 540 2974 In
564 2944 710 2992 quem
733 2927 1008 2976 desiderant
1033 2927 1190 2992 angeli
1214 2927 1504 2992 prospicere.
1533 2948 1556 2971 »
1579 2927 1673 2974 Sed
1695 2936 1744 2974 et
1762 2943 1874 2974 cum
1900 2925 2084 2973 dictum
2109 2927 2216 2985 est⁸‚
2247 2925 2383 2973 «Tol-

237 3007 362 3056 latur
394 3008 589 3074 impius,
628 3025 689 3056 ne
712 3007 873 3056 videat
905 3007 1106 3072 gloriam
1129 3008 1247 3066 Dei3
1275 3026 1298 3052 »
1325 3007 1417 3055 tale
1441 3017 1512 3055 est
1534 3024 1596 3055 ne
1622 3006 1834 3055 videndo
1858 3006 2061 3067 fruatur,
2088 3005 2202 3069 quia
2224 3005 2387 3053 videre

239 3087 331 3135 frui
359 3098 444 3136 est.
470 3092 620 3136 Tanta
644 3098 713 3136 est
738 3088 869 3136 enim
901 3087 1027 3135 illius
1054 3088 1215 3154 gloriae
1237 3086 1510 3148 beatitudo,
1542 3098 1596 3135 ut
1618 3104 1764 3135 nemo
1793 3104 1901 3135 eam
1930 3085 2093 3133 videre
2115 3094 2278 3150 queat,
2304 3088 2387 3150 qui

289 3248 295 3264 ¹
315 3245 362 3277 De
394 3246 511 3279 Genesi
537 3250 652 3279 contra
683 3245 894 3287 Manichaeos‚
929 3247 990 3279 lib.
1026 3246 1056 3288 1,
1087 3256 1160 3288 cap.
1186 3255 1218 3278 n.
1241 3262 1279 3270 —·
1353 3245 1463 3278 rinth.
1483 3242 1514 3286 1,
1533 3252 1606 3285 cap.
1624 3252 1697 3284 xm,
1714 3252 1745 3275 v.
1766 3244 1820 3277 12.
1843 3260 1884 3268 -
1906 3245 1916 3265 ⁷
1933 3242 2019 3277 Petr.
2045 3243 2071 3284 1,
2091 3250 2164 3284 cap,
2179 3252 2203 3283 t,
2225 3251 2255 3275 v.
2279 3242 2329 3275 12.
2348 3258 2388 3265 —

242 3298 253 3315 ²
273 3297 356 3330 Tim.
376 3300 409 3330 I.
434 3309 505 3339 cap.
532 3309 561 3339 ι,
584 3309 614 3332 v.
632 3302 663 3333 5.
681 3317 723 3324 —
743 3300 755 3320 ³
771 3300 846 3341 Leo.
875 3301 1077 3333 humilitatis.
1094 3317 1136 3324 —
1159 3301 1169 3320 ⁴
1185 3301 1283 3341 Sap„
1354 3301 1366 3319 ¹
1382 3300 1472 3339 lsai„
1493 3307 1567 3339 cap.
1586 3307 1676 3339 xxvi,
1693 3305 1723 3330 v.
1743 3299 1792 3331 10.

242 3359 316 3389 cap.
341 3360 388 3392 ix,
411 3362 441 3384 v.
465 3355 513 3386 15.
532 3371 573 3377 --
595 3353 740 3395 ⁵Exod.‚
769 3362 842 3395 cap.
865 3362 986 3394 xxxin,
1010 3363 1040 3387 v.
1064 3355 1116 3388 20.
1136 3371 1174 3379 ...
1189 3353 1201 3373 ⁶
1219 3353 1282 3386 Co-

407 3424 439 3450 u
2178 3410 2228 3445 58
