2638 3866
963 208 1310 258 THEOLOGIA
1344 203 1714 259 CHRISTIANA.
2319 210 2407 258 491

257 326 317 358 ex
337 325 397 358 eo
420 307 555 375 quod
578 307 845 356 substantia
865 315 956 368 est,
983 307 1079 356 1100
1103 308 1414 358 solummodo
1440 310 1604 375 exigit3
1632 319 1681 358 et
1708 311 1776 358 rei
1813 309 2035 358 informis
2065 309 2272 358 dicimus
2302 323 2417 375 pro-

260 390 420 455 prium
446 403 546 436 esse
568 387 704 453 quod
725 404 825 435 non
844 386 994 435 hahet
1011 387 1208 452 formas,
1230 399 1399 456 utpote
1422 391 1571 457 ipsius
1591 391 1698 452 Dei,
1724 390 1799 438 vel
1829 391 1898 438 rei
1923 389 2152 456 simplicis
2177 406 2285 454 quae
2310 404 2418 455 par·

261 468 388 517 tibus
408 478 557 529 caret,
581 467 834 533 nullasque
857 484 946 534 per
966 467 1063 516 hoc
1090 468 1267 518 formas
1290 487 1473 536 ponere
1496 470 1742 531 videmur,
1764 469 1849 518 sed
1866 486 2063 535 prorsus
2079 470 2301 518 omnium
2317 478 2417 518 tam

261 549 528 598 formarum
550 564 698 614 quam
735 548 942 615 partium
959 550 1283 598 remotionem
1306 551 1488 613 facere3
1524 561 1608 600 aut
1625 551 1664 599 si
1686 552 1794 615 quis
1820 551 2004 615 aliquas
2027 552 2075 598 in
2099 551 2195 599 hoc
2219 567 2418 616 quoque

261 629 440 678 formas
460 629 692 693 intelligat
709 666 721 690 ,
749 639 934 677 certum
961 639 1032 677 est
1054 631 1182 696 ipsas
1207 633 1410 679 omnino
1439 649 1538 679 non
1565 648 1668 679 esse
1691 631 1904 679 diversas
1939 648 2014 679 res
2049 631 2111 679 ab
2148 632 2261 697 ipsis
2291 630 2417 679 sub-

262 711 446 759 stantiis
468 709 645 775 quibus
667 711 858 772 insunt;
882 710 949 758 ita
970 720 1018 758 et
1036 713 1185 760 Patris
1209 713 1337 760 istud
1357 729 1458 760 esse
1475 713 1728 779 proprium
1747 711 1969 773 dicimus,
1987 711 2104 759 illud
2126 712 2248 772 Filii,
2275 720 2418 777 atque

263 790 382 837 illud
405 790 609 855 Spiritus
628 790 799 838 sancti.
829 790 953 838 Nolo
979 800 1142 839 autem
1165 792 1256 840 sub
1278 793 1464 842 silentio
1487 793 1747 859 praeterire,
1785 807 1933 857 quare
1969 791 2189 839 videlicet
2214 792 2263 838 in
2287 790 2416 839 adsi-

262 869 465 933 gnandis
487 870 864 935 proprietatibus
885 870 1161 920 divinarum
1184 890 1503 939 personarum
1523 873 1707 921 tamdiu
1722 872 2030 938 perstiterim,
2049 881 2103 919 ut
2121 888 2201 919 eas
2220 870 2417 935 quidem

261 950 578 1015 proprietates
600 967 701 998 non
727 966 830 998 esse
853 951 983 999 aliud
1006 951 1068 1000 ab
1093 953 1197 1019 ipso
1212 956 1318 1001 Deo
1331 953 1406 1002 vel
1426 953 1487 1001 ab
1512 953 1626 1020 ipsis
1645 953 1864 1019 personis
1878 961 2156 1000 astruerem.
2180 953 2285 998 Hoc
2305 950 2416 998 ideo

263 1029 527 1094 plurimum
550 1030 827 1079 faciendum
849 1047 952 1079 esse
977 1032 1189 1096 decrevi,
1217 1034 1353 1099 quod
1378 1033 1678 1099 temporibus
1699 1033 1876 1081 nostris
1915 1031 2138 1081 nonnulli
2161 1032 2285 1079 inter
2307 1045 2418 1079 vere

261 1109 525 1159 catholicos
545 1112 830 1177 computati,
856 1122 1003 1178 atque
1026 1115 1170 1163 etiam
1194 1132 1282 1181 per
1316 1115 1642 1164 assiduitatem
1683 1113 1829 1163 studii
1864 1113 2142 1161 divinorum
2180 1111 2418 1160 librorum

261 1189 542 1240 cathedram
564 1193 826 1257 magisterii
847 1193 1028 1259 adepti,
1055 1195 1104 1242 in
1129 1205 1314 1244 tantam
1338 1212 1658 1262 prorumpere
1680 1195 1783 1244 ausi
1804 1204 1917 1242 sunt
1948 1193 2202 1252 insaniam,
2229 1202 2281 1240 ut
2303 1207 2418 1258 pro-

262 1270 485 1335 prietates
507 1273 634 1338 ipsas
655 1289 975 1339 personarum
997 1274 1112 1323 alias
1134 1293 1210 1324 res
1232 1293 1334 1324 esse
1358 1276 1419 1324 ab
1442 1277 1548 1342 ipso
1576 1279 1680 1323 Deo
1702 1275 1780 1323 vel
1801 1274 1863 1322 ab
1885 1274 1998 1340 ipsis
2019 1273 2238 1339 personis
2271 1271 2418 1337 profi·

262 1360 469 1414 teantur,
495 1352 591 1401 hoc
624 1363 698 1402 est
720 1355 1059 1403 Paternitatem
1082 1357 1255 1423 ipsam,
1293 1367 1342 1405 et
1379 1357 1697 1417 Filiationem,
1723 1365 1770 1404 et
1795 1355 2157 1403 Processionem
2195 1352 2415 1418 Spiritus,

262 1448 381 1495 quas
403 1432 603 1497 quidem
639 1434 743 1499 ipsa
783 1435 927 1482 etiam
958 1446 1237 1486 sanctorum
1274 1441 1470 1485 Patrum
1508 1437 1768 1484 auctoritas
1805 1435 2061 1483 relationes
2098 1432 2322 1499 appellat.
2362 1434 2416 1478 ln

261 1511 389 1560 hanc
406 1523 570 1561 autem
593 1513 812 1562 haeresim
839 1533 897 1563 ex
919 1516 1016 1564 hoc
1039 1518 1246 1566 maxime
1264 1527 1378 1565 sunt
1401 1517 1604 1577 inducti,
1636 1516 1771 1581 quod
1806 1516 1898 1563 nisi
1934 1514 2252 1581 proprietates
2285 1512 2415 1571 istas,

261 1608 349 1658 per
371 1609 492 1658 quas
512 1594 692 1643 scilicet
714 1612 934 1661 personae
955 1597 1202 1660 differunt,
1223 1598 1435 1646 diversas
1456 1614 1533 1646 res
1549 1597 1611 1645 ab
1633 1598 1738 1662 ipsa
1753 1595 2017 1644 substantia
2030 1594 2194 1642 divina
2211 1601 2416 1658 ponant,

261 1672 397 1720 nullo
420 1674 572 1722 modo
590 1676 832 1740 assignare
850 1678 1031 1740 valent,
1055 1679 1105 1725 in
1138 1696 1238 1743 quo
1262 1679 1322 1726 sit
1355 1693 1674 1743 personarum
1707 1676 1974 1735 diversitaS,
2009 1689 2217 1739 quarum
2250 1671 2421 1720 eadem

260 1754 454 1819 penitus
477 1765 549 1803 est
569 1757 792 1804 essentia.
819 1760 878 1805 At
899 1774 1015 1806 vero
1038 1759 1214 1808 frustra
1237 1760 1336 1807 hoc
1362 1758 1617 1823 diffugium
1636 1765 1875 1822 quaerunt,
1902 1765 1956 1803 ut
1984 1771 2036 1803 se
2061 1753 2345 1813 absolvant3
2374 1762 2422 1800 et

261 1832 435 1882 frustra
455 1835 584 1883 hanc
606 1836 861 1885 falsitatem
883 1840 1204 1903 constituunt,
1227 1849 1283 1887 ut
1306 1840 1559 1887 veritatem
1582 1836 1849 1886 defendant
1876 1855 1887 1884 ε
1914 1853 2057 1902 quos,
2083 1852 2197 1883 cum
2220 1835 2421 1881 interro-

260 1923 452 1978 gantur,
476 1916 662 1964 nescire
681 1933 731 1964 se
753 1918 970 1983 profiteri
998 1920 1166 1986 pudet.
1204 1923 1329 1968 Cum
1361 1921 1492 1968 enim
1525 1935 1675 1967 unam
1709 1927 1900 1966 tantum
1922 1926 1970 1965 et
1991 1915 2292 1964 individuam
2318 1930 2421 1962 esse

259 1994 476 2043 divinam
498 1997 754 2044 essentiam
776 2014 877 2046 non
903 2011 1195 2064 praesumant
1217 2000 1569 2060 contradicere,
1591 2001 1671 2047 cui
1687 2008 1783 2047 tres
1806 1998 1910 2046 illas
1927 1997 2243 2063 proprietates
2266 1996 2421 2043 inesse

259 2074 428 2124 dicunt
455 2094 466 2123 :
489 2094 596 2142 quae
618 2088 690 2125 est
711 2078 822 2126 ideo
847 2080 1004 2144 major
1025 2081 1274 2135 diversitas
1292 2082 1418 2128 inter
1437 2083 1596 2128 Deum
1612 2083 1804 2127 Patrem
1818 2088 1864 2126 et
1878 2081 2035 2125 Deum
2058 2076 2250 2135 Filium,
2272 2091 2420 2139 quam

259 2157 386 2205 inter
406 2157 541 2206 hunc
561 2159 814 2207 hominem
836 2170 1025 2226 patrem
1048 2162 1182 2209 istius
1205 2171 1253 2209 et
1274 2161 1503 2210 eumdem
1528 2159 1684 2207 filium
1717 2159 1860 2220 illius,
1893 2175 2005 2206 cum
2029 2156 2253 2205 videlicet
2287 2155 2418 2203 idem

259 2233 411 2282 homo
435 2244 483 2282 et
505 2244 642 2300 pater
661 2237 720 2284 sit
742 2238 877 2285 istius
897 2249 944 2286 et
963 2238 1088 2286 filius
1111 2237 1274 2287 illius?
1298 2242 1391 2286 Aut
1414 2238 1454 2285 si
1475 2255 1577 2286 non
1609 2247 1681 2285 est
1710 2237 1866 2301 major
1887 2235 2136 2283 diversitas
2168 2233 2237 2281 ibi
2270 2249 2418 2297 quam

260 2313 359 2377 hic,
385 2332 482 2380 qua
506 2316 694 2364 ratione
718 2318 995 2366 concedunt
1014 2319 1148 2367 hunc
1167 2319 1421 2367 hominem
1445 2328 1635 2384 patrem
1658 2333 1775 2374 esse,
1804 2316 1937 2364 hunc
1960 2315 2211 2362 hominem
2244 2312 2414 2373 filium,

260 2404 308 2443 et
328 2412 430 2443 non
454 2399 612 2444 Deum
637 2400 829 2446 Patrem
849 2416 951 2447 esse
973 2403 1131 2448 Deum
1154 2399 1363 2448 Filium?
1389 2398 1519 2456 Quid
1546 2398 1691 2446 etiam
1712 2397 1842 2446 valet
1863 2396 1960 2444 hoc
1981 2395 2271 2443 constituere
2284 2394 2419 2459 quod

258 2492 502 2525 summam
521 2494 623 2526 non
647 2479 859 2528 excludit
877 2480 1254 2529 controversiae?
1279 2478 1546 2538 Quomodo
1567 2479 1664 2526 hoc
1689 2477 1935 2544 praesumit
1951 2475 2268 2536 Christianus,
2283 2474 2417 2538 quod

259 2556 406 2605 etiam
439 2558 629 2623 gentilis
666 2569 714 2607 et
747 2560 974 2624 quislibet
1005 2561 1234 2609 abhorret
1265 2559 1489 2616 infidelis,
1533 2558 1713 2623 aliquid
1752 2556 1975 2605 videlicet
2010 2556 2057 2602 in
2094 2558 2198 2602 Deo
2238 2554 2419 2617 fingere

259 2637 395 2699 quod
418 2654 519 2685 non
539 2639 599 2686 sit
633 2640 736 2705 ipse
755 2639 774 2685 Ρ
801 2641 1047 2706 Numquid
1069 2642 1199 2688 enim
1223 2641 1263 2687 si
1287 2639 1568 2698 Paternitas,
1596 2655 1702 2703 quae
1723 2640 1848 2685 inest
1870 2639 1993 2694 Dec,
2020 2635 2113 2682 alia
2135 2634 2336 2682 essentia
2357 2635 2418 2682 sit

260 2713 449 2782 abipso
474 2720 597 2779 Deo,
625 2736 797 2767 verum
820 2730 891 2767 est
913 2723 1072 2768 Deum
1097 2724 1288 2768 Patrem
1308 2736 1365 2766 ex
1391 2718 1587 2766 duobus
1608 2718 1888 2775 consistere,
1924 2714 2020 2761 hoc
2051 2723 2124 2762 est
2153 2730 2211 2760 ex
2244 2716 2349 2760 Deo
2370 2724 2419 2761 et

262 2797 570 2860 Paternitate,
597 2799 854 2864 ipsumque
884 2817 986 2848 esse
1024 2811 1183 2848 totum
1211 2799 1274 2847 ad
1308 2799 1411 2846 haec
1445 2798 1545 2845 duo
1576 2814 1632 2845 ex
1669 2795 1844 2860 quibus
1884 2793 2135 2842 consistit?
2172 2793 2418 2858 Numquid

259 2877 405 2924 etiam
429 2895 521 2943 pro
544 2895 604 2927 eo
625 2880 760 2944 quod
784 2880 871 2928 has
895 2883 1213 2947 proprietates
1235 2895 1469 2927 vocamus
1491 2877 1764 2937 relationes,
1792 2885 1986 2941 oportet
2006 2891 2087 2923 eas
2114 2874 2315 2939 intelligi
2343 2891 2418 2922 res

261 2956 473 3007 diversas
490 2959 553 3007 ab
575 2960 680 3026 ipsa
709 2960 993 3021 substantia,
1020 2978 1127 3026 quae
1150 2961 1213 3009 ad
1237 2959 1419 3024 aliquid
1442 2959 1639 3007 relative
1663 2956 1935 3006 secundum
1971 2972 2052 3004 eas
2090 2955 2297 3003 dicitur?
2319 2958 2418 3004 Ne-

262 3054 507 3104 quaquam
540 3041 723 3105 utique.
753 3040 976 3106 Alioquin
1013 3052 1060 3090 et
1094 3059 1207 3089 cum
1242 3044 1372 3092 Deus
1415 3040 1655 3088 Dominus
1690 3038 1886 3086 relative
1913 3035 2105 3098 dicitur,
2146 3036 2420 3084 dominium

261 3119 364 3182 ejus
387 3121 480 3169 alia
502 3122 708 3170 essentia
731 3121 793 3169 ab
819 3122 925 3187 ipso
949 3132 1091 3184 esset,
1118 3123 1256 3187 cujus
1277 3121 1497 3187 profecto
1521 3120 1828 3185 susceptione
1851 3118 2028 3166 mutari
2049 3120 2208 3165 Deum
2230 3117 2420 3164 contin-

262 3210 410 3262 geret,
435 3218 548 3249 cum
566 3219 667 3250 esse
693 3203 935 3251 Dominus
953 3203 1170 3270 coeperit.
1198 3202 1468 3251 Adversum
1489 3217 1639 3267 quam
1658 3197 1991 3247 detestabilem
2013 3197 2232 3245 haeresim
2248 3199 2302 3244 B.
2325 3199 2419 3243 Au-

260 3281 479 3340 gustinus
522 3282 647 3331 libro
692 3286 734 3331 V
779 3283 838 3331 de
880 3285 1133 3346 Trinitate,
1184 3284 1342 3349 capite
1369 3299 1471 3345 xvi,
1509 3290 1675 3348 aperte
1715 3278 1976 3336 invehitur,
2019 3278 2107 3325 Dei
2142 3278 2421 3324 incommu-
