2638 3866
807 244 866 293 IN
899 244 1228 292 EPlSTOLAM
1262 243 1343 292 AD
1378 244 1679 293 ROMANOS.
2232 248 2328 295 215

174 348 352 399 scilicet
396 345 674 408 exterioris,
711 362 818 411 quae
858 343 1089 392 omnibus
1121 361 1256 410 aeque
1286 345 1537 403 convenit,
1577 354 1627 393 et
1663 345 1963 410 signaculum
1997 346 2189 411 justitiae
2222 363 2326 411 quae

174 444 444 497 paucorum
467 436 555 476 est.

240 512 379 559 Nunc
403 524 518 557 vero
544 522 698 574 pauca
719 505 781 554 de
806 505 981 554 virtute
1018 514 1068 553 et
1102 516 1405 555 sacramento
1443 505 1824 555 circumcisionis
1857 507 2160 556 discutienda
2192 518 2324 570 sunt,

174 590 292 657 quid
314 589 537 638 videlicet
557 588 660 654 ipsa
682 586 924 635 conferret
941 595 1023 634 aut
1046 585 1288 651 figuraret,
1308 598 1356 636 et
1378 603 1528 653 quare
1552 587 1712 653 potius
1732 588 1783 637 in
1809 588 2030 637 membro
2059 589 2255 653 genitali
2284 601 2328 637 et

175 671 317 734 virili,
334 687 436 719 non
460 669 668 718 femineo
691 667 910 716 instituta
925 667 1004 727 sit,
1021 677 1066 715 et
1088 668 1138 715 in
1157 677 1330 717 octava
1348 668 1427 717 die
1446 669 1579 734 jussa
1596 667 1700 716 fieri
1715 668 1763 716 in
1783 669 2064 718 infantibus.
2088 674 2141 718 ln
2155 670 2331 718 adultis

175 753 356 819 quippe
379 750 569 799 nullum
593 759 696 799 erat
716 747 1101 798 circumcidendi
1120 748 1496 799 determinatum
1513 759 1723 815 tempus,
1745 749 1837 796 nisi
1854 750 2054 814 quando
2083 751 2146 799 ad
2169 750 2332 799 Judai·

174 849 334 880 smum
359 840 774 880 converterentur.
802 832 1002 878 Constat
1023 838 1187 878 autem
1217 830 1313 878 hoc
1345 830 1477 880 idem
1499 829 1630 897 apud
1664 830 1892 895 antiquos
1913 831 2330 879 circumcisionem

175 912 395 972 valuisse,
424 911 559 977 quod
581 929 713 960 nunc
735 911 867 978 apud
886 927 976 959 nos
1000 910 1268 978 baptismus
1291 911 1454 960 efficit.
1486 911 1627 960 Unde
1651 912 1718 960 ait
1741 912 2032 977 Augustinus
2054 910 2111 959 de
2139 914 2335 977 Nuptiis

174 1005 222 1042 et
242 995 646 1061 concupiscentia,
671 992 759 1041 lib.
786 995 804 1040 1
824 995 836 1018 ⁸
857 1010 907 1041 :«
926 995 997 1040 Ex
1015 1009 1114 1057 quo
1135 993 1267 1040 enim
1285 993 1503 1042 instituta
1525 1003 1596 1042 est
1624 993 1927 1041 circumcisio
1946 993 1996 1040 in
2016 994 2201 1059 populo
2224 994 2331 1054 Dei,

175 1075 310 1141 quod
328 1085 431 1124 erat
454 1085 574 1124 tunc
595 1073 895 1140 signaculum
912 1074 1105 1139 justitiae
1123 1073 1258 1135 fidei,
1283 1075 1345 1122 ad
1369 1074 1775 1140 significationem
1813 1075 2112 1141 purgationis
2147 1074 2336 1123 valebat

174 1156 290 1204 etin
314 1157 527 1222 parvulis
547 1156 720 1204 veteris
746 1155 991 1220 originalis
1012 1155 1218 1222 peccati,
1246 1156 1369 1204 sicut
1405 1166 1453 1203 et
1486 1155 1755 1222 baptismus
1793 1173 1850 1205 ex
1881 1156 1965 1204 illo
1997 1156 2154 1203 valere
2192 1157 2338 1222 coepit

173 1235 238 1284 ad
275 1237 643 1285 innovationem
681 1237 920 1299 hominis,
950 1254 1007 1284 ex
1043 1253 1143 1302 quo
1175 1246 1247 1284 est
1289 1237 1552 1284 institutus.
1591 1256 1615 1281 »
1659 1238 1920 1300 Gregorius
1960 1237 2010 1284 in
2053 1236 2333 1294 Moralibus,

172 1316 258 1365 lib.
283 1321 345 1367 IV
360 1320 402 1366 ²:
426 1337 450 1365 «
471 1318 618 1377 Quod
641 1319 767 1367 valet
789 1318 920 1385 apud
944 1335 1035 1366 nos
1057 1335 1186 1383 aqua
1207 1317 1527 1383 baptismatis,
1544 1318 1642 1366 hoc
1666 1319 1761 1383 egit
1785 1318 1916 1384 apud
1940 1328 2124 1366 veteres
2146 1320 2222 1366 vel
2248 1336 2336 1384 pro

174 1400 389 1464 parvulis
414 1399 518 1448 sola
541 1399 677 1462 fides,
706 1399 781 1448 vel
801 1417 892 1466 pro
916 1399 1185 1465 majoribus
1204 1400 1354 1447 virtus
1377 1398 1618 1460 sacrificii,
1647 1399 1719 1447 vel
1745 1416 1835 1464 pro
1856 1399 1931 1447 his
1953 1399 2036 1464 qui
2058 1415 2113 1446 ex
2134 1398 2337 1448 Abrahae

173 1480 320 1546 stirpe
339 1480 691 1529 descenderant
716 1481 999 1546 mysterium
1023 1480 1422 1528 circumcisioni&
1446 1501 1463 1518 »
1493 1483 1560 1527 Ex
1579 1480 1655 1528 his
1678 1481 1839 1545 itaque
1862 1481 2013 1545 liquet
2040 1480 2338 1528 cirumcisio-

174 1576 288 1609 nem
311 1561 444 1627 apud
475 1562 702 1626 antiquos
739 1560 963 1609 eamdem
993 1561 1091 1609 vim
1128 1560 1395 1609 obtinuisse
1428 1562 1479 1608 in
1514 1562 1798 1610 remissione
1824 1570 2155 1627 peccatorum,
2190 1578 2339 1626 quam

175 1640 321 1688 habet
341 1641 493 1689 modo
514 1641 781 1707 baptismus
800 1659 811 1688 z
838 1652 886 1690 et
909 1652 1070 1690 tamen
1093 1642 1178 1706 qui
1199 1640 1349 1688 modo
1370 1640 1781 1706 baptizati-statim
1816 1641 2106 1702 moriuntur,
2134 1658 2339 1704 regnum

174 1721 410 1769 coelorum
429 1723 589 1771 statim
612 1722 972 1787 ingrediuntur:
995 1722 1131 1787 quod
1151 1732 1268 1770 tunc
1287 1739 1389 1769 non
1404 1721 1569 1785 fiebat,
1587 1722 1703 1787 quia
1716 1721 1899 1770 scilicet
1927 1722 2087 1769 hostia
2116 1722 2340 1770 nondum

174 1811 277 1850 erat
298 1802 472 1862 soluta,
499 1802 548 1849 in
574 1802 811 1850 effusione
839 1803 1064 1851 videlicet
1084 1803 1332 1867 sanguinis
1361 1802 1555 1865 Christi,
1595 1803 1720 1851 sicut
1753 1820 1844 1851 nec
1878 1803 1947 1850 illi
1980 1804 2064 1868 qui
2097 1803 2340 1869 baptismo

176 1882 351 1931 Christi
367 1882 615 1949 baptizati,
638 1883 854 1931 fortassis
870 1894 982 1932 ante
996 1884 1272 1951 passionem
1295 1884 1336 1948 ej
1344 1900 1399 1931 us
1416 1884 1598 1931 mortui
1613 1894 1744 1946 sunt,
1753 1884 1913 1948 januae
1929 1884 2131 1932 coelestis
2155 1884 2343 1932 aditum

174 1962 334 2012 adhuc
346 1963 537 2012 habere
563 1974 805 2030 poterant.
836 1969 945 2013 Non
968 1966 1099 2013 enim
1134 1966 1226 2013 nisi
1252 1981 1339 2030 per
1374 1981 1508 2012 mare
1544 1965 1751 2013 rubrum
1780 1966 2034 2013 transitum
2065 1965 2342 2013 habuerunt

175 2044 396 2094 Israelitae
419 2045 481 2094 ad
508 2055 688 2095 terram
710 2047 1062 2112 promissionis,
1103 2045 1200 2093 hoc
1232 2055 1302 2093 est
1333 2044 1604 2111 baptismus
1642 2046 1725 2110 qui
1765 2063 1852 2111 per
1882 2063 2013 2093 mare
2043 2047 2336 2110 designatur,

174 2141 276 2173 uon
300 2135 458 2191 potest
480 2126 583 2174 sine
606 2126 807 2189 rubore,
838 2127 888 2175 id
911 2137 983 2175 est
1005 2127 1251 2192 sanguinis
1273 2126 1451 2174 Christi
1481 2126 1738 2189 effusione,
1763 2142 2063 2191 quemquam
2090 2126 2152 2175 ad
2176 2143 2340 2174 veram

176 2207 511 2271 promissionis
547 2217 744 2267 terram,
779 2207 830 2255 id
861 2218 932 2255 est
963 2207 1206 2256 coelestem
1237 2207 1499 2255 Jerusalem
1534 2207 1876 2254 transmittere.
1913 2207 2341 2265 Quemadmodum

179 2303 292 2334 vero
314 2286 559 2352 baptismo
600 2287 777 2335 Christi
801 2288 961 2336 hostia
995 2287 1313 2354 postmodum
1349 2287 1579 2352 adjuncta
1606 2301 1811 2351 regnum
1847 2286 2083 2334 coelorum
2115 2287 2338 2347 contulit,

176 2367 241 2414 ita
264 2367 434 2415 eadem
456 2368 823 2416 circumcisione
840 2368 1217 2435 praecedentium
1240 2367 1496 2416 subsecuta
1518 2367 1649 2416 idem
1668 2366 1851 2415 eisdem
1876 2368 2107 2434 praestitit.
2144 2370 2229 2416 Est
2256 2384 2343 2415 au-

176 2457 274 2495 tem
297 2448 599 2496 circumcisio
619 2449 777 2497 carnis
802 2450 994 2513 signum
1015 2449 1258 2498 interioris
1279 2449 1452 2497 animae
1477 2448 1876 2510 circumcisionis,
1902 2448 2025 2496 sicut
2050 2448 2234 2496 ablutio
2260 2465 2341 2495 ex-

179 2528 325 2576 terior
346 2528 574 2595 baptismi
592 2531 784 2593 signum
807 2530 1049 2578 interioris
1067 2530 1239 2579 animae
1272 2529 1602 2577 mundationis
1638 2546 1725 2595 per
1756 2539 2066 2595 peccatorum
2098 2529 2342 2576 remissio-

176 2624 307 2656 nem.
333 2610 538 2657 Maxime
572 2621 736 2658 autem
773 2612 824 2659 in
860 2610 1055 2676 genitali
1088 2610 1330 2671 membrO,
1369 2626 1469 2675 quo
1502 2626 1589 2675 per
1622 2611 1864 2657 carnalem
1900 2609 2343 2674 concupiscentiam

178 2688 330 2754 culpae
356 2690 602 2753 originalis
625 2701 882 2756 peccatum
914 2708 1014 2739 una
1040 2708 1154 2739 cum
1190 2690 1325 2754 prole
1360 2699 1673 2755 propagatur,
1711 2690 1808 2737 hoc
1842 2699 2200 2737 sacramentum
2241 2688 2343 2737 fieri

179 2770 421 2835 oportuit;
449 2779 503 2817 ut
525 2770 608 2818 illo
632 2772 805 2820 merito
828 2772 1051 2820 membro
1078 2772 1368 2837 plecteretur
1390 2781 1644 2835 peccatum
1663 2770 1798 2835 quod
1829 2787 1916 2836 per
1946 2771 2107 2836 ipsum
2142 2771 2206 2818 ad
2254 2787 2343 2836 po-

179 2860 332 2898 steros
358 2851 714 2899 transmittitur.
737 2853 908 2901 Mulier
931 2869 1046 2901 vero
1068 2853 1146 2900 cui
1166 2851 1351 2898 dictum
1368 2836 1441 2898 est
1458 2852 1472 2875 ³
1496 2869 1505 2897 :
1527 2870 1550 2896 «
1571 2854 1623 2898 ln
1640 2850 1811 2898 dolore
1831 2852 1991 2916 paries
2015 2851 2159 2912 filios,
2187 2870 2210 2897 »
2242 2867 2343 2899 non

178 2929 459 2995 hujusmodi
483 2947 627 2996 poena
650 2931 905 2980 afficienda
924 2932 1029 2993 fuit,
1056 2932 1136 2979 cui
1165 2931 1224 2979 ad
1250 2946 1446 2996 poenam
1468 2932 1580 2979 satis
1601 2947 1704 2979 esse
1728 2930 1899 2979 debuit
1930 2932 1979 2978 in
2011 2931 2206 2997 genitali
2232 2948 2339 2991 suo,

181 3027 266 3075 per
284 3011 420 3076 quod
441 3011 656 3059 similiter
682 3023 936 3078 peccatum
961 3011 1334 3072 transfunditur,
1357 3021 1526 3076 partus
1547 3012 1854 3075 gravissimus
1869 3011 2028 3075 dolor,
2044 3030 2194 3078 quem
2217 3013 2267 3060 in
2286 3029 2349 3064 eo

181 3091 414 3139 sustinet:
442 3092 537 3152 cui,
567 3091 617 3139 ni
640 3092 795 3153 fallor,
826 3093 960 3141 sexui
985 3092 1272 3141 sacrificium
1302 3108 1393 3157 pro
1430 3108 1490 3140 eo
1528 3091 1747 3140 oblatum
1775 3090 1836 3140 ad
1869 3092 2219 3157 indulgentiam
2250 3092 2346 3140 suf-

182 3169 297 3234 ficit,
325 3182 470 3237 atque
495 3172 559 3220 ad
582 3172 825 3237 originalis
850 3173 1036 3239 peccati
1054 3172 1343 3221 remedium.
1371 3172 1573 3220 Videtur
1607 3173 1806 3237 insuper
1829 3172 1972 3221 nobis
2000 3172 2065 3221 ob
2105 3173 2201 3221 hoc
2226 3189 2335 3239 prae·

230 3362 235 3379 ¹
253 3359 323 3393 Lib.
342 3359 381 3401 ΙΙ,
398 3370 470 3403 cap.
499 3370 546 3403 xi,
573 3362 673 3405 Opp.,
696 3368 724 3396 t.
749 3362 788 3400 X,
807 3364 870 3397 col.
890 3365 964 3397 653.
985 3381 1019 3387 -
1038 3364 1050 3382 ²
1065 3363 1165 3403 Mor„
1179 3363 1237 3396 lib.
1253 3360 1309 3403 IV,
1325 3369 1396 3401 cap.
1422 3368 1468 3394 111.
1483 3378 1519 3383 -
1537 3360 1548 3381 ³
1568 3360 1699 3399 Genesi,
1716 3367 1790 3399 cap.
1812 3366 1861 3398 ιιι,
1880 3366 1913 3389 v.
1932 3359 1983 3390 16.
