2638 3866
896 161 952 209 IN
989 161 1320 209 EPlSTOLAM
1357 162 1438 210 AD
1474 159 1780 207 ROMANOS.
2312 157 2397 206 301

259 273 306 310 et
337 279 425 327 ego
461 261 601 309 mitto
626 277 730 308 vos.
756 279 779 304 »
806 260 895 307 Hic
926 259 1113 325 pseudo
1140 260 1289 324 tangit
1310 259 1593 326 Apostolos,
1622 259 1707 324 qui
1743 275 1842 305 non
1868 258 1997 306 missi
2030 275 2059 306 a
2082 260 2186 306 Deo
2221 274 2307 324 per
2332 276 2408 306 se-

258 344 387 408 ipsos
411 342 472 391 ad
496 341 856 408 praedicandum
876 336 1092 402 veniunt,
1117 341 1177 388 de
1200 340 1375 405 quibus
1399 341 1502 406 ipsa
1529 339 1730 386 Veritas¹
1758 356 1768 384 :
1802 358 1824 382 «
1842 341 2042 396 Omnes,
2071 339 2243 404 inquit,
2271 349 2409 403 quot-

257 423 378 489 quot
391 433 649 485 venerunt,
669 423 795 471 fures
817 432 929 470 sunt
951 431 999 469 et
1019 421 1248 480 latrones,
1267 422 1387 468 sicut
1406 422 1637 486 scriptum
1658 428 1785 466 est.»
1804 420 2062 483 Origenes:
2084 420 2407 486 «Exemplum

256 505 353 553 hoc
388 503 454 552 de'
485 505 605 552 Isaia
639 503 828 552 videtur
865 513 1180 569 assumptum.
1207 522 1230 546 »
1259 501 1539 549 Ambrosius
1567 519 1577 548 ε
1609 503 1753 547 «Hoc
1776 499 2011 566 propheta
2035 501 2152 548 dicit
2176 497 2403 548 Nahum':

262 585 643 651 «Apostolorum
674 583 823 650 pedes
850 582 1058 650 ¹speciosi
1086 583 1295 643 suerunt,
1320 602 1342 626 »
1368 583 1480 647 quia
1502 581 1700 629 affectus
1721 596 1890 627 eorum
1915 597 1941 627 a
1965 582 2189 645 contagio
2213 591 2409 629 terrenae

257 666 533 732 cupiditatis
550 663 724 713 mundi
744 665 1025 713 exstiterunt
1049 673 1096 712 et
1117 665 1227 730 puri
1256 664 1304 710 in
1336 667 1457 724 Deo,
1485 679 1583 710 non
1616 678 1721 727 quae
1744 677 1830 708 sua
1853 671 1968 708 sunt
1987 661 2048 708 de
2071 661 2410 727 praedicatione

258 746 593 811 quaerentium,
620 745 706 794 sed
728 762 834 810 quae
865 748 971 793 Jesu
1009 745 1203 806 Christi,
1242 761 1332 792 nec
1359 744 1531 802 ventri,
1558 743 1643 790 sed
1666 745 1770 789 Deo
1793 742 2121 797 servientium.
2150 762 2173 786 »
2201 743 2341 790 Unde
2365 754 2410 790 et

258 827 382 875 hene
415 843 585 874 eorum
618 826 824 893 pedes'a
862 827 1074 874 Domino
1110 825 1261 874 abluti
1292 835 1421 886 sunt,
1448 841 1571 889 quos
1604 824 1748 872 etiam
1775 832 1975 888 propter
2004 823 2131 870 hanc
2165 826 2410 888 mysticam

258 925 427 956 eorum
450 907 822 974 specicsitatem‚
851 905 1188 956 calceamentis
1222 907 1456 956 abscondi
1490 904 1756 971 prohibuit,
1791 905 1905 969 quia
1939 903 2156 951 deforme
2182 914 2252 952 est
2279 906 2411 969 quod

260 989 547 1050 occultatur,
574 999 623 1037 et
650 989 731 1038 ubi
756 988 885 1037 male
902 989 1059 1054 agitur
1080 988 1160 1037 lux
1185 988 1513 1036 absconditur.
1537 1007 1559 1030 2>
1591 1007 1613 1030 (ε
1636 985 2076 1050 Evangelizantium
2098 1002 2285 1050 pacem,
2314 1006 2335 1029 ι)
2365 987 2413 1032 id

259 1080 328 1118 est
359 1070 723 1136 praedicantium
759 1081 903 1136 atque
938 1070 1219 1118 docentium
1256 1068 1699 1118 reconciliationem
1734 1066 1797 1114 ad
1832 1069 2005 1114 Deum.
2044 1069 2098 1112 In
2136 1083 2235 1131 quo
2271 1061 2411 1114 etiam

260 1153 486 1216 mysterio
518 1153 656 1213 omni
685 1151 854 1199 domui
887 1169 1035 1216 quam
1068 1153 1303 1199 intrarent
1334 1151 1495 1198 dicere
1524 1149 1867 1216 praecipiuntur
1896 1167 1905 1194 :
1943 1151 2038 1194 Pax
2070 1146 2187 1194 huic
2224 1147 2409 1195 domui.

262 1251 285 1276 «
306 1235 455 1297 Bona,
471 1251 494 1278 11
517 1233 696 1280 scilicet
710 1249 843 1292 vera,
862 1250 969 1298 quae
993 1233 1083 1281 nec
1107 1231 1278 1280 oculus
1296 1232 1432 1293 vidit,
1450 1240 1542 1278 etc.
1570 1233 1622 1276 ln
1642 1229 1735 1276 hac
1759 1229 1952 1293 quidem
1980 1228 2077 1276 vita
2098 1244 2265 1294 pacem
2288 1229 2412 1276 hanc

259 1323 307 1360 et
328 1313 771 1361 reconciliationem
795 1313 857 1362 ad
881 1317 1037 1362 Deum
1074 1331 1161 1379 per
1188 1313 1523 1378 poenitentiam
1551 1311 1651 1375 jam
1684 1311 2001 1375 assequimur,
2029 1309 2153 1357 sicut
2183 1310 2413 1375 scriptum

259 1395 352 1441 est²
374 1413 385 1440 :
411 1414 433 1438 «
455 1395 803 1443 Convertimini
829 1394 892 1442 ad
919 1412 1025 1456 me,
1056 1405 1104 1442 et
1132 1411 1222 1458 ego
1253 1384 1507 1441 convertar
1523 1391 1583 1439 ad
1605 1408 1710 1439 vos.
1729 1412 1753 1436 »
1785 1394 1917 1438 Bona
1941 1407 2057 1437 vero
2086 1390 2167 1438 illa
2196 1401 2414 1455 postmo-

259 1474 378 1522 dum
412 1475 461 1522 in
485 1474 645 1523 futura
670 1475 783 1523 vita.
820 1475 961 1523 Unde
989 1475 1114 1523 bene
1137 1475 1365 1540 praemisit
1388 1490 1575 1539 pacem,
1602 1483 1649 1520 et
1671 1483 1841 1538 postea
1862 1471 2012 1519 bona.
2044 1490 2068 1515 «
2093 1471 2365 1536 Evangelio,
2389 1494 2409 1515 »

260 1555 311 1602 id
336 1566 407 1603 est
430 1556 605 1604 divinae
624 1555 970 1622 praedicationi.

329 1638 491 1695 «Quis
513 1637 734 1698 credidit,
755 1655 778 1682 »
807 1636 858 1684 id
882 1646 950 1684 est
978 1638 1085 1702 quis
1111 1655 1195 1703 per
1217 1638 1313 1685 hoc
1336 1637 1469 1702 quod
1494 1654 1522 1685 a
1550 1636 1690 1684 nobis
1716 1634 1916 1696 audivit,
1948 1633 2092 1681 fidem
2120 1633 2321 1682 habuit?
2349 1636 2415 1681 Ac

261 1722 300 1767 si
324 1720 505 1768 diceret
532 1739 544 1768 ε
572 1720 698 1768 Nulli
727 1719 803 1768 vel
842 1722 999 1785 pauci.
1028 1743 1050 1764 α
1078 1724 1231 1787 Ergo,
1257 1741 1279 1766 »
1308 1722 1358 1769 id
1394 1731 1462 1768 est
1500 1738 1555 1768 ex
1589 1720 1680 1768 isto
1714 1718 1992 1766 testimonio
2024 1726 2249 1783 apparet,
2283 1718 2417 1782 quod

265 1822 287 1845 «
311 1801 432 1849 fides
454 1801 654 1849 habetur
676 1817 731 1849 ex
749 1798 942 1863 auditu,
963 1819 1051 1867 per
1074 1802 1279 1850 verbum
1303 1802 1478 1850 Christi
1498 1821 1520 1846 »
1547 1802 1711 1867 potius
1734 1817 1882 1865 quam
1912 1809 2151 1858 nostrum,
2177 1798 2289 1863 quia
2316 1816 2414 1846 non

261 1899 315 1930 ex
349 1882 493 1931 nobis
522 1883 787 1948 loquimur,
820 1883 905 1930 sed
944 1901 999 1932 ex
1030 1901 1090 1932 eo
1124 1884 1259 1950 quod
1290 1901 1381 1931 nos
1406 1885 1515 1950 ipse
1541 1882 1726 1942 docuit,
1756 1892 1807 1929 ut
1835 1881 1897 1929 ad
1931 1881 2080 1946 ipsius
2116 1880 2315 1945 gloriam
2342 1881 2417 1927 vel

262 1963 494 2012 offensam
524 1963 792 2030 specialiter
827 1975 1009 2029 spectet
1042 1965 1279 2031 quidquid
1311 1965 1371 2012 de
1407 1958 1747 2030 praedicatione
1786 1972 1952 2009 nostra
1990 1961 2191 2008 accidat.
2225 1982 2247 2004 «
2270 1964 2418 2007 Num-

262 2045 378 2110 quid
412 2062 573 2093 11011.»
601 2045 655 2093 Id
686 2056 757 2093 est
785 2042 1012 2112 potestse
1042 2046 1204 2111 aliqua
1234 2045 1405 2093 mundi
1434 2040 1545 2110 pars
1568 2041 1792 2092 excusare
1822 2042 1883 2089 de
1920 2041 2196 2089 infidelitate
2224 2058 2309 2088 sua
2333 2058 2417 2106 per

260 2126 600 2189 ignorantiam,
634 2124 772 2192 quasi
795 2127 856 2175 ad
880 2144 1050 2174 omnes
1086 2144 1186 2174 non
1222 2127 1406 2174 venerit
1440 2126 1512 2172 ve]
1546 2135 1747 2172 ventura
1781 2124 1840 2170 sit
1877 2121 2160 2186 Evangelica
2192 2121 2418 2187 praedica-

263 2206 368 2254 tio?
389 2210 455 2255 Ac
494 2207 532 2254 si
564 2207 745 2255 diceret
775 2226 783 2253 :
813 2211 1146 2272 Nequaquam.
1181 2206 1327 2264 Quod
1365 2207 1522 2254 statim
1557 2204 1832 2252 testimonio
1866 2200 2119 2250 Psalmistae
2153 2202 2414 2261 convincit,

264 2287 428 2335 dicens
446 2306 455 2334 :
478 2308 501 2331 «
520 2291 577 2335 Et
596 2288 793 2352 quidem
817 2289 866 2334 in
891 2305 1087 2335 omnem
1106 2297 1280 2335 terram
1300 2287 1462 2346 exivit,
1481 2306 1503 2332 »
1524 2286 1633 2333 licet
1650 2303 1752 2332 non
1771 2301 1940 2332 omnes
1960 2282 2206 2344 obediant,
2227 2303 2249 2326 «
2270 2299 2418 2329 sonus

263 2384 459 2428 eorum,
493 2376 517 2412 >5
542 2368 593 2415 id
624 2379 694 2416 est
730 2369 858 2416 fama
887 2367 1229 2434 Apostolorum
1253 2369 1350 2414 sive
1374 2366 1746 2433 praedicatorum
1770 2364 2037 2430 Evangelii,
2068 2386 2090 2407 «
2123 2374 2169 2411 et
2194 2380 2343 2428 usque
2370 2365 2416 2409 111

264 2448 382 2497 fines
399 2448 531 2517 orbis
546 2450 846 2511 terraeverba
864 2470 886 2493 2>
906 2467 993 2515 per
1015 2466 1122 2514 quae
1144 2448 1486 2514 praedicabant.
1515 2448 1624 2495 Dixi
1646 2467 1665 2492 α
1681 2447 1728 2494 in
1751 2446 1888 2507 fines,
1905 2467 1927 2490 ³>
1949 2446 1999 2493 id
2023 2456 2092 2493 est
2115 2445 2177 2493 ad
2200 2453 2419 2491 externas

263 2531 407 2578 etiam
430 2527 587 2596 partes
608 2530 777 2577 mundi
792 2570 803 2592 ,
831 2547 949 2595 quas
972 2529 1118 2577 incoli
1140 2539 1323 2577 certum
1347 2539 1419 2576 est
1438 2545 1467 2575 a
1489 2526 1776 2575 Gentilibus.
1800 2526 1893 2574 Sed
1922 2524 2160 2590 numquid
2182 2524 2293 2571 ideo
2318 2540 2415 2570 11011

264 2618 595 2673 cognoverunt
618 2608 793 2666 Judaei,
819 2608 953 2672 quod
983 2607 1162 2655 scilicet
1184 2607 1459 2672 praedicatio
1494 2605 1712 2653 transivit
1743 2615 1841 2651 tam
1870 2604 2013 2668 longe
2042 2603 2105 2650 ad
2135 2602 2338 2649 Gentes?
2367 2600 2417 2647 id

266 2697 337 2735 est
359 2688 598 2753 numquid
619 2689 729 2736 ideo
753 2706 802 2736 se
825 2698 1027 2754 possunt
1051 2703 1303 2746 excusare,
1331 2687 1468 2750 quasi
1490 2686 1557 2732 eis
1580 2701 1679 2732 non
1704 2684 1843 2731 fuerit
1867 2684 2029 2731 oblata
2052 2681 2345 2748 praedicatio,
2372 2690 2420 2728 et

266 2768 746 2832 hocpr'aedicantium
775 2768 927 2833 cnlpae
954 2767 1230 2832 imputare?
1264 2769 1360 2812 Nec
1384 2765 1500 2812 dicit
1522 2774 1709 2812 tantum
1737 2781 1747 2810 ε
1778 2767 1883 2810 Non
1909 2763 2110 2822 audivit,
2132 2761 2215 2809 sed
2237 2762 2413 2809 etiam:

267 2852 374 2896 Non
396 2848 649 2913 cognovit,
676 2848 727 2895 id
750 2857 820 2895 est
843 2865 943 2895 non
970 2847 1175 2896 advertit
1201 2845 1350 2910 ipsius
1372 2844 1729 2910 praedicationis
1755 2844 2020 2891 veritatem.
2047 2847 2113 2891 Ac
2135 2844 2174 2890 si
2196 2842 2375 2890 diceret
2403 2860 2414 2888 z

268 2931 447 2991 Revera
480 2929 616 2990 fecit,
648 2929 759 2976 licet
797 2927 986 2975 malitiae
1023 2937 1070 2975 et
1106 2925 1326 2985 invidiae,
1362 2942 1448 2972 seu
1478 2934 1676 2972 terrenae
1711 2923 1998 2989 cupiditatis,
2022 2923 2139 2972 zelo.
2163 2924 2415 2982 resisteret.
2443 2915 2446 2917 Δ

269 3010 408 3058 Unde
432 3020 478 3058 et
500 3018 752 3075 peccatum
775 3008 875 3072 ejus
902 3005 1223 3055 irremissibile
1246 3006 1297 3052 in
1326 3006 1556 3071 Spiritum
1579 3014 1798 3052 sanctum
1825 3004 2047 3070 persistit.
2075 3007 2135 3052 Et·
2153 3003 2249 3052 hoc
2271 3003 2419 3069 ipsius

268 3091 443 3156 Moysis
465 3090 742 3139 testimonio
765 3089 949 3146 astruit,
972 3088 1055 3153 qui
1079 3088 1201 3135 sicut
1222 3087 1408 3152 primus
1430 3086 1779 3153 Prophetarum
1804 3086 2060 3152 scripserit,
2078 3086 2144 3134 ita
2166 3095 2211 3133 et
2235 3085 2419 3152 primus

315 3278 322 3296 ¹
339 3276 453 3318 «leam,
471 3285 543 3318 cap.
562 3286 602 3319 x,
620 3286 651 3309 v.
668 3279 699 3310 8.
718 3294 756 3301 —
778 3277 788 3295 ²
803 3275 917 3316 lach„
931 3284 1002 3316 cap.
1024 3284 1046 3313 1,
1064 3284 1095 3308 v.
1114 3276 1143 3307 3.
