2638 3866
938 241 1285 293 THEOLOGIA
1330 242 1702 292 CHRISTlANA.
2286 241 2373 289 481

235 346 527 410 majestatem
551 342 753 391 omnino
776 358 878 390 esse
901 343 1162 403 exclusam,
1188 361 1277 393 nec
1302 344 1400 392 ullo
1426 344 1575 393 modo
1599 343 1785 409 regulas
1808 352 1892 392 aut
1913 342 2192 392 traditiones
2214 360 2384 392 eorum

236 426 298 474 ad
334 425 464 474 illam
506 440 744 473 summam
784 433 831 471 et
861 423 1155 472 ineffabilem
1198 425 1501 473 altitudinem
1539 423 1888 485 conscendere;
1929 423 2013 472 sed
2057 434 2385 474 creaturarum

238 507 421 555 naturis
448 506 511 555 ad
533 504 877 572 inquirendum
904 521 987 553 eos
1012 521 1115 553 esse
1138 498 1395 555 contentos
1417 506 1682 555 secundum
1707 505 1839 570 quod
1860 506 2093 572 scriptum
2112 508 2200 554 est¹
2229 525 2240 555 :
2262 508 2387 566 «Qui

238 587 299 634 de
333 597 459 635 terra
495 596 594 648 est,
629 586 690 634 de
724 596 850 634 terra
876 585 1118 651 loquitur3
1145 605 1168 631 »
1197 603 1317 651 quas
1352 604 1442 635 nec
1473 587 1632 635 adhuc
1664 585 2079 652 comprehendere
2115 602 2170 634 ac
2203 589 2388 635 ratione
2419 641 2426 649 ,

240 668 479 716 discutere
502 667 564 716 ad
587 667 825 733 liquidum
849 665 1109 714 sufficiunt.
1135 667 1281 725 Quod
1313 685 1427 716 vero
1451 669 1611 716 omnis
1634 667 1891 715 hominum
1914 667 2095 715 locutio
2120 667 2182 716 ad
2203 679 2390 717 creatu-

241 765 403 798 rarum
429 758 578 796 status
601 748 809 796 maxime
835 746 1206 796 accommodata
1227 748 1309 809 sit;
1335 765 1393 796 ex
1415 765 1470 796 ea
1498 749 1740 815 praecipua
1760 758 1895 814 parte
1920 749 2152 796 orationis
2172 761 2387 815 apparet,

242 832 343 878 sine
369 846 483 895 qua,
513 838 630 877 teste
655 829 919 887 Prisciano,
957 827 1090 876 nulla
1126 838 1313 876 constat
1351 830 1581 877 orationis
1609 829 1861 895 perfectio,
1898 845 1955 876 ex
1986 845 2041 877 ea
2077 830 2254 878 scilicet
2285 847 2392 896 quoe

243 910 418 958 dicitur
452 909 672 958 verbum.
714 913 825 958 Haec
867 898 1048 975 quippe
1079 908 1228 957 dictio
1260 910 1493 975 temporis
1533 911 1829 975 designativa
1860 920 1931 958 est
1967 909 2101 975 quod
2136 910 2333 976 incoepit
2366 928 2393 959 a

244 991 449 1040 mundO.
493 991 632 1040 Unde
670 991 708 1039 si
749 991 893 1056 hujus
929 990 1077 1056 partis
1114 990 1514 1055 significationem
1553 991 1885 1050 attendamus,
1936 1001 2128 1057 oportet
2166 1008 2253 1058 per
2289 1008 2395 1040 eam

244 1076 476 1139 cujusque
507 1072 879 1121 constructionis
911 1089 1104 1120 sensum
1135 1071 1259 1120 infra
1293 1072 1527 1120 ambitum
1561 1073 1794 1139 temporis
1828 1073 2057 1135 coerceri,
2094 1072 2191 1120 hoc
2229 1083 2299 1120 est
2334 1073 2395 1121 ad

246 1172 324 1204 eas
354 1172 428 1203 res
464 1164 652 1203 tantum
684 1154 921 1214 inclinari,
956 1171 1076 1219 quas
1111 1154 1438 1220 temporaliter
1470 1155 1768 1219 contingere,
1805 1171 1904 1202 non
1930 1153 2214 1203 aeternaliter
2247 1154 2398 1201 subsi-

246 1247 369 1284 stere
402 1236 627 1284 volumus
658 1235 1008 1283 demonstrare.
1043 1234 1181 1282 Unde
1211 1252 1324 1282 cum
1360 1235 1566 1283 dicimus
1599 1238 1757 1283 Deum
1795 1236 2008 1301 priorem
2046 1252 2147 1283 esse
2186 1235 2393 1294 mund0‚

246 1318 344 1365 sive
369 1317 577 1365 extitisse
612 1326 724 1365 ante
748 1326 987 1382 tempora,
1014 1316 1122 1381 quis
1147 1332 1315 1363 sensus
1336 1316 1386 1363 in
1420 1315 1495 1364 his
1518 1315 1676 1364 verbis
1700 1333 1842 1363 verus
1864 1333 1966 1364 esse
1992 1325 2149 1382 potest
2182 1316 2245 1364 de
2279 1333 2399 1382 prae-

246 1399 463 1446 cessione
491 1398 581 1446 Dei
610 1407 658 1445 et
687 1399 988 1445 successione
1021 1398 1250 1458 istorum,
1286 1398 1325 1445 si
1355 1397 1457 1445 haec
1491 1397 1639 1446 verba
1671 1397 1733 1445 ad
1764 1397 2022 1445 hominum
2051 1397 2399 1445 institutionem

249 1480 538 1546 accipiamus
583 1479 851 1527 secundum
898 1480 1053 1545 ipsam
1088 1479 1320 1545 temporis
1359 1478 1791 1542 significatIOnem,
1831 1489 1883 1526 ut
1919 1478 2141 1527 videlicet
2188 1478 2402 1526 dicamus

248 1563 406 1608 Deum
433 1560 701 1608 secundnm
727 1569 915 1626 tempus
938 1560 1150 1626 priorem
1169 1577 1271 1607 esse
1296 1559 1499 1620 mundo,
1523 1560 1599 1607 vel
1622 1560 1849 1622 extitisse,
1871 1560 1968 1607 hoc
1992 1570 2063 1607 est
2087 1560 2136 1606 in
2162 1559 2403 1625 praeterito

249 1652 470 1707 tempore
501 1640 643 1687 fuisse
672 1650 930 1705 antequam
952 1651 1144 1707 tempus
1174 1640 1375 1706 aliquod
1405 1641 1560 1688 esset?
1586 1642 1792 1706 Oportet
1822 1641 1986 1705 itaque
2013 1657 2126 1688 cum
2152 1639 2214 1687 ad
2244 1640 2402 1704 singu-

250 1722 401 1769 larem
430 1721 691 1769 divinitatis
713 1732 935 1769 naturam
968 1738 1300 1787 quascumque
1323 1721 1559 1769 dictiones
1586 1720 1934 1782 transferimus,
1967 1737 2047 1768 eas
2071 1721 2119 1767 in
2145 1716 2407 1785 quamdam

252 1801 543 1866 singularem
589 1800 988 1866 significationem
1031 1819 1117 1850 seu
1156 1803 1299 1850 etiam
1341 1801 1755 1850 constructionem
1790 1801 2106 1862 contrahere,
2146 1810 2290 1866 atque
2325 1819 2411 1867 per

251 1882 347 1930 hoc
377 1882 513 1947 quod
546 1883 711 1930 omnia
745 1882 956 1946 excedit,
984 1883 1254 1932 necessario
1278 1883 1529 1949 propriam
1560 1882 1912 1930 institutionem
1935 1881 2184 1930 excedere.
2213 1884 2410 1930 Constat

253 1964 433 2029 quippe
447 1964 582 2027 juxta
603 1965 820 2012 Boetium
840 1981 896 2013 ac
914 1964 1184 2025 Platonem,
1205 1964 1517 2030 cognatosde
1536 1963 1714 2030 quibus
1738 1964 2004 2029 loquuntur
2020 1963 2165 2011 rebus
2185 1974 2410 2030 oportere

254 2061 355 2092 esse
393 2049 659 2092 sermones.
689 2045 835 2104 Quod
872 2056 999 2094 recte
1028 2047 1291 2111 Gregorius
1322 2047 1370 2093 in
1407 2045 1617 2111 Prologo
1644 2045 1908 2093 Moralium
1945 2045 2038 2093 ait’
2064 2062 2074 2091 :
2110 2044 2411 2109 «Indignum

253 2125 566 2174 vehementer
589 2127 829 2186 existimo,
857 2137 909 2174 ut
937 2127 1084 2175 verba
1108 2127 1311 2175 coelestis
1335 2127 1518 2175 oraculi
1541 2127 1827 2190 restringam
1854 2125 1944 2173 sub
1967 2124 2140 2189 regulis
2164 2125 2358 2172 Donati.
2386 2144 2408 2169 η

256 2205 349 2254 Sed
384 2224 475 2255 nec
504 2208 759 2273 proprium
796 2219 844 2256 et
879 2209 1110 2256 usitatum
1139 2225 1322 2256 nomen
1354 2209 1443 2256 Dei
1473 2208 1536 2256 ad
1573 2208 1704 2256 illam
1742 2208 1935 2255 unicam
1970 2205 2229 2253 divinitatis
2268 2206 2413 2270 maje-

256 2296 445 2347 statem,
474 2304 579 2352 quae
604 2288 862 2353 excogitari
895 2306 997 2336 non
1024 2289 1164 2350 valet,
1191 2288 1402 2336 necdum
1435 2289 1620 2350 disseri,
1651 2289 1742 2355 ipsi
1766 2289 1928 2353 magni
1954 2286 2235 2353 philosophi
2271 2303 2415 2334 nove-

257 2377 371 2415 runt
400 2368 788 2429 accommodare,
823 2369 906 2434 qui
935 2386 1047 2417 cum
1076 2373 1235 2418 Deum
1265 2370 1315 2418 in
1343 2386 1453 2418 arce
1483 2371 1756 2432 nominant,
1795 2386 1941 2434 quam
1975 2367 2170 2416 animali
2194 2367 2414 2416 rationali

257 2459 568 2515 supponunt,
606 2449 667 2497 de
699 2449 887 2498 mundo
919 2460 969 2498 et
1000 2451 1276 2499 coelestibus
1313 2451 1600 2517 corporibus
1637 2450 1773 2508 illud,
1818 2459 1868 2497 ut
1902 2465 2046 2514 supra
2078 2448 2410 2506 meminimus,

258 2531 517 2596 accipiunt.
550 2531 679 2590 Quid
715 2532 876 2596 itaque
913 2533 1109 2593 mirum,
1152 2533 1189 2580 si
1220 2549 1332 2580 cum
1370 2533 1536 2581 omnia
1571 2531 1879 2580 ineffabiliter
1913 2529 2219 2578 transcendat
2256 2532 2412 2589 Deus,

260 2628 457 2659 omnem
482 2629 677 2677 quoque
712 2613 1026 2661 institutionis
1062 2613 1288 2662 humanae
1316 2630 1592 2661 sermonem
1626 2612 1858 2661 excedat?
1895 2615 1954 2658 Et
1989 2627 2099 2658 cum
2125 2610 2229 2673 ejus
2259 2609 2415 2657 excel-

259 2691 404 2739 lentia
430 2709 626 2740 omnem
650 2693 794 2757 longe
818 2703 1071 2760 exsuperet
1090 2695 1404 2755 intellectum,
1425 2704 1625 2759 propter
1649 2693 1917 2741 intellectus
1940 2701 2102 2740 autem
2126 2707 2269 2738 voces
2289 2691 2418 2738 insti-

264 2781 373 2819 tutae
397 2773 515 2834 sint,
551 2773 670 2837 quid
707 2774 882 2821 mirum
909 2776 948 2822 si
977 2775 1173 2822 effectus
1205 2774 1531 2836 transcendit,
1572 2775 1655 2840 qui
1691 2771 1988 2821 transcendit
2027 2772 2227 2819 causas?
2266 2771 2417 2818 Multo

263 2853 444 2918 quippe
480 2853 664 2899 facilius
699 2869 774 2901 res
802 2855 1062 2918 excogitari
1088 2872 1234 2920 quam
1262 2855 1456 2902 edisseri
1491 2855 1633 2902 valet.
1664 2854 1793 2913 Quid
1825 2854 1967 2901 etiam
2004 2853 2201 2911 mirum,
2234 2852 2345 2899 siin
2371 2869 2421 2900 se

264 2935 370 3000 ipso
391 2937 518 2982 Deus
541 2934 951 3001 philosophorum
970 2937 1196 3001 infringat
1220 2937 1425 3001 regulas,
1446 2947 1528 2984 aut
1548 2936 1767 3002 exempla
1789 2952 1895 3001 quae
1918 2936 1968 2982 in
1994 2934 2128 2983 factis
2150 2934 2295 2982 etiam
2324 2933 2421 2980 suis

265 3015 543 3080 frequenter
565 3016 802 3064 cassata³P
830 3020 953 3064 Cum
979 3017 1202 3065 videlicet
1226 3018 1386 3082 aliqua
1410 3034 1536 3066 nova
1561 3028 1730 3066 contra
1754 3027 1975 3066 naturam
2000 3016 2127 3078 facit,
2155 3017 2254 3064 sive
2276 3031 2422 3080 supra

268 3106 509 3156 naturam,
535 3096 632 3144 hoc
654 3107 724 3144 est
748 3113 893 3163 supra
914 3097 1010 3145 hoc
1031 3098 1163 3162 quod
1189 3099 1344 3164 prima
1371 3116 1534 3147 rerum
1556 3099 1792 3147 institutio
1818 3106 1994 3165 potest.
2022 3096 2269 3162 Numquid
2293 3096 2421 3143 enim

268 3176 624 3224 illuminatione
642 3178 752 3225 caeci
778 3187 894 3225 nota
926 3178 1004 3226 illa
1023 3179 1434 3247 philosophorum
1455 3180 1616 3246 regula
1650 3179 1939 3244 infringitur,
1967 3195 2064 3244 qua
2087 3177 2149 3226 ab
2174 3175 2423 3225 Aristotele

314 3360 447 3401 ¹Joan.‚
464 3371 535 3404 cap.
554 3372 604 3406 ιιι,
623 3373 652 3397 v.
668 3366 720 3398 31.
740 3365 802 3388 —²
820 3364 897 3406 Cap.
910 3375 939 3398 v.
964 3384 997 3389 —
1015 3367 1025 3386 ³
1045 3367 1138 3400 Adde
1154 3369 1242 3399 sunt.

440 3436 470 3460 11
2216 3423 2257 3459 61
