2638 3866
271 227 369 276 224
1078 226 1247 274 PETRI
1282 225 1590 274 ABAELARDI

272 344 484 391 egressus
506 336 576 374 est
598 343 654 373 ex
678 328 884 390 AEgypto
909 326 1094 390 generis
1124 325 1374 374 masculini
1394 363 1407 385 ,
1445 325 1652 374 universi
1678 324 1934 374 bellatores
1969 325 2058 372 viri
2090 323 2268 371 mortui
2292 331 2404 370 sunt

272 409 319 454 in
358 406 564 467 deserto,
608 422 694 470 per
730 397 1033 470 longissimos
1066 406 1152 453 viae
1184 406 1438 467 circuituS,
1479 406 1565 470 qui
1601 422 1772 454 omnes
1807 404 2076 455 circumcisi
2113 412 2265 451 erant.
2311 406 2403 450 Po-

271 486 411 552 pulus
444 495 603 534 autem
626 486 709 549 qui
735 494 872 533 natus
908 495 979 533 est
1009 485 1059 532 in
1084 485 1272 533 deserto
1302 502 1389 551 per
1424 485 1742 550 quadraginta
1776 502 1931 533 annos
1952 484 2135 532 itineris
2168 483 2404 531 latissimae

270 566 539 614 solitudinis
563 565 926 613 incircumcisus
950 565 1056 625 fuit,
1085 564 1244 613 donec
1264 576 1717 614 consummarentur
1740 567 1824 631 qui
1842 583 1942 614 non
1966 565 2216 613 audierant
2233 579 2405 610 vocem

270 646 482 693 Domini.
508 649 694 693 Horum
718 644 804 692 filii
825 646 876 692 in
899 645 1063 693 locum
1086 656 1416 694 successerunt
1439 657 1649 711 patrum,
1677 656 1724 694 et
1746 647 2013 694 clrcumcisi
2038 654 2149 693 sunt
2171 661 2200 692 a
2219 646 2362 691 Josue
2391 660 2400 689 :

270 726 382 791 quia
403 726 524 774 sicut
547 727 647 773 nati
668 726 855 773 fuerant
872 726 922 772 in
943 726 1179 791 praeputio
1202 736 1355 786 erant,
1378 743 1536 791 neque
1556 743 1639 774 eos
1661 726 1710 773 in
1738 727 1809 775 via
1828 727 1998 791 aliquis
2021 723 2400 773 circumciderat.

271 810 530 870 Postquam
565 815 725 853 autem
757 822 926 854 omnes
954 806 1222 854 circumcisi
1244 815 1385 867 sunt,
1410 816 1691 853 manserunt
1720 807 1771 853 in
1810 806 1982 854 eodem
2005 815 2271 853 castrorum
2294 803 2404 851 loco

269 886 426 934 donec
459 896 760 945 sanarentur,
798 885 1013 951 dixitque
1049 887 1287 934 Dominus
1320 886 1382 933 ad
1418 889 1587 934 Josue¹
1615 904 1625 932 z
1657 886 1857 934 «Hodie
1882 886 2059 934 abstuli
2086 883 2406 951 opprobrium

270 968 461 1032 AEgypti
485 984 513 1014 a
539 966 694 1015 vobis.
718 986 741 1012 >2
767 967 915 1014 Miror
936 968 1097 1031 itaque
1126 968 1386 1031 Origenem
1413 977 1511 1014 tani
1543 965 1804 1014 litteratum
1827 967 1986 1022 virum⁴
2007 967 2057 1013 in
2079 966 2172 1013 hac
2195 964 2407 1012 secunda

269 1048 631 1095 circumcisione
664 1064 750 1112 per
787 1050 929 1094 Josue
965 1047 1087 1094 facta
1120 1047 1243 1095 adeo
1281 1063 1488 1108 errasse,
1527 1057 1579 1093 ut
1615 1063 1720 1094 eam
1752 1047 1969 1113 superius
2003 1054 2233 1094 assereret
2273 1044 2409 1091 nullo

270 1128 419 1175 modo
436 1128 572 1192 juxta
592 1127 794 1176 litteram
811 1126 915 1175 fieri
937 1128 1166 1192 potuisse.
1188 1130 1349 1185 Quam
1365 1137 1526 1175 tamen
1542 1126 1744 1175 historia
1768 1128 1869 1192 ipsa
1892 1143 2006 1175 mox
2024 1144 2052 1174 a
2071 1129 2215 1174 Josue
2234 1125 2407 1172 factam

269 1208 461 1272 adjecit,
489 1208 652 1255 dicens
681 1226 690 1254 :
726 1227 749 1253 «
771 1207 992 1272 Fecitque
1014 1207 1146 1271 quod
1164 1207 1369 1271 jusserat
1389 1207 1645 1268 DominUS,
1672 1217 1719 1254 et
1741 1207 2040 1255 circumcidit
2053 1206 2186 1254 filios
2211 1203 2405 1252 lsrael.»

269 1291 407 1336 Nunc
426 1288 488 1336 ad
510 1288 866 1354 expositionem
888 1288 1111 1353 Epistolae
1133 1287 1404 1336 redeamus.

338 1390 360 1413 «
383 1372 445 1417 Ut
473 1369 532 1416 sit
556 1378 689 1434 pater
711 1369 949 1418 omnium.
971 1391 993 1414 >2
1013 1370 1124 1419 Duo
1147 1368 1348 1432 dixerat,
1375 1369 1512 1437 quod
1537 1367 1758 1420 videlicet
1782 1368 1984 1420 Abrahae
2009 1369 2059 1419 in
2080 1369 2332 1436 praeputio,
2359 1367 2410 1416 id

268 1458 354 1510 est,
379 1449 498 1497 dum
528 1450 817 1516 praeputium
838 1449 1063 1514 haberet,
1090 1459 1306 1517 reputata
1331 1463 1402 1500 est
1426 1452 1545 1500 fides
1568 1469 1655 1500 sua
1677 1452 1741 1500 ad
1766 1453 2026 1517 justitiam,
2058 1461 2289 1514 tanquam
2308 1449 2410 1513 jam

268 1530 571 1593 spiritualiter
605 1531 889 1579 circumciso
913 1551 924 1579 ε
953 1542 1000 1579 01
1029 1532 1164 1596 quod
1195 1544 1363 1599 postea
1395 1550 1538 1580 carne
1562 1549 1759 1598 quoque
1781 1532 2091 1580 circumcisus
2124 1540 2219 1591 est,
2246 1539 2299 1577 ut
2325 1545 2412 1594 per

269 1609 369 1657 haec
386 1610 485 1658 duo
517 1611 738 1660 videlicet
769 1615 829 1662 sit
861 1625 995 1680 pater
1024 1625 1167 1680 atque
1191 1624 1359 1663 auctor
1388 1613 1569 1661 caeteris
1596 1614 1646 1660 in
1671 1613 1891 1679 exemplo
1920 1622 1966 1660 01
1989 1612 2206 1659 doctrina
2229 1626 2415 1676 propo-

269 1690 385 1737 situs
405 1727 418 1753 ,
466 1700 565 1739 tam
597 1691 656 1739 de
691 1694 923 1759 spirituali
956 1711 1102 1759 quam
1142 1695 1322 1754 carnali
1356 1694 1739 1742 circumcisione.
1790 1696 1850 1739 Et
1879 1692 1976 1739 hoc
2010 1701 2108 1752 est,
2146 1702 2201 1739 ut
2229 1706 2413 1756 praepu-

271 1770 388 1818 tium
408 1808 419 1830 ,
454 1771 503 1818 in
539 1789 636 1836 quo
665 1773 947 1836 justificatus
978 1785 1236 1839 antequam
1271 1774 1580 1822 circumcisus
1614 1773 1673 1820 sit
1703 1782 1839 1838 pater
1871 1771 2198 1830 credentium,
2234 1771 2284 1817 in
2316 1769 2413 1817 hoc

270 1850 449 1898 scilicet
475 1852 609 1915 quod
645 1852 894 1901 credentes
928 1864 1057 1915 sunt,
1095 1865 1344 1921 reputetur
1381 1855 1524 1902 etiam
1550 1853 1640 1900 illis
1664 1852 1727 1900 ad
1757 1852 2009 1916 justitiam,
2044 1850 2265 1916 quamvis
2292 1849 2414 1897 desit

269 1932 475 1979 exterius
515 1932 722 1996 signum.
768 1954 790 1977 c<
823 1936 883 1981 Et
917 1935 977 1982 sit
1010 1945 1147 2000 pater
1185 1934 1591 1995 circumcisionis,
1619 1953 1643 1977 »
1677 1931 1900 1979 videlicet
1934 1931 2210 1991 exterioris,
2251 1929 2303 1977 id
2342 1939 2415 1977 est

268 2011 453 2074 primus
477 2012 706 2060 omnibus
734 2014 784 2060 in
817 2015 1051 2079 spirituali
1073 2016 1216 2062 simul
1241 2025 1288 2063 et
1312 2015 1493 2063 carnali
1516 2013 1886 2062 circumcisione
1909 2013 1959 2060 in
1991 2012 2212 2076 exemplo
2243 2019 2292 2058 et
2327 2026 2415 2058 au-

268 2092 487 2140 ctoritate
515 2094 811 2159 propositus.
839 2115 862 2137 1(
890 2098 997 2142 Non
1022 2095 1096 2143 his
1122 2105 1342 2157 tantum,
1367 2116 1389 2139 >2
1417 2094 1595 2142 scilicet
1619 2104 1772 2159 pater,
1815 2113 1837 2138 α
1870 2094 2090 2157 quisunt
2110 2109 2169 2139 ex
2198 2091 2416 2139 circum-

268 2171 467 2234 cisione,
493 2193 514 2215 »
543 2173 594 2220 id
624 2183 713 2236 est,
740 2173 916 2238 quibus
939 2184 1176 2241 praecepta
1205 2186 1276 2222 est
1300 2175 1459 2222 carnis
1490 2174 1811 2222 circumcisio.
1846 2173 1987 2221 «Sed
2009 2183 2057 2221 et
2087 2172 2163 2219 his
2196 2171 2282 2236 qui
2313 2186 2415 2217 sec-

269 2261 446 2315 tantur,
476 2264 589 2312 etc.,
616 2273 637 2298 »
665 2254 716 2301 id
747 2264 818 2302 est
842 2255 927 2319 qui
962 2255 1145 2303 habent
1177 2255 1325 2303 fidem
1361 2273 1473 2303 cum
1507 2256 1763 2321 praeputio.
1803 2255 1880 2302 Sic
1916 2263 2143 2302 construe
2171 2270 2182 2299 ε
2209 2250 2416 2315 Vestigia

268 2331 381 2379 fidei
403 2334 549 2398 patris
573 2334 726 2381 nostri
756 2334 973 2396 Abrahae,
1011 2351 1117 2398 quae
1151 2335 1330 2382 scilicet
1364 2335 1483 2383 fides
1515 2346 1586 2382 est
1613 2336 1662 2382 in
1685 2335 1941 2400 praeputi0‚
1975 2333 2026 2381 id
2049 2342 2122 2380 est
2152 2332 2202 2379 in
2226 2346 2415 2397 praepu-

269 2413 392 2459 tiatis
411 2430 544 2478 aeque
569 2425 621 2461 ut
641 2415 692 2461 in
714 2415 1025 2468 circumcisis.
1056 2435 1079 2460 «
1101 2418 1208 2462 Non
1236 2415 1366 2462 enim
1391 2432 1476 2480 per
1499 2416 1671 2479 legem.
1695 2435 1718 2458 »
1745 2417 1867 2461 Cum
1891 2414 2112 2479 superius
2140 2410 2416 2459 ostenderet

270 2492 519 2541 hominem
542 2511 602 2541 ex
625 2494 720 2542 fide
746 2495 848 2542 sine
878 2495 1107 2560 operibus
1131 2495 1246 2560 legis
1264 2495 1513 2559 justifica-ri
1530 2532 1542 2556 ,
1571 2505 1618 2542 et
1646 2511 1733 2560 per
1757 2494 1853 2541 hoc
1878 2492 2278 2558 glorificationem
2299 2490 2416 2553 legis

267 2573 440 2621 Judaeis
462 2575 685 2635 auferret,
715 2575 1022 2623 manifestum
1044 2576 1106 2623 de
1129 2576 1375 2625 Abraham
1398 2586 1535 2641 patre
1558 2577 1776 2642 ipsorum
1803 2574 2092 2639 interposuit
2118 2570 2410 2636 exemplum.

271 2655 406 2701 Unde
430 2672 561 2702 nunc
586 2656 648 2703 ad
681 2655 1077 2719 glorificationem
1103 2657 1220 2721 legis
1251 2655 1582 2704 evacuandam
1602 2656 1877 2715 revertitur,
1902 2671 1958 2702 ac
1981 2656 2021 2702 si
2042 2654 2218 2701 iterum
2247 2667 2419 2716 supra-

270 2733 397 2781 dicta
419 2744 473 2781 ut
496 2752 552 2782 ea
574 2735 750 2800 probet
768 2746 991 2801 repetens
1011 2736 1139 2784 dicat
1163 2755 1174 2784 :
1200 2737 1307 2783 Dixi
1327 2737 1546 2802 superius
1563 2753 1641 2783 1110
1658 2735 1880 2783 arbitrari
1895 2734 2147 2781 bominem
2165 2730 2417 2797 justificari

271 2829 356 2877 per
389 2813 537 2861 fidem
571 2816 672 2862 sine
706 2816 934 2881 operibus
972 2817 1106 2881 legis,
1142 2817 1278 2882 quod
1309 2817 1491 2882 inipso
1523 2817 1669 2864 etiam
1705 2825 1838 2881 patet
1861 2814 2134 2873 Abraham,
2173 2812 2257 2877 qui
2294 2827 2418 2876 opus

272 2893 534 2940 maximum
551 2895 686 2958 legis,
704 2896 883 2943 scilicet
902 2897 1319 2944 circumcisionem
1338 2914 1439 2944 non
1457 2897 1738 2962 suscipiens,
1756 2896 1918 2960 potius
1932 2911 2019 2960 per
2030 2894 2267 2958 justitiam
2282 2890 2413 2950 fidei,

273 2988 418 3035 quam
440 2990 525 3037 per
551 2990 674 3038 opus
705 2974 866 3039 ipsum
894 2975 1009 3040 legis
1034 2976 1323 3039 justificatus
1354 2987 1442 3036 est,
1468 2987 1515 3024 et
1541 2977 1732 3024 merito.
1762 2979 1870 3022 Non
1902 2975 2032 3022 enim
2054 2990 2142 3039 per
2170 2972 2342 3035 legem,
2367 2970 2418 3017 id

273 3062 344 3099 est
364 3069 450 3117 per
476 3052 672 3117 aliquod
694 3053 827 3117 legis,
854 3055 930 3101 vel
952 3072 1038 3121 per
1069 3055 1397 3103 obedientiam
1421 3057 1556 3121 legis,
1583 3072 1690 3121 quae
1711 3054 1935 3103 nondum
1958 3053 2072 3101 data
2101 3061 2218 3111 erat,
2241 3050 2417 3098 meruit

273 3132 641 3196 promissionem
669 3132 956 3181 haereditatis
985 3136 1222 3199 accipere,
1254 3135 1339 3183 sed
1364 3152 1451 3200 per
1476 3155 1498 3181 «
1529 3135 1764 3199 justitiam
1787 3133 1919 3195 fidei,
1941 3154 1964 3177 »
1992 3132 2044 3181 id
2068 3141 2139 3180 est
2160 3147 2246 3197 per
2270 3129 2417 3179 fidem

319 3320 324 3335 ¹
353 3316 463 3357 Josue,
487 3326 557 3358 cap.
581 3327 612 3356 v,
628 3327 656 3350 v.
679 3319 709 3351 9.
