2638 3866
1137 213 1448 262 DlALOGUS.
2269 211 2363 260 685

230 318 482 374 superetur
504 307 771 357 adversis.»
790 311 877 357 Hic
899 312 1042 359 etiam
1065 312 1288 361 virtutem
1312 331 1508 362 omnem
1535 312 1728 362 difficile
1753 311 1981 360 mobilem
2006 327 2107 359 esse
2130 328 2362 370 asserens,

228 406 341 437 cum
370 390 418 436 in
452 388 679 454 praedicto
711 390 950 453 qualitatis
980 401 1180 440 tractatu
1206 394 1501 443 Aristotelem
1531 403 1815 459 exponeret,
1848 393 2066 441 scientias
2097 402 2145 439 et
2169 394 2363 440 virtutes

229 470 355 517 inter
390 468 581 516 habitus
602 468 888 530 collocans¹‚
908 472 1109 519 «Virtus
1130 474 1257 520 enim
1274 510 1285 532 ,
1312 475 1492 541 inquit,
1517 474 1607 522 nisi
1632 472 1823 521 difficile
1852 472 2108 530 mutabilis,
2138 489 2238 519 non
2269 482 2357 520 est.

231 551 394 614 Neque
426 549 553 596 enim
590 549 673 613 qui
706 548 852 596 semel
885 550 1009 613 juste
1035 551 1247 615 judicat,
1279 554 1437 617 justus
1465 564 1562 615 est,
1597 569 1754 617 neque
1788 553 1871 616 qui
1905 551 2051 600 semel
2074 551 2362 600 adulterium

232 629 362 689 facit,
400 639 470 676 est
505 628 707 686 adulter,
745 628 829 677 sed
865 646 978 677 cum
1016 631 1104 678 ista
1133 632 1357 681 voluntas
1388 635 1710 698 cogitatioque
1741 633 2069 698 permanserit.
2096 651 2118 677 »
2145 633 2367 696 Optimus

227 726 345 764 xero
379 719 449 758 est
484 709 562 756 ille
587 709 736 757 animi
772 708 989 773 habitus,
1032 712 1116 776 qui
1147 713 1210 760 ad
1241 731 1362 761 verae
1394 714 1700 762 beatitudinis
1735 713 1958 759 meritum
1992 728 2082 759 nos
2120 711 2363 770 informat,

229 789 394 854 quales
429 799 540 836 sunt
572 789 768 853 singulae
792 791 976 838 virtutis
1003 792 1186 858 species
1214 810 1332 857 quas
1360 794 1439 842 alii
1463 795 1642 860 plures,
1678 792 1759 841 alii
1790 793 2040 858 pauciores
2078 802 2361 839 statuerunt.

230 871 447 917 Socrates
479 869 696 934 quidem,
732 887 819 936 per
854 888 999 936 quem
1031 873 1243 938 primum
1281 874 1356 922 vel
1392 875 1597 922 maxime
1633 872 1827 920 moralis
1856 871 2115 937 disciplinae
2153 871 2367 920 studium

229 950 494 1010 convaluit,
524 960 733 1014 quatuor
758 952 943 999 virtutis
978 954 1160 1018 species
1191 952 1437 1017 distinguit
1470 972 1480 1000 ε
1509 953 1844 1010 Prudentiam,
1877 951 2134 1015 justitiam,
2172 951 2367 998 sortitu-

229 1030 424 1090 dinem,
464 1031 849 1096 temperantiam.
891 1033 1120 1082 Nonnulli
1154 1050 1267 1081 vero
1305 1034 1570 1099 prudentiae
1605 1033 1943 1081 discretionem
1978 1041 2179 1079 matrem
2211 1032 2369 1096 potius

229 1111 326 1159 sive
357 1111 592 1176 originem
619 1111 874 1173 virtutum,
908 1131 1054 1179 quam
1084 1115 1332 1173 virtutem,
1368 1116 1640 1162 nominant.
1683 1112 1936 1161 Prudentia
1967 1113 2145 1177 quippe
2174 1121 2245 1159 est
2269 1111 2369 1159 haec

229 1193 332 1257 ipsa
363 1209 556 1240 morum
588 1193 802 1252 scientia,
838 1211 966 1259 quae,
993 1205 1044 1243 ut
1068 1206 1296 1243 tractatus
1325 1196 1510 1244 ethicus
1532 1195 1698 1254 tradit,
1734 1210 1894 1242 rerum
1917 1192 2159 1239 bonarum
2193 1201 2239 1239 et
2272 1208 2369 1239 ma-

228 1273 382 1320 larum
402 1273 598 1320 scientia
622 1272 813 1334 dicitur,
841 1274 935 1322 hoc
962 1285 1032 1322 est
1058 1277 1161 1341 ipsa
1181 1275 1428 1323 bonorum
1453 1275 1676 1323 discretio
1699 1275 1797 1323 sive
1822 1272 2077 1331 malorum,
2103 1289 2209 1337 quae
2235 1272 2369 1319 vide-

229 1352 339 1418 licet
369 1353 502 1400 inse
535 1353 650 1419 ipsis
682 1355 879 1419 proprie
912 1354 1045 1403 bona
1076 1355 1281 1404 dicenda
1321 1365 1432 1403 sunt
1466 1365 1547 1403 aut
1582 1355 1723 1403 mala.
1761 1352 1990 1411 Quaedam
2028 1353 2204 1399 etenim
2239 1351 2370 1399 bona

229 1442 312 1480 aut
349 1432 474 1480 mala
509 1450 564 1481 ex
599 1450 651 1481 se
687 1434 800 1499 ipsis
827 1435 1022 1500 proprie
1051 1446 1100 1483 et
1131 1437 1268 1500 quasi
1302 1435 1669 1483 substantialiter
1705 1433 1946 1492 dicuntur,
1982 1442 2148 1497 utpote
2171 1432 2369 1479 virtutes

229 1513 341 1577 ipsae
360 1512 435 1561 vel
453 1514 584 1576 vitia,
611 1514 968 1579 qttaedam·vero
988 1533 1076 1582 per
1094 1517 1316 1564 accidens
1338 1526 1385 1564 et
1407 1533 1495 1582 per
1516 1515 1665 1563 aliud.
1690 1514 1842 1562 Veluti
1870 1530 2072 1579 operum
2093 1522 2370 1560 nostrorum

230 1595 467 1657 actiones,
495 1611 606 1642 cum
631 1596 678 1642 in
705 1612 755 1642 se
779 1596 872 1643 sint
902 1596 1252 1658 indifferentes,
1284 1614 1342 1644 ex
1364 1597 1633 1645 intentione
1655 1605 1814 1643 tamen
1831 1631 1844 1655 ,
1869 1610 1926 1641 ex
1948 1609 2045 1658 qua
2067 1592 2337 1658 procedunt
2353 1629 2365 1649 ‚

228 1673 371 1720 bonae
406 1674 633 1723 dicuntur
665 1685 747 1723 aut
779 1676 930 1724 malae.
959 1676 1099 1725 Unde
1134 1688 1182 1724 et
1218 1693 1341 1742 saepe
1377 1694 1489 1724 cum
1526 1676 1655 1724 idem
1689 1691 1718 1722 a
1756 1674 1954 1721 diversis
1990 1673 2160 1736 agitur,
2199 1672 2273 1719 vel
2308 1672 2369 1719 ab

230 1753 404 1802 eodem
440 1755 490 1802 in
527 1754 724 1803 diversis
755 1756 1055 1821 temporibus
1084 1773 1174 1822 pro
1206 1757 1477 1804 diversitate
1508 1766 1670 1803 tamen
1700 1754 2049 1814 intentionum,
2088 1752 2217 1799 idem
2250 1768 2371 1816 opus

228 1835 415 1882 bonum
461 1835 635 1883 dicitur
670 1846 815 1901 atque
849 1836 1048 1885 malum.
1089 1839 1207 1896 Quae
1241 1854 1358 1884 vero
1392 1835 1761 1884 substantialiter
1792 1844 1838 1882 et
1876 1850 1933 1881 ex
1972 1834 2166 1899 propria
2203 1842 2371 1881 natura

227 1915 362 1964 bona
371 1915 599 1963 dicuntur
614 1926 698 1963 aut
717 1916 841 1964 mala
854 1954 866 1975 ,
892 1917 959 1965 ita
974 1917 1278 1983 impermixta
1294 1917 1570 1982 perenniter
1584 1925 1795 1974 manent,
1812 1924 1868 1961 ut
1880 1913 2013 1978 quod
2025 1914 2170 1961 semel
2187 1913 2369 1961 bonum

230 2006 323 2058 est,
351 1997 531 2045 malum
562 2014 811 2061 uunquam
840 1998 941 2046 fieri
963 1999 1139 2063 possit,
1177 1999 1250 2045 vel
1281 2015 1307 2046 e
1329 2014 1589 2056 converso3
1615 1997 1793 2048 horum
1825 1996 1988 2058 itaque
2016 1993 2237 2041 discretio
2272 2005 2370 2041 tam

229 2077 474 2124 bonorum
512 2078 718 2136 scilicet,
753 2095 900 2142 quam
934 2079 1175 2125 malorum
1213 2078 1469 2143 prudentia
1504 2077 1695 2124 dicitur.
1730 2078 1847 2133 Quae
1883 2073 2081 2138 quidem
2115 2073 2365 2132 discretio,

231 2158 345 2221 quia
380 2173 514 2221 aeque
550 2158 784 2222 perversis
823 2168 876 2204 ut
908 2157 1052 2204 bonis
1092 2159 1245 2204 inesse
1286 2166 1442 2222 potest
1478 2155 1756 2204 bominibus
1800 2169 1888 2200 nec
1929 2153 2152 2200 meritum
2188 2152 2332 2200 habet
2353 2192 2365 2213 ‚

230 2252 538 2301 nequaquam
570 2237 720 2284 virtus
745 2238 819 2285 vel
855 2239 1065 2303 optimus
1096 2237 1244 2284 animi
1275 2236 1465 2284 habitus
1497 2245 1624 2284 recte
1653 2234 1842 2282 dicitur.
1871 2233 2006 2280 Unde
2040 2231 2312 2280 Aristoteles
2342 2250 2369 2280 a

232 2316 488 2364 virtutibus
524 2317 744 2365 scientias
779 2318 1076 2382 distinguens
1106 2333 1218 2364 cum
1256 2317 1302 2363 in
1340 2315 1567 2382 praedicto
1603 2314 1842 2380 qualitatis
1873 2321 2076 2360 tractatu
2105 2312 2166 2360 de
2201 2312 2369 2360 habitu

233 2397 451 2462 exempla
482 2396 774 2461 subjiceret',
811 2417 833 2442 «
854 2397 1004 2459 Tales,
1034 2397 1217 2461 inquit,
1243 2407 1355 2444 sunt
1378 2396 1585 2444 scientiae
1606 2395 1683 2444 vel
1705 2395 1917 2441 virtutes.
1941 2414 1963 2437 »
1993 2395 2150 2451 Quem
2173 2392 2368 2456 quidem

230 2476 395 2523 locum
427 2476 652 2524 Boethius
673 2494 935 2543 exponens,
967 2478 1057 2524 ait³
1088 2497 1098 2524 z
1129 2496 1152 2522 «
1175 2476 1446 2524 Aristoteles
1468 2477 1598 2524 enim
1620 2475 1815 2522 virtutes
1838 2460 1936 2520 non
1962 2482 2096 2538 putat
2119 2473 2336 2520 scientias
2352 2509 2363 2530 ,

232 2567 286 2604 ut
305 2558 546 2616 Socrates;
569 2575 591 2601 υ
612 2557 678 2604 sic
698 2566 745 2604 et
766 2555 863 2617 ille,
885 2566 939 2604 ut
954 2557 1054 2621 jam
1078 2573 1222 2622 supra
1244 2557 1458 2617 memini,
1482 2556 1614 2621 prius
1638 2563 1802 2602 noster
1823 2563 1870 2599 et
1890 2551 2201 2617 postmodum
2216 2561 2369 2599 vester

233 2638 538 2700 Augustinus,
570 2637 863 2702 quandoque
884 2638 1072 2684 virtutis
1094 2653 1273 2684 nomen
1308 2653 1460 2701 usque
1483 2635 1546 2684 ad
1567 2634 1714 2682 fidem
1741 2634 1883 2681 etiam
1909 2642 1956 2679 et
1978 2648 2112 2697 spem
2135 2631 2363 2689 extendit,

233 2716 528 2780 quandoque
557 2716 619 2763 ad
651 2716 803 2764 solam
827 2718 1071 2764 caritatem
1102 2715 1371 2776 contrahit,
1397 2732 1503 2779 quae
1526 2714 1747 2762 videlieet
1769 2713 1963 2778 propria
1994 2722 2042 2758 et
2063 2711 2279 2776 specialis
2299 2721 2368 2759 est

227 2797 495 2854 bonorum,
525 2811 637 2842 cum
661 2805 827 2843 ceterae
845 2795 946 2843 duo
974 2806 1071 2843 tam
1094 2794 1312 2859 reprobis
1335 2810 1483 2859 quam
1507 2794 1668 2842 electis
1690 2793 1785 2840 sint
1806 2807 2103 2839 communes.
2131 2791 2367 2855 Scriptum

234 2876 413 2940 quippe
450 2885 520 2922 est
546 2893 556 2921 ι
597 2894 619 2919 «
639 2874 801 2922 Fides*
833 2875 938 2922 sine
972 2874 1199 2939 operibus
1222 2874 1375 2921 otiosa
1399 2883 1488 2933 est,
1509 2893 1533 2916 ι)
1557 2875 1629 2919 et⁵
1654 2890 1677 2917 κ
1702 2875 1818 2936 Spes
1841 2871 2102 2935 impiorum
2126 2868 2317 2935 peribit.
2342 2888 2365 2913 »

234 2956 365 3002 Sicut
391 2964 551 3002 autem
582 2953 701 3002 fides
722 2964 805 3001 aut
834 2970 943 3018 spes
974 2955 1076 3001 sine
1108 2953 1357 3019 operibus,
1390 2952 1581 3000 inutiles
1605 2961 1688 2999 aut
1714 2951 1875 3017 potius
1897 2952 2079 2997 nocivae
2107 2948 2247 2997 nobis
2268 2947 2367 2995 effi·

235 3036 443 3092 ciuntur,
482 3036 546 3083 ita
581 3036 722 3083 etiam
755 3034 1026 3099 prudentia.
1068 3035 1214 3098 Magis
1244 3035 1423 3099 quippe
1458 3034 1526 3082 rei
1558 3048 1723 3081 sumus
1752 3032 1827 3079 vel
1856 3031 1973 3078 dum
1999 3030 2202 3079 scienter
2235 3029 2368 3094 quod

281 3244 343 3275 'In
358 3244 559 3278 Praedicam.
574 3244 779 3286 Aristotelis,
800 3244 904 3286 Opp.‚
924 3246 1047 3286 p.174.
1066 3245 1266 3287 -²Cateq.‚
1341 3262 1381 3269 —
1409 3246 1419 3264 ⁴
1453 3245 1554 3279 Jacob
1575 3270 1582 3278 .
1619 3253 1689 3286 cap.
1714 3253 1753 3284 n,
1779 3252 1810 3276 v.
1846 3245 1895 3277 Π.
1928 3260 1964 3267 -
1998 3239 2198 3276 ⁵Pr0verb..
2234 3246 2304 3277 cap.
2333 3245 2366 3271 Χ,

238 3305 309 3337 cap.
327 3306 401 3339 vm,
422 3300 454 3332 3.
478 3317 518 3324 —
537 3300 548 3320 ³
564 3299 606 3331 In
620 3299 824 3332 Proedicam.
842 3299 1002 3340 Ariston,
1022 3298 1122 3340 opp„
1138 3308 1172 3340 p.
1194 3301 1265 3333 174.
1340 3307 1370 3329 v.
1388 3300 1439 3332 28.
