<?xml version="1.0" encoding="UTF-8"?>
<!DOCTYPE html PUBLIC "-//W3C//DTD XHTML 1.0 Transitional//EN"
    "http://www.w3.org/TR/xhtml1/DTD/xhtml1-transitional.dtd">
<html xmlns="http://www.w3.org/1999/xhtml" xml:lang="en" lang="en">
 <head>
  <title>
</title>
<meta http-equiv="Content-Type" content="text/html;charset=utf-8" />
  <meta name='ocr-system' content='tesseract 3.04.00' />
  <meta name='ocr-capabilities' content='ocr_page ocr_carea ocr_par ocr_line ocrx_word'/>
</head>
<body>
  <div class='ocr_page' id='page_1' title='image "./operahactenusseo00abeluoft_0810.png"; bbox 0 0 2638 3866; ppageno 0'>
   <div class='ocr_carea' id='block_1_1' title="bbox 285 242 1514 293">
    <p class='ocr_par' dir='ltr' id='par_1_1' title="bbox 285 242 1514 293">
     <span class='ocr_line' id='line_1_1' title="bbox 285 242 1514 293; baseline 0 0"><span class='ocrx_word' id='word_1_1' title='bbox 285 244 383 293; x_wconf 89' lang='lat'>800</span> <span class='ocrx_word' id='word_1_2' title='bbox 1207 242 1514 293; x_wconf 88' lang='lat' dir='ltr'>APPENDIX.</span> 
     </span>
    </p>
   </div>
   <div class='ocr_carea' id='block_1_2' title="bbox 284 341 2445 1049">
    <p class='ocr_par' dir='ltr' id='par_1_2' title="bbox 284 341 2445 1049">
     <span class='ocr_line' id='line_1_2' title="bbox 285 341 2439 410; baseline 0.002 -21"><span class='ocrx_word' id='word_1_3' title='bbox 285 345 431 389; x_wconf 87' lang='lat' dir='ltr'><strong>subdit</strong></span> <span class='ocrx_word' id='word_1_4' title='bbox 457 361 468 389; x_wconf 72' lang='grc' dir='ltr'><strong><em>ε</em></strong></span> <span class='ocrx_word' id='word_1_5' title='bbox 512 347 564 388; x_wconf 93' lang='lat' dir='ltr'>In</span> <span class='ocrx_word' id='word_1_6' title='bbox 594 345 677 388; x_wconf 89' lang='lat' dir='ltr'>hac</span> <span class='ocrx_word' id='word_1_7' title='bbox 714 344 918 396; x_wconf 84' lang='lat' dir='ltr'>trinitate,</span> <span class='ocrx_word' id='word_1_8' title='bbox 944 354 1029 387; x_wconf 87' lang='lat' dir='ltr'>etc.</span> <span class='ocrx_word' id='word_1_9' title='bbox 1079 345 1240 388; x_wconf 80' lang='lat' dir='ltr'>Contra</span> <span class='ocrx_word' id='word_1_10' title='bbox 1282 341 1456 390; x_wconf 82' lang='lat' dir='ltr'>Arrium</span> <span class='ocrx_word' id='word_1_11' title='bbox 1498 347 1656 408; x_wconf 87' lang='lat' dir='ltr'><strong>quippe</strong></span> <span class='ocrx_word' id='word_1_12' title='bbox 1701 347 1857 408; x_wconf 87' lang='lat' dir='ltr'>agebat</span> <span class='ocrx_word' id='word_1_13' title='bbox 1872 382 1883 404; x_wconf 89' lang='lat'>,</span> <span class='ocrx_word' id='word_1_14' title='bbox 1922 351 1996 410; x_wconf 89' lang='lat' dir='ltr'>qui</span> <span class='ocrx_word' id='word_1_15' title='bbox 2039 348 2327 394; x_wconf 85' lang='lat' dir='ltr'>diversitatem</span> <span class='ocrx_word' id='word_1_16' title='bbox 2369 352 2439 394; x_wconf 92' lang='lat' dir='ltr'>in-</span> 
     </span>
     <span class='ocr_line' id='line_1_3' title="bbox 287 424 2441 490; baseline 0.003 -22"><span class='ocrx_word' id='word_1_17' title='bbox 287 425 537 485; x_wconf 83' lang='lat' dir='ltr'>aequalitatis</span> <span class='ocrx_word' id='word_1_18' title='bbox 573 424 617 466; x_wconf 93' lang='lat' dir='ltr'>in</span> <span class='ocrx_word' id='word_1_19' title='bbox 652 434 809 466; x_wconf 81' lang='lat' dir='ltr'>sanctae</span> <span class='ocrx_word' id='word_1_20' title='bbox 843 424 1044 467; x_wconf 86' lang='lat' dir='ltr'>trinitatis</span> <span class='ocrx_word' id='word_1_21' title='bbox 1078 424 1314 467; x_wconf 85' lang='lat' dir='ltr'>substantia</span> <span class='ocrx_word' id='word_1_22' title='bbox 1336 427 1544 485; x_wconf 89' lang='lat' dir='ltr'>ponebat,</span> <span class='ocrx_word' id='word_1_23' title='bbox 1575 438 1743 488; x_wconf 89' lang='lat' dir='ltr'>patrem</span> <span class='ocrx_word' id='word_1_24' title='bbox 1757 462 1768 483; x_wconf 91' lang='lat'>,</span> <span class='ocrx_word' id='word_1_25' title='bbox 1793 428 1929 473; x_wconf 81' lang='lat' dir='ltr'>filium</span> <span class='ocrx_word' id='word_1_26' title='bbox 1952 440 2009 474; x_wconf 90' lang='lat' dir='ltr'>et·</span> <span class='ocrx_word' id='word_1_27' title='bbox 2021 430 2215 490; x_wconf 89' lang='lat' dir='ltr'>spiritum</span> <span class='ocrx_word' id='word_1_28' title='bbox 2246 442 2441 475; x_wconf 86' lang='lat' dir='ltr'>sanctum</span> 
     </span>
     <span class='ocr_line' id='line_1_4' title="bbox 285 503 2444 569; baseline 0.003 -22"><span class='ocrx_word' id='word_1_29' title='bbox 285 504 488 564; x_wconf 88' lang='lat' dir='ltr'>gradibus</span> <span class='ocrx_word' id='word_1_30' title='bbox 510 504 727 564; x_wconf 84' lang='lat' dir='ltr'><strong>dignitatis</strong></span> <span class='ocrx_word' id='word_1_31' title='bbox 750 503 1031 564; x_wconf 89' lang='lat' dir='ltr'>distinguens.</span> <span class='ocrx_word' id='word_1_32' title='bbox 1056 504 1163 548; x_wconf 92' lang='lat' dir='ltr'>Ideo</span> <span class='ocrx_word' id='word_1_33' title='bbox 1186 520 1289 565; x_wconf 87' lang='lat' dir='ltr'>ergo</span> <span class='ocrx_word' id='word_1_34' title='bbox 1313 505 1417 548; x_wconf 91' lang='lat' dir='ltr'>dicit</span> <span class='ocrx_word' id='word_1_35' title='bbox 1437 522 1448 550; x_wconf 72' lang='grc' dir='ltr'><em>τ</em></span> <span class='ocrx_word' id='word_1_36' title='bbox 1477 527 1496 544; x_wconf 91' lang='lat'>«</span> <span class='ocrx_word' id='word_1_37' title='bbox 1523 507 1646 550; x_wconf 81' lang='lat' dir='ltr'>Totae</span> <span class='ocrx_word' id='word_1_38' title='bbox 1667 518 1752 552; x_wconf 87' lang='lat' dir='ltr'>tres</span> <span class='ocrx_word' id='word_1_39' title='bbox 1773 524 1970 569; x_wconf 85' lang='lat' dir='ltr'>personae</span> <span class='ocrx_word' id='word_1_40' title='bbox 1993 519 2219 553; x_wconf 84' lang='lat' dir='ltr'>coaeternae</span> <span class='ocrx_word' id='word_1_41' title='bbox 2239 510 2321 553; x_wconf 86' lang='lat' dir='ltr'>sibi</span> <span class='ocrx_word' id='word_1_42' title='bbox 2343 522 2444 556; x_wconf 89' lang='lat' dir='ltr'>sunt</span> 
     </span>
     <span class='ocr_line' id='line_1_5' title="bbox 285 583 2444 649; baseline 0.003 -21"><span class='ocrx_word' id='word_1_43' title='bbox 285 595 330 628; x_wconf 91' lang='lat' dir='ltr'>et</span> <span class='ocrx_word' id='word_1_44' title='bbox 352 583 612 643; x_wconf 79' lang='lat' dir='ltr'>coaequales3</span> <span class='ocrx_word' id='word_1_45' title='bbox 630 605 646 622; x_wconf 81' lang='grc'><em>»</em></span> <span class='ocrx_word' id='word_1_46' title='bbox 662 584 697 626; x_wconf 90' lang='lat' dir='ltr'>si</span> <span class='ocrx_word' id='word_1_47' title='bbox 720 584 837 627; x_wconf 89' lang='lat' dir='ltr'>enim</span> <span class='ocrx_word' id='word_1_48' title='bbox 857 595 1104 639; x_wconf 87' lang='lat' dir='ltr'>coaeternae,</span> <span class='ocrx_word' id='word_1_49' title='bbox 1130 584 1235 626; x_wconf 91' lang='lat' dir='ltr'>nihil</span> <span class='ocrx_word' id='word_1_50' title='bbox 1254 585 1372 644; x_wconf 90' lang='lat' dir='ltr'>prius</span> <span class='ocrx_word' id='word_1_51' title='bbox 1394 596 1468 629; x_wconf 91' lang='lat' dir='ltr'>aut</span> <span class='ocrx_word' id='word_1_52' title='bbox 1488 587 1720 647; x_wconf 86' lang='lat' dir='ltr'>posterius;</span> <span class='ocrx_word' id='word_1_53' title='bbox 1746 589 1780 631; x_wconf 89' lang='lat' dir='ltr'>si</span> <span class='ocrx_word' id='word_1_54' title='bbox 1803 589 2058 649; x_wconf 77' lang='lat' dir='ltr'>coaequales,</span> <span class='ocrx_word' id='word_1_55' title='bbox 2080 589 2187 632; x_wconf 87' lang='lat' dir='ltr'>nihil</span> <span class='ocrx_word' id='word_1_56' title='bbox 2208 592 2346 647; x_wconf 83' lang='lat' dir='ltr'>majus</span> <span class='ocrx_word' id='word_1_57' title='bbox 2369 601 2444 634; x_wconf 85' lang='lat' dir='ltr'>aut</span> 
     </span>
     <span class='ocr_line' id='line_1_6' title="bbox 284 662 2444 726; baseline 0.002 -20"><span class='ocrx_word' id='word_1_58' title='bbox 284 663 443 706; x_wconf 91' lang='lat' dir='ltr'>minus.</span> <span class='ocrx_word' id='word_1_59' title='bbox 475 663 600 705; x_wconf 91' lang='lat' dir='ltr'>Hanc</span> <span class='ocrx_word' id='word_1_60' title='bbox 632 662 762 722; x_wconf 85' lang='lat' dir='ltr'>igitur</span> <span class='ocrx_word' id='word_1_61' title='bbox 791 662 1020 705; x_wconf 90' lang='lat' dir='ltr'>Arrianam</span> <span class='ocrx_word' id='word_1_62' title='bbox 1041 663 1382 722; x_wconf 76' lang='lat' dir='ltr'>separationem,</span> <span class='ocrx_word' id='word_1_63' title='bbox 1411 675 1562 708; x_wconf 89' lang='lat' dir='ltr'>contra</span> <span class='ocrx_word' id='word_1_64' title='bbox 1592 681 1722 723; x_wconf 89' lang='lat' dir='ltr'>quam</span> <span class='ocrx_word' id='word_1_65' title='bbox 1758 666 1936 726; x_wconf 86' lang='lat' dir='ltr'>agebat,</span> <span class='ocrx_word' id='word_1_66' title='bbox 1975 665 2211 710; x_wconf 86' lang='lat' dir='ltr'>secundum</span> <span class='ocrx_word' id='word_1_67' title='bbox 2241 666 2444 711; x_wconf 88' lang='lat' dir='ltr'>videlicet</span> 
     </span>
     <span class='ocr_line' id='line_1_7' title="bbox 286 734 2445 806; baseline 0.003 -21"><span class='ocrx_word' id='word_1_68' title='bbox 286 743 499 804; x_wconf 88' lang='lat' dir='ltr'>graduum</span> <span class='ocrx_word' id='word_1_69' title='bbox 521 743 856 797; x_wconf 85' lang='lat' dir='ltr'>distinctionem,</span> <span class='ocrx_word' id='word_1_70' title='bbox 882 743 1140 786; x_wconf 87' lang='lat' dir='ltr'>Athanasius</span> <span class='ocrx_word' id='word_1_71' title='bbox 1160 744 1377 803; x_wconf 83' lang='lat' dir='ltr'>prohibet,</span> <span class='ocrx_word' id='word_1_72' title='bbox 1401 759 1505 787; x_wconf 91' lang='lat' dir='ltr'>nam</span> <span class='ocrx_word' id='word_1_73' title='bbox 1528 745 1708 788; x_wconf 90' lang='lat' dir='ltr'>omnino</span> <span class='ocrx_word' id='word_1_74' title='bbox 1730 734 2045 806; x_wconf 58' lang='lat' dir='ltr'>sepzfrationem</span> <span class='ocrx_word' id='word_1_75' title='bbox 2067 763 2156 790; x_wconf 90' lang='lat' dir='ltr'>non</span> <span class='ocrx_word' id='word_1_76' title='bbox 2181 747 2341 803; x_wconf 84' lang='lat' dir='ltr'>aufert,</span> <span class='ocrx_word' id='word_1_77' title='bbox 2365 747 2445 791; x_wconf 89' lang='lat' dir='ltr'>ubi</span> 
     </span>
     <span class='ocr_line' id='line_1_8' title="bbox 286 823 2444 887; baseline 0.003 -21"><span class='ocrx_word' id='word_1_78' title='bbox 286 839 357 867; x_wconf 91' lang='lat' dir='ltr'>eas</span> <span class='ocrx_word' id='word_1_79' title='bbox 391 834 626 867; x_wconf 87' lang='lat' dir='ltr'>coaeternas</span> <span class='ocrx_word' id='word_1_80' title='bbox 649 834 692 867; x_wconf 89' lang='lat' dir='ltr'>et</span> <span class='ocrx_word' id='word_1_81' title='bbox 719 823 958 883; x_wconf 80' lang='lat' dir='ltr'>coaequales</span> <span class='ocrx_word' id='word_1_82' title='bbox 982 823 1101 868; x_wconf 89' lang='lat' dir='ltr'>dicit.</span> <span class='ocrx_word' id='word_1_83' title='bbox 1131 823 1175 866; x_wconf 91' lang='lat' dir='ltr'>Si</span> <span class='ocrx_word' id='word_1_84' title='bbox 1203 824 1318 867; x_wconf 90' lang='lat' dir='ltr'>enim</span> <span class='ocrx_word' id='word_1_85' title='bbox 1341 825 1603 884; x_wconf 80' lang='lat' dir='ltr'>coaequales,</span> <span class='ocrx_word' id='word_1_86' title='bbox 1630 836 1728 869; x_wconf 89' lang='lat' dir='ltr'>sunt</span> <span class='ocrx_word' id='word_1_87' title='bbox 1750 837 1794 869; x_wconf 89' lang='lat' dir='ltr'>et</span> <span class='ocrx_word' id='word_1_88' title='bbox 1817 827 2021 886; x_wconf 81' lang='lat' dir='ltr'>aequales3</span> <span class='ocrx_word' id='word_1_89' title='bbox 2036 839 2038 841; x_wconf 74' lang='grc'><strong><em>’</em></strong></span> <span class='ocrx_word' id='word_1_90' title='bbox 2055 827 2270 887; x_wconf 83' lang='lat' dir='ltr'>aequalitas</span> <span class='ocrx_word' id='word_1_91' title='bbox 2299 838 2444 872; x_wconf 83' lang='lat' dir='ltr'>autem</span> 
     </span>
     <span class='ocr_line' id='line_1_9' title="bbox 286 904 2443 970; baseline 0.002 -23"><span class='ocrx_word' id='word_1_92' title='bbox 286 920 455 965; x_wconf 86' lang='lat' dir='ltr'>semper</span> <span class='ocrx_word' id='word_1_93' title='bbox 471 906 584 948; x_wconf 91' lang='lat' dir='ltr'>inter</span> <span class='ocrx_word' id='word_1_94' title='bbox 604 904 727 964; x_wconf 86' lang='lat' dir='ltr'>plura</span> <span class='ocrx_word' id='word_1_95' title='bbox 750 915 834 960; x_wconf 84' lang='lat' dir='ltr'>est,</span> <span class='ocrx_word' id='word_1_96' title='bbox 847 906 955 947; x_wconf 89' lang='lat' dir='ltr'>nihil</span> <span class='ocrx_word' id='word_1_97' title='bbox 977 905 1092 948; x_wconf 90' lang='lat' dir='ltr'>enim</span> <span class='ocrx_word' id='word_1_98' title='bbox 1117 904 1199 947; x_wconf 91' lang='lat' dir='ltr'>sibi</span> <span class='ocrx_word' id='word_1_99' title='bbox 1219 904 1382 964; x_wconf 82' lang='lat' dir='ltr'>aequale</span> <span class='ocrx_word' id='word_1_100' title='bbox 1401 916 1486 961; x_wconf 91' lang='lat' dir='ltr'>est,</span> <span class='ocrx_word' id='word_1_101' title='bbox 1511 906 1642 949; x_wconf 89' lang='lat' dir='ltr'>beato</span> <span class='ocrx_word' id='word_1_102' title='bbox 1665 907 1894 951; x_wconf 90' lang='lat' dir='ltr'>Ambrosio</span> <span class='ocrx_word' id='word_1_103' title='bbox 1913 908 2082 952; x_wconf 86' lang='lat' dir='ltr'>dicente</span> <span class='ocrx_word' id='word_1_104' title='bbox 2103 924 2113 952; x_wconf 69' lang='grc' dir='ltr'>ε</span> <span class='ocrx_word' id='word_1_105' title='bbox 2146 930 2162 947; x_wconf 88' lang='lat'>«</span> <span class='ocrx_word' id='word_1_106' title='bbox 2190 909 2332 952; x_wconf 88' lang='lat' dir='ltr'>Nemo</span> <span class='ocrx_word' id='word_1_107' title='bbox 2354 909 2443 970; x_wconf 87' lang='lat' dir='ltr'>ipse</span> 
     </span>
     <span class='ocr_line' id='line_1_10' title="bbox 285 984 2443 1049; baseline 0.002 -22"><span class='ocrx_word' id='word_1_108' title='bbox 285 985 366 1027; x_wconf 90' lang='lat' dir='ltr'>sibi</span> <span class='ocrx_word' id='word_1_109' title='bbox 385 984 500 1028; x_wconf 90' lang='lat' dir='ltr'>solus</span> <span class='ocrx_word' id='word_1_110' title='bbox 523 985 696 1044; x_wconf 80' lang='lat' dir='ltr'>aequalis</span> <span class='ocrx_word' id='word_1_111' title='bbox 716 996 794 1028; x_wconf 91' lang='lat' dir='ltr'>est.</span> <span class='ocrx_word' id='word_1_112' title='bbox 826 1005 845 1023; x_wconf 86' lang='lat'>»</span> <span class='ocrx_word' id='word_1_113' title='bbox 874 986 989 1028; x_wconf 89' lang='lat' dir='ltr'>Dum</span> <span class='ocrx_word' id='word_1_114' title='bbox 1007 986 1136 1045; x_wconf 87' lang='lat' dir='ltr'>igitur</span> <span class='ocrx_word' id='word_1_115' title='bbox 1157 986 1203 1028; x_wconf 93' lang='lat' dir='ltr'>in</span> <span class='ocrx_word' id='word_1_116' title='bbox 1226 985 1462 1029; x_wconf 89' lang='lat' dir='ltr'>substantia</span> <span class='ocrx_word' id='word_1_117' title='bbox 1485 996 1643 1030; x_wconf 81' lang='lat' dir='ltr'>sanctae</span> <span class='ocrx_word' id='word_1_118' title='bbox 1662 987 1861 1031; x_wconf 84' lang='lat' dir='ltr'>trinitatis</span> <span class='ocrx_word' id='word_1_119' title='bbox 1884 988 2170 1049; x_wconf 83' lang='lat' dir='ltr'>aequalitatem</span> <span class='ocrx_word' id='word_1_120' title='bbox 2195 999 2239 1031; x_wconf 90' lang='lat' dir='ltr'>et</span> <span class='ocrx_word' id='word_1_121' title='bbox 2259 1000 2443 1032; x_wconf 85' lang='lat' dir='ltr'>coaeter-</span> 
     </span>
    </p>
   </div>
   <div class='ocr_carea' id='block_1_3' title="bbox 285 1065 2447 1206">
    <p class='ocr_par' dir='ltr' id='par_1_3' title="bbox 285 1065 2447 1206">
     <span class='ocr_line' id='line_1_11' title="bbox 286 1065 2447 1129; baseline 0.002 -22"><span class='ocrx_word' id='word_1_122' title='bbox 286 1066 466 1108; x_wconf 89' lang='lat' dir='ltr'>nitatem</span> <span class='ocrx_word' id='word_1_123' title='bbox 486 1066 612 1125; x_wconf 90' lang='lat' dir='ltr'>ponit</span> <span class='ocrx_word' id='word_1_124' title='bbox 626 1097 637 1118; x_wconf 91' lang='lat'>,</span> <span class='ocrx_word' id='word_1_125' title='bbox 659 1065 705 1107; x_wconf 91' lang='lat' dir='ltr'>in</span> <span class='ocrx_word' id='word_1_126' title='bbox 728 1080 779 1108; x_wconf 91' lang='lat' dir='ltr'>ea</span> <span class='ocrx_word' id='word_1_127' title='bbox 802 1065 951 1124; x_wconf 89' lang='lat' dir='ltr'>utique</span> <span class='ocrx_word' id='word_1_128' title='bbox 983 1066 1298 1125; x_wconf 86' lang='lat' dir='ltr'>separationem</span> <span class='ocrx_word' id='word_1_129' title='bbox 1320 1065 1578 1126; x_wconf 89' lang='lat' dir='ltr'>pluralitatis</span> <span class='ocrx_word' id='word_1_130' title='bbox 1609 1066 1828 1126; x_wconf 86' lang='lat' dir='ltr'>relinquit.</span> <span class='ocrx_word' id='word_1_131' title='bbox 1858 1068 1942 1112; x_wconf 87' lang='lat' dir='ltr'>Sed</span> <span class='ocrx_word' id='word_1_132' title='bbox 1964 1069 2196 1129; x_wconf 86' lang='lat' dir='ltr'>prioritatis</span> <span class='ocrx_word' id='word_1_133' title='bbox 2227 1079 2272 1112; x_wconf 89' lang='lat' dir='ltr'>et</span> <span class='ocrx_word' id='word_1_134' title='bbox 2299 1079 2447 1128; x_wconf 89' lang='lat' dir='ltr'>poste-</span> 
     </span>
     <span class='ocr_line' id='line_1_12' title="bbox 285 1142 2443 1206; baseline 0.002 -21"><span class='ocrx_word' id='word_1_135' title='bbox 285 1142 488 1185; x_wconf 89' lang='lat' dir='ltr'>rioritatis</span> <span class='ocrx_word' id='word_1_136' title='bbox 509 1157 588 1201; x_wconf 90' lang='lat' dir='ltr'>per</span> <span class='ocrx_word' id='word_1_137' title='bbox 618 1153 882 1185; x_wconf 81' lang='lat' dir='ltr'>coaeternum</span> <span class='ocrx_word' id='word_1_138' title='bbox 897 1175 908 1197; x_wconf 93' lang='lat'>‚</span> <span class='ocrx_word' id='word_1_139' title='bbox 939 1143 1198 1186; x_wconf 89' lang='lat' dir='ltr'>minoritatis</span> <span class='ocrx_word' id='word_1_140' title='bbox 1218 1154 1262 1186; x_wconf 91' lang='lat' dir='ltr'>et</span> <span class='ocrx_word' id='word_1_141' title='bbox 1282 1143 1536 1200; x_wconf 86' lang='lat' dir='ltr'>majoritatis</span> <span class='ocrx_word' id='word_1_142' title='bbox 1563 1143 1721 1203; x_wconf 88' lang='lat' dir='ltr'>gradus</span> <span class='ocrx_word' id='word_1_143' title='bbox 1744 1143 1930 1188; x_wconf 90' lang='lat' dir='ltr'>dicendo</span> <span class='ocrx_word' id='word_1_144' title='bbox 1959 1145 2198 1206; x_wconf 82' lang='lat' dir='ltr'>coaequales</span> <span class='ocrx_word' id='word_1_145' title='bbox 2217 1144 2443 1206; x_wconf 85' lang='lat' dir='ltr'>extinguit.</span> 
     </span>
    </p>
   </div>
   <div class='ocr_carea' id='block_1_4' title="bbox 286 1222 2460 3363">
    <p class='ocr_par' dir='ltr' id='par_1_4' title="bbox 286 1222 2460 3363">
     <span class='ocr_line' id='line_1_13' title="bbox 287 1222 2448 1286; baseline 0.002 -22"><span class='ocrx_word' id='word_1_146' title='bbox 287 1222 419 1277; x_wconf 88' lang='lat' dir='ltr'>Quod</span> <span class='ocrx_word' id='word_1_147' title='bbox 447 1233 591 1265; x_wconf 92' lang='lat' dir='ltr'>autem</span> <span class='ocrx_word' id='word_1_148' title='bbox 620 1237 755 1265; x_wconf 89' lang='lat' dir='ltr'>unam</span> <span class='ocrx_word' id='word_1_149' title='bbox 781 1238 872 1264; x_wconf 90' lang='lat' dir='ltr'>non</span> <span class='ocrx_word' id='word_1_150' title='bbox 903 1222 1175 1283; x_wconf 86' lang='lat' dir='ltr'>singulariter</span> <span class='ocrx_word' id='word_1_151' title='bbox 1205 1223 1502 1281; x_wconf 83' lang='lat' dir='ltr'>substantiam,</span> <span class='ocrx_word' id='word_1_152' title='bbox 1538 1223 1615 1267; x_wconf 86' lang='lat' dir='ltr'>sed</span> <span class='ocrx_word' id='word_1_153' title='bbox 1636 1240 1714 1285; x_wconf 88' lang='lat' dir='ltr'>per</span> <span class='ocrx_word' id='word_1_154' title='bbox 1735 1225 2055 1269; x_wconf 85' lang='lat' dir='ltr'>similitudinem</span> <span class='ocrx_word' id='word_1_155' title='bbox 2085 1236 2129 1269; x_wconf 90' lang='lat' dir='ltr'>et</span> <span class='ocrx_word' id='word_1_156' title='bbox 2160 1224 2448 1286; x_wconf 74' lang='lat' dir='ltr'>aequalitatem</span> 
     </span>
     <span class='ocr_line' id='line_1_14' title="bbox 287 1301 2443 1365; baseline 0.002 -20"><span class='ocrx_word' id='word_1_157' title='bbox 287 1302 417 1357; x_wconf 88' lang='lat' dir='ltr'>dicat,</span> <span class='ocrx_word' id='word_1_158' title='bbox 428 1302 653 1346; x_wconf 90' lang='lat' dir='ltr'>manifeste</span> <span class='ocrx_word' id='word_1_159' title='bbox 669 1301 953 1356; x_wconf 81' lang='lat' dir='ltr'>demonstrat,</span> <span class='ocrx_word' id='word_1_160' title='bbox 970 1318 1070 1346; x_wconf 91' lang='lat' dir='ltr'>cum</span> <span class='ocrx_word' id='word_1_161' title='bbox 1083 1302 1208 1347; x_wconf 89' lang='lat' dir='ltr'>dicit:</span> <span class='ocrx_word' id='word_1_162' title='bbox 1231 1323 1250 1341; x_wconf 88' lang='lat'>«</span> <span class='ocrx_word' id='word_1_163' title='bbox 1265 1305 1363 1347; x_wconf 92' lang='lat' dir='ltr'>Una</span> <span class='ocrx_word' id='word_1_164' title='bbox 1380 1304 1593 1359; x_wconf 86' lang='lat' dir='ltr'>divinitas,</span> <span class='ocrx_word' id='word_1_165' title='bbox 1616 1304 1788 1364; x_wconf 84' lang='lat' dir='ltr'>aequalis</span> <span class='ocrx_word' id='word_1_166' title='bbox 1803 1305 1954 1365; x_wconf 88' lang='lat' dir='ltr'>gloria,</span> <span class='ocrx_word' id='word_1_167' title='bbox 1965 1316 2180 1349; x_wconf 84' lang='lat' dir='ltr'>coaeterna</span> <span class='ocrx_word' id='word_1_168' title='bbox 2194 1307 2406 1363; x_wconf 80' lang='lat' dir='ltr'>majestas,</span> <span class='ocrx_word' id='word_1_169' title='bbox 2422 1324 2443 1343; x_wconf 69' lang='grc' dir='ltr'>ιο</span> 
     </span>
     <span class='ocr_line' id='line_1_15' title="bbox 286 1383 2455 1445; baseline 0.001 -20"><span class='ocrx_word' id='word_1_170' title='bbox 286 1384 379 1426; x_wconf 89' lang='lat' dir='ltr'>Nisi</span> <span class='ocrx_word' id='word_1_171' title='bbox 402 1384 519 1426; x_wconf 90' lang='lat' dir='ltr'>enim</span> <span class='ocrx_word' id='word_1_172' title='bbox 540 1383 789 1442; x_wconf 86' lang='lat' dir='ltr'>priusquam</span> <span class='ocrx_word' id='word_1_173' title='bbox 815 1399 949 1426; x_wconf 91' lang='lat' dir='ltr'>unam</span> <span class='ocrx_word' id='word_1_174' title='bbox 971 1383 1080 1427; x_wconf 83' lang='lat' dir='ltr'>dixit</span> <span class='ocrx_word' id='word_1_175' title='bbox 1107 1383 1367 1428; x_wconf 88' lang='lat' dir='ltr'>subdidisset</span> <span class='ocrx_word' id='word_1_176' title='bbox 1390 1400 1400 1427; x_wconf 81' lang='lat'>2</span> <span class='ocrx_word' id='word_1_177' title='bbox 1427 1384 1621 1443; x_wconf 89' lang='lat' dir='ltr'>AEqualis</span> <span class='ocrx_word' id='word_1_178' title='bbox 1649 1384 1786 1445; x_wconf 87' lang='lat' dir='ltr'>gloria</span> <span class='ocrx_word' id='word_1_179' title='bbox 1800 1417 1812 1437; x_wconf 83' lang='grc'>.,</span> <span class='ocrx_word' id='word_1_180' title='bbox 1836 1396 2050 1429; x_wconf 85' lang='lat' dir='ltr'>coaeterna</span> <span class='ocrx_word' id='word_1_181' title='bbox 2076 1387 2289 1443; x_wconf 88' lang='lat' dir='ltr'>majestas,</span> <span class='ocrx_word' id='word_1_182' title='bbox 2314 1385 2455 1429; x_wconf 38' lang='lat' dir='ltr'>unam*</span> 
     </span>
     <span class='ocr_line' id='line_1_16' title="bbox 287 1462 2448 1525; baseline 0.001 -19"><span class='ocrx_word' id='word_1_183' title='bbox 287 1478 341 1507; x_wconf 84' lang='lat' dir='ltr'>ex</span> <span class='ocrx_word' id='word_1_184' title='bbox 355 1463 680 1520; x_wconf 89' lang='lat' dir='ltr'>consuetudine,</span> <span class='ocrx_word' id='word_1_185' title='bbox 691 1462 734 1506; x_wconf 92' lang='lat' dir='ltr'>id</span> <span class='ocrx_word' id='word_1_186' title='bbox 751 1474 814 1507; x_wconf 88' lang='lat' dir='ltr'>est</span> <span class='ocrx_word' id='word_1_187' title='bbox 823 1463 1081 1524; x_wconf 85' lang='lat' dir='ltr'>singularem</span> <span class='ocrx_word' id='word_1_188' title='bbox 1095 1464 1405 1524; x_wconf 81' lang='lat' dir='ltr'>acciperemu53</span> <span class='ocrx_word' id='word_1_189' title='bbox 1420 1464 1497 1508; x_wconf 91' lang='lat' dir='ltr'>sed</span> <span class='ocrx_word' id='word_1_190' title='bbox 1507 1465 1593 1508; x_wconf 92' lang='lat' dir='ltr'>hoc</span> <span class='ocrx_word' id='word_1_191' title='bbox 1608 1480 1783 1525; x_wconf 88' lang='lat' dir='ltr'>prorsus</span> <span class='ocrx_word' id='word_1_192' title='bbox 1797 1464 1950 1518; x_wconf 83' lang='lat' dir='ltr'>aufert,</span> <span class='ocrx_word' id='word_1_193' title='bbox 1961 1481 2060 1508; x_wconf 90' lang='lat' dir='ltr'>cum</span> <span class='ocrx_word' id='word_1_194' title='bbox 2070 1465 2198 1508; x_wconf 83' lang='lat' dir='ltr'>dicit:</span> <span class='ocrx_word' id='word_1_195' title='bbox 2216 1484 2235 1502; x_wconf 73' lang='grc' dir='ltr'><strong><em>κ</em></strong></span> <span class='ocrx_word' id='word_1_196' title='bbox 2254 1464 2448 1524; x_wconf 87' lang='lat' dir='ltr'>AEqualis</span> 
     </span>
     <span class='ocr_line' id='line_1_17' title="bbox 288 1543 2449 1605; baseline 0.001 -19"><span class='ocrx_word' id='word_1_197' title='bbox 288 1543 446 1603; x_wconf 87' lang='lat' dir='ltr'>gloria,</span> <span class='ocrx_word' id='word_1_198' title='bbox 468 1565 488 1582; x_wconf 85' lang='lat'>»</span> <span class='ocrx_word' id='word_1_199' title='bbox 509 1555 553 1587; x_wconf 90' lang='lat' dir='ltr'>et</span> <span class='ocrx_word' id='word_1_200' title='bbox 575 1544 694 1603; x_wconf 93' lang='lat' dir='ltr'>quod</span> <span class='ocrx_word' id='word_1_201' title='bbox 713 1561 849 1588; x_wconf 91' lang='lat' dir='ltr'>unum</span> <span class='ocrx_word' id='word_1_202' title='bbox 872 1545 1112 1588; x_wconf 88' lang='lat' dir='ltr'>secundum</span> <span class='ocrx_word' id='word_1_203' title='bbox 1136 1544 1422 1603; x_wconf 79' lang='lat' dir='ltr'>aequalitatem</span> <span class='ocrx_word' id='word_1_204' title='bbox 1446 1545 1674 1605; x_wconf 87' lang='lat' dir='ltr'>acceperit,</span> <span class='ocrx_word' id='word_1_205' title='bbox 1700 1545 1906 1589; x_wconf 88' lang='lat' dir='ltr'>declarat.</span> <span class='ocrx_word' id='word_1_206' title='bbox 1935 1546 2054 1590; x_wconf 90' lang='lat' dir='ltr'>Sicut</span> <span class='ocrx_word' id='word_1_207' title='bbox 2080 1556 2225 1589; x_wconf 89' lang='lat' dir='ltr'>autem</span> <span class='ocrx_word' id='word_1_208' title='bbox 2253 1543 2449 1589; x_wconf 88' lang='lat' dir='ltr'>ostendi-</span> 
     </span>
     <span class='ocr_line' id='line_1_18' title="bbox 289 1624 2449 1686; baseline 0.001 -20"><span class='ocrx_word' id='word_1_209' title='bbox 289 1639 405 1679; x_wconf 91' lang='lat' dir='ltr'>mus,</span> <span class='ocrx_word' id='word_1_210' title='bbox 431 1625 550 1683; x_wconf 90' lang='lat' dir='ltr'>quod</span> <span class='ocrx_word' id='word_1_211' title='bbox 574 1640 673 1667; x_wconf 90' lang='lat' dir='ltr'>cum</span> <span class='ocrx_word' id='word_1_212' title='bbox 698 1624 752 1668; x_wconf 88' lang='lat' dir='ltr'>de</span> <span class='ocrx_word' id='word_1_213' title='bbox 775 1627 1044 1684; x_wconf 86' lang='lat' dir='ltr'>separatione</span> <span class='ocrx_word' id='word_1_214' title='bbox 1068 1625 1318 1668; x_wconf 85' lang='lat' dir='ltr'>substantiae</span> <span class='ocrx_word' id='word_1_215' title='bbox 1341 1636 1511 1685; x_wconf 79' lang='lat' dir='ltr'>ageret,</span> <span class='ocrx_word' id='word_1_216' title='bbox 1542 1641 1633 1668; x_wconf 91' lang='lat' dir='ltr'>non</span> <span class='ocrx_word' id='word_1_217' title='bbox 1654 1641 1827 1669; x_wconf 90' lang='lat' dir='ltr'>omnem</span> <span class='ocrx_word' id='word_1_218' title='bbox 1852 1641 1953 1669; x_wconf 89' lang='lat' dir='ltr'>eum</span> <span class='ocrx_word' id='word_1_219' title='bbox 1983 1626 2298 1686; x_wconf 88' lang='lat' dir='ltr'>separationem</span> <span class='ocrx_word' id='word_1_220' title='bbox 2322 1639 2449 1669; x_wconf 87' lang='lat' dir='ltr'>acce·-</span> 
     </span>
     <span class='ocr_line' id='line_1_19' title="bbox 289 1704 2450 1766; baseline 0.001 -20"><span class='ocrx_word' id='word_1_221' title='bbox 289 1706 417 1763; x_wconf 89' lang='lat' dir='ltr'>pisse,</span> <span class='ocrx_word' id='word_1_222' title='bbox 453 1704 530 1747; x_wconf 88' lang='lat' dir='ltr'>sed</span> <span class='ocrx_word' id='word_1_223' title='bbox 561 1704 680 1747; x_wconf 92' lang='lat' dir='ltr'>illam</span> <span class='ocrx_word' id='word_1_224' title='bbox 715 1705 851 1748; x_wconf 89' lang='lat' dir='ltr'>solam</span> <span class='ocrx_word' id='word_1_225' title='bbox 884 1706 1114 1748; x_wconf 89' lang='lat' dir='ltr'>Arrianam</span> <span class='ocrx_word' id='word_1_226' title='bbox 1142 1721 1221 1765; x_wconf 91' lang='lat' dir='ltr'>per</span> <span class='ocrx_word' id='word_1_227' title='bbox 1257 1706 1470 1766; x_wconf 86' lang='lat' dir='ltr'>graduum</span> <span class='ocrx_word' id='word_1_228' title='bbox 1502 1707 1662 1758; x_wconf 85' lang='lat' dir='ltr'>scilicet</span> <span class='ocrx_word' id='word_1_229' title='bbox 1696 1706 2014 1750; x_wconf 86' lang='lat' dir='ltr'>distinctionem</span> <span class='ocrx_word' id='word_1_230' title='bbox 2029 1739 2041 1761; x_wconf 93' lang='lat'>,</span> <span class='ocrx_word' id='word_1_231' title='bbox 2081 1707 2142 1749; x_wconf 90' lang='lat' dir='ltr'>ita</span> <span class='ocrx_word' id='word_1_232' title='bbox 2175 1720 2450 1766; x_wconf 89' lang='lat' dir='ltr'>summopere</span> 
     </span>
     <span class='ocr_line' id='line_1_20' title="bbox 289 1784 2450 1844; baseline 0.001 -18"><span class='ocrx_word' id='word_1_233' title='bbox 289 1784 629 1844; x_wconf 88' lang='lat' dir='ltr'>perquirendum</span> <span class='ocrx_word' id='word_1_234' title='bbox 650 1795 713 1828; x_wconf 91' lang='lat' dir='ltr'>est</span> <span class='ocrx_word' id='word_1_235' title='bbox 727 1817 738 1839; x_wconf 93' lang='lat'>,</span> <span class='ocrx_word' id='word_1_236' title='bbox 764 1800 864 1827; x_wconf 91' lang='lat' dir='ltr'>cum</span> <span class='ocrx_word' id='word_1_237' title='bbox 887 1785 989 1827; x_wconf 90' lang='lat' dir='ltr'>dicit</span> <span class='ocrx_word' id='word_1_238' title='bbox 1013 1801 1023 1827; x_wconf 91' lang='lat'>:</span> <span class='ocrx_word' id='word_1_239' title='bbox 1054 1805 1072 1822; x_wconf 88' lang='lat'>«</span> <span class='ocrx_word' id='word_1_240' title='bbox 1095 1785 1196 1828; x_wconf 91' lang='lat' dir='ltr'>Non</span> <span class='ocrx_word' id='word_1_241' title='bbox 1218 1796 1303 1828; x_wconf 91' lang='lat' dir='ltr'>tres</span> <span class='ocrx_word' id='word_1_242' title='bbox 1328 1786 1476 1828; x_wconf 85' lang='lat' dir='ltr'>aeterni</span> <span class='ocrx_word' id='word_1_243' title='bbox 1499 1786 1575 1829; x_wconf 89' lang='lat' dir='ltr'>sed</span> <span class='ocrx_word' id='word_1_244' title='bbox 1596 1801 1707 1829; x_wconf 90' lang='lat' dir='ltr'>unus</span> <span class='ocrx_word' id='word_1_245' title='bbox 1730 1797 1912 1830; x_wconf 79' lang='lat' dir='ltr'>aeternus</span> <span class='ocrx_word' id='word_1_246' title='bbox 1926 1819 1938 1842; x_wconf 88' lang='lat'>,</span> <span class='ocrx_word' id='word_1_247' title='bbox 1966 1808 1986 1826; x_wconf 84' lang='lat'>»</span> <span class='ocrx_word' id='word_1_248' title='bbox 2012 1797 2158 1829; x_wconf 87' lang='lat' dir='ltr'>utrum</span> <span class='ocrx_word' id='word_1_249' title='bbox 2185 1784 2450 1829; x_wconf 89' lang='lat' dir='ltr'>omnimodis</span> 
     </span>
     <span class='ocr_line' id='line_1_21' title="bbox 290 1863 2451 1924; baseline 0.001 -17"><span class='ocrx_word' id='word_1_250' title='bbox 290 1863 653 1924; x_wconf 88' lang='lat' dir='ltr'>multiplicitatem</span> <span class='ocrx_word' id='word_1_251' title='bbox 687 1865 934 1907; x_wconf 78' lang='lat' dir='ltr'>aeternitatis</span> <span class='ocrx_word' id='word_1_252' title='bbox 959 1875 1182 1908; x_wconf 85' lang='lat' dir='ltr'>removeat</span> <span class='ocrx_word' id='word_1_253' title='bbox 1205 1879 1260 1906; x_wconf 90' lang='lat' dir='ltr'>an</span> <span class='ocrx_word' id='word_1_254' title='bbox 1283 1876 1400 1907; x_wconf 88' lang='lat' dir='ltr'>certo</span> <span class='ocrx_word' id='word_1_255' title='bbox 1423 1865 1574 1908; x_wconf 89' lang='lat' dir='ltr'>modo.</span> <span class='ocrx_word' id='word_1_256' title='bbox 1600 1865 1645 1907; x_wconf 88' lang='lat' dir='ltr'>Si</span> <span class='ocrx_word' id='word_1_257' title='bbox 1667 1866 1784 1908; x_wconf 89' lang='lat' dir='ltr'>enim</span> <span class='ocrx_word' id='word_1_258' title='bbox 1805 1867 1983 1909; x_wconf 91' lang='lat' dir='ltr'>omnino</span> <span class='ocrx_word' id='word_1_259' title='bbox 2008 1877 2190 1922; x_wconf 85' lang='lat' dir='ltr'>aeternos</span> <span class='ocrx_word' id='word_1_260' title='bbox 2211 1864 2297 1907; x_wconf 90' lang='lat' dir='ltr'>dici</span> <span class='ocrx_word' id='word_1_261' title='bbox 2326 1880 2451 1924; x_wconf 86' lang='lat' dir='ltr'>posse</span> 
     </span>
     <span class='ocr_line' id='line_1_22' title="bbox 290 1936 2448 2005; baseline -0 -18"><span class='ocrx_word' id='word_1_262' title='bbox 290 1955 422 2005; x_wconf 90' lang='lat' dir='ltr'>negat</span> <span class='ocrx_word' id='word_1_263' title='bbox 439 1977 451 1999; x_wconf 89' lang='lat'>,</span> <span class='ocrx_word' id='word_1_264' title='bbox 476 1944 558 1987; x_wconf 91' lang='lat' dir='ltr'>sibi</span> <span class='ocrx_word' id='word_1_265' title='bbox 588 1944 667 2004; x_wconf 91' lang='lat' dir='ltr'>ipsi</span> <span class='ocrx_word' id='word_1_266' title='bbox 691 1945 932 1988; x_wconf 90' lang='lat' dir='ltr'>contrarius</span> <span class='ocrx_word' id='word_1_267' title='bbox 955 1956 1040 2000; x_wconf 88' lang='lat' dir='ltr'>est,</span> <span class='ocrx_word' id='word_1_268' title='bbox 1063 1946 1135 2003; x_wconf 90' lang='lat' dir='ltr'>qui</span> <span class='ocrx_word' id='word_1_269' title='bbox 1157 1955 1245 1988; x_wconf 91' lang='lat' dir='ltr'>tres</span> <span class='ocrx_word' id='word_1_270' title='bbox 1263 1961 1469 2005; x_wconf 88' lang='lat' dir='ltr'>personas</span> <span class='ocrx_word' id='word_1_271' title='bbox 1493 1957 1673 1989; x_wconf 80' lang='lat' dir='ltr'>aeternas</span> <span class='ocrx_word' id='word_1_272' title='bbox 1700 1936 1895 2000; x_wconf 83' lang='lat' dir='ltr'>vocavit,</span> <span class='ocrx_word' id='word_1_273' title='bbox 1924 1945 2071 1988; x_wconf 84' lang='lat' dir='ltr'>dicens</span> <span class='ocrx_word' id='word_1_274' title='bbox 2097 1960 2169 1988; x_wconf 87' lang='lat' dir='ltr'>eas</span> <span class='ocrx_word' id='word_1_275' title='bbox 2197 1955 2448 1987; x_wconf 81' lang='lat' dir='ltr'>coaeternas.</span> 
     </span>
     <span class='ocr_line' id='line_1_23' title="bbox 290 2024 2454 2086; baseline -0 -18"><span class='ocrx_word' id='word_1_276' title='bbox 290 2025 334 2068; x_wconf 90' lang='lat' dir='ltr'>Si</span> <span class='ocrx_word' id='word_1_277' title='bbox 357 2025 472 2068; x_wconf 87' lang='lat' dir='ltr'>enim</span> <span class='ocrx_word' id='word_1_278' title='bbox 494 2035 721 2068; x_wconf 82' lang='lat' dir='ltr'>coaeternae</span> <span class='ocrx_word' id='word_1_279' title='bbox 736 2057 747 2078; x_wconf 86' lang='lat'>,</span> <span class='ocrx_word' id='word_1_280' title='bbox 782 2035 882 2068; x_wconf 91' lang='lat' dir='ltr'>sunt</span> <span class='ocrx_word' id='word_1_281' title='bbox 904 2035 947 2068; x_wconf 90' lang='lat' dir='ltr'>et</span> <span class='ocrx_word' id='word_1_282' title='bbox 970 2036 1166 2079; x_wconf 80' lang='lat' dir='ltr'>aeternae3</span> <span class='ocrx_word' id='word_1_283' title='bbox 1193 2024 1415 2084; x_wconf 91' lang='lat' dir='ltr'>quomodo</span> <span class='ocrx_word' id='word_1_284' title='bbox 1444 2041 1548 2086; x_wconf 88' lang='lat' dir='ltr'>ergo</span> <span class='ocrx_word' id='word_1_285' title='bbox 1570 2041 1660 2068; x_wconf 91' lang='lat' dir='ltr'>non</span> <span class='ocrx_word' id='word_1_286' title='bbox 1681 2036 1767 2068; x_wconf 90' lang='lat' dir='ltr'>tres</span> <span class='ocrx_word' id='word_1_287' title='bbox 1790 2026 1962 2086; x_wconf 83' lang='lat' dir='ltr'>aeterni,</span> <span class='ocrx_word' id='word_1_288' title='bbox 1978 2026 2014 2068; x_wconf 87' lang='lat' dir='ltr'>si</span> <span class='ocrx_word' id='word_1_289' title='bbox 2035 2035 2121 2068; x_wconf 90' lang='lat' dir='ltr'>tres</span> <span class='ocrx_word' id='word_1_290' title='bbox 2151 2024 2236 2067; x_wconf 86' lang='lat' dir='ltr'>illae</span> <span class='ocrx_word' id='word_1_291' title='bbox 2255 2039 2454 2083; x_wconf 10' lang='lat' dir='ltr'>personae?</span> 
     </span>
     <span class='ocr_line' id='line_1_24' title="bbox 292 2104 2453 2165; baseline -0.001 -16"><span class='ocrx_word' id='word_1_292' title='bbox 292 2117 390 2149; x_wconf 91' lang='lat' dir='ltr'>sunt</span> <span class='ocrx_word' id='word_1_293' title='bbox 414 2105 612 2149; x_wconf 82' lang='lat' dir='ltr'>aeternae?</span> <span class='ocrx_word' id='word_1_294' title='bbox 640 2107 794 2148; x_wconf 86' lang='lat' dir='ltr'>Beatus</span> <span class='ocrx_word' id='word_1_295' title='bbox 816 2106 943 2148; x_wconf 84' lang='lat' dir='ltr'>etiam</span> <span class='ocrx_word' id='word_1_296' title='bbox 985 2105 1264 2165; x_wconf 79' lang='lat' dir='ltr'>Aug-ustinus,</span> <span class='ocrx_word' id='word_1_297' title='bbox 1289 2106 1343 2148; x_wconf 84' lang='lat' dir='ltr'>de</span> <span class='ocrx_word' id='word_1_298' title='bbox 1374 2107 1587 2149; x_wconf 82' lang='lat' dir='ltr'>Doctrina</span> <span class='ocrx_word' id='word_1_299' title='bbox 1613 2105 1854 2148; x_wconf 80' lang='lat' dir='ltr'>christiana</span> <span class='ocrx_word' id='word_1_300' title='bbox 1886 2116 1930 2148; x_wconf 90' lang='lat' dir='ltr'>et</span> <span class='ocrx_word' id='word_1_301' title='bbox 1953 2105 2007 2148; x_wconf 83' lang='lat' dir='ltr'>de</span> <span class='ocrx_word' id='word_1_302' title='bbox 2027 2106 2181 2165; x_wconf 79' lang='lat' dir='ltr'>Agone</span> <span class='ocrx_word' id='word_1_303' title='bbox 2215 2104 2453 2158; x_wconf 66' lang='lat' dir='ltr'>christiano</span> 
     </span>
     <span class='ocr_line' id='line_1_25' title="bbox 295 2174 2455 2247; baseline -0.001 -18"><span class='ocrx_word' id='word_1_304' title='bbox 295 2197 472 2230; x_wconf 85' lang='lat' dir='ltr'>aeternas</span> <span class='ocrx_word' id='word_1_305' title='bbox 492 2185 716 2246; x_wconf 88' lang='lat' dir='ltr'>pluraliter</span> <span class='ocrx_word' id='word_1_306' title='bbox 739 2185 924 2246; x_wconf 87' lang='lat' dir='ltr'>appellat</span> <span class='ocrx_word' id='word_1_307' title='bbox 946 2184 1093 2228; x_wconf 83' lang='lat' dir='ltr'>dicens</span> <span class='ocrx_word' id='word_1_308' title='bbox 1120 2201 1129 2228; x_wconf 72' lang='grc' dir='ltr'><strong>ε</strong></span> <span class='ocrx_word' id='word_1_309' title='bbox 1160 2206 1179 2223; x_wconf 87' lang='lat'>«</span> <span class='ocrx_word' id='word_1_310' title='bbox 1201 2187 1251 2228; x_wconf 91' lang='lat' dir='ltr'>In</span> <span class='ocrx_word' id='word_1_311' title='bbox 1276 2187 1478 2230; x_wconf 89' lang='lat' dir='ltr'>omnibus</span> <span class='ocrx_word' id='word_1_312' title='bbox 1499 2188 1629 2247; x_wconf 84' lang='lat' dir='ltr'>igitur</span> <span class='ocrx_word' id='word_1_313' title='bbox 1644 2186 1773 2230; x_wconf 90' lang='lat' dir='ltr'>rebus</span> <span class='ocrx_word' id='word_1_314' title='bbox 1788 2186 1873 2229; x_wconf 83' lang='lat' dir='ltr'>illae</span> <span class='ocrx_word' id='word_1_315' title='bbox 1886 2174 1988 2229; x_wconf 77' lang='lat' dir='ltr'>s&#39;olae</span> <span class='ocrx_word' id='word_1_316' title='bbox 2002 2181 2117 2239; x_wconf 81' lang='lat' dir='ltr'>sunt,</span> <span class='ocrx_word' id='word_1_317' title='bbox 2142 2184 2297 2244; x_wconf 81' lang='lat' dir='ltr'>quibus</span> <span class='ocrx_word' id='word_1_318' title='bbox 2310 2184 2455 2227; x_wconf 83' lang='lat' dir='ltr'>fruen-</span> 
     </span>
     <span class='ocr_line' id='line_1_26' title="bbox 294 2264 2456 2324; baseline -0.002 -14"><span class='ocrx_word' id='word_1_319' title='bbox 294 2266 400 2310; x_wconf 91' lang='lat' dir='ltr'>dum</span> <span class='ocrx_word' id='word_1_320' title='bbox 421 2277 500 2320; x_wconf 91' lang='lat' dir='ltr'>est,</span> <span class='ocrx_word' id='word_1_321' title='bbox 527 2281 632 2324; x_wconf 90' lang='lat' dir='ltr'>quas</span> <span class='ocrx_word' id='word_1_322' title='bbox 670 2276 849 2309; x_wconf 80' lang='lat' dir='ltr'>aeternas</span> <span class='ocrx_word' id='word_1_323' title='bbox 872 2275 999 2324; x_wconf 85' lang='lat' dir='ltr'>atque</span> <span class='ocrx_word' id='word_1_324' title='bbox 1020 2266 1396 2310; x_wconf 88' lang='lat' dir='ltr'>incommutabiles</span> <span class='ocrx_word' id='word_1_325' title='bbox 1418 2267 1620 2310; x_wconf 79' lang='lat' dir='ltr'>diximus.</span> <span class='ocrx_word' id='word_1_326' title='bbox 1652 2287 1669 2305; x_wconf 84' lang='lat'>»</span> <span class='ocrx_word' id='word_1_327' title='bbox 1693 2266 1956 2310; x_wconf 85' lang='lat' dir='ltr'>Praedixerat</span> <span class='ocrx_word' id='word_1_328' title='bbox 1977 2266 2094 2310; x_wconf 88' lang='lat' dir='ltr'>enim</span> <span class='ocrx_word' id='word_1_329' title='bbox 2115 2281 2134 2319; x_wconf 26' lang='lat'>:—</span> <span class='ocrx_word' id='word_1_330' title='bbox 2150 2286 2168 2302; x_wconf 90' lang='lat'>«</span> <span class='ocrx_word' id='word_1_331' title='bbox 2195 2266 2281 2307; x_wconf 88' lang='lat' dir='ltr'>Res</span> <span class='ocrx_word' id='word_1_332' title='bbox 2300 2264 2456 2323; x_wconf 90' lang='lat' dir='ltr'>quibus</span> 
     </span>
     <span class='ocr_line' id='line_1_27' title="bbox 293 2343 2455 2407; baseline -0.001 -19"><span class='ocrx_word' id='word_1_333' title='bbox 293 2346 491 2402; x_wconf 84' lang='lat' dir='ltr'>fruimur,</span> <span class='ocrx_word' id='word_1_334' title='bbox 516 2356 640 2405; x_wconf 89' lang='lat' dir='ltr'>pater</span> <span class='ocrx_word' id='word_1_335' title='bbox 661 2356 705 2388; x_wconf 88' lang='lat' dir='ltr'>et</span> <span class='ocrx_word' id='word_1_336' title='bbox 726 2345 835 2388; x_wconf 88' lang='lat' dir='ltr'>filius</span> <span class='ocrx_word' id='word_1_337' title='bbox 858 2356 903 2388; x_wconf 90' lang='lat' dir='ltr'>et</span> <span class='ocrx_word' id='word_1_338' title='bbox 923 2346 1093 2405; x_wconf 91' lang='lat' dir='ltr'>spiritus</span> <span class='ocrx_word' id='word_1_339' title='bbox 1117 2357 1304 2390; x_wconf 81' lang='lat' dir='ltr'>sanctus.</span> <span class='ocrx_word' id='word_1_340' title='bbox 1328 2366 1346 2384; x_wconf 70' lang='lat' dir='ltr'>v»</span> <span class='ocrx_word' id='word_1_341' title='bbox 1375 2347 1514 2401; x_wconf 90' lang='lat' dir='ltr'>Idem,</span> <span class='ocrx_word' id='word_1_342' title='bbox 1541 2347 1595 2389; x_wconf 84' lang='lat' dir='ltr'>de</span> <span class='ocrx_word' id='word_1_343' title='bbox 1618 2348 1774 2407; x_wconf 80' lang='lat' dir='ltr'>Agone</span> <span class='ocrx_word' id='word_1_344' title='bbox 1806 2347 2044 2390; x_wconf 73' lang='lat' dir='ltr'>christiano</span> <span class='ocrx_word' id='word_1_345' title='bbox 2069 2362 2084 2388; x_wconf 91' lang='lat'>.·</span> <span class='ocrx_word' id='word_1_346' title='bbox 2118 2365 2137 2382; x_wconf 89' lang='lat'>«</span> <span class='ocrx_word' id='word_1_347' title='bbox 2163 2343 2388 2387; x_wconf 89' lang='lat' dir='ltr'>Credimus</span> <span class='ocrx_word' id='word_1_348' title='bbox 2409 2344 2455 2386; x_wconf 90' lang='lat' dir='ltr'>in</span> 
     </span>
     <span class='ocr_line' id='line_1_28' title="bbox 290 2424 2455 2486; baseline -0.001 -17"><span class='ocrx_word' id='word_1_349' title='bbox 290 2437 462 2486; x_wconf 90' lang='lat' dir='ltr'>patrem</span> <span class='ocrx_word' id='word_1_350' title='bbox 481 2437 524 2469; x_wconf 89' lang='lat' dir='ltr'>et</span> <span class='ocrx_word' id='word_1_351' title='bbox 545 2425 684 2469; x_wconf 81' lang='lat' dir='ltr'>filium</span> <span class='ocrx_word' id='word_1_352' title='bbox 707 2437 751 2470; x_wconf 88' lang='lat' dir='ltr'>et</span> <span class='ocrx_word' id='word_1_353' title='bbox 778 2427 974 2485; x_wconf 89' lang='lat' dir='ltr'>spiritum</span> <span class='ocrx_word' id='word_1_354' title='bbox 1004 2437 1216 2470; x_wconf 86' lang='lat' dir='ltr'>sanctum.</span> <span class='ocrx_word' id='word_1_355' title='bbox 1253 2427 1359 2471; x_wconf 90' lang='lat' dir='ltr'>Haec</span> <span class='ocrx_word' id='word_1_356' title='bbox 1382 2439 1542 2471; x_wconf 88' lang='lat' dir='ltr'>aeterna</span> <span class='ocrx_word' id='word_1_357' title='bbox 1565 2438 1664 2470; x_wconf 88' lang='lat' dir='ltr'>sunt</span> <span class='ocrx_word' id='word_1_358' title='bbox 1693 2438 1737 2470; x_wconf 90' lang='lat' dir='ltr'>et</span> <span class='ocrx_word' id='word_1_359' title='bbox 1761 2427 2065 2470; x_wconf 86' lang='lat' dir='ltr'>immutabilia.</span> <span class='ocrx_word' id='word_1_360' title='bbox 2095 2447 2114 2463; x_wconf 70' lang='grc' dir='ltr'>ι»</span> <span class='ocrx_word' id='word_1_361' title='bbox 2144 2425 2190 2467; x_wconf 90' lang='lat' dir='ltr'>Si</span> <span class='ocrx_word' id='word_1_362' title='bbox 2215 2425 2345 2485; x_wconf 85' lang='lat' dir='ltr'>igitur</span> <span class='ocrx_word' id='word_1_363' title='bbox 2374 2424 2455 2467; x_wconf 87' lang='lat' dir='ltr'>iste</span> 
     </span>
     <span class='ocr_line' id='line_1_29' title="bbox 297 2506 2458 2568; baseline -0.002 -19"><span class='ocrx_word' id='word_1_364' title='bbox 297 2517 475 2550; x_wconf 79' lang='lat' dir='ltr'>aeternas</span> <span class='ocrx_word' id='word_1_365' title='bbox 509 2507 687 2550; x_wconf 89' lang='lat' dir='ltr'>omnino</span> <span class='ocrx_word' id='word_1_366' title='bbox 719 2517 873 2567; x_wconf 88' lang='lat' dir='ltr'>negat,</span> <span class='ocrx_word' id='word_1_367' title='bbox 899 2518 943 2549; x_wconf 90' lang='lat' dir='ltr'>et</span> <span class='ocrx_word' id='word_1_368' title='bbox 973 2507 1053 2549; x_wconf 90' lang='lat' dir='ltr'>sibi</span> <span class='ocrx_word' id='word_1_369' title='bbox 1083 2518 1127 2550; x_wconf 93' lang='lat' dir='ltr'>et</span> <span class='ocrx_word' id='word_1_370' title='bbox 1147 2508 1389 2568; x_wconf 86' lang='lat' dir='ltr'>Augustino</span> <span class='ocrx_word' id='word_1_371' title='bbox 1421 2509 1629 2552; x_wconf 90' lang='lat' dir='ltr'>veraciter</span> <span class='ocrx_word' id='word_1_372' title='bbox 1659 2518 1887 2568; x_wconf 87' lang='lat' dir='ltr'>repugnat.</span> <span class='ocrx_word' id='word_1_373' title='bbox 1921 2506 2164 2550; x_wconf 88' lang='lat' dir='ltr'>Dicendum</span> <span class='ocrx_word' id='word_1_374' title='bbox 2193 2514 2256 2548; x_wconf 89' lang='lat' dir='ltr'>est</span> <span class='ocrx_word' id='word_1_375' title='bbox 2284 2519 2386 2564; x_wconf 86' lang='lat' dir='ltr'>ergo</span> <span class='ocrx_word' id='word_1_376' title='bbox 2414 2514 2458 2546; x_wconf 89' lang='lat' dir='ltr'>et</span> 
     </span>
     <span class='ocr_line' id='line_1_30' title="bbox 298 2583 2458 2647; baseline -0.002 -17"><span class='ocrx_word' id='word_1_377' title='bbox 298 2598 477 2630; x_wconf 85' lang='lat' dir='ltr'>aeternas</span> <span class='ocrx_word' id='word_1_378' title='bbox 509 2602 597 2630; x_wconf 90' lang='lat' dir='ltr'>esse</span> <span class='ocrx_word' id='word_1_379' title='bbox 629 2588 867 2647; x_wconf 85' lang='lat' dir='ltr'>pluraliter,</span> <span class='ocrx_word' id='word_1_380' title='bbox 901 2598 945 2630; x_wconf 89' lang='lat' dir='ltr'>et</span> <span class='ocrx_word' id='word_1_381' title='bbox 975 2587 1304 2647; x_wconf 88' lang='lat' dir='ltr'>quodammodo</span> <span class='ocrx_word' id='word_1_382' title='bbox 1334 2604 1427 2631; x_wconf 91' lang='lat' dir='ltr'>non</span> <span class='ocrx_word' id='word_1_383' title='bbox 1462 2604 1569 2633; x_wconf 87' lang='lat' dir='ltr'>esse.</span> <span class='ocrx_word' id='word_1_384' title='bbox 1596 2589 1666 2632; x_wconf 87' lang='lat' dir='ltr'>Sic</span> <span class='ocrx_word' id='word_1_385' title='bbox 1697 2588 1839 2642; x_wconf 89' lang='lat' dir='ltr'>enim,</span> <span class='ocrx_word' id='word_1_386' title='bbox 1875 2602 1975 2630; x_wconf 88' lang='lat' dir='ltr'>cum</span> <span class='ocrx_word' id='word_1_387' title='bbox 2004 2586 2247 2628; x_wconf 81' lang='lat' dir='ltr'>Iohannem</span> <span class='ocrx_word' id='word_1_388' title='bbox 2274 2583 2458 2627; x_wconf 87' lang='lat' dir='ltr'>salvator</span> 
     </span>
     <span class='ocr_line' id='line_1_31' title="bbox 296 2663 2455 2728; baseline -0.002 -19"><span class='ocrx_word' id='word_1_389' title='bbox 296 2668 553 2726; x_wconf 88' lang='lat' dir='ltr'>prophetam</span> <span class='ocrx_word' id='word_1_390' title='bbox 584 2667 746 2710; x_wconf 89' lang='lat' dir='ltr'>diceret</span> <span class='ocrx_word' id='word_1_391' title='bbox 760 2700 771 2720; x_wconf 94' lang='lat'>,</span> <span class='ocrx_word' id='word_1_392' title='bbox 795 2667 868 2710; x_wconf 90' lang='lat' dir='ltr'>ille</span> <span class='ocrx_word' id='word_1_393' title='bbox 892 2682 936 2710; x_wconf 92' lang='lat' dir='ltr'>se</span> <span class='ocrx_word' id='word_1_394' title='bbox 958 2668 1219 2727; x_wconf 89' lang='lat' dir='ltr'>prophetam</span> <span class='ocrx_word' id='word_1_395' title='bbox 1243 2669 1432 2728; x_wconf 88' lang='lat' dir='ltr'>negavit.</span> <span class='ocrx_word' id='word_1_396' title='bbox 1459 2668 1561 2724; x_wconf 91' lang='lat' dir='ltr'>Sed,</span> <span class='ocrx_word' id='word_1_397' title='bbox 1585 2679 1634 2711; x_wconf 91' lang='lat' dir='ltr'>ut</span> <span class='ocrx_word' id='word_1_398' title='bbox 1657 2683 1798 2727; x_wconf 89' lang='lat' dir='ltr'>neque</span> <span class='ocrx_word' id='word_1_399' title='bbox 1825 2682 1970 2727; x_wconf 87' lang='lat' dir='ltr'>praeco</span> <span class='ocrx_word' id='word_1_400' title='bbox 1996 2666 2186 2709; x_wconf 88' lang='lat' dir='ltr'>veritatis</span> <span class='ocrx_word' id='word_1_401' title='bbox 2207 2663 2455 2718; x_wconf 86' lang='lat' dir='ltr'>mentiatur,</span> 
     </span>
     <span class='ocr_line' id='line_1_32' title="bbox 299 2745 2459 2810; baseline -0.001 -22"><span class='ocrx_word' id='word_1_402' title='bbox 299 2747 382 2789; x_wconf 88' lang='lat' dir='ltr'>alio</span> <span class='ocrx_word' id='word_1_403' title='bbox 414 2746 548 2789; x_wconf 91' lang='lat' dir='ltr'>modo</span> <span class='ocrx_word' id='word_1_404' title='bbox 580 2748 754 2807; x_wconf 86' lang='lat' dir='ltr'>negavit</span> <span class='ocrx_word' id='word_1_405' title='bbox 774 2747 871 2802; x_wconf 87' lang='lat' dir='ltr'>ille,</span> <span class='ocrx_word' id='word_1_406' title='bbox 903 2747 988 2790; x_wconf 88' lang='lat' dir='ltr'>alio</span> <span class='ocrx_word' id='word_1_407' title='bbox 1016 2747 1152 2791; x_wconf 91' lang='lat' dir='ltr'>modo</span> <span class='ocrx_word' id='word_1_408' title='bbox 1181 2747 1407 2791; x_wconf 88' lang='lat' dir='ltr'>affirmavit</span> <span class='ocrx_word' id='word_1_409' title='bbox 1434 2749 1530 2792; x_wconf 88' lang='lat' dir='ltr'>iste.</span> <span class='ocrx_word' id='word_1_410' title='bbox 1553 2749 1740 2810; x_wconf 82' lang='lat' dir='ltr'>Negavit</span> <span class='ocrx_word' id='word_1_411' title='bbox 1760 2748 1877 2791; x_wconf 89' lang='lat' dir='ltr'>enim</span> <span class='ocrx_word' id='word_1_412' title='bbox 1907 2763 1956 2791; x_wconf 26' lang='lat' dir='ltr'>se.</span> <span class='ocrx_word' id='word_1_413' title='bbox 1978 2762 2066 2789; x_wconf 90' lang='lat' dir='ltr'>non</span> <span class='ocrx_word' id='word_1_414' title='bbox 2090 2745 2347 2805; x_wconf 89' lang='lat' dir='ltr'>prophetam</span> <span class='ocrx_word' id='word_1_415' title='bbox 2369 2757 2459 2787; x_wconf 85' lang='lat' dir='ltr'>esse</span> 
     </span>
     <span class='ocr_line' id='line_1_33' title="bbox 300 2823 2460 2890; baseline -0.002 -21"><span class='ocrx_word' id='word_1_416' title='bbox 300 2828 478 2869; x_wconf 91' lang='lat' dir='ltr'>omnino</span> <span class='ocrx_word' id='word_1_417' title='bbox 492 2859 504 2882; x_wconf 89' lang='lat'>,</span> <span class='ocrx_word' id='word_1_418' title='bbox 530 2827 607 2870; x_wconf 91' lang='lat' dir='ltr'>sed</span> <span class='ocrx_word' id='word_1_419' title='bbox 631 2827 868 2887; x_wconf 86' lang='lat' dir='ltr'>simplicem</span> <span class='ocrx_word' id='word_1_420' title='bbox 895 2830 1171 2888; x_wconf 89' lang='lat' dir='ltr'>prophetam,</span> <span class='ocrx_word' id='word_1_421' title='bbox 1196 2829 1296 2888; x_wconf 91' lang='lat' dir='ltr'>quia</span> <span class='ocrx_word' id='word_1_422' title='bbox 1326 2829 1421 2889; x_wconf 88' lang='lat' dir='ltr'>plus</span> <span class='ocrx_word' id='word_1_423' title='bbox 1447 2846 1578 2889; x_wconf 89' lang='lat' dir='ltr'>quam</span> <span class='ocrx_word' id='word_1_424' title='bbox 1601 2830 1817 2890; x_wconf 88' lang='lat' dir='ltr'>propheta</span> <span class='ocrx_word' id='word_1_425' title='bbox 1841 2828 1943 2883; x_wconf 89' lang='lat' dir='ltr'>fuit,</span> <span class='ocrx_word' id='word_1_426' title='bbox 1968 2827 2044 2870; x_wconf 92' lang='lat' dir='ltr'>ubi</span> <span class='ocrx_word' id='word_1_427' title='bbox 2074 2841 2171 2885; x_wconf 86' lang='lat' dir='ltr'>quae</span> <span class='ocrx_word' id='word_1_428' title='bbox 2200 2823 2460 2885; x_wconf 79' lang='lat' dir='ltr'>praedixerat</span> 
     </span>
     <span class='ocr_line' id='line_1_34' title="bbox 301 2902 2458 2968; baseline -0.001 -20"><span class='ocrx_word' id='word_1_429' title='bbox 301 2906 503 2950; x_wconf 88' lang='lat' dir='ltr'>ostendit.</span> <span class='ocrx_word' id='word_1_430' title='bbox 538 2909 605 2949; x_wconf 88' lang='lat' dir='ltr'>Ita</span> <span class='ocrx_word' id='word_1_431' title='bbox 630 2908 761 2968; x_wconf 87' lang='lat' dir='ltr'>igitur</span> <span class='ocrx_word' id='word_1_432' title='bbox 792 2919 836 2951; x_wconf 91' lang='lat' dir='ltr'>et</span> <span class='ocrx_word' id='word_1_433' title='bbox 864 2909 935 2950; x_wconf 90' lang='lat' dir='ltr'>hic</span> <span class='ocrx_word' id='word_1_434' title='bbox 959 2908 1191 2952; x_wconf 90' lang='lat' dir='ltr'>dicendum</span> <span class='ocrx_word' id='word_1_435' title='bbox 1223 2920 1287 2952; x_wconf 91' lang='lat' dir='ltr'>est</span> <span class='ocrx_word' id='word_1_436' title='bbox 1315 2924 1416 2952; x_wconf 89' lang='lat' dir='ltr'>eum</span> <span class='ocrx_word' id='word_1_437' title='bbox 1443 2926 1535 2953; x_wconf 89' lang='lat' dir='ltr'>non</span> <span class='ocrx_word' id='word_1_438' title='bbox 1564 2911 1743 2953; x_wconf 89' lang='lat' dir='ltr'>omnino</span> <span class='ocrx_word' id='word_1_439' title='bbox 1770 2920 1855 2952; x_wconf 87' lang='lat' dir='ltr'>tres</span> <span class='ocrx_word' id='word_1_440' title='bbox 1880 2918 2062 2951; x_wconf 88' lang='lat' dir='ltr'>aeternos</span> <span class='ocrx_word' id='word_1_441' title='bbox 2083 2919 2284 2965; x_wconf 89' lang='lat' dir='ltr'>negasse,</span> <span class='ocrx_word' id='word_1_442' title='bbox 2308 2902 2385 2946; x_wconf 89' lang='lat' dir='ltr'>sed</span> <span class='ocrx_word' id='word_1_443' title='bbox 2406 2917 2458 2945; x_wconf 91' lang='lat' dir='ltr'>eo</span> 
     </span>
     <span class='ocr_line' id='line_1_35' title="bbox 302 2982 2456 3048; baseline -0 -22"><span class='ocrx_word' id='word_1_444' title='bbox 302 2995 470 3027; x_wconf 87' lang='lat' dir='ltr'>tantum</span> <span class='ocrx_word' id='word_1_445' title='bbox 498 2986 633 3029; x_wconf 89' lang='lat' dir='ltr'>modo</span> <span class='ocrx_word' id='word_1_446' title='bbox 671 3004 759 3046; x_wconf 90' lang='lat' dir='ltr'>quo</span> <span class='ocrx_word' id='word_1_447' title='bbox 794 2989 942 3031; x_wconf 87' lang='lat' dir='ltr'>Arrius</span> <span class='ocrx_word' id='word_1_448' title='bbox 981 2987 1241 3044; x_wconf 85' lang='lat' dir='ltr'>affirmabat,</span> <span class='ocrx_word' id='word_1_449' title='bbox 1278 2989 1353 3048; x_wconf 89' lang='lat' dir='ltr'>qui</span> <span class='ocrx_word' id='word_1_450' title='bbox 1383 3005 1629 3033; x_wconf 88' lang='lat' dir='ltr'>mensuram</span> <span class='ocrx_word' id='word_1_451' title='bbox 1667 2989 1912 3032; x_wconf 84' lang='lat' dir='ltr'>aeternitatis</span> <span class='ocrx_word' id='word_1_452' title='bbox 1944 2989 1990 3030; x_wconf 92' lang='lat' dir='ltr'>in</span> <span class='ocrx_word' id='word_1_453' title='bbox 2018 2985 2212 3047; x_wconf 88' lang='lat' dir='ltr'>personis</span> <span class='ocrx_word' id='word_1_454' title='bbox 2244 2982 2456 3026; x_wconf 77' lang='lat' dir='ltr'>variabat.</span> 
     </span>
     <span class='ocr_line' id='line_1_36' title="bbox 302 3062 2460 3128; baseline -0.003 -20"><span class='ocrx_word' id='word_1_455' title='bbox 302 3064 473 3108; x_wconf 87' lang='lat' dir='ltr'>AEterni</span> <span class='ocrx_word' id='word_1_456' title='bbox 505 3067 621 3108; x_wconf 91' lang='lat' dir='ltr'>enim</span> <span class='ocrx_word' id='word_1_457' title='bbox 644 3078 767 3110; x_wconf 89' lang='lat' dir='ltr'>erant</span> <span class='ocrx_word' id='word_1_458' title='bbox 788 3063 1028 3127; x_wconf 63' lang='lat' dir='ltr'>pluraliter,</span> <span class='ocrx_word' id='word_1_459' title='bbox 1051 3070 1158 3111; x_wconf 87' lang='lat' dir='ltr'>sicut</span> <span class='ocrx_word' id='word_1_460' title='bbox 1178 3069 1322 3128; x_wconf 89' lang='lat' dir='ltr'>plures</span> <span class='ocrx_word' id='word_1_461' title='bbox 1343 3085 1412 3113; x_wconf 89' lang='lat' dir='ltr'>res</span> <span class='ocrx_word' id='word_1_462' title='bbox 1435 3080 1630 3124; x_wconf 80' lang='lat' dir='ltr'>aeternae,</span> <span class='ocrx_word' id='word_1_463' title='bbox 1656 3079 1700 3112; x_wconf 88' lang='lat' dir='ltr'>et</span> <span class='ocrx_word' id='word_1_464' title='bbox 1723 3069 1869 3111; x_wconf 87' lang='lat' dir='ltr'>aeterni</span> <span class='ocrx_word' id='word_1_465' title='bbox 1890 3083 1982 3111; x_wconf 90' lang='lat' dir='ltr'>non</span> <span class='ocrx_word' id='word_1_466' title='bbox 2006 3076 2128 3110; x_wconf 88' lang='lat' dir='ltr'>erant</span> <span class='ocrx_word' id='word_1_467' title='bbox 2142 3098 2154 3119; x_wconf 87' lang='lat'>‚</span> <span class='ocrx_word' id='word_1_468' title='bbox 2178 3074 2226 3106; x_wconf 87' lang='lat' dir='ltr'>ut</span> <span class='ocrx_word' id='word_1_469' title='bbox 2248 3062 2460 3106; x_wconf 69' lang='lat' dir='ltr'>aeternitas</span> 
     </span>
     <span class='ocr_line' id='line_1_37' title="bbox 302 3140 2460 3210; baseline 0.001 -23"><span class='ocrx_word' id='word_1_470' title='bbox 302 3145 348 3187; x_wconf 90' lang='lat' dir='ltr'>in</span> <span class='ocrx_word' id='word_1_471' title='bbox 380 3145 440 3188; x_wconf 90' lang='lat' dir='ltr'>eis</span> <span class='ocrx_word' id='word_1_472' title='bbox 466 3146 583 3187; x_wconf 88' lang='lat' dir='ltr'>varia</span> <span class='ocrx_word' id='word_1_473' title='bbox 606 3146 840 3190; x_wconf 87' lang='lat' dir='ltr'>videretur.</span> <span class='ocrx_word' id='word_1_474' title='bbox 866 3149 991 3190; x_wconf 90' lang='lat' dir='ltr'>Dicat</span> <span class='ocrx_word' id='word_1_475' title='bbox 1021 3148 1173 3191; x_wconf 90' lang='lat' dir='ltr'>melius</span> <span class='ocrx_word' id='word_1_476' title='bbox 1195 3150 1269 3208; x_wconf 91' lang='lat' dir='ltr'>qui</span> <span class='ocrx_word' id='word_1_477' title='bbox 1296 3160 1453 3208; x_wconf 86' lang='lat' dir='ltr'>potest.</span> <span class='ocrx_word' id='word_1_478' title='bbox 1479 3150 1572 3210; x_wconf 88' lang='lat' dir='ltr'>Ego</span> <span class='ocrx_word' id='word_1_479' title='bbox 1603 3149 1756 3192; x_wconf 91' lang='lat' dir='ltr'>melius</span> <span class='ocrx_word' id='word_1_480' title='bbox 1777 3163 1868 3191; x_wconf 92' lang='lat' dir='ltr'>non</span> <span class='ocrx_word' id='word_1_481' title='bbox 1887 3148 2028 3191; x_wconf 89' lang='lat' dir='ltr'>valeo.</span> <span class='ocrx_word' id='word_1_482' title='bbox 2063 3145 2149 3189; x_wconf 91' lang='lat' dir='ltr'>Sed</span> <span class='ocrx_word' id='word_1_483' title='bbox 2170 3158 2310 3202; x_wconf 83' lang='lat' dir='ltr'>neque</span> <span class='ocrx_word' id='word_1_484' title='bbox 2340 3140 2460 3200; x_wconf 78' lang='lat' dir='ltr'>quod</span> 
     </span>
     <span class='ocr_line' id='line_1_38' title="bbox 304 3219 2459 3284; baseline -0.003 -17"><span class='ocrx_word' id='word_1_485' title='bbox 304 3219 403 3268; x_wconf 87' lang='lat' dir='ltr'>dico</span> <span class='ocrx_word' id='word_1_486' title='bbox 425 3225 671 3284; x_wconf 80' lang='lat' dir='ltr'>importune</span> <span class='ocrx_word' id='word_1_487' title='bbox 696 3226 901 3270; x_wconf 90' lang='lat' dir='ltr'>defendo.</span> <span class='ocrx_word' id='word_1_488' title='bbox 927 3229 1007 3270; x_wconf 88' lang='lat' dir='ltr'>Dic</span> <span class='ocrx_word' id='word_1_489' title='bbox 1031 3239 1076 3271; x_wconf 89' lang='lat' dir='ltr'>et</span> <span class='ocrx_word' id='word_1_490' title='bbox 1107 3239 1154 3271; x_wconf 92' lang='lat' dir='ltr'>tu</span> <span class='ocrx_word' id='word_1_491' title='bbox 1170 3261 1181 3282; x_wconf 94' lang='lat'>,</span> <span class='ocrx_word' id='word_1_492' title='bbox 1229 3240 1375 3272; x_wconf 89' lang='lat' dir='ltr'>sancte</span> <span class='ocrx_word' id='word_1_493' title='bbox 1408 3229 1572 3272; x_wconf 89' lang='lat' dir='ltr'>Isidore</span> <span class='ocrx_word' id='word_1_494' title='bbox 1591 3261 1602 3283; x_wconf 91' lang='lat'>,</span> <span class='ocrx_word' id='word_1_495' title='bbox 1645 3229 1920 3272; x_wconf 89' lang='lat' dir='ltr'>ecclesiarum</span> <span class='ocrx_word' id='word_1_496' title='bbox 1957 3227 2087 3270; x_wconf 72' lang='lat' dir='ltr'>totius</span> <span class='ocrx_word' id='word_1_497' title='bbox 2121 3223 2338 3283; x_wconf 87' lang='lat' dir='ltr'>Hispaniae</span> <span class='ocrx_word' id='word_1_498' title='bbox 2360 3236 2459 3263; x_wconf 88' lang='lat' dir='ltr'>ma-</span> 
     </span>
     <span class='ocr_line' id='line_1_39' title="bbox 306 3300 2457 3363; baseline -0.001 -18"><span class='ocrx_word' id='word_1_499' title='bbox 306 3304 448 3363; x_wconf 88' lang='lat' dir='ltr'>gister,</span> <span class='ocrx_word' id='word_1_500' title='bbox 473 3304 578 3363; x_wconf 89' lang='lat' dir='ltr'>quid</span> <span class='ocrx_word' id='word_1_501' title='bbox 602 3304 657 3347; x_wconf 89' lang='lat' dir='ltr'>de</span> <span class='ocrx_word' id='word_1_502' title='bbox 683 3305 917 3348; x_wconf 90' lang='lat' dir='ltr'>substantia</span> <span class='ocrx_word' id='word_1_503' title='bbox 940 3318 1096 3350; x_wconf 87' lang='lat' dir='ltr'>sanctae</span> <span class='ocrx_word' id='word_1_504' title='bbox 1138 3309 1336 3350; x_wconf 88' lang='lat' dir='ltr'>trinitatis</span> <span class='ocrx_word' id='word_1_505' title='bbox 1373 3307 1646 3351; x_wconf 91' lang='lat' dir='ltr'>sentiendum</span> <span class='ocrx_word' id='word_1_506' title='bbox 1685 3307 1938 3351; x_wconf 88' lang='lat' dir='ltr'>decreveris.</span> <span class='ocrx_word' id='word_1_507' title='bbox 1963 3326 1982 3343; x_wconf 90' lang='lat'>«</span> <span class='ocrx_word' id='word_1_508' title='bbox 2008 3303 2194 3347; x_wconf 85' lang='lat' dir='ltr'>Trinitas</span> <span class='ocrx_word' id='word_1_509' title='bbox 2229 3300 2457 3362; x_wconf 89' lang='lat' dir='ltr'>appellata,</span> 
     </span>
    </p>
   </div>
  </div>
 </body>
</html>
