2638 3866
1199 560 1685 631 MAGISTRI

522 793 1144 952 PETRI
1262 785 2391 950 ABAELARDI.

432 1089 1058 1182 COMMENTARIORUM
1086 1129 1300 1183 SUPER
1328 1129 1380 1182 S.
1406 1129 1607 1182 PAULI
1635 1128 2000 1182 EPISTOLAM
2026 1129 2115 1180 AD
2144 1128 2455 1181 ROMANOS

1353 1295 1461 1331 LIBRI
1485 1296 1523 1330 V.

430 1499 523 1542 Hoc
553 1500 861 1543 commentario
891 1500 944 1543 de
976 1500 1155 1561 epistola
1183 1501 1237 1544 D.
1270 1500 1392 1543 Pauli
1423 1498 1480 1543 ad
1510 1501 1729 1543 Romanos
1759 1498 1926 1543 orditur
1953 1499 2080 1542 series
2107 1512 2314 1557 operum,
2339 1512 2434 1556 quae
2465 1497 2510 1539 in

370 1563 603 1607 Senonensi
626 1565 806 1608 concilio
835 1565 1121 1609 condemnata
1143 1576 1256 1609 sunt.
1283 1567 1335 1609 In
1359 1566 1494 1609 sancti
1517 1564 1696 1609 Gildasii
1716 1565 1977 1608 monasterio
1999 1564 2178 1623 scriptus
2210 1562 2384 1606 fortasse
2406 1562 2509 1617 fuit3

370 1628 445 1672 sed
477 1645 529 1673 eo
562 1640 727 1673 tantum
761 1641 955 1690 tempore
987 1647 1160 1691 prorsus
1188 1630 1328 1675 editus
1362 1642 1426 1675 est
1459 1632 1504 1673 in
1534 1630 1699 1685 lucem,
1723 1646 1810 1689 quo
1837 1628 2110 1683 Abaelardus‚
2141 1638 2368 1689 postquam
2397 1627 2512 1687 apud

371 1695 592 1738 Britannos
614 1696 745 1738 abbas
764 1695 838 1739 diu
860 1696 1054 1750 siluisset,
1071 1697 1117 1739 in
1134 1696 1319 1740 Galliam
1340 1712 1547 1750 reversus,
1571 1707 1707 1740 totam
1722 1697 1940 1756 Europam
1960 1710 2103 1738 rursus
2124 1694 2287 1754 scriptis
2307 1693 2512 1752 dictisque

371 1760 655 1804 conturbavit.
688 1761 834 1804 Primo
861 1772 1031 1821 aspectu
1053 1760 1224 1805 videtur
1257 1772 1405 1804 auctor
1432 1778 1599 1806 sacrum
1629 1772 1794 1806 textum
1821 1761 2004 1806 fideliter
2030 1760 2149 1819 sequi
2177 1775 2226 1802 ac
2255 1773 2422 1803 servare
2435 1791 2447 1811 ‚
2469 1768 2513 1801 et

371 1823 599 1868 verborum
636 1825 987 1886 significationem
1018 1836 1185 1869 tantum
1218 1827 1511 1887 interpretari3
1549 1843 1651 1870 mox
1679 1842 1783 1871 vero
1815 1826 1969 1871 ardore
1991 1825 2182 1886 quodam
2208 1835 2252 1868 et
2274 1823 2512 1868 temeritate

370 1889 529 1948 ingenii
554 1890 771 1950 abreptus,
797 1890 851 1933 ab
886 1892 965 1934 ista
996 1890 1175 1936 discedit
1202 1892 1435 1949 injucunda
1467 1893 1543 1936 sed
1570 1894 1757 1936 innocua
1783 1893 1972 1947 ratione,
2002 1903 2051 1935 ut
2074 1893 2125 1934 -in
2145 1891 2282 1934 varias
2311 1889 2513 1934 audacius

371 1955 551 1998 exsultet
578 1957 831 2014 quaestiones
862 1956 916 2000 de
943 1958 1055 2016 Lege
1085 1957 1300 2012 Naturali,
1332 1958 1386 2001 de
1416 1958 1622 2013 Peccato,
1648 1957 1703 2001 de
1729 1958 2128 2011 Praedestinatione,
2155 1966 2259 2010 etc.,
2280 1965 2512 2014 utcumque

371 2033 418 2061 ea
440 2020 651 2063 tractandi
682 2021 861 2064 offertur
891 2024 1075 2066 occasio.
1106 2023 1223 2065 Inter
1245 2038 1394 2066 omnes
1417 2039 1521 2082 quas
1544 2024 1722 2083 exponit
1745 2025 1970 2084 opiniones
1987 2056 1998 2077 ,
2029 2023 2217 2067 maxime
2239 2019 2408 2064 videtur
2436 2035 2516 2062 no-

369 2084 501 2127 tanda
520 2086 613 2128 haec
638 2087 940 2131 incarnationis
972 2088 1266 2148 interpretatio
1292 2104 1303 2131 z
1333 2089 1527 2132 Verbum
1550 2104 1723 2133 carnem
1756 2090 1986 2149 suscepisse
2014 2100 2058 2132 et
2084 2102 2255 2148 passum
2277 2101 2391 2140 esse,
2424 2101 2513 2128 non

370 2159 416 2191 ut
440 2150 662 2195 hominem
685 2167 709 2194 a
729 2162 906 2211 peccato
929 2163 972 2196 et
994 2155 1193 2197 servitute
1218 2153 1380 2197 diaboli
1402 2155 1660 2208 redimeret,
1685 2155 1761 2198 sed
1792 2166 1959 2198 tantum
1988 2165 2035 2197 ut
2054 2153 2451 2197 verbis·instrueret
2472 2161 2514 2194 et

370 2215 588 2274 exemplis,
612 2216 770 2276 talique
795 2216 949 2260 divinae
972 2219 1118 2278 gratiae
1140 2233 1315 2262 accensa
1337 2219 1546 2264 beneficio
1559 2253 1571 2275 ,
1601 2220 1662 2264 nil
1685 2222 1777 2277 jam
1798 2220 1982 2263 tolerare
2002 2229 2179 2279 propter
2198 2219 2338 2278 ipsum
2354 2225 2514 2259 ‚nostra

369 2279 669 2324 reformidaret
688 2283 855 2326 caritas.
875 2284 959 2325 Ista
978 2294 1121 2327 autem
1141 2285 1288 2344 opinio
1306 2300 1330 2326 a
1343 2286 1398 2329 D.
1417 2285 1635 2329 Bernardo
1653 2286 1858 2329 acerrime
1876 2285 2105 2345 exagitata,
2119 2299 2254 2343 quum
2266 2281 2513 2325 Christianae

369 2342 470 2387 fidei
487 2346 772 2391 sinceritatem
788 2360 1098 2408 corrumperet,
1118 2349 1198 2393 fuit
1220 2365 1319 2394 cum
1339 2351 1556 2394 nonnullis
1580 2351 1670 2393 aliis
1691 2352 1736 2392 in
1754 2350 1937 2394 concilio
1954 2349 2191 2394 Senonensi
2207 2347 2510 2392 condemnata.

429 2411 768 2456 Commentarius
793 2411 848 2457 de
870 2411 934 2457 D:
953 2413 1088 2458 Paulo
1118 2430 1144 2457 a
1178 2415 1332 2459 Franc.
1360 2416 1594 2459 Amboesio
1617 2414 1755 2460 editus
1781 2426 1844 2459 est
1866 2432 1890 2458 e
1914 2415 2062 2459 codice
2091 2414 2252 2457 Montis
2274 2411 2406 2456 sancti
2427 2411 2512 2454 Mi-

370 2475 541 2531 chaelis,
566 2479 684 2535 cujus
706 2494 761 2522 ne
775 2479 951 2539 vestigia
973 2479 1150 2539 quidem
1170 2481 1389 2541 potuimus
1406 2482 1609 2542 reperire.

415 2662 417 2664 ν
446 2644 516 2677 Vid.
538 2644 713 2685 Epistulam
730 2646 771 2678 ad
787 2644 1010 2679 Innocentium
1029 2646 1219 2680 Pontificem
1238 2648 1279 2679 de
1298 2648 1464 2680 erroribus
1483 2634 1653 2680 Assaelardi.
