2638 3866
289 217 341 263 ‘24
356 218 385 263 Ο
1097 211 1267 258 PETRI
1302 209 1618 257 ABAELARDI

289 315 491 363 rentiam
513 311 696 359 dictum
719 319 806 372 est,
831 319 1064 375 tanquam
1085 309 1143 357 sit
1161 327 1220 357 ex
1243 308 1337 356 fide
1361 307 1492 356 aliud
1516 323 1604 373 per
1619 306 1785 367 fidem,
1807 305 1892 354 sed
1913 306 1975 356 ad
1998 309 2273 358 varietatem
2294 311 2429 360 locu-

289 395 481 442 tionis.»
513 413 535 435 «
551 394 720 455 Legem
743 407 874 455 ergo.
902 409 925 436 »
951 391 1193 449 Quoniam
1208 389 1405 454 quidem
1428 405 1515 454 per
1538 386 1685 435 fidem
1707 387 1809 435 sine
1834 387 2060 454 operibus
2081 390 2198 453 legis
2221 390 2428 439 dicimus

290 475 512 522 homines
535 488 673 538 posse
703 471 891 532 salvari,
917 487 1030 535 ergo
1051 471 1206 535 legem
1228 468 1520 517 destruimus
1540 485 1628 535 per
1647 467 1812 530 fidem,
1838 468 1888 516 id
1911 480 1982 517 est
2002 486 2089 536 per
2114 471 2432 520 commenda-

290 555 470 601 tionem
497 552 608 600 fidei
632 568 738 599 eam
761 552 941 599 irritam
961 560 1299 599 monstramus.
1320 569 1342 594 «
1359 548 1516 596 Absitz
1538 568 1561 594 »
1578 549 1763 597 immo«
1776 542 1930 613 legem
1952 551 2222 599 statuimus.
2242 551 2338 599 »Id
2360 561 2432 600 est

292 634 513 681 volumus
536 642 589 679 ut
609 633 683 679 lex
707 649 795 698 per
820 632 984 679 omnia
1008 630 1327 696 compleatur.
1353 629 1437 677 llle
1469 630 1599 677 enim
1622 629 1854 678 veraciter
1883 630 2028 678 etiam
2059 630 2276 695 figuralia
2298 647 2432 679 nunc

291 713 457 779 implet
471 723 725 779 praecepta,
747 712 830 777 qui
843 712 960 759 illud
974 712 1083 759 facit
1104 710 1180 758 vel
1202 709 1370 771 credit,
1393 710 1529 774 quod
1547 727 1679 758 nunc
1696 720 1887 759 tantum
1902 710 1982 759 illa
1998 710 2183 760 habent
2205 711 2428 776 figurare,

295 810 395 841 non
433 792 650 853 efficere3
677 809 778 839 non
814 802 913 840 tam
949 807 1124 838 sonum
1149 790 1300 852 vociS,
1338 806 1487 855 quam
1519 807 1716 838 sensum
1751 800 1799 839 et
1827 791 2143 840 intentionem
2179 791 2431 840 attendens

286 874 513 938 jubentis.
539 874 776 937 Denique,
802 882 855 919 ut
881 873 981 936 ipse
1003 871 1068 918 ait
1090 870 1344 937 Apostolus
1357 874 1387 933 ¹,
1418 892 1440 916 «
1458 871 1710 938 plenitudo
1733 871 1849 936 legis
1876 882 1946 920 est
1970 871 2183 934 dilectio,
2203 891 2228 918 »
2252 871 2314 920 de
2336 888 2433 937 qua

292 955 452 1014 etiam,
480 953 867 1001 commemoratis
889 952 989 1016 ejus
1013 953 1278 1018 praeceptis,
1304 953 1542 1000 Dominus
1564 953 1630 1001 ait
1653 952 1840 1001 diviti¹:
1867 973 1890 999 «
1911 956 2015 1001 Hoc
2039 953 2139 1013 fac,
2165 963 2212 1001 et
2235 953 2383 1001 vives.
2405 971 2429 998 n

362 1033 528 1092 «Quid
563 1050 693 1097 ergo.
719 1050 742 1077 »
770 1032 1012 1090 Quoniam
1042 1032 1238 1097 quidem
1271 1034 1507 1081 exteriora
1537 1033 1618 1081 illa
1646 1049 1797 1099 opera
1822 1033 1939 1098 legis
1956 1034 2193 1098 justitiam
2215 1049 2319 1080 non
2344 1032 2436 1081 ha·

292 1113 407 1161 bent
441 1113 686 1173 conferre,
723 1112 838 1176 quid
874 1129 987 1177 ergo
1027 1113 1220 1177 justitiae
1255 1114 1332 1162 vel
1364 1114 1580 1162 utilitatis
1618 1133 1641 1158 «ι
1680 1114 1895 1162 dicemus
1926 1114 2163 1162 invenisse
2192 1112 2434 1162 Abraham

292 1194 556 1241 secundum
580 1193 840 1240 carnemP»
862 1193 915 1241 ld
933 1203 1019 1255 est,
1046 1211 1132 1260 per
1154 1195 1257 1242 illas
1281 1195 1495 1244 carnales
1519 1195 1863 1256 observantias,
1884 1194 2030 1243 veluti
2053 1194 2436 1243 circumcisionis

292 1274 364 1321 vel
396 1273 763 1333 sacrificiorum,
790 1290 846 1321 ac
881 1274 919 1321 si
958 1274 1162 1337 diceret,
1203 1275 1342 1324 nihil.
1379 1278 1502 1324 Cum
1534 1276 1651 1324 dicit
1676 1295 1700 1323 κ
1727 1285 1915 1341 patrem
1945 1285 2196 1336 nostrum,
2219 1295 2243 1319 >2
2277 1273 2329 1322 id
2365 1283 2435 1322 est

290 1371 433 1419 quem
456 1354 631 1400 imitari
654 1353 904 1415 debemuS,
932 1356 1069 1420 quasi
1092 1355 1177 1403 filii
1198 1356 1298 1421 ejus
1317 1373 1404 1422 per
1427 1356 1699 1404 doctrinam
1721 1374 1732 1403 :
1759 1357 2073 1421 quaestionem
2096 1372 2236 1403 suam
2259 1355 2404 1420 agitat
2419 1390 2434 1415 ‚

291 1433 423 1499 quasi
455 1443 501 1480 et
525 1450 616 1480 nos
639 1450 746 1481 eam
769 1434 818 1481 in
843 1435 941 1482 istis
975 1437 1111 1501 sequi
1135 1435 1415 1485 debeamus.
1446 1457 1469 1483 «
1490 1438 1539 1485 Si
1569 1438 1716 1485 enim.
1742 1456 1766 1483 »
1798 1441 1857 1484 Et
1879 1453 1991 1484 vere
2019 1453 2120 1484 non
2155 1446 2226 1483 est
2248 1452 2336 1501 per
2357 1434 2438 1483 illa

292 1514 524 1562 exteriora
549 1514 783 1578 justitiam
805 1525 1065 1578 assecutus,
1102 1516 1268 1564 divino
1298 1517 1500 1582 judicio,
1533 1518 1648 1583 quia
1677 1535 1764 1583 per
1795 1517 1872 1565 illa
1903 1516 2092 1564 nullum
2116 1516 2246 1582 apud
2267 1516 2439 1563 Domi-

292 1611 407 1640 num
441 1594 647 1659 pretium
678 1594 848 1655 habet,
877 1606 923 1643 et
964 1596 1062 1644 hoc
1095 1607 1166 1644 est
1193 1617 1204 1644 :
1239 1618 1261 1641 «
1290 1598 1338 1644 Si
1368 1597 1655 1661 justificatus
1688 1608 1759 1646 est
1790 1615 1851 1646 ex
1886 1597 2144 1663 operibus:
2166 1615 2189 1641 »
2215 1596 2266 1644 id
2300 1605 2372 1644 est
2399 1597 2439 1643 si

291 1675 542 1735 exteriora,
569 1692 674 1739 quae
688 1676 881 1739 justitiae
899 1676 1180 1725 hominibus
1198 1678 1505 1741 videbantur,
1528 1680 1754 1740 exercuit,
1782 1698 1806 1725 α
1828 1678 1975 1726 habet
1993 1677 2195 1742 quidem
2216 1676 2436 1741 gloriam,

291 1754 375 1802 sed
400 1771 499 1802 non
521 1755 652 1821 apud
671 1758 845 1804 Deum.
868 1778 890 1801 ³>
918 1757 972 1804 ld
995 1767 1067 1806 est
1088 1757 1219 1824 apud
1238 1758 1479 1819 homines,
1503 1760 1585 1824 qui
1606 1759 1668 1808 de
1692 1759 1958 1807 visibilibus
1971 1759 2211 1823 judicant,
2238 1773 2441 1821 magnus

292 1851 376 1900 per
408 1834 504 1882 hoc
542 1835 750 1884 habetur
784 1855 794 1883 ε
828 1854 929 1885 non
969 1838 1101 1904 apud
1129 1840 1426 1902 Dominum,
1453 1840 1537 1904 qui
1571 1840 1731 1889 cordis
1763 1841 2055 1905 inspectator
2084 1848 2156 1886 est
2189 1847 2236 1886 et
2267 1853 2439 1885 renum

292 1914 540 1979 probator,
574 1927 620 1964 et
651 1917 701 1963 in
734 1917 1022 1966 abscondito
1052 1919 1199 1968 videt.
1242 1920 1415 1978 «Quid
1451 1921 1638 1968 enim.»
1668 1924 1728 1968 Et
1760 1920 1885 1968 bene
1920 1919 2032 1967 dico
2052 1957 2063 1979 ‚
2102 1935 2204 1965 non
2234 1934 2292 1965 ex
2327 1933 2441 1983 ope-

292 1995 422 2043 ribus
442 1995 680 2045 Abraham
698 1998 950 2062 justificari
972 1999 1102 2065 apud
1125 2003 1301 2062 Deum,
1328 2000 1413 2048 sed
1439 2017 1498 2048 ex
1516 1999 1630 2062 fide,
1657 2002 1770 2066 quia
1798 2001 1866 2049 sic
1891 1999 2128 2049 habemus
2152 2016 2208 2046 ex
2225 1998 2443 2045 testimo-

292 2076 373 2122 nio
395 2078 665 2142 Scripturae.
694 2081 753 2125 Et
776 2079 872 2127 hoc
906 2090 993 2139 est,
1022 2099 1045 2126 (ι
1066 2081 1212 2139 Quod
1247 2082 1379 2128 enim
1411 2079 1527 2128 dicit
1550 2082 1811 2147 Scriptura.
1838 2083 1987 2128 »Hoc
2023 2090 2117 2140 est,
2150 2077 2442 2127 attendimus

295 2157 427 2218 quod
450 2158 683 2223 scriptum
702 2169 771 2206 est
790 2161 840 2207 in
870 2163 1058 2223 Genesi,
1084 2161 1180 2209 hoc
1198 2161 1421 2209 videlicet
1442 2161 1579 2227 quod
1599 2163 1831 2225 sequitur.

363 2237 619 2286 «Credidit
652 2238 893 2288 Abraham
928 2244 1098 2289 Deo.»
1135 2242 1190 2289 Id
1225 2251 1295 2289 est
1328 2241 1731 2308 promissionibus
1764 2241 1955 2302 divinis,
1991 2240 2089 2287 sive
2123 2237 2349 2286 exeundo
2382 2236 2442 2285 de

295 2324 420 2363 terra
457 2334 558 2380 sua,
598 2329 649 2366 ut
683 2320 1083 2386 multiplicaretur
1112 2323 1162 2369 in
1189 2322 1370 2382 aliena,
1403 2323 1502 2369 sive
1538 2322 1599 2370 de
1634 2322 1954 2387 promissione
1985 2319 2071 2367 filii
2106 2319 2198 2380 sui,
2228 2328 2276 2366 et
2312 2333 2443 2382 quae·
2507 2320 2509 2322 ’

295 2412 485 2460 cunque
533 2399 575 2445 ei
617 2401 838 2465 promisit
854 2439 865 2461 ‚
909 2412 1337 2467 quantumcunque
1378 2401 1678 2450 incredibilia
1714 2402 1791 2450 vel
1839 2418 2012 2466 magna
2049 2399 2292 2447 videntur.
2334 2400 2444 2444 Haec

296 2485 457 2523 autem
483 2488 551 2525 est
579 2495 689 2529 vera
712 2480 792 2529 illa
812 2481 948 2544 fides,
976 2500 1080 2548 quae
1100 2500 1187 2549 per
1208 2482 1520 2531 dilectionem
1539 2491 1782 2548 operatur.
1806 2484 1928 2530 Cum
1954 2482 2114 2544 itaque
2139 2479 2274 2538 dicit,
2305 2493 2445 2524 «cre-

297 2554 416 2603 didit
434 2560 554 2620 Deo,
566 2579 587 2602 »
606 2560 698 2608 tale
718 2571 790 2609 est
807 2580 817 2608 ε
836 2563 1092 2612 Credendo
1108 2572 1358 2611 exsecutus
1372 2572 1443 2610 est
1461 2562 1665 2611 libenter
1677 2563 1807 2627 jussa
1820 2563 2037 2610 Domini.
2056 2581 2078 2605 c<
2094 2563 2151 2607 Et
2168 2566 2444 2625 reputatum

300 2645 368 2682 est
392 2636 488 2685 hoc
514 2639 558 2687 ei
584 2656 609 2687 a
636 2643 850 2690 Domino
880 2643 942 2692 ad
973 2644 1227 2708 justitiam.
1259 2663 1282 2688 »
1308 2643 1363 2690 Id
1388 2651 1460 2690 est
1477 2642 1539 2690 ad
1558 2642 1886 2691 obedientiam
1911 2642 2024 2690 fidei
2046 2658 2152 2706 quae
2177 2656 2291 2688 eum
2312 2636 2445 2703 apud

299 2717 560 2766 Dominum
595 2721 777 2784 justum
817 2725 1065 2772 constituit
1096 2743 1106 2772 ε
1148 2742 1251 2773 non
1282 2724 1602 2785 circumcisiO,
1637 2724 1712 2772 vel
1749 2734 1927 2772 caeterae
1965 2721 2241 2788 corporales
2279 2718 2445 2767 obser-

300 2797 491 2858 vantiae,
515 2815 619 2862 quae
649 2802 698 2848 in
723 2803 825 2867 lege
855 2814 1023 2870 postea
1052 2806 1238 2871 scriptae
1262 2814 1392 2852 sunt.
1426 2823 1450 2848 ε(
1470 2804 1526 2851 Ei
1548 2814 1726 2852 autem.
1752 2824 1775 2848 >2
1801 2806 1864 2852 Ac
1890 2804 1930 2851 si
1955 2803 2137 2851 diceret
2163 2820 2173 2848 :
2202 2803 2311 2848 Non
2342 2797 2445 2846 sine

301 2889 443 2922 causa
467 2877 574 2925 dico
601 2882 734 2944 quod
759 2883 1017 2946 Abraham,
1041 2886 1079 2933 si
1103 2903 1160 2934 ex
1180 2885 1412 2952 operibus
1428 2883 1785 2949 justificaretur,
1810 2884 2008 2933 haberet
2032 2883 2252 2948 gloriam,
2280 2879 2332 2927 id
2354 2887 2441 2937 est,

302 2955 559 3003 maximam
586 2959 781 3009 laudem
818 2965 939 3012 inter
961 2966 1204 3027 homines,
1233 2966 1319 3015 sed
1341 2982 1444 3014 non
1473 2965 1604 3031 apud
1627 2968 1783 3014 Deum
1808 2985 1818 3013 z
1843 2965 1929 3013 sed
1953 2973 2154 3030 propter
2185 2961 2281 3008 hoc
2304 2958 2441 3020 dico,

302 3034 434 3097 quod
456 3036 499 3083 ei
522 3039 639 3101 «qui
666 3054 910 3107 operatur,
933 3046 1226 3112 imputatur»
1250 3047 1311 3096 ab
1328 3046 1628 3094 hominibus.
1651 3049 1867 3095 «Merces
1884 3044 2152 3094 secundum
2171 3040 2443 3099 debitum‚»

300 3112 396 3161 hoc
432 3125 526 3177 est,
563 3133 657 3165 suae
693 3124 1019 3186 acquisitionis
1052 3137 1099 3175 et
1136 3129 1344 3195 propriae
1379 3127 1568 3175 virtutis
1602 3126 1651 3174 id
1684 3127 1858 3175 dicitur
1894 3142 2026 3185 esse,
2063 3140 2164 3172 non
2201 3139 2258 3170 ex
2291 3119 2446 3167 aliena

348 3291 479 3334 1Βοτη.,
498 3302 570 3334 cap.
590 3304 663 3337 xm,
683 3305 714 3330 v.
738 3300 787 3332 10.
805 3317 842 3324 ·—
859 3302 869 3321 ²
887 3302 984 3346 Luc„
1002 3313 1071 3346 cap.
1091 3315 1131 3348 x,
1149 3316 1178 3339 v.
1200 3310 1251 3341 28.
