2638 3866
290 276 386 324 744
1096 277 1266 324 PETRI
1301 277 1617 325 ABAELARDI

289 374 470 424 attendi
507 391 612 421 eam
651 373 917 422 secundum
956 374 1083 423 illius
1123 386 1270 424 status
1310 377 1654 442 proprietatem
1689 394 1835 442 quem
1876 378 1920 426 ei
1960 378 2258 444 copulamus.
2289 380 2426 428 Unde

288 456 413 503 bene
460 454 726 502 secundum
782 455 1105 520 intelligentiae
1147 473 1343 521 quoque
1393 474 1493 505 non
1540 467 1727 506 tantum
1783 459 2153 507 constructionis
2205 460 2426 508 ordinem

289 536 556 599 subjectum
579 535 784 582 dicimus
812 536 1071 584 terminum
1094 536 1190 601 'per
1226 554 1369 602 quem
1394 538 1637 585 intellectu
1663 539 1821 604 primo
1845 555 1920 586 res
1953 538 2253 586 substituitur
2282 555 2427 605 quam

292 615 466 663 deinde
498 617 546 662 in
579 616 885 681 copulatione
914 617 990 664 vel
1025 618 1294 665 remotione
1318 618 1518 683 alicujus
1547 618 1883 667 deliberemus·
1915 622 2032 678 Quae
2053 620 2250 685 quidem
2273 637 2430 686 copu-

293 697 406 745 latio
433 696 510 743 vel
533 697 755 759 remotiO,
782 697 1061 762 conjunctio
1092 698 1170 745 vel
1197 698 1455 763 disjunctio
1484 700 1742 765 praedicato
1763 699 2026 765 perficitur,
2055 701 2104 748 in
2135 717 2229 766 qua
2252 701 2429 750 scilicet

292 778 633 842 conjunctione
664 777 738 825 vel
769 779 1036 825 remotione
1071 779 1316 844 praedicati
1348 779 1409 828 de
1437 797 1489 828 re
1511 780 1723 844 subjecta
1750 779 1802 827 id
1831 780 1965 845 quod
1997 781 2058 829 de
2094 782 2196 847 ipsa
2226 781 2428 829 demon-

295 868 443 906 strare
467 858 762 906 intendimus
787 859 1008 906 dicimus.
1038 859 1176 907 Unde
1197 871 1307 907 cum
1328 859 1530 908 dicimus
1555 879 1566 908 ς
1598 862 1848 908 «Socrates
1867 861 2048 909 currit»
2073 861 2151 909 vel
2177 863 2429 910 «Socrates

294 955 395 985 non
425 939 600 1000 currit,
627 959 650 982 »
686 939 725 986 si
757 939 863 1004 quis
886 938 947 986 de
977 957 1074 1004 quo
1103 940 1362 1004 loquamur
1385 950 1588 1005 quaerat,
1624 940 2005 1006 respondemus:
2037 941 2132 989 «de
2156 944 2380 1002 Socrate3
2401 962 2424 986 ³)

294 1029 339 1066 et
373 1019 412 1065 si
447 1018 564 1083 quid
590 1018 650 1066 de
673 1019 1017 1084 ipso‘dicamus
1037 1020 1312 1084 interroget,
1339 1020 1687 1086 respondemus
1714 1038 1944 1069 «currere
1965 1022 2126 1087 ipsum
2141 1043 2163 1065 ³,
2189 1021 2267 1069 vel
2293 1042 2316 1066 <c
2329 1038 2429 1069 non

295 1115 503 1158 currere,
530 1119 552 1142 ›>
578 1098 712 1163 quod
732 1099 910 1148 scilicet
933 1100 994 1148 ad
1020 1101 1380 1166 copulationem
1410 1100 1486 1148 vel
1509 1100 1572 1148 ad
1595 1102 1914 1149 remotionem
1936 1102 2181 1167 praedicati
2207 1102 2427 1167 pertinet.

296 1179 434 1226 Unde
462 1189 509 1226 et
535 1178 660 1226 bene
684 1180 952 1227 Aristoteles
986 1198 1075 1247 pro
1102 1181 1391 1247 «praedicari
1415 1181 1508 1229 dici
1528 1202 1551 1225 »
1586 1182 1751 1242 utitur,
1786 1192 1839 1229 ut
1866 1182 2090 1230 videlicet
2120 1182 2431 1247 praedicatum

293 1259 354 1305 de
387 1259 604 1323 subjecto
636 1259 732 1307 dici
763 1269 958 1320 astruat,
996 1278 1096 1309 non
1121 1261 1389 1326 subjectum
1414 1262 1476 1310 de
1497 1262 1782 1328 praedicato,
1809 1272 1857 1310 et
1877 1263 1936 1309 sit
1954 1262 2267 1328 praedicatum
2298 1262 2431 1327 quod

294 1339 485 1401 dicitur,
518 1349 566 1387 et
596 1340 866 1405 subjectum
903 1341 965 1389 de
994 1359 1093 1407 quo
1128 1343 1318 1390 dicitur.
1356 1342 1479 1390 lllud
1513 1343 1693 1409 quippe
1727 1343 1902 1390 dicitur
1925 1344 2023 1391 sive
2056 1342 2348 1408 significatur
2371 1342 2433 1390 de

293 1421 454 1484 aliquo
489 1437 576 1486 per
611 1421 745 1486 quod
782 1422 1061 1487 appositum
1101 1423 1161 1470 de
1202 1424 1306 1489 ipso
1344 1423 1524 1488 aliquid
1561 1432 1871 1471 monstratur.
1915 1423 2054 1470 Unde
2096 1434 2144 1470 et
2179 1422 2434 1487 significari

294 1501 605 1564 praedicatum
629 1501 760 1562 dicit,
795 1518 905 1549 cum
938 1503 1005 1550 ait
1024 1503 1072 1549 in
1105 1503 1319 1551 secundo
1345 1504 1729 1552 Perilzermenias
1744 1506 1757 1530 ¹
1783 1502 2097 1568 «significans
2115 1523 2138 1547 »
2166 1502 2348 1566 aliquid
2371 1501 2434 1550 de

295 1582 472 1645 aliquo,
517 1581 612 1629 hoc
640 1592 712 1629 est
745 1582 1051 1647 praedicando
1087 1586 1365 1645 essentiam,
1398 1595 1444 1633 et
1469 1586 1518 1632 in
1553 1585 1727 1632 eodem
1759 1585 1884 1651 ipsas
1915 1583 2284 1650 praedicatorum
2315 1600 2435 1630 con-

289 1662 562 1724 junctiones
594 1663 671 1709 vel
703 1664 995 1711 remotiones
1027 1675 1167 1712 vocat
1198 1667 1542 1732 appositiones.
1581 1666 1713 1713 Sicut
1743 1674 1905 1713 autem
1933 1665 1981 1711 in
2015 1681 2074 1712 eo
2107 1664 2240 1730 quod
2261 1663 2435 1712 dicitur

296 1742 367 1788 vis
403 1742 744 1789 enuntiationis
779 1744 1013 1804 consistit,
1049 1745 1098 1790 in
1134 1762 1234 1809 quo
1269 1747 1370 1811 ipsa
1405 1755 1768 1794 consummatur
1801 1755 1944 1811 atque
1976 1744 2246 1810 perficitur,
2282 1744 2348 1791 ita
2384 1744 2432 1790 in

295 1822 537 1869 intellectu
575 1823 766 1870 termini
797 1824 879 1887 qui
907 1823 1099 1883 dicitur,
1137 1824 1232 1871 hoc
1256 1836 1327 1872 est
1348 1826 1651 1890 praedicatur,
1686 1827 1756 1873 vis
1781 1826 2086 1873 deliberantis
2117 1824 2436 1888 intelligentiae

297 1903 619 1950 constituitur.
654 1905 824 1950 Omnis
858 1905 1019 1969 itaque
1053 1905 1346 1965 intellectus,
1382 1907 1480 1954 sive
1517 1906 1718 1972 simplex
1744 1915 1796 1953 ut
1823 1906 2067 1965 «homo,>›
2095 1905 2191 1951 sive
2227 1920 2436 1968 compo-

296 1984 411 2030 situs
435 1992 487 2029 ut
513 1983 702 2030 «homo
727 1983 880 2044 albus,
900 2006 922 2028 >›
944 1984 1210 2032 secundum
1232 2003 1378 2050 quem
1398 2003 1475 2035 res
1498 1987 1656 2051 aliqua
1678 2003 1789 2034 vere
1812 1985 2066 2034 deliberari
2088 1994 2263 2050 potest,
2290 2000 2434 2032 sanus

296 2073 383 2125 est,
424 2064 567 2112 etiam
588 2065 627 2111 si
653 2064 862 2129 quadam
883 2065 1137 2128 significari
1160 2083 1280 2113 voce
1303 2067 1453 2132 possit
1483 2084 1590 2131 quae
1612 2066 1672 2114 de
1695 2066 1831 2114 nullo
1862 2082 1972 2113 vere
1994 2065 2234 2113 enuntiari
2261 2072 2432 2128 queat,

297 2155 349 2191 ut
375 2154 486 2192 sunt
517 2144 714 2191 dividua
736 2145 953 2207 nomina,
979 2146 1118 2193 sicuti
1146 2166 1168 2190 ε(
1181 2147 1402 2212 quisque,
1429 2148 1604 2207 omnis,
1631 2157 1851 2212 uterque.
1867 2167 1891 2191 »
1915 2145 2232 2194 Tantumdem
2256 2144 2436 2209 quippe

297 2225 421 2272 valet
439 2225 488 2272 in
515 2225 760 2272 intellectu
789 2246 810 2270 «
830 2227 1032 2291 quisque
1050 2246 1073 2272 η
1100 2226 1176 2274 vel
1204 2228 1431 2275 «omnis»
1458 2227 1735 2293 simpliciter
1757 2227 1903 2288 dicta,
1931 2236 2169 2292 quantum
2188 2226 2227 2272 si
2249 2225 2438 2272 dicatur

302 2305 601 2353 «multitudo
625 2307 844 2354 omnium
867 2324 1050 2369 rerum,
1067 2329 1089 2352 ³>
1118 2319 1164 2356 et
1199 2318 1467 2374 «uterque»
1493 2318 1728 2374 quantum
1754 2308 1872 2355 «isti
1891 2307 2028 2355 duo»
2053 2307 2128 2355 vel
2157 2305 2260 2352 «illi
2283 2304 2434 2351 duo.»

299 2388 421 2434 Cum
457 2387 616 2450 itaque
652 2387 1013 2435 multitudinem
1046 2390 1265 2437 omnium
1297 2407 1458 2437 rerum
1490 2388 1779 2437 attendimus
1814 2405 1914 2436 esse
1948 2385 2306 2435 multitudinem
2338 2399 2438 2431 om-

298 2467 435 2513 nium
457 2482 638 2526 rerum,
667 2466 719 2513 fit
741 2466 1025 2515 deliberatio
1052 2468 1320 2516 secundum
1343 2470 1638 2517 intellectum
1659 2469 1838 2516 horum
1862 2469 2118 2515 nominum
2146 2486 2168 2511 «
2190 2466 2394 2530 quisque
2409 2481 2434 2508 »

300 2545 374 2594 vel
401 2547 672 2606 «omnis3»
700 2555 748 2593 et
780 2563 892 2594 cum
922 2548 1214 2596 attendimus
1242 2550 1357 2597 istos
1389 2549 1513 2596 duos
1543 2565 1644 2595 esse
1676 2548 1791 2596 istos
1825 2548 1971 2606 duos,
1999 2545 2266 2594 secundum
2299 2542 2438 2591 intel-

298 2625 479 2673 lectum
509 2626 653 2690 hujus
686 2627 897 2674 nominis
929 2628 1113 2675 relativi
1154 2628 1287 2693 quod
1324 2639 1395 2676 est
1428 2638 1690 2692 «uterque.
1710 2648 1734 2673 >2
1774 2628 1904 2675 Licet
1936 2627 2064 2674 enim
2103 2626 2206 2673 haec
2240 2624 2439 2672 nomina

302 2723 406 2769 quae
429 2706 626 2754 dividua
650 2717 779 2768 sunt,
800 2708 849 2754 in
873 2709 1233 2756 constructione
1255 2725 1367 2756 cum
1386 2708 1477 2756 illis
1499 2708 1699 2757 vocibus
1721 2723 1827 2772 quae
1845 2707 2051 2755 dividuae
2074 2722 2175 2753 non
2200 2712 2328 2763 sunt,
2353 2701 2438 2750 sed

304 2787 451 2849 magis
474 2787 736 2835 collectivae
752 2825 764 2849 ,
792 2787 988 2835 eosdem
1012 2789 1225 2837 habeant
1250 2789 1534 2852 intellectus,
1559 2805 1661 2836 non
1683 2799 1846 2836 tamen
1876 2787 2006 2835 idem
2034 2787 2084 2834 in
2110 2783 2440 2834 enuntiatione

300 2866 475 2926 valent,
511 2883 623 2914 cum
649 2867 751 2914 haec
770 2869 970 2916 nomina
992 2868 1053 2916 de
1077 2869 1237 2934 aliquo
1259 2870 1516 2935 praedicata
1538 2870 1746 2928 divisim,
1771 2869 1868 2916 hoc
1895 2877 1964 2916 est
1986 2867 2246 2931 sigillatim,
2273 2879 2441 2912 omnes

303 2961 379 2991 res
410 2963 530 3009 quas
565 2948 816 2995 continent
843 2949 1097 3013 copulent,
1134 2950 1264 2998 unde
1298 2950 1495 2998 dividua
1519 2950 1764 3011 dicuntur,
1799 2948 1880 2996 illa
1909 2964 2026 2996 vero
2049 2945 2364 3012 conjunctim,
2390 2941 2439 2989 id

302 3033 373 3070 est
407 3027 570 3072 omnia
592 3027 761 3087 simul,
786 3044 888 3074 non
918 3029 1103 3092 singula
1124 3047 1212 3095 per
1235 3047 1303 3079 se.
1328 3031 1555 3078 Similiter
1578 3040 1626 3079 et
1647 3029 1859 3094 subjecta
1888 3027 2109 3076 eamdem
2130 3027 2228 3074 vim
2250 3027 2298 3071 in
2325 3021 2440 3070 sub—

303 3103 514 3166 jectione
547 3106 829 3154 custodiunt
863 3124 1008 3171 quam
1049 3109 1233 3157 habent
1269 3111 1319 3157 in
1357 3110 1727 3176 praedicatione,
1764 3119 1819 3157 ut
1851 3107 2073 3156 videlicet
2091 3123 2177 3172 per
2214 3106 2301 3152 ista
2336 3118 2441 3166 quae

306 3182 502 3231 dividua
535 3194 664 3244 sunt,
700 3186 894 3250 singulae
926 3205 1002 3235 res
1032 3189 1291 3254 praedicato
1321 3200 1676 3256 supponantur,
1712 3206 1799 3254 per
1832 3188 1911 3237 illa
1934 3203 2050 3235 vero
2076 3201 2244 3233 omnes
2267 3181 2435 3244 simu13

350 3366 514 3402 *Ariston
538 3368 578 3403 de
594 3370 792 3412 Interpret.,
809 3379 846 3412 p.
868 3374 920 3406 39.
