2638 3866
785 212 1047 259 EPITOME
1081 195 1444 260 THEOLOGIAE
1478 208 1871 257 CHRISTIANAE.
2311 207 2403 255 587

256 314 485 369 luxuriam,
507 313 675 358 castitas
695 328 791 372 quae
805 313 1048 368 libidinem,
1075 315 1281 358 sobrietas
1308 329 1403 373 quae
1431 313 1664 374 ingluviem
1687 312 1903 357 refraenat.
1921 312 2017 355 Istae
2034 312 2211 355 virtutes
2231 310 2276 353 in
2304 325 2407 370 pro-

257 379 389 439 speris
410 379 673 425 necessariae.
706 379 936 423 Fortitudo
958 395 1062 422 vero
1084 381 1276 440 potentia
1299 391 1389 435 est,
1429 396 1526 439 quae
1565 379 1711 423 reddit
1741 380 1933 422 animum
1963 388 2232 421 constantem
2261 386 2409 420 contra

259 444 452 489 adversa.
1048 446 1052 450 ’

1059 597 1306 657 CAPUT
1353 599 1615 657 XXXIII.

898 746 957 782 De
975 742 1099 792 vitiis,
1120 756 1207 795 quae
1225 743 1433 784 virtutibus
1452 743 1648 783 contraria
1667 751 1771 782 sunt.

317 869 446 912 Nunc
481 867 536 911 de
565 868 701 923 vitiis,
735 884 832 927 quae
866 868 955 911 istis
982 867 1211 911 virtutibus
1245 870 1460 912 contraria
1495 880 1608 916 sunt.
1644 869 1798 912 itidem
1825 867 2096 912 disseramus.
2132 869 2413 927 Unaquaeque

259 936 393 979 virtus
426 934 560 977 habet
594 934 747 978 vitium
785 934 867 977 sibi
900 935 1181 985 contrarium,
1222 946 1270 978 ut
1299 936 1471 991 justitiae
1506 936 1720 979 contraria
1755 946 1820 978 est
1852 935 2056 992 injustitia
2072 967 2083 989 ,
2119 936 2414 994 temperantia!

260 999 614 1062 intemperantia,
636 1000 879 1043 fortitudini
902 1000 1121 1056 debilitas,
1145 1001 1351 1061 quoniam
1373 1001 1494 1045 bono
1516 1017 1569 1044 ex
1592 1002 1840 1045 necessitate
1862 1000 2025 1043 malum
2048 1001 2313 1043 contrarium
2334 1012 2413 1054 est,

263 1068 385 1127 quia,
411 1067 446 1110 si
467 1065 628 1126 aliquid
648 1066 817 1110 bonum
838 1078 923 1122 est,
948 1068 1186 1111 necessario
1208 1069 1296 1126 ejus
1317 1068 1582 1111 contrarium
1610 1068 1775 1111 malum
1796 1079 1859 1111 est
1875 1100 1886 1122 ,
1912 1067 1988 1111 sed
2011 1062 2101 1110 non
2126 1069 2413 1122 convertitur;

262 1144 406 1194 potest
427 1132 544 1176 enim
573 1132 689 1176 malo
711 1133 875 1176 malum
901 1134 1165 1177 contrarium
1188 1150 1296 1178 esse.
1323 1134 1534 1191 Injustitia
1562 1144 1626 1177 est
1646 1134 1799 1177 vitium
1823 1135 1970 1185 animi,
1998 1150 2086 1193 quo
2111 1149 2202 1176 non
2224 1132 2420 1177 redditur

265 1200 495 1259 unicuique
521 1198 639 1258 quod
663 1215 788 1242 suum
816 1211 880 1243 est
902 1210 944 1243 et
966 1199 1082 1259 quod
1114 1200 1312 1244 debetur.
1338 1201 1413 1244 Est
1440 1200 1570 1261 igitur
1596 1199 1691 1242 talis
1720 1200 1835 1243 mala
1855 1200 2054 1243 voluntas
2077 1200 2281 1257 injustitia
2311 1201 2420 1243 sicut

264 1267 382 1309 bona
406 1276 470 1308 est
486 1266 666 1322 justitia.
693 1267 1030 1326 Intemperantia
1052 1277 1116 1309 est
1138 1266 1393 1326 impotentia
1419 1266 1647 1310 resistendi
1668 1267 1857 1309 motibus
1884 1266 2057 1321 illicitis,
2081 1276 2130 1308 ut
2160 1266 2328 1309 luxuria
2358 1278 2422 1309 est

265 1332 480 1376 contraria
503 1331 707 1387 castitati,
730 1332 934 1392 gulositas
957 1332 1194 1376 sobrietati.
1220 1333 1254 1376 F
1257 1332 1481 1376 ortitudini
1503 1348 1608 1376 vero
1640 1332 1838 1375 debilitas
1860 1333 2015 1376 mentis
2037 1343 2101 1375 est
2122 1333 2352 1386 contraria,
2379 1344 2423 1376 et

265 1399 374 1441 sicut
393 1397 649 1458 praedictum
671 1409 749 1453 est,
776 1398 986 1441 fortitudo
1012 1399 1057 1440 in
1081 1398 1283 1452 adversis,
1304 1400 1589 1459 temperantia
1616 1399 1662 1441 in
1691 1400 1907 1459 prosperis
1930 1399 2168 1441 necessaria
2195 1409 2274 1441 est.
2306 1398 2422 1441 Nota

264 1461 390 1518 vero,
416 1464 665 1522 hujusmodi
686 1466 902 1525 potentias
925 1481 1014 1508 non
1032 1464 1126 1508 illas
1147 1466 1363 1509 naturales
1377 1499 1388 1521 ,
1411 1482 1508 1525 quae
1531 1476 1627 1508 actu
1650 1481 1741 1508 non
1762 1465 1936 1518 adsunt,
1959 1465 2028 1508 vel
2057 1476 2171 1508 certe
2203 1466 2238 1508 si
2268 1464 2425 1509 adsunt

266 1530 390 1574 facile
412 1530 596 1573 mobiles
617 1542 731 1584 sunt,
757 1531 832 1574 sed
854 1532 998 1591 potius
1017 1547 1112 1591 quae
1138 1532 1376 1575 secundum
1405 1532 1539 1575 animi
1561 1531 1895 1591 applicationem
1911 1532 2073 1585 insunt,
2094 1542 2143 1574 ut
2164 1533 2243 1574 iste
2270 1532 2426 1575 dicitur

267 1613 431 1650 cursor,
457 1612 547 1639 non
573 1596 693 1655 quod
712 1597 831 1640 illam
852 1599 1094 1658 potentiam
1115 1598 1369 1642 naturaliter
1388 1598 1564 1652 habeat,
1591 1597 1667 1641 sed
1690 1598 1789 1658 quia
1810 1613 1857 1641 se
1882 1597 1938 1640 ad
1952 1598 2036 1640 hoc
2051 1597 2275 1656 disposuit.
2300 1597 2427 1640 Multi

268 1678 455 1722 namque
486 1662 726 1706 infidelium
745 1664 822 1706 has
843 1664 1060 1707 naturales
1089 1665 1304 1725 potentias
1325 1665 1516 1718 habent,
1547 1664 1621 1723 qui
1649 1674 1795 1706 tamen
1818 1662 2047 1706 virtutibus
2069 1674 2238 1717 carent,
2268 1664 2426 1724 quippe

270 1728 327 1772 ad
359 1729 460 1771 istas
491 1744 582 1771 non
615 1744 670 1772 ex
699 1729 930 1774 dilectione
954 1730 1239 1790 applicantur.
1269 1731 1421 1773 Omnis
1445 1730 1563 1773 enim
1582 1730 1740 1783 virtus,
1770 1740 1820 1772 ut
1846 1728 2047 1783 diximus,
2070 1728 2139 1771 vel
2163 1730 2317 1772 caritas
2346 1741 2424 1783 est,

269 1805 316 1837 ut
336 1810 386 1838 ea
409 1810 505 1853 quae
526 1795 725 1838 voluntas
745 1807 822 1851 est,
845 1796 914 1839 vel
937 1812 990 1840 ex
1012 1797 1205 1847 caritate,
1232 1806 1282 1838 ut
1298 1796 1495 1855 potentia
1516 1795 1612 1839 talis
1636 1811 1732 1855 quae
1754 1811 1807 1839 ex
1830 1794 2059 1838 dilectione
2084 1805 2161 1838 est.
2187 1794 2289 1838 Non
2313 1797 2428 1839 enim

269 1860 392 1903 fortis
407 1859 476 1903 vel
498 1860 666 1904 sobrius
687 1862 753 1904 vel
773 1863 911 1918 justus
928 1862 997 1906 vel
1018 1863 1191 1905 humilis
1211 1861 1281 1905 vel
1302 1862 1398 1905 talis
1414 1861 1584 1917 dicitur,
1609 1863 1690 1905 nisi
1712 1878 1842 1922 quem
1859 1861 2012 1904 caritas
2034 1861 2135 1903 facit
2152 1860 2220 1903 vel
2237 1862 2427 1905 sobrium

268 1925 335 1969 vel
355 1925 503 1969 talem.

328 1991 433 2034 Viso
456 1991 510 2035 de
532 1993 689 2036 virtute
713 1993 817 2052 quid
840 1994 909 2047 sit,
926 2010 1042 2037 nunc
1063 1994 1168 2053 quid
1190 1994 1355 2047 vitium,
1374 1993 1478 2053 quid
1497 1994 1550 2036 sit
1569 2004 1810 2052 peccatum,
1836 2007 2018 2052 quaeque
2035 1994 2148 2035 inter
2167 2008 2218 2036 ea
2236 1993 2290 2036 sit
2307 1992 2431 2037 diffe-

269 2057 424 2112 rentia,
449 2057 689 2101 videamus.
724 2061 801 2102 Est
831 2060 962 2119 igitur
983 2060 1137 2102 vitium
1166 2060 1386 2119 corruptio
1418 2071 1584 2102 naturae
1606 2060 1718 2115 talis,
1745 2075 1840 2118 quae
1872 2058 2017 2101 reddit
2037 2059 2262 2102 hominem
2282 2060 2428 2119 impo-

270 2133 435 2167 tentem
448 2124 644 2167 resistere
656 2124 804 2167 illicito
826 2125 981 2179 motui,
1006 2125 1074 2168 vel
1096 2125 1318 2169 nolentem
1341 2127 1494 2185 cuique
1517 2125 1701 2169 reddere
1721 2125 1840 2184 quod
1862 2140 1988 2167 suum
2007 2135 2085 2175 est,
2111 2125 2218 2168 sicut
2237 2125 2428 2168 irascibi-

270 2190 381 2243 litas,
412 2189 600 2244 luxuria,
628 2190 727 2250 gula
752 2202 796 2234 et
822 2202 980 2234 cetera.
1007 2191 1239 2235 Peccatum
1261 2207 1366 2235 vero
1394 2202 1457 2235 est
1477 2191 1587 2235 velle
1614 2191 1761 2244 irasci,
1785 2190 1893 2234 velle
1916 2190 2140 2234 luxuriari.
2166 2191 2279 2234 Hinc
2301 2192 2430 2252 igitur

271 2255 394 2298 facile
415 2255 553 2298 videri
568 2267 725 2315 potest,
750 2257 794 2298 in
818 2257 964 2299 multis
978 2272 1067 2300 esse
1088 2268 1315 2317 peccatum
1330 2258 1422 2300 sine
1437 2257 1541 2300 vitio
1563 2268 1607 2300 et
1625 2258 1777 2300 vitium
1793 2257 1884 2299 sine
1899 2267 2078 2316 peccato
2103 2272 2113 2299 z
2133 2257 2241 2299 sicut
2261 2256 2426 2316 aliquis,

271 2321 345 2381 qui
374 2321 498 2364 facile
525 2321 698 2364 mobilis
728 2333 791 2365 est
813 2322 869 2365 ad
891 2322 1185 2378 irascendum,
1207 2324 1279 2383 qui
1304 2339 1348 2367 se
1376 2323 1421 2366 in
1443 2333 1613 2366 tantum
1637 2322 1828 2377 cohibet,
1853 2321 1972 2381 quod
1999 2323 2044 2365 in
2074 2322 2276 2366 ardorem
2305 2323 2429 2367 malae

272 2387 505 2430 voluntatis
520 2388 566 2430 iu
590 2387 771 2431 alterum
787 2404 879 2431 non
899 2389 1114 2448 irrumpit,
1130 2388 1197 2432 vel
1213 2400 1327 2432 certe
1348 2389 1572 2432 materiam
1588 2388 1894 2432 commovendi
1915 2389 1961 2431 in
1979 2389 2159 2433 alterum
2176 2405 2266 2432 non
2278 2390 2424 2434 habet.

273 2452 397 2496 Idem
432 2452 487 2495 de
518 2453 740 2497 luxurioso
766 2456 1009 2512 conjectare
1036 2455 1151 2499 licet.
1181 2455 1310 2498 Multi
1338 2455 1549 2514 siquidem
1577 2466 1701 2510 sunt,
1732 2455 1807 2514 qui
1833 2470 1933 2497 cum
1958 2456 2086 2514 proni
2114 2466 2212 2498 sunt
2241 2455 2298 2498 ad
2326 2456 2427 2503 hoc.

272 2519 540 2562 voluntatem
559 2530 706 2563 tamen
730 2521 953 2565 cohibent.
978 2521 1108 2565 Unde
1133 2532 1177 2566 et
1197 2522 1371 2579 majoris
1397 2522 1538 2565 meriti
1561 2523 1608 2564 in
1626 2533 1798 2564 tantum
1820 2536 1910 2564 esse
1933 2521 2286 2580 deprehenditur,
2311 2523 2430 2580 quod

273 2586 455 2629 victores
488 2590 534 2628 in
555 2585 670 2628 lucta
703 2587 963 2630 efficiuntur.
997 2589 1107 2631 Sunt
1133 2589 1264 2631 etiam
1297 2588 1390 2645 alii,
1426 2588 1500 2647 qui
1529 2603 1630 2631 cum
1658 2588 1883 2630 materiam
1915 2588 2101 2630 exterius
2135 2587 2192 2630 ad
2224 2588 2309 2630 hoc
2339 2604 2428 2631 non

273 2652 461 2705 habent,
496 2652 574 2694 etsi
597 2651 653 2694 ad
674 2653 760 2695 hoc
783 2653 1036 2697 naturaliter
1065 2655 1194 2713 proni
1221 2664 1340 2707 sunt,
1366 2670 1457 2697 non
1481 2665 1627 2697 tamen
1651 2653 1708 2696 ad
1735 2654 1820 2696 hoc
1842 2664 2086 2707 moventur,
2109 2664 2158 2695 ut
2187 2664 2286 2696 sunt
2307 2654 2431 2696 multi

276 2716 331 2759 de
353 2716 649 2760 claustralibus
673 2718 796 2771 viris,
829 2718 883 2761 de
906 2719 1103 2762 solitariis
1132 2731 1176 2763 et
1202 2719 1477 2775 hujusmodi.
1506 2720 1574 2762 Sic
1597 2735 1769 2778 quoque
1796 2719 1841 2760 in
1870 2719 2021 2761 ceteris
2043 2719 2166 2761 facile
2194 2730 2258 2762 est
2284 2721 2430 2763 consi-

277 2781 444 2825 derare.
478 2783 553 2825 Est
579 2795 623 2826 et
653 2795 881 2843 peccatum
902 2785 947 2827 in
970 2785 1112 2844 aliquo
1137 2786 1227 2828 sine
1249 2785 1354 2828 vitio
1369 2818 1380 2839 ,
1414 2795 1464 2827 ut
1491 2786 1536 2827 in
1564 2801 1617 2828 eo
1646 2786 1720 2843 qui
1740 2786 1867 2842 hujus
1889 2785 1956 2828 vel
1978 2783 2089 2827 illius
2110 2786 2318 2844 potentiae
2339 2802 2431 2829 non

277 2859 354 2902 est,
393 2847 534 2907 aliqua
560 2859 706 2891 tamen
739 2849 893 2909 grandi
924 2866 1051 2893 causa
1077 2851 1390 2894 interveniente
1419 2851 1475 2894 ad
1504 2851 1612 2893 iram
1639 2851 1709 2893 vel
1735 2851 2002 2894 iracundiam
2026 2862 2337 2895 commovetur.
2363 2853 2431 2897 Sic

278 2914 407 2973 igitur
424 2914 524 2955 vitia
547 2914 592 2957 in
622 2926 787 2958 naturae
815 2917 1109 2975 corruptione,
1135 2927 1313 2977 peccata
1333 2932 1436 2959 vero
1461 2917 1507 2958 in
1529 2916 1750 2959 voluntate
1774 2917 2026 2971 consistunt,
2057 2933 2106 2960 ac
2127 2933 2203 2977 per
2224 2919 2309 2962 hoc
2330 2921 2433 2963 vitia

279 2995 333 3022 ex
355 2980 543 3022 maxima
566 2991 687 3040 parte
710 2997 760 3024 ex
793 2981 1091 3041 complexione
1120 2983 1196 3025 tali
1216 2982 1284 3026 vel
1314 2982 1390 3025 tali
1412 2982 1576 3025 habent
1597 2983 1751 3026 inesse.
1775 2983 1905 3026 Unde
1934 2994 1978 3026 et
1999 2983 2185 3027 carnalia
2208 2997 2431 3030 vocantur.

279 3045 387 3087 Sunt
415 3045 530 3088 enim
558 3047 774 3105 quaedam,
801 3064 897 3107 quae
926 3059 1094 3091 tantum
1123 3050 1277 3092 animae
1300 3059 1415 3102 sunt,
1445 3060 1494 3092 ut
1515 3049 1730 3108 superbia,
1755 3049 1917 3092 invidia
1948 3060 1991 3092 et
2014 3061 2172 3094 cetera.
2205 3050 2435 3095 Peccatum

280 3110 386 3154 nihil
406 3122 469 3154 est
483 3111 616 3167 aliud,
637 3129 767 3172 quam
783 3115 873 3174 ipsa
896 3114 1039 3174 culpa,
1067 3130 1180 3173 quae,
1205 3127 1254 3158 ut
1276 3115 1541 3158 ostendimus
1562 3115 1607 3157 in
1629 3115 1788 3170 multis,
1821 3116 1910 3159 sine
1931 3116 2037 3158 vitio
2058 3127 2201 3176 potest
2222 3132 2328 3161 esse.
2360 3120 2436 3161 Est

283 3183 427 3220 autem
453 3177 578 3238 culpa
606 3179 713 3222 nihil
739 3179 872 3233 aliud,
899 3195 1029 3239 quam
1056 3192 1297 3224 contemtus
1321 3182 1546 3236 creatoris,
1574 3181 1693 3241 quod
1716 3192 1794 3236 est,
1827 3180 1933 3224 dum
1961 3181 2030 3224 vel
2056 3182 2254 3226 volumus
2288 3196 2436 3226 contra

283 3243 605 3299 conscientiam,
630 3245 751 3304 quod
772 3246 813 3289 ei
836 3245 1058 3305 displicere
1081 3248 1237 3291 scimus
1260 3259 1305 3291 et
1327 3247 1382 3290 ab
1405 3263 1459 3291 eo
1485 3263 1575 3291 esse
1597 3248 1883 3308 prohibitum,
1907 3247 1976 3291 vel
1999 3247 2200 3292 nolumus
2214 3282 2225 3301 ,
2256 3250 2375 3308 quod
2398 3251 2436 3292 ei

285 3308 440 3351 scimus
461 3309 631 3369 placere
661 3322 703 3355 et
733 3312 787 3355 ab
820 3327 872 3355 eo
897 3327 986 3356 esse
1013 3325 1293 3374 praeceptum.
1317 3313 1447 3357 Unde
1477 3329 1559 3358 nec
1585 3314 1630 3356 in
1651 3314 1794 3373 pueris
1825 3329 1905 3357 nec
1936 3315 1981 3357 in
2006 3315 2258 3358 naturaliter
2285 3315 2435 3368 stultis,
