2638 3866
926 234 1269 284 THEOLOGIA
1315 236 1684 286 CHR18T1ANA.
2288 243 2383 292 425

234 336 432 406 pallium
457 346 505 385 et
526 335 761 384 annulum
777 351 924 383 manu
949 353 1034 384 sua
1058 337 1237 384 factum
1263 336 1491 402 gloriatus
1514 349 1601 387 est.
1627 341 1819 397 Quanta
1832 349 1993 388 autem
2018 341 2191 390 animis
2215 360 2384 391 eorum

236 418 470 468 fortitudo
494 418 665 479 inerat,
697 427 743 465 et
766 426 974 482 quantus
999 418 1293 466 castimoniae
1316 435 1470 482 amor,
1498 436 1657 484 neque
1680 420 1777 467 hoc
1803 422 1952 469 sancti
1975 422 2201 472 doctores
2226 435 2387 473 tacue-

234 510 363 548 runt.
398 499 538 547 Unde
559 500 804 546 Socratem
829 514 982 562 usque
1014 497 1071 545 ad
1100 509 1305 547 mortem
1330 500 1377 547 in
1403 501 1704 549 correctione
1729 501 1983 550 stultorum
2016 521 2071 552 ac
2099 505 2384 554 vitiosorum

232 580 509 645 perstitisse,
549 589 595 628 et
626 595 716 646 pro
741 578 952 626 veritatis
978 580 1235 627 assertione
1266 581 1403 644 quasi
1439 591 1698 647 martyrem
1734 591 1782 629 et
1814 592 1997 630 certum
2023 585 2084 633 de
2108 603 2384 635 remunera-

233 661 365 709 tione
397 660 698 723 occubuisse,
734 670 830 708 tam
864 659 1015 707 divini
1040 676 1186 725 quam
1221 662 1468 710 saeculares
1498 673 1887 711 commemorant
1910 664 2119 714 codices.
2160 668 2282 715 Hinc
2315 679 2384 716 est

233 740 352 789 illud
376 742 553 790 Valerii
582 740 798 789 Maximi¹
826 759 837 789 ε
872 762 894 784 ι(
915 742 1159 789 Socratem
1190 741 1562 803 damnaverunt,
1600 745 1682 809 qui
1712 760 1888 791 novam
1923 744 2204 810 religionem
2236 749 2386 796 intro-

233 822 410 871 ducere
436 822 745 870 videbatur.»
766 824 884 880 Quae
905 838 1020 870 vero
1042 821 1143 870 haee
1166 839 1295 871 nova
1318 824 1482 889 religio
1506 835 1653 884 esset,
1677 824 1738 872 de
1762 826 2186 876 commendatione
2210 829 2386 877 scilicet

232 903 465 951 virtutum
494 913 541 951 et
577 902 952 970 reprehensione
986 903 1237 964 vitiorum,
1276 921 1389 952 cum
1423 906 1472 952 in
1508 906 1675 953 ethicis
1695 906 1802 958 suis
1840 923 2000 954 mores
2027 907 2283 957 hominum
2323 911 2383 958 ad

231 982 533 1032 honestatem
557 984 865 1045 informaret,
894 987 945 1031 B.
976 985 1265 1048 Augustinus
1293 985 1342 1032 in
1370 989 1471 1032 Vlll
1501 986 1560 1033 de
1587 988 1788 1034 Ciuitate
1811 989 1905 1034 Dei
1929 989 2130 1054 exponit
2155 989 2347 1038 dicens¹
2370 1010 2379 1038 ε

236 1066 471 1114 «Constat
493 1083 607 1114 eum
629 1066 965 1132 imperitorum
988 1065 1235 1114 stultitiam
1255 1067 1374 1114 scire
1398 1084 1447 1114 se
1473 1067 1655 1132 aliquid
1676 1067 1999 1133 opinantium,
2028 1070 2172 1117 etiam
2198 1071 2246 1117 in
2271 1071 2385 1136 ipsis

232 1145 496 1194 moralibus
518 1146 881 1212 quaestionibus,
912 1146 1074 1213 lepore
1101 1147 1310 1195 mirabili
1326 1158 1372 1195 et
1396 1148 1670 1195 acutissima
1696 1148 1968 1197 urbanitate
1994 1151 2211 1214 agitasse.
2246 1152 2384 1199 Unde

231 1235 279 1274 et
295 1228 545 1276 concitatis
568 1228 829 1276 inimicitiis
849 1228 1147 1277 calumniosa
1163 1228 1502 1276 criminatione
1526 1229 1806 1289 damnatuS,
1833 1240 1990 1278 morte
2013 1231 2268 1279 mulctatus
2293 1244 2379 1280 est.

231 1307 325 1355 Sed
353 1325 464 1356 eum
496 1319 664 1375 postea
697 1309 775 1357 illa
802 1310 903 1375 ipsa
933 1326 1038 1375 quoe
1061 1309 1255 1375 publice
1279 1309 1592 1357 damnaverat
1612 1310 1977 1358 Atheniensium
2002 1312 2168 1359 civitas
2191 1311 2384 1377 publice

231 1387 369 1452 luxit,
407 1390 456 1437 in
489 1390 616 1439 duos
653 1401 955 1440 accusatores
993 1391 1094 1455 ejus
1130 1407 1281 1456 usque
1319 1390 1443 1439 adeo
1479 1390 1649 1456 populi
1688 1392 2020 1455 indignatione
2053 1409 2302 1452 conversa,
2333 1403 2384 1441 ut

232 1486 358 1518 unus
379 1488 550 1519 eorum
572 1489 829 1538 oppressus
851 1473 899 1520 vi
920 1472 1242 1520 multitudinis
1264 1472 1499 1533 interiret,
1527 1472 1670 1520 exilio
1683 1472 1801 1520 alter
1823 1473 2097 1521 voluntario
2111 1484 2256 1539 atque
2275 1490 2385 1540 per-

230 1560 378 1616 petuo
410 1570 605 1618 poenam
638 1553 842 1601 similem
872 1553 1113 1602 evaderet.
1146 1557 1261 1601 Tam
1292 1553 1521 1618 praeclara
1553 1553 1697 1617 igitur
1719 1554 1827 1601 vitae
1855 1555 2119 1619 mortisque
2144 1555 2270 1603 fama
2299 1556 2388 1603 So-

229 1641 384 1680 crates
414 1633 605 1699 reliquit
634 1634 870 1700 plurimos
896 1652 991 1683 suae
1023 1634 1344 1701 philosophiae
1370 1643 1646 1694 sectatores,
1681 1651 1894 1699 quorum
1927 1635 2145 1683 certatim
2169 1635 2384 1683 studium

230 1712 319 1760 fuit
341 1713 390 1760 in
415 1715 735 1778 quaestionum
759 1716 1018 1764 moralium
1041 1716 1390 1782 disceptatione
1414 1715 1611 1777 versari,
1641 1714 1726 1762 ubi
1748 1716 1904 1779 agitur
1926 1715 1988 1763 de
2011 1733 2204 1763 summo
2226 1715 2381 1779 bono,

228 1793 332 1842 sine
357 1811 456 1859 quo
482 1794 584 1843 fieri
603 1794 772 1844 beatus
791 1797 952 1844 nullus
975 1801 1175 1864 potest³.
1198 1818 1221 1840 n
1250 1799 1303 1843 In
1332 1796 1505 1844 eodem
1521 1812 1718 1861 quoque
1740 1795 1886 1844 refert
1900 1796 2157 1862 praedictus
2173 1806 2381 1858 sanctus,

227 1873 360 1938 quod
397 1892 448 1923 se
480 1875 650 1940 legisse
691 1876 864 1925 dixerit
897 1881 951 1925 A.
981 1877 1204 1938 Gellius³,
1228 1877 1326 1926 hoc
1348 1878 1519 1925 Stoicis
1555 1878 1790 1943 placuisse
1814 1877 1876 1925 de
1900 1877 2069 1926 subitis
2096 1878 2247 1926 animi
2271 1895 2382 1943 per-

228 1954 587 2005 turbationibus
626 1974 684 2005 ex
721 1958 897 2006 timore
932 1959 1348 2025 provenientibus,
1389 1958 1522 2024 quod
1556 1976 1668 2006 cum
1703 1976 1756 2007 ex
1796 1958 2088 2007 terribilibus
2122 1958 2264 2007 rebus
2305 1975 2386 2007 ve-

227 2039 379 2102 niant,
419 2058 613 2089 necesse
647 2052 719 2090 est
756 2052 808 2090 ut
843 2045 988 2092 etiam
1020 2044 1248 2110 sapientis
1283 2043 1503 2092 animum
1540 2052 1792 2103 moveant3
1827 2044 1891 2090 ita
1929 2052 1982 2090 ut
2013 2059 2275 2108 parumper
2310 2043 2383 2090 vel

226 2127 451 2186 pavescat
484 2122 562 2170 vel
595 2124 921 2172 contristetur.
956 2128 1061 2172 Hoc
1084 2135 1246 2172 tamen
1280 2125 1508 2171 interesse
1538 2132 1735 2171 censent
1757 2124 1882 2170 inter
1913 2124 2130 2170 animum
2157 2123 2383 2188 sapientis

227 2211 273 2249 et
296 2202 445 2265 stulti,
473 2203 608 2268 quod
636 2205 770 2252 stulti
791 2206 982 2253 animus
1005 2205 1187 2253 eisdem
1211 2203 1518 2270 passionibus
1541 2203 1668 2251 cedit
1690 2213 1836 2268 atque
1864 2203 2203 2251 accommodat
2225 2219 2384 2251 assen-

227 2298 335 2329 sum
364 2301 375 2329 ε
403 2284 632 2349 sapientis
657 2295 835 2346 autem,
861 2286 1082 2351 quamvis
1118 2302 1202 2333 eos
1234 2285 1514 2332 necessitate
1543 2285 1770 2350 patiatur,
1805 2285 1979 2332 retinet
2014 2293 2176 2332 tamen
2215 2283 2277 2331 de
2309 2283 2384 2331 his

226 2379 333 2427 quae
372 2375 601 2431 appetere
638 2365 715 2414 vel
755 2366 917 2431 fugere
953 2366 1304 2415 rationabiliter
1342 2365 1517 2427 debet,
1561 2382 1724 2413 veram
1759 2374 1806 2412 et
1843 2364 2062 2412 stabilem
2098 2365 2385 2412 inconcussa

226 2454 389 2492 mente
409 2447 716 2495 sententiam.
743 2448 864 2506 Quis
886 2447 1018 2496 illam
1042 2447 1271 2513 Diogenis
1296 2446 1619 2495 constantiam
1641 2455 1786 2511 atque
1815 2446 1965 2494 animi
1995 2445 2146 2493 robur
2169 2446 2384 2493 invictis-

225 2525 404 2573 simum
434 2528 641 2577 maxima
678 2529 999 2577 admiratione
1030 2546 1132 2577 non
1164 2529 1385 2594 excipiat,
1425 2528 1509 2593 qui
1545 2537 1701 2575 morte
1729 2528 1890 2592 potius
1924 2526 2079 2574 febres
2108 2525 2379 2586 excludere,

225 2621 372 2669 quam
408 2625 488 2656 eas
522 2609 613 2657 sibi
645 2610 890 2658 dominari
927 2611 1137 2675 elegerit,
1173 2619 1221 2658 et
1253 2627 1305 2658 se
1343 2609 1493 2674 magis
1521 2607 1809 2656 infirmitatis
1845 2608 2106 2666 victorem,
2143 2623 2293 2671 quam
2323 2606 2384 2653 ab

224 2703 282 2734 ea
312 2688 496 2736 victum
533 2690 809 2740 custodire?
835 2691 975 2739 Unde
1009 2701 1055 2739 et
1079 2692 1403 2755 Hieronymus
1436 2689 1486 2736 in
1524 2688 1741 2736 secundo
1767 2690 1948 2735 Contra
1970 2688 2282 2735 Jovc'm’anum
2322 2685 2384 2734 de

216 2766 329 2830 ‘ejus
363 2785 577 2834 quoque,
607 2772 1001 2836 magnanimitate
1033 2771 1224 2836 adjecit,
1251 2770 1417 2818 dicens
1440 2769 1540 2817 sive
1565 2786 1619 2816 ex
1647 2785 1733 2817 sua
1756 2769 1855 2815 sive
1884 2785 1940 2815 ex
1964 2767 2119 2832 Satyri
2143 2781 2350 2832 persona
2367 2803 2379 2827 ,

285 2917 298 2933 ·
324 2905 616 2966 Hieronymus
639 2908 695 2951 ad
726 2907 1015 2952 Heliodorum
1043 2909 1089 2950 in
1119 2906 1351 2967 Epitaphio
1373 2904 1631 2966 Nepotiani*
1660 2921 1670 2949 z
1704 2926 1720 2943 α
1741 2906 1908 2949 Xerxes
1931 2904 2004 2948 ille
2034 2904 2379 2964 potentissimus,

225 2970 299 3028 qui
337 2970 546 3014 subvertit
579 2983 765 3028 montes,
802 2974 938 3016 maria
972 2973 1224 3025 constravit,
1260 2988 1362 3016 cum
1395 2971 1450 3016 de
1485 2972 1658 3015 sublimi
1691 2971 1791 3015 loco
1821 2969 2184 3014 innumerabilem
2218 2970 2385 3015 videret

227 3036 482 3091 exercitum,
508 3036 671 3083 flevisse
695 3038 867 3094 dicitur,
890 3038 1008 3099 quod
1022 3049 1121 3099 post
1136 3049 1310 3083 centum
1334 3053 1471 3082 annos
1492 3037 1635 3081 nullus
1656 3053 1807 3081 eorum
1826 3052 1935 3097 quos
1956 3046 2060 3080 tunc
2082 3036 2287 3080 cernebat
2307 3052 2382 3081 su-

227 3102 473 3161 perfuturus
493 3114 620 3147 esset.
637 3125 653 3143 »

274 3305 281 3321 ·
308 3300 413 3335 Valer.
446 3304 531 3339 Max.
560 3304 593 3347 Ι,
622 3315 695 3348 oep.
723 3315 747 3340 ι.
782 3324 818 3331 --
859 3309 870 3327 ²
890 3308 962 3342 Lib.
989 3308 1082 3349 vni.
1109 3317 1181 3351 cap.
1204 3317 1253 3343 ιιι.
1282 3324 1325 3334 -
1361 3309 1374 3332 ¹
1391 3308 1489 3350 Aug„
1516 3308 1557 3342 de
1584 3307 1687 3341 Civit.
1719 3306 1795 3348 Dei,
1821 3306 1879 3340 lib.
1905 3304 1961 3347 lx,
1992 3315 2063 3347 cap.
2090 3314 2133 3338 iv.
2165 3321 2208 3329 —
2228 3306 2248 3351 ι’
2273 3304 2381 3346 Epist.

229 3363 339 3389 xxxvi.

393 3431 422 3455 ιι
2171 3420 2221 3457 51·
