2638 3866
803 195 1198 246 INTRODUCTIO
1237 198 1315 247 AD
1347 197 1755 247 THEOLOGIAM.
2261 200 2353 249 ⁴47

211 294 408 359 quidem
419 311 606 360 verum,
623 298 662 345 si
681 296 806 346 istud
826 296 999 346 «aliter
1016 314 1160 363 quam
1177 301 1308 347 Deus
1321 297 1547 366 providit,
1558 317 1581 343 »
1595 298 1855 348 referamus
1868 297 1927 348 ad
1940 298 2166 364 possibile
2171 320 2190 358 ;
2207 299 2353 348 alium

212 374 404 438 falsum,
443 378 482 424 si
510 377 572 426 ad
596 379 783 426 evenire
818 378 1187 443 conjungamus.
1228 380 1276 428 Si
1314 379 1444 428 enim
1482 378 1700 428 dicamus
1728 380 1840 445 quia
1870 396 1972 428 rem
1995 380 2187 428 evenire
2221 380 2358 429 aliter

212 471 357 519 quam
383 460 514 506 Deus
537 458 772 525 providit,
797 458 894 508 1100
916 468 1072 507 totum
1099 469 1170 508 est
1191 460 1442 527 possibile,
1476 459 1649 509 falsum
1679 470 1775 522 est3
1813 461 1935 509 sicut
1957 470 2005 510 et
2038 477 2141 510 rem
2164 462 2356 510 evenire

211 536 347 584 aliter
370 555 515 604 quam
539 541 721 602 evenit,
749 538 846 588 1100
870 548 1024 587 totum
1050 540 1331 602 falsumest.
1357 541 1406 590 Si
1427 557 1544 590 vero
1570 540 1637 589 ita
1658 539 1899 601 dicamus,
1929 541 2060 606 quod
2081 541 2199 590 illud
2223 543 2354 608 quod

212 619 372 666 evenit
399 629 470 667 est
491 619 719 687 possibile
751 620 888 669 aliter
915 638 1063 687 quam
1093 624 1224 669 Deus
1261 620 1473 687 providit
1492 620 1568 670 vel
1595 638 1742 686 quam
1778 622 1964 684 evenit,
2001 621 2097 671 hoc
2133 632 2231 685 est,
2262 623 2356 672 alio

212 698 362 746 modo
382 716 528 765 quam
551 703 680 749 Deus
697 700 866 749 habuit
887 701 936 749 in
953 718 1038 750 sua
1060 701 1390 768 providentia,
1419 701 1496 750 vel
1519 718 1665 767 quam
1689 702 1923 763 evenerit,
1949 703 2165 768 profecto
2189 720 2357 752 verum

212 788 312 840 est,
340 779 426 828 sed
449 781 515 829 nil
540 781 600 830 ad
623 781 950 848 supradictam
971 782 1211 847 regulam,
1242 798 1354 830 cum
1390 782 1608 831 videlicet
1634 781 1861 847 possibile
1898 798 1998 830 non
2034 782 2267 832 referatur
2296 784 2357 832 ad

212 868 367 907 totum
389 862 677 910 antecedens
699 863 950 929 praemissae
979 862 1334 928 consequentiae
1353 862 1479 911 illius
1501 880 1511 910 z
1537 863 1586 910 Si
1614 879 1690 910 res
1717 862 1877 910 evenit
1901 861 2037 911 aliter
2056 879 2202 928 quam
2230 867 2358 912 Deus

214 940 450 1003 providit,
475 945 606 991 Deus
628 943 822 992 fallitur.
848 944 928 991 Sin
951 953 1114 992 autem
1141 943 1229 991 toti
1247 943 1514 1009 applicetur
1536 941 1839 992 antecedenti
1852 943 2080 1008 possibile
2095 981 2107 1002 ‚
2129 953 2182 991 ut
2202 961 2359 1010 supra-

212 1033 477 1071 memorata
503 1024 664 1090 regula
686 1034 916 1086 servetur,
943 1025 1113 1073 falsum
1138 1034 1226 1087 est,
1250 1034 1303 1072 ut
1318 1023 1545 1087 diximus,
1565 1023 1699 1090 quod
1722 1023 1949 1091 possibile
1972 1025 2031 1072 sit
2052 1024 2149 1073 hoc
2170 1033 2325 1073 totum
2343 1062 2354 1084 ‚

211 1100 344 1166 quod
377 1120 452 1152 res
479 1106 640 1153 evenit
669 1105 806 1154 aliter
830 1122 979 1172 quam
1012 1106 1188 1154 evenit.
1221 1104 1362 1153 Unde
1392 1122 1505 1154 cum
1533 1104 1629 1153 hoc
1660 1104 1934 1153 nullatenus
1956 1104 2154 1171 probari
2179 1106 2355 1171 possit,

212 1198 518 1250 nequaquam
546 1187 758 1252 recipere
777 1187 997 1251 cogimur
1016 1186 1151 1251 quod
1174 1184 1402 1252 possibile
1424 1186 1486 1234 sit
1508 1188 1666 1233 Deum
1680 1185 1794 1233 falli.
1814 1187 1935 1233 Sunt
1957 1194 2005 1233 et
2025 1186 2109 1251 qui
2133 1185 2362 1250 objiciant

210 1263 342 1327 quod
364 1265 474 1314 licet
492 1266 718 1332 possibile
742 1267 803 1315 sit
824 1284 900 1315 res
921 1266 1059 1315 aliter
1078 1267 1271 1315 evenire
1290 1282 1438 1332 quam
1460 1269 1589 1314 Deus
1611 1265 1849 1332 providit,
1877 1274 2038 1315 tamen
2064 1275 2248 1314 certum
2270 1276 2356 1323 est,

210 1343 458 1408 inquiunt,
480 1348 593 1412 quia
628 1365 729 1396 non
767 1349 989 1397 evenient
1010 1347 1168 1407 aliter,
1202 1346 1286 1395 sed
1315 1348 1481 1395 omnia
1512 1347 1576 1394 ita
1613 1346 1860 1413 sicutipse
1885 1346 2125 1413 providit,
2153 1364 2242 1396 nec
2262 1348 2359 1395 ullo

208 1438 323 1472 casu
341 1424 745 1476 disturbabuntur
767 1429 883 1494 quin
907 1429 974 1476 ita
992 1428 1232 1476 eveniant.
1259 1430 1381 1475 Cum
1401 1443 1516 1493 ergo
1533 1463 1546 1488 ‚
1575 1427 1736 1486 aiunt,
1764 1443 1877 1474 eum
1905 1428 1989 1492 qui
2017 1427 2275 1476 salvandus
2292 1438 2361 1476 est

208 1506 534 1569 providitesse
552 1508 837 1557 salvandum
851 1547 863 1571 ‚
881 1508 957 1557 vel
972 1509 1019 1557 id
1039 1508 1173 1574 quod
1190 1508 1405 1557 futurum
1420 1517 1491 1556 est
1510 1507 1770 1574 providerit
1792 1520 1894 1556 esse
1917 1507 2132 1556 futurum
2144 1546 2156 1569 ‚
2175 1525 2262 1556 cur
2275 1509 2362 1556 ali·

210 1601 307 1648 qua
325 1585 447 1635 fiunt
467 1605 493 1636 a
516 1588 658 1637 nobis
680 1599 730 1636 ut
753 1590 820 1638 ita
839 1589 1090 1650 eveniant,
1121 1606 1227 1654 quae
1250 1577 1441 1637 constat
1460 1588 1734 1636 nullatenus
1757 1588 1982 1653 impediri
2007 1588 2080 1635 vel
2105 1588 2361 1636 disturbari

210 1683 375 1730 posse,
405 1678 459 1715 ut
482 1668 667 1718 dictum
691 1670 798 1718 est?
829 1669 924 1718 Sed
948 1670 1167 1736 profecto
1198 1670 1248 1718 id
1271 1679 1399 1718 recte
1425 1668 1709 1734 objicerent,
1731 1669 1769 1715 51
1796 1678 1994 1734 possent
2016 1668 2175 1716 dicere
2206 1671 2362 1717 Deum

210 1745 311 1794 haec
332 1748 396 1795 ita
420 1750 687 1814 providisse
711 1760 788 1810 ut,
812 1750 1052 1816 quidquid
1074 1750 1362 1812 faceremus,
1384 1751 1451 1798 ita
1476 1758 1640 1797 tamen
1664 1757 1718 1796 ut
1738 1749 1988 1814 provisum
2004 1759 2072 1797 est
2097 1750 2359 1797 evenirent.

210 1827 352 1875 Verbi
388 1830 565 1894 gratia,
592 1830 630 1877 si
653 1830 718 1878 ita
743 1830 1031 1896 providisset
1059 1831 1269 1896 aliquem
1305 1830 1587 1879 salvandum
1605 1866 1619 1891 ,
1656 1838 1740 1891 ut,
1766 1829 1865 1877 sive
1897 1829 2022 1877 bene
2044 1839 2233 1893 ageret,
2267 1830 2364 1877 sive

209 1907 334 1956 male
350 1946 364 1971 ‚
385 1918 545 1958 tamen
570 1910 848 1973 salvaretur,
868 1910 1042 1959 frustra
1063 1912 1143 1960 ille
1161 1928 1327 1960 revera
1352 1919 1634 1978 operaretur
1649 1926 1737 1975 per
1759 1926 1866 1975 quae
1888 1910 2059 1958 salvari
2084 1910 2360 1958 intenderit.

210 1990 269 2035 At
291 2005 408 2038 vero
431 1989 544 2039 cum
565 1993 694 2040 Deus
716 2009 817 2040 non
841 1991 999 2040 solum
1023 2009 1137 2040 eum
1158 1992 1354 2054 salvari,
1381 2008 1551 2040 verum
1570 1991 1713 2039 etiam
1736 2006 1823 2057 per
1842 2007 1948 2056 quae
1972 1991 2234 2039 salvaretur
2253 2009 2365 2057 pro-

209 2068 397 2133 viderit,
423 2080 520 2119 tam
544 2072 742 2121 salvatio
766 2072 916 2139 ipsius
932 2089 1081 2138 quam
1097 2089 1246 2139 opera
1266 2073 1314 2120 in
1340 2072 1502 2121 divina
1523 2072 1714 2119 fuerunt
1732 2071 2054 2136 providentia,
2081 2089 2136 2120 00
2159 2088 2247 2136 per
2269 2072 2364 2120 hoc

210 2165 403 2199 necesse
431 2161 503 2200 est
529 2163 598 2213 ut,
623 2153 759 2218 juxta
781 2152 909 2202 11000
932 2154 1020 2202 Dei
1043 2152 1419 2220 providentiam,
1440 2168 1591 2219 opera
1612 2168 1811 2218 quoque
1841 2152 2116 2218 praecedant
2141 2168 2227 2218 per
2258 2169 2364 2217 quae

210 2231 464 2281 salvemur.
491 2234 626 2282 Sicut
646 2245 808 2283 autem
842 2234 1083 2302 quidquid
1116 2234 1328 2301 providit
1357 2237 1511 2294 Deus,
1540 2242 1730 2283 constat
1753 2232 1974 2295 evenire,
2003 2249 2092 2281 nec
2130 2231 2365 2281 ullatenus

212 2310 498 2374 disturbari,
529 2331 586 2363 ac
606 2332 694 2381 per
714 2315 812 2363 hoc
834 2315 1005 2364 frustra
1025 2314 1267 2382 quoslibet
1288 2315 1375 2363 niti
1393 2315 1443 2363 in
1462 2312 1645 2380 aliquid
1666 2330 1730 2362 ne
1754 2313 1960 2374 eveniat,
1982 2313 2117 2379 quod
2134 2313 2184 2360 in
2202 2312 2364 2361 divina

211 2391 458 2456 praefixum
477 2404 548 2442 est
564 2395 868 2461 providentia
885 2415 896 2456 ;
918 2395 984 2444 ita
1006 2412 1033 2444 e
1060 2396 1304 2445 contrario
1324 2394 1499 2444 frustra
1520 2393 1721 2460 quilibet
1741 2394 1962 2442 nituntur
1984 2402 2037 2441 ut
2054 2393 2235 2458 aliquid
2255 2410 2364 2441 eve-

212 2473 310 2520 niat
327 2474 461 2539 quod
481 2478 610 2524 Deus
635 2493 738 2524 non
767 2475 982 2543 providit
998 2513 1011 2537 ,
1037 2485 1086 2525 et
1103 2493 1204 2525 non
1228 2475 1387 2524 solum
1405 2476 1497 2539 1111,
1523 2492 1692 2524 verum
1721 2475 1865 2524 etiam
1900 2474 1979 2523 isti
2013 2490 2154 2538 agere
2174 2474 2362 2521 irratio-

212 2553 434 2603 nabiliter
452 2555 678 2604 videntur
695 2593 708 2618 ‚
730 2557 844 2605 falsa
863 2557 1216 2606 existimatione
1238 2555 1443 2623 decepti.
1471 2555 1619 2614 Quod
1641 2555 1771 2603 enim
1806 2554 1914 2620 quis
1949 2570 2007 2602 ea
2031 2554 2093 2602 de
2126 2569 2272 2601 causa
2292 2554 2364 2601 vel

212 2635 480 2683 intentione
499 2636 642 2697 facit,
666 2647 720 2685 ut
742 2637 874 2687 aliud
906 2637 1021 2686 inde
1049 2637 1266 2699 eveniat,
1286 2636 1324 2684 si
1348 2635 1466 2684 illud
1496 2635 1610 2684 inde
1630 2652 1731 2683 non
1754 2644 1824 2683 est
1846 2643 2149 2695 eventurum,
2179 2650 2364 2699 nequa-

214 2730 362 2778 quam
385 2715 589 2781 provide
624 2717 694 2778 fit,
721 2718 805 2767 sed
836 2718 988 2784 magis
1006 2718 1279 2779 indiscrete,
1309 2732 1420 2764 cum
1442 2715 1561 2764 illud
1587 2723 1782 2781 propter
1808 2714 1904 2762 1100
1924 2729 2232 2778 nequaquam
2267 2717 2364 2780 geri

214 2797 488 2856 conveniat,
508 2806 555 2844 et
571 2807 701 2846 recta
723 2799 930 2847 intentio
954 2816 1054 2847 non
1078 2799 1138 2847 sit
1156 2813 1303 2863 quam
1325 2795 1548 2861 deceptio
1569 2795 1743 2843 mentis
1760 2794 2035 2851 comitatur,
2059 2794 2108 2842 in
2124 2794 2201 2842 his
2222 2795 2364 2842 etiam

214 2892 320 2941 quae
345 2877 425 2942 pia
445 2876 705 2927 devotione
722 2878 860 2927 fiunt.
888 2879 1035 2927 Verbi
1052 2879 1225 2943 gratia,
1253 2885 1325 2925 est
1352 2875 1522 2941 aliquis
1540 2875 1625 2940 qui
1645 2873 1936 2941 pauperibus
1952 2874 2213 2940 providens
2236 2892 2363 2939 quae-

215 2956 328 3004 dam
351 2967 603 3023 praeparat,
619 2967 674 3006 ut
692 2959 760 3007 eis
781 2959 895 3008 inde
916 2959 1183 3008 necessaria
1196 2957 1456 3016 ministret3
1476 2954 1560 3003 sed
1582 2955 1746 3020 aliquo
1768 2971 1880 3003 casu
1900 2964 2183 3020 praeventus,
2207 2956 2366 3021 perdit

214 3036 292 3084 1110
309 3075 321 3099 ,
349 3054 438 3086 1100
469 3038 572 3103 ejus
598 3039 794 3088 devotio
824 3055 970 3106 quem
991 3037 1272 3088 intendebat
1291 3037 1515 3086 effectum
1534 3035 1865 3102 consequitur.
1892 3035 2138 3101 Numquid
2157 3036 2238 3083 hic
2266 3036 2365 3099 ejus

216 3128 472 3183 apparatus
494 3129 694 3186 propter
711 3121 987 3169 alimoniam
1011 3136 1281 3187 pauperum
1313 3119 1483 3179 factus,
1508 3115 1806 3166 rationabilis
1823 3126 1894 3165 est
1915 3116 2170 3176 dicendus,
2196 3126 2242 3164 et
2264 3133 2362 3164 non

220 3199 368 3262 magis
384 3216 474 3265 pro
493 3200 629 3249 nullo
645 3211 719 3250 est
735 3200 988 3250 habendus
1002 3238 1014 3261 ‚
1041 3218 1153 3249 011111
1177 3199 1397 3249 videlicet
1415 3214 1506 3265 pro
1526 3214 1586 3247 eo
1608 3197 1743 3247 fieret
1758 3214 1848 3264 pro
1866 3213 1966 3262 quo
1989 3213 2089 3245 non
2112 3195 2364 3262 oportebat

220 3279 376 3343 ipsum
402 3280 530 3343 fieri,
554 3290 609 3330 ut
638 3282 791 3347 magis
825 3282 1096 3348 superfluus
1119 3298 1267 3347 quam
1301 3278 1598 3329 necessarius
1625 3277 1800 3327 debeat
1834 3273 2101 3343 appellari?
2136 3276 2365 3334 Quamvis
