2638 3866
836 219 896 268 ΙΝ
929 217 1264 266 EPISTOLAM
1297 220 1379 267 AD
1416 220 1718 270 ROMANOS.
2259 220 2358 268 233

202 322 359 384 nobis,
375 340 399 367 »
425 321 657 386 quoniam
682 318 859 368 scilicet
879 318 970 366 Dei
996 336 1020 363 (ι
1038 318 1254 367 Christus
1279 319 1423 369 Filius
1442 337 1532 386 pro
1557 319 1700 369 nobis
1731 329 1951 368 mortuus
1974 328 2044 368 est
2067 335 2180 367 cum
2199 319 2358 367 adhuc

201 412 479 469 peccatores
500 417 725 450 essemus.
751 418 774 445 »
794 398 940 458 Quod
956 399 994 446 si
1015 399 1080 447 ita
1101 400 1310 465 respexit
1332 418 1446 449 cum
1469 418 1681 450 essemus
1703 410 1999 467 peccatores,
2019 400 2164 448 morti
2183 401 2357 448 scilicet

203 484 402 533 unicum
428 499 569 532 suum
601 498 691 548 pro
727 479 870 528 nobis
901 479 1158 542 tradendo,
1197 482 1393 542 «multo
1416 483 1568 547 magis
1586 498 1720 546 ergo,
1740 501 1763 527 »
1791 481 1840 529 id
1865 492 1953 545 est,
1986 481 2140 530 multo
2179 481 2362 530 facilius

202 566 300 614 sive
323 563 552 613 libentius
573 563 650 611 vel
675 560 976 629 probabilius
995 578 1127 609 nunc
1156 562 1378 627 respiciet
1395 580 1486 611 nos
1514 562 1577 612 ad
1608 552 1922 610 salvationem
1955 563 2054 627 jam
2079 562 2361 627 justificatos

202 646 250 693 in
273 646 505 711 sanguine
524 661 633 706 su0,
648 643 698 692 id
715 652 804 702 est,
825 642 924 707 jam
942 658 1031 708 per
1052 641 1363 690 dilectionem
1382 660 1531 708 quam
1555 643 1605 690 in
1626 659 1686 690 eo
1702 642 1960 704 habemus,
1984 660 2040 691 ex
2059 643 2152 691 hac
2172 660 2360 692 summa

203 726 371 790 gratia,
410 742 557 791 quam
590 723 730 772 nobis
759 721 995 781 exhibuit,
1032 738 1121 787 pro
1148 721 1292 770 nobis
1317 723 1497 774 scilicet
1524 723 1685 771 adhuc
1716 722 2053 789 peccatoribus
2082 725 2354 772 moriendo.

204 809 261 854 Et
278 805 374 854 hoc
401 816 488 868 est,
533 825 556 851 α
583 805 699 853 salvi
734 804 912 852 erimus
932 802 994 850 ab
1017 803 1104 864 ira,
1125 823 1146 846 »
1175 803 1352 851 scilicet
1372 804 1550 866 futura,
1578 803 1630 851 id
1652 812 1724 851 est
1745 819 1772 851 a
1794 813 2103 870 peccatorum
2127 805 2355 866 vindicta,

205 907 226 931 «
253 903 340 952 per
357 887 536 952 ipsum,
559 905 581 930 »
612 884 834 933 videlicet
849 882 1091 931 Christum
1106 900 1197 949 pro
1217 882 1361 932 nobis
1378 884 1525 933 semel
1539 884 1847 946 morientem,
1865 894 1912 932 et
1929 885 2101 950 saepius
2118 895 2355 945 orantem,

203 977 249 1015 et
271 967 463 1015 assidue
484 983 575 1036 nos
598 967 931 1014 instruentem.

272 1068 295 1092 «
316 1049 365 1096 Si
382 1049 511 1097 enim
525 1065 689 1096 cum.»
706 1047 817 1095 Dixi
830 1047 944 1111 quia
963 1047 1209 1111 justificati
1233 1049 1281 1097 in
1300 1050 1534 1114 sanguine
1551 1047 1729 1096 Christi
1754 1047 1872 1096 salvi
1895 1048 2073 1096 erimus
2096 1047 2157 1095 ab
2179 1049 2250 1095 ira
2272 1051 2359 1097 Dei

202 1145 289 1194 per
310 1130 487 1195 ipsum.
518 1132 574 1176 Et
595 1129 787 1189 merito,
820 1128 934 1194 quia
953 1128 1054 1193 Jam
1075 1130 1373 1179 reconciliati
1395 1147 1563 1178 sumus
1590 1133 1694 1177 Deo
1721 1146 1808 1195 per
1841 1139 2049 1178 mortem
2074 1130 2218 1190 illius,
2248 1146 2358 1177 cum

201 1211 335 1275 prius
357 1227 450 1258 nos
478 1227 570 1276 pro
593 1210 799 1258 inimicis
819 1209 1022 1258 haberet
1045 1210 1108 1258 ad
1130 1212 1454 1278 puniendum.
1489 1215 1548 1259 Et
1569 1212 1606 1259 si
1634 1221 1825 1259 tantum
1849 1228 1981 1259 mors
2003 1211 2106 1276 ejus
2129 1212 2286 1277 potuit
2310 1222 2357 1258 ut

202 1307 292 1338 nos
326 1291 504 1339 scilicet
535 1290 816 1356 justificaret
840 1291 915 1339 vel
947 1292 1306 1352 reconciliaret,
1334 1293 1488 1340 multo
1514 1293 1666 1357 magis
1691 1293 1789 1340 vita
1819 1292 1968 1357 ipsius
1992 1309 2082 1339 nos
2110 1301 2358 1357 protegere

200 1372 378 1436 polerit
407 1382 455 1420 et
486 1373 671 1421 salvare
693 1372 754 1420 ab
779 1373 848 1420 ira
871 1389 973 1421 sua.
1003 1377 1203 1422 Constat
1235 1375 1415 1440 quippe
1446 1374 1555 1439 plus
1593 1389 1736 1438 posse
1770 1389 2171 1438 unumquemque
2195 1374 2357 1420 vivum

200 1468 345 1516 quam
369 1463 634 1501 mortuum.
664 1473 686 1499 «
702 1457 755 1501 In
777 1454 875 1501 vita
899 1454 1065 1520 ipsius,
1085 1475 1108 1498 »
1135 1454 1187 1502 id
1208 1464 1296 1516 est,
1324 1472 1410 1520 per
1432 1454 1590 1520 ipsum
1607 1454 1707 1518 jam
1726 1454 2007 1502 suscitatum
2026 1463 2073 1501 et
2095 1454 2352 1502 viventem.

203 1552 229 1577 «
249 1536 355 1580 Non
379 1534 539 1582 solum
565 1544 745 1596 autem,
769 1556 790 1579 »
821 1534 1000 1583 scilicet
1023 1535 1140 1583 salvi
1163 1536 1357 1598 erimus,
1394 1535 1445 1583 id
1464 1544 1551 1597 est,
1582 1534 1754 1583 salvari
1781 1551 1869 1599 per
1897 1534 2055 1600 ipsum
2076 1534 2360 1599 impetrabi-

201 1630 326 1662 mus.
357 1616 412 1662 Et
434 1615 532 1663 hoc
554 1625 643 1677 est,
667 1615 1003 1679 gloriationem
1027 1617 1287 1664 maximam
1310 1615 1474 1682 adepti
1499 1633 1683 1678 sumus,
1708 1625 1755 1663 et
1780 1615 1991 1663 maximo
2012 1613 2192 1661 honori
2216 1615 2358 1662 nobis

200 1695 510 1762 imputamus,
536 1696 669 1760 quod
687 1697 833 1744 talem
856 1697 1000 1744 nobis
1024 1697 1470 1745 reconciliationem
1491 1697 1730 1744 Dominus
1751 1696 1902 1744 dedjt.
1926 1698 1986 1743 Et
2001 1695 2098 1742 hoc
2113 1705 2199 1755 est,
2220 1715 2242 1740 «
2260 1696 2360 1760 glo-

199 1777 381 1824 riamur
403 1777 451 1824 in
474 1780 596 1837 Deo,
621 1798 644 1821 >2
674 1794 774 1825 non
795 1779 844 1826 in
864 1778 1023 1839 nobis,
1049 1779 1100 1826 id
1116 1789 1204 1841 est,
1232 1778 1293 1827 de
1318 1788 1454 1827 tanto
1477 1778 1716 1827 beneficio
1742 1778 1844 1843 ejus
1868 1795 1923 1826 ex
1945 1778 2096 1843 gratia
2118 1778 2236 1842 ejus,
2257 1794 2356 1824 non

198 1875 254 1906 ex
281 1857 462 1905 meritis
484 1859 660 1906 nostris
685 1858 827 1907 nobis
849 1876 936 1925 per
959 1859 1201 1908 Christum
1232 1859 1426 1908 collato.
1464 1881 1486 1905 «
1509 1863 1768 1926 Propterea
1793 1860 1934 1907 sicut.
1966 1878 1989 1903 »ι
2034 1859 2210 1905 Littera
2246 1857 2357 1906 ideo

198 1937 300 1985 baec
322 1937 556 1987 defectiva
576 1939 785 2002 videtur,
810 1941 900 1989 nisi
923 1958 1034 1989 cum
1054 1941 1385 2007 superioribus
1408 1941 1485 1990 vel
1516 1940 1826 1989 inferioribus
1860 1939 2216 2006 quoquomodo
2242 1955 2358 1986 con—

193 2019 397 2084 jungere
422 2020 649 2069 nitamur.
678 2022 754 2070 Sic
776 2032 938 2071 autem
967 2022 1297 2090 superioribus
1322 2023 1523 2071 fortasse
1546 2021 1926 2082 continuabitur,
1959 2038 2015 2068 ac
2039 2021 2077 2068 si
2103 2020 2319 2068 dicamus
2344 2040 2352 2066 :

198 2100 677 2160 Reconcssiafionem,
703 2103 922 2168 inquam,
945 2122 1032 2170 per
1054 2104 1300 2152 Christum
1327 2105 1620 2171 accepimus,
1653 2113 1934 2170 propterea,
1968 2101 2017 2148 id
2055 2110 2126 2148 est
2159 2110 2359 2166 propter

197 2179 293 2227 hoc
313 2181 447 2244 quod
465 2183 900 2248 supradictumest,
929 2185 1043 2250 quia
1082 2184 1307 2232 videlicet
1322 2202 1413 2251 pro
1426 2185 1573 2232 nobis
1596 2193 1815 2232 mortuus
1827 2193 1916 2244 est,
1934 2182 2058 2230 sicut
2070 2198 2095 2229 e
2112 2182 2357 2229 contrario

198 2260 565 2309 damnationem
585 2280 677 2328 per
698 2264 853 2312 Adam
877 2266 1189 2314 incurrimus.
1216 2269 1276 2313 Et
1296 2265 1393 2314 hoc
1418 2275 1487 2314 est
1510 2265 1645 2331 quod
1662 2264 1815 2326 addit,
1846 2283 1870 2310 «
1890 2264 2012 2311 sicut
2032 2273 2079 2310 et
2098 2279 2185 2328 per
2204 2279 2357 2309 unum

199 2340 468 2404 hominem,
495 2363 519 2388 »
549 2343 772 2393 videlicet
797 2345 966 2406 Adam,
1004 2367 1027 2390 c<
1051 2357 1306 2412 peccatum
1338 2347 1552 2407 intravit,
1575 2367 1597 2391 »
1630 2345 1744 2410 quia
1771 2346 1907 2412 prior
1937 2359 2143 2410 peccans
2171 2342 2357 2391 aditum

197 2433 397 2486 peccato
423 2422 574 2486 dedit,
604 2426 697 2472 «in
721 2426 856 2474 hunc
876 2426 1135 2487 mundum,
1153 2448 1176 2471 »
1204 2427 1255 2475 id
1277 2429 1418 2475 estin
1435 2427 1564 2475 hanc
1591 2437 1780 2493 partem
1811 2424 1982 2473 mundi
2007 2424 2189 2472 scilicet
2214 2435 2358 2472 terre-

198 2519 332 2563 nam,
367 2504 416 2571 in
445 2521 539 2568 qua
570 2504 795 2555 homines
820 2506 1059 2569 habitant,
1088 2524 1189 2555 non
1214 2525 1330 2556 vero
1356 2507 1583 2556 homines
1608 2508 1692 2572 qui
1720 2517 1862 2556 antea
1892 2513 2223 2571 peccaverant.
2256 2524 2279 2549 «
2300 2508 2357 2551 Et

197 2601 284 2649 per
304 2596 558 2651 peccatum
577 2604 724 2649 mors,
746 2609 768 2632 »
792 2588 969 2637 scilicet
992 2590 1228 2655 corporis.
1261 2609 1284 2635 «
1308 2593 1367 2636 Et
1385 2590 1468 2651 ita,
1496 2610 1519 2634 x·
1551 2588 1776 2638 videlicet
1806 2587 1868 2640 ab
1895 2586 2044 2633 Adam
2078 2585 2355 2650 incipiendo

197 2674 296 2713 tam
325 2682 456 2713 mors
476 2683 622 2731 quam
648 2678 901 2733 peccatum
924 2669 1094 2717 saltem
1127 2669 1381 2734 originale,
1424 2688 1449 2716 ε(
1475 2669 1749 2734 pertransiit
1776 2669 1824 2714 in
1858 2682 2028 2714 omnes
2052 2664 2294 2712 homines.
2330 2687 2351 2708 »

200 2749 381 2807 Unum,
401 2747 620 2811 inquam,
646 2748 919 2809 hominem,
946 2750 996 2797 id
1018 2759 1089 2797 est
1114 2749 1284 2811 Adam,
1309 2771 1331 2793 ι(
1347 2751 1396 2797 in
1421 2767 1520 2814 quo
1533 2748 2236 2812 omnesreliquipeccaverunt,
2256 2765 2278 2790 υ
2306 2746 2354 2793 id

198 2837 269 2875 est
289 2843 484 2892 poenam
500 2828 686 2892 peccati
711 2829 1036 2877 incurrerunt.
1067 2830 1248 2877 Poterit
1268 2839 1314 2876 et
1335 2829 1545 2877 fortassis
1555 2845 1723 2876 versus
1736 2829 1968 2893 incipere,
1988 2848 2010 2871 «
2035 2835 2310 2892 propterea,
2330 2846 2351 2871 »

198 2917 246 2955 et
267 2906 328 2954 ad
356 2907 584 2956 inferiora
619 2908 763 2972 longe
788 2919 957 2974 postea
994 2910 1290 2957 constructio
1313 2895 1470 2973 dirigi,
1503 2909 1616 2957 illuc
1639 2909 1821 2957 scilicet
1841 2909 1927 2970 sic,
1962 2928 1985 2951 «
2015 2917 2062 2955 et
2094 2923 2180 2973 per
2213 2907 2355 2955 unius

194 2987 428 3050 justitiam
445 2988 492 3034 in
512 3004 683 3037 omnes
705 2988 949 3050 homines,
962 2999 1054 3037 etc.
1072 3010 1093 3034 >2
1114 2993 1177 3037 Ac
1201 2990 1239 3037 si
1260 2990 1519 3051 diceretur,
1540 2998 1780 3056 «propter
1802 3005 1875 3051 ea,
1895 3009 1918 3033 ³>
1939 2988 2053 3053 quia
2069 2987 2250 3035 scilicet
2269 3004 2356 3053 per

199 3066 442 3115 Christum
467 3068 914 3116 reconciliationem
937 3070 1230 3136 accepimus,
1254 3070 1321 3118 sic
1343 3087 1430 3136 per
1449 3071 1592 3118 unius
1609 3070 1865 3134 justitiam,
1889 3068 2099 3116 subaudi
2124 3067 2354 3132 justifica—

202 3147 400 3207 tionem,
423 3149 584 3197 vitain
606 3166 776 3198 omnes
794 3150 1035 3209 homines,
1057 3150 1179 3199 sicut
1202 3168 1288 3216 per
1307 3168 1465 3199 >unum
1484 3151 1738 3198 hominem
1757 3151 1807 3197 in
1826 3149 1961 3197 hunc
1979 3149 2218 3197 mundum
2242 3164 2352 3213 pec-

201 3238 361 3275 calum
386 3229 598 3293 intravit,
614 3240 705 3278 etc.
727 3233 904 3279 Caetera
927 3247 1042 3280 vero
1061 3248 1168 3296 quae
1183 3231 1561 3298 interponuntur
1584 3231 1914 3297 suspensivam
1937 3230 2144 3277 litteram
2168 3236 2348 3275 tenent.

270 3326 293 3351 τ(
316 3311 477 3374 Usque
510 3310 567 3358 ad
608 3312 760 3376 legem
799 3312 947 3360 enim.
975 3331 998 3358 η
1038 3314 1163 3360 Bene
1188 3311 1299 3359 dico
1334 3313 1384 3360 in
1419 3330 1589 3360 omnes
1621 3312 1895 3377 pertransiit
1933 3319 2205 3376 peccatum,
2241 3323 2351 3354 cum

362 3406 392 3429 11
2139 3392 2188 3429 30
