2638 3866
991 195 1289 246 THEOLOGl
1301 202 1333 248 Α
1379 199 1748 249 CHRlSTlANA.
2344 202 2441 250 389

294 299 428 346 moni
451 312 541 345 suo
565 295 815 344 attollendi
845 312 895 344 se
923 296 985 345 ad
1011 314 1111 345 non
1135 301 1589 366 comprehensibilia
1620 302 1841 367 patefecit
1872 320 1882 349 ε
1912 302 2023 350 ideo
2049 312 2094 351 et
2121 303 2309 351 nullum
2339 306 2442 369 ejus

292 378 618 439 simulacrum,
647 395 758 426 cum
786 376 878 425 diis
899 377 1001 426 aliis
1029 380 1417 444 constitueretur,
1457 382 1558 430 fixit
1595 383 1872 448 antiquitas,
1909 384 2024 448 quia
2065 401 2283 432 summus
2315 388 2444 433 Deus

291 469 339 507 et
370 469 482 508 nata
513 476 570 507 ex
600 475 658 506 eo
683 475 837 518 mem,
869 458 990 506 sicut
1018 458 1139 508 ultra
1163 461 1393 522 animam,
1420 464 1483 511 ita
1509 473 1620 511 sunt
1641 480 1788 529 supra
1818 474 2069 526 naturam,
2095 482 2194 531 quo
2230 466 2346 514 nibil
2375 467 2443 515 fas

291 550 360 588 est
394 540 455 589 de
491 539 722 589 fabulosis
754 539 1022 606 pervenire.
1059 543 1132 588 De
1166 541 1256 589 diis
1280 539 1459 604 autem,
1497 554 1549 591 ut
1587 544 1702 605 dixi,
1741 545 1939 605 caeteriS‚
1972 555 2020 593 et
2053 545 2113 593 de
2147 547 2309 594 anima
2340 564 2439 595 non

291 621 464 670 frustra
485 638 553 683 se,
586 638 675 669 nec
699 629 751 668 ut
773 619 1033 682 oblectent,
1070 621 1132 669 ad
1160 621 1377 671 fabulosa
1408 635 1714 686 convertunt,
1747 625 1832 673 sed
1861 626 1974 689 quia
2007 627 2163 674 sciunt
2195 628 2441 675 inimicam

289 720 392 751 esse
425 713 607 752 naturae
636 712 852 770 apertam
882 702 1162 768 nudamque
1186 706 1537 770 expositionem
1569 707 1666 767 sui,
1697 723 1802 772 quae
1834 707 1957 754 sicut
1987 708 2259 771 vulgaribus
2286 709 2442 757 bomi-

290 800 409 831 num
444 783 663 831 sensibus
698 783 994 831 intellectum
1027 784 1100 831 sui
1135 786 1271 833 vario
1305 802 1467 834 rerum
1504 788 1714 853 tegmine
1749 788 2154 853 operimentoque
2188 790 2440 848 subtraxit,

288 864 354 911 ita
387 880 416 912 a
451 863 771 930 prudentibus
806 881 981 913 arcana
1019 881 1104 913 sua
1138 865 1290 913 voluit
1324 884 1411 932 per
1448 868 1667 916 fabulosa
1706 868 1919 917 tractari.
1962 869 2041 916 Sic
2082 870 2183 934 ipsa
2221 873 2444 935 mysteria

286 943 548 1010 figurarum
568 946 803 994 cuniculis
823 947 1124 1013 operiuntur,
1145 964 1207 996 ne
1219 949 1295 995 vel
1314 948 1410 996 hoc
1433 948 1636 1014 adeptis.
1650 951 1720 996 ...¹
1741 947 1912 996 talium
1934 958 2108 997 natura
2130 966 2181 997 se
2202 950 2440 1016 praebeat;

286 1025 369 1074 sed
394 1026 713 1076 summatibus
739 1037 927 1076 tantum
955 1028 1084 1089 viris,
1114 1029 1355 1095 Sapientia
1379 1031 1659 1096 interprete,
1687 1031 1760 1077 sui
1784 1030 1949 1078 arcani
1971 1031 2203 1093 consciis,
2230 1036 2444 1080 contenti

285 1107 382 1155 sint
414 1107 587 1174 reliqui
622 1107 685 1156 ad
719 1108 1086 1157 venerationem
1122 1108 1285 1174 figuris
1329 1110 1700 1159 defendentibus
1735 1128 1764 1159 a
1794 1111 1974 1159 vilitate
2009 1121 2263 1160 secretum.
2304 1116 2444 1163 Juxta

284 1189 417 1253 quod
459 1190 646 1238 Veritas
694 1191 797 1256 ipsa
850 1189 912 1238 de
954 1191 1284 1256 integumento
1325 1192 1669 1259 parabolarum
1720 1209 1916 1241 suarum
1963 1194 2194 1259 apostolis
2232 1195 2445 1259 loquitur

284 1269 472 1318 dicens²
499 1290 509 1319 ε
542 1271 731 1319 «Vobis
761 1270 930 1320 datum
964 1282 1034 1320 est
1060 1290 1204 1321 nosse
1227 1275 1508 1339 mysterium
1536 1276 1670 1340 regni
1705 1275 1811 1335 Dei,
1839 1274 2008 1323 ceteris
2043 1284 2204 1323 autem
2227 1276 2276 1323 in
2304 1292 2444 1342 para-

283 1349 424 1413 bolis,
465 1361 518 1399 ut
552 1352 769 1401 videntes
803 1370 904 1401 non
935 1353 1154 1415 videant,
1191 1364 1238 1402 et
1266 1355 1516 1404 audientes
1551 1373 1650 1404 non
1687 1356 1973 1421 intelligant.
2000 1375 2022 1401 »
2062 1359 2131 1403 Ex
2160 1356 2252 1404 hac
2282 1357 2443 1422 itaque

281 1433 515 1481 Macrobii
537 1434 797 1482 traditione
820 1435 1004 1483 clarum
1029 1445 1117 1496 est,
1143 1452 1199 1484 ea
1223 1453 1329 1502 quae
1354 1454 1382 1484 a
1404 1437 1708 1503 philosophis
1731 1438 1793 1485 de
1816 1438 1977 1485 anima
1999 1437 2170 1486 mundi
2195 1438 2438 1498 dicuntur,

283 1530 368 1576 per
405 1514 716 1563 involucrum
749 1516 1030 1583 accipienda
1062 1533 1189 1578 esse3
1221 1517 1438 1583 alioquin
1472 1536 1719 1566 summum
1750 1518 2158 1584 philosophorum
2194 1519 2440 1568 Platonem

280 1610 527 1642 summum
549 1595 807 1644 stultorum
832 1614 932 1645 esse
955 1596 1393 1663 deprehendemus.
1422 1599 1552 1658 Quid
1582 1599 1715 1647 enim
1751 1599 1903 1663 magis
1924 1598 2266 1660 ridiculosum,
2293 1617 2440 1664 quam

281 1675 521 1724 mundum
546 1687 705 1725 totum
726 1677 947 1727 arbitrari
973 1696 1126 1726 unum
1152 1697 1254 1727 esse
1287 1679 1465 1727 animal
1494 1680 1745 1737 rationale,
1784 1680 1874 1727 nisi
1896 1679 1992 1727 hoc
2026 1696 2112 1745 per
2134 1680 2443 1744 integumen-

280 1765 384 1804 tum
422 1758 482 1804 sit
516 1758 796 1824 prolatum?
832 1760 1019 1807 Animal
1049 1761 1232 1826 quippe
1261 1777 1363 1808 esse
1398 1776 1498 1808 non
1532 1771 1708 1826 potest,
1738 1761 1830 1807 nisi
1853 1759 2078 1808 sensibile
2113 1760 2191 1819 sit,
2232 1777 2344 1808 cum
2384 1764 2441 1809 sit

279 1846 397 1885 nota
432 1837 685 1897 diffinitio,
724 1840 945 1887 animalis
973 1839 1242 1888 substantia
1267 1841 1477 1890 animata
1501 1841 1755 1889 sensibilis.
1792 1842 1912 1900 Quis
1948 1852 2107 1889 autem
2138 1858 2193 1888 ex
2229 1843 2441 1906 quinque

278 1917 498 1966 sensibus
535 1919 721 1967 mundo
761 1920 916 1968 inesse
948 1921 1143 1986 poterit,
1182 1921 1272 1969 nisi
1314 1922 1437 1970 forte
1477 1932 1649 1984 tactus,
1684 1923 1767 1987 qui
1804 1922 2033 1971 omnibus
2068 1933 2139 1971 est
2168 1925 2441 1971 communis

277 1999 604 2048 animalibus?
639 2003 826 2049 Desunt
856 2002 1038 2068 quippe
1062 2003 1106 2050 ei
1131 2012 1403 2051 ceterorum
1432 2020 1663 2052 sensuum
1692 2004 2029 2066 iustrumenta,
2054 2005 2160 2070 ipso
2188 2014 2440 2052 attestante

279 2079 496 2138 Platone,
523 2081 609 2130 ubi
638 2082 861 2130 videlicet
890 2084 1120 2143 ostendit,
1156 2101 1308 2149 quare
1333 2085 1378 2132 ei
1409 2094 1492 2132 aut
1516 2085 1661 2143 oculi,
1689 2095 1771 2132 aut
1792 2102 1950 2147 aures,
1977 2095 2058 2133 aut
2088 2095 2256 2133 ceterae
2282 2095 2439 2151 partes

277 2159 479 2209 humani
513 2164 734 2228 corporis
769 2165 1047 2213 necessariae
1082 2181 1183 2212 non
1221 2165 1433 2213 fuerint:
1472 2175 1555 2213 aut
1587 2183 1695 2230 quae
1731 2175 1802 2213 est
1835 2183 1945 2232 pars
1981 2166 2200 2232 corporis
2234 2166 2433 2227 mundi,

277 2258 373 2304 qua
394 2243 516 2308 ipse,
545 2244 583 2290 si
611 2253 854 2308 tangatur,
882 2246 1059 2293 sentire
1082 2255 1227 2311 queat
1249 2247 1402 2310 magis
1431 2262 1578 2310 quam
1605 2245 1804 2294 arbores
1828 2247 1904 2294 vel
1926 2247 2130 2313 plantae,
2157 2263 2277 2312 quas
2301 2257 2437 2295 terrae

277 2321 505 2371 radicitus
541 2323 707 2372 affixas
731 2325 900 2373 eadem
933 2326 1094 2374 anima
1127 2326 1360 2375 vivificari
1392 2326 1593 2375 dicunt?
1625 2330 1747 2375 Nam
1782 2328 1901 2393 quid
1937 2345 1995 2376 ex
2021 2327 2279 2376 effossione
2302 2338 2436 2376 terrae

277 2403 436 2467 potius
467 2406 642 2452 sentiet
668 2406 899 2466 mundus,
937 2424 1084 2472 quam
1113 2407 1312 2456 arbores
1346 2425 1404 2456 ex
1434 2408 1683 2456 frondium
1714 2409 1983 2468 avulsione,
2024 2409 2098 2456 vel
2136 2409 2281 2456 totius
2317 2425 2436 2456 cor-

275 2484 405 2548 poris
427 2486 500 2532 sui
529 2485 860 2535 abscissione?
884 2487 1089 2536 Arbores
1112 2498 1274 2537 tamen
1306 2499 1354 2537 et
1377 2489 1615 2554 quaslibet
1640 2488 1829 2555 plantas
1856 2488 2157 2537 insensibiles
2186 2506 2289 2538 esse
2316 2506 2435 2538 con-

274 2573 380 2626 stat,
423 2565 633 2631 ideoque
671 2567 733 2615 ad
773 2569 1101 2617 exclusionem
1143 2587 1311 2619 earum
1348 2571 1398 2618 in
1439 2570 1724 2619 definitione
1764 2570 1985 2618 animalis
2022 2580 2132 2636 post
2167 2571 2433 2618 animatum

273 2646 473 2709 ponitur
504 2647 744 2696 sensibile.
778 2652 1011 2699 Praeterea
1034 2668 1146 2698 cum
1171 2651 1335 2699 dicant
1360 2652 1574 2700 animam
1601 2652 1773 2699 mundi
1800 2650 1997 2716 singulis
2022 2650 2231 2698 infusam
2256 2668 2432 2717 corpo-

274 2725 426 2787 ribus,
461 2744 517 2775 ea
548 2729 763 2777 animare
793 2748 898 2795 quae
933 2732 995 2779 ad
1032 2732 1352 2780 animandum
1381 2743 1493 2796 apta
1518 2733 1714 2798 reperit,
1749 2732 1868 2797 quid
1904 2748 2027 2797 opus
2061 2742 2163 2779 erat
2188 2733 2432 2782 creatione

274 2815 548 2855 nostrarum
583 2810 875 2872 animarum,
914 2828 1035 2875 quas
1068 2823 1238 2878 postea
1273 2812 1418 2860 factas
1453 2829 1556 2860 esse
1595 2813 1728 2859 Plato
1762 2812 2149 2860 commemorat?
2185 2815 2277 2860 Aut
2312 2814 2431 2879 quid

273 2902 399 2951 opus
430 2897 502 2935 est
522 2890 735 2937 animam
759 2891 931 2938 mundi
955 2892 1030 2939 his
1052 2891 1340 2958 corporibus
1363 2892 1516 2940 inesse
1538 2909 1644 2957 quae
1661 2909 1762 2939 non
1786 2893 1995 2940 animat?
2021 2892 2151 2951 Quid
2174 2894 2304 2941 enim
2331 2896 2431 2942 evi-

272 2966 464 3015 dentius
492 2979 579 3031 est,
613 2986 761 3034 quam
795 2987 1002 3036 corpora
1033 2982 1199 3020 nostra
1232 2989 1291 3020 ex
1320 2974 1529 3039 propriis
1554 2972 1809 3021 animabus
1841 2973 2067 3021 humanis
2105 2975 2253 3039 magis
2282 2991 2429 3040 quam

273 3064 330 3095 ex
367 3049 528 3097 anima
566 3050 740 3098 mundi
774 3051 922 3099 vitam
954 3052 1213 3101 animalem
1249 3052 1460 3102 habere?
1490 3054 1573 3101 His
1608 3055 1790 3120 quippe
1823 3053 2078 3103 animabus
2113 3055 2429 3121 praesentibus

272 3130 432 3178 statim
465 3131 678 3180 animata
712 3142 841 3195 sunt,
880 3144 927 3181 et
961 3133 1145 3182 eisdem
1179 3133 1460 3184 absentibus
1493 3136 1781 3199 inanimata,
1821 3136 1947 3198 licet,
1990 3145 2044 3184 ut
2079 3136 2230 3198 aiunt,
2274 3137 2320 3184 in
2361 3138 2427 3185 eis

317 3315 390 3350 'Sic
409 3319 441 3351 in
459 3320 567 3353 editis.
590 3322 649 3344 —2
666 3320 783 3364 Mare,
798 3330 870 3364 cap.
889 3331 934 3362 tv,
950 3331 981 3356 v.
1008 3324 1054 3357 tl.
