2638 3866
652 237 862 284 ETHICA
900 238 1007 285 SEU
1043 238 1214 286 [ABER
1247 239 1453 288 DlCTUS
1482 256 1492 286 τ
1524 239 1688 287 SClTO
1723 238 1989 286 TElPSUM.
2302 238 2397 285 635

254 335 449 398 siorem,
479 336 554 384 vel
576 337 727 401 magis
749 337 1005 386 discretam
1029 338 1218 404 eligere,
1245 341 1381 406 cujus
1403 340 1599 389 arbitrio
1622 340 1994 389 satisfactionem
2018 354 2156 386 suam
2178 339 2402 386 commit-

255 427 341 477 tat,
369 426 417 465 et
441 415 740 464 orationibus
768 417 870 481 ejus
891 418 1154 483 plurimum
1179 421 1470 486 adjuvetur?
1495 421 1635 470 Unde
1657 431 1704 469 et
1727 437 1839 468 cum
1863 419 2160 486 praemissum
2185 419 2243 466 sit
2272 437 2281 465 ε
2313 440 2335 462 α
2355 430 2403 467 et

256 507 389 545 orate
416 514 506 563 pro
537 498 744 546 invicem
777 508 829 545 ut
862 499 1129 560 salvemini,
1146 521 1174 544 ¹³>
1207 503 1364 550 statim
1398 502 1679 568 adjunctum
1711 511 1813 549 est:
1844 521 1867 544 «
1886 500 2091 547 multum
2125 500 2254 547 enim
2279 500 2402 548 valet

258 578 535 645 deprecatio
549 579 664 644 justi
688 578 896 627 assidua.
923 599 945 624 υ
965 580 1098 629 Sicut
1113 582 1243 629 enim
1263 582 1398 630 multi
1413 583 1534 631 fiunt
1551 583 1759 649 imperiti
1777 581 1969 641 medici,
1991 580 2166 646 quibus
2186 580 2403 629 infirmos

257 660 493 708 committi
536 660 858 725 periculosum
892 671 961 708 est
995 671 1077 709 aut
1108 662 1274 710 inutile
1311 681 1320 709 ε
1362 664 1423 711 ita
1457 674 1503 711 et
1526 664 1576 711 in
1609 662 1813 729 praelatis
1845 661 2062 709 Ecclesiae
2095 662 2231 709 multi
2267 679 2405 728 repe-

258 741 448 789 riuntur
477 757 567 788 nec
591 740 820 805 religiosi,
853 757 943 789 nec
971 740 1188 805 discreti,
1227 753 1371 808 atque
1395 744 1591 810 insuper
1623 743 1685 791 ad
1718 742 2041 807 detegendum
2070 741 2404 791 confitentium

258 831 454 887 peccata
490 821 646 883 leves,
689 831 743 869 ut
774 821 995 870 confiteri
1032 823 1099 871 eis
1138 840 1238 871 non
1268 823 1426 871 solum
1465 824 1664 884 inutile,
1703 840 1871 871 verum
1905 824 2047 870 etiam
2081 824 2404 888 perniciosum

256 902 491 950 videatur.
530 901 663 949 Tales
689 905 868 968 quippe
901 919 991 950 nec
1024 920 1162 951 orare
1195 904 1477 964 intendunt,
1521 922 1611 952 nec
1648 905 1695 951 in
1727 903 2025 951 orationibus
2057 904 2154 951 suis
2192 904 2402 951 exaudiri

260 992 530 1045 merentur,
557 993 603 1030 et
623 999 734 1030 cum
759 983 974 1031 instituta
993 1000 1238 1032 canonum
1264 985 1504 1049 ignorent,
1532 1001 1622 1032 nec
1645 985 1692 1032 in
1719 983 1984 1032 statuendis
2007 983 2408 1032 satisfactionibus

260 1063 505 1111 moderari
540 1065 716 1127 sciant,
756 1063 1031 1128 frequenter
1068 1066 1116 1113 in
1151 1065 1326 1113 talibus
1354 1082 1529 1113 vanam
1565 1066 1867 1113 securitatem
1900 1066 2207 1131 promittunt,
2244 1075 2290 1112 et
2327 1083 2409 1131 spe

259 1160 390 1192 cassa
430 1145 560 1210 ipsos
597 1144 886 1194 confitentes
922 1145 1188 1212 decipiunt,
1223 1146 1357 1210 juxta
1392 1146 1511 1194 illud
1546 1146 1795 1194 Veritatis¹
1831 1164 1842 1192 τ
1886 1167 1908 1191 α
1951 1146 2072 1194 Caeci
2109 1155 2222 1193 sunt
2264 1146 2411 1193 duces

260 1242 527 1287 caecorum3
565 1247 588 1271 »
625 1236 670 1274 et
694 1244 922 1274 rursum:
966 1246 988 1272 «
1026 1228 1073 1274 Si
1103 1244 1256 1275 caecus
1284 1244 1410 1275 caeco
1448 1228 1679 1275 ducatum
1714 1237 1918 1293 praestet,
1955 1226 2100 1274 ambo
2134 1227 2183 1274 in
2222 1227 2410 1275 foveam

260 1306 455 1354 cadunt.
498 1327 521 1352 »
559 1308 650 1365 Qui
689 1324 799 1355 cum
842 1308 1005 1366 etiam,
1044 1318 1100 1356 ut
1129 1308 1353 1369 diximus,
1398 1309 1568 1356 leviter
1602 1308 1927 1356 confessiones
1968 1324 2087 1372 quas
2126 1309 2409 1373 suscipiunt,

259 1388 489 1450 revelant,
537 1389 826 1454 poenitentes
872 1387 934 1436 ad
978 1388 1359 1453 indignationem
1405 1379 1740 1448 commovent,
1786 1399 1832 1436 et
1878 1389 1962 1453 qui
2007 1405 2176 1436 curare
2219 1398 2413 1454 peccata

260 1467 558 1528 debuerant,
613 1486 763 1517 novas
817 1479 1128 1535 peccatorum
1172 1470 1335 1536 plagas
1376 1470 1614 1527 inserunt,
1666 1479 1711 1517 et
1753 1485 1782 1517 a
1828 1469 2131 1517 confessione
2166 1469 2416 1516 audientes

260 1549 518 1597 deterrent.

327 1633 434 1678 Non
468 1648 738 1696 numquam
771 1632 915 1678 etiam
946 1642 1144 1697 peccata
1167 1632 1240 1679 vel
1275 1649 1331 1679 ex
1369 1632 1467 1692 ira,
1497 1630 1570 1678 vel
1600 1647 1657 1678 ex
1686 1631 1876 1678 levitate
1919 1629 2178 1678 revelando
2214 1631 2418 1694 graviter

265 1712 524 1760 Ecclesiam
549 1711 894 1773 scandalizant,
921 1720 968 1760 et
986 1729 1070 1760 eos
1089 1713 1173 1777 qui
1196 1712 1402 1759 confessi
1429 1722 1540 1759 sunt
1566 1713 1613 1758 in
1646 1711 1862 1777 periculo
1885 1728 2062 1775 magno
2095 1712 2411 1758 constituunt.

263 1792 401 1841 Unde
436 1793 519 1857 qui
551 1809 641 1858 pro
676 1792 753 1840 his
781 1791 1263 1840 incommoditatibus
1296 1793 1515 1858 praelatos
1546 1809 1658 1839 suos
1682 1793 1832 1840 vitare
1856 1791 2197 1853 decreverunt,
2226 1801 2271 1839 et
2301 1791 2421 1839 alios

261 1874 311 1919 in
334 1873 510 1921 talibus
533 1874 723 1938 eligere,
761 1890 884 1937 quos
912 1873 974 1921 ad
1003 1873 1089 1920 ista
1121 1872 1481 1920 commodiores
1513 1872 1735 1934 credunt,
1772 1888 2080 1938 nequaquam
2109 1881 2223 1919 sunt
2244 1873 2422 1936 impro-

260 1953 437 2013 bandi,
478 1954 560 2002 sed
600 1954 758 2020 potius
790 1953 1147 2019 comprobandi
1178 1953 1312 2019 quod
1347 1953 1408 2000 ad
1440 1953 1738 2000 solertiorem
1773 1953 2015 2000 medicum
2053 1951 2321 2008 declinant:
2370 1953 2419 1999 in

263 2051 362 2100 quo
391 2045 551 2083 tamen
587 2036 836 2096 faciendo,
867 2036 904 2083 si
930 2051 1177 2082 assensum
1201 2034 1510 2100 praelatorum
1530 2035 1785 2099 impetrare
1817 2042 2039 2098 possunt,
2076 2041 2128 2079 ut
2163 2032 2224 2079 ab
2257 2033 2323 2079 eis
2358 2033 2419 2079 ad

261 2116 382 2164 alios
401 2116 685 2180 dirigantur,
710 2126 846 2163 tanto
871 2115 920 2163 id
944 2116 1311 2163 convenientius
1335 2124 1500 2179 agunt,
1527 2123 1711 2178 quanto
1729 2114 1959 2161 humilius
1984 2130 2071 2179 per
2092 2113 2418 2161 obedientiam

262 2196 358 2244 hoc
384 2197 580 2245 faciunt.
618 2198 701 2243 Sin
731 2206 892 2244 autem
923 2196 1102 2261 praelati
1126 2194 1324 2261 superbi
1347 2195 1443 2242 hoc
1468 2195 1535 2241 eis
1561 2194 1873 2255 interdicunt,
1902 2205 2133 2258 tanquam
2153 2211 2204 2241 se
2227 2193 2418 2241 viliores

263 2278 563 2339 aestimando,
591 2279 629 2326 si
653 2277 879 2326 meliores
904 2278 1078 2325 medici
1107 2277 1431 2342 requirantur,
1466 2285 1671 2340 aegrotus
1705 2286 1863 2324 tamen
1897 2275 1958 2323 de
1986 2276 2138 2323 salute
2168 2292 2253 2322 sua
2281 2275 2420 2322 solli-

264 2359 402 2421 citus,
438 2359 573 2424 quod
606 2359 778 2406 melius
808 2358 958 2405 credit
984 2358 1389 2406 medicamentum
1413 2357 1584 2422 majori
1615 2356 1934 2404 sollicitudine
1970 2356 2197 2420 requirat,
2238 2365 2284 2403 et
2321 2373 2420 2403 me-

262 2439 371 2486 liori
407 2440 609 2487 consilio
636 2439 776 2487 cedat
800 2439 1081 2504 plurimum.
1117 2441 1270 2486 Nemo
1299 2438 1429 2485 enim
1461 2437 1636 2485 ducem
1671 2436 1763 2485 sibi
1796 2437 1857 2484 ab
1887 2436 2051 2500 aliquo
2084 2436 2415 2496 commissum,

264 2520 303 2567 si
328 2537 441 2567 eum
470 2537 648 2568 caecum
674 2519 1064 2586 deprehenderit,
1092 2519 1142 2566 in
1169 2519 1357 2566 foveam
1383 2519 1518 2583 sequi
1550 2517 1720 2577 debet;
1750 2528 1795 2565 et
1824 2517 1992 2565 melius
2017 2526 2087 2564 est
2112 2516 2285 2581 eligere
2307 2532 2419 2562 eum

266 2601 536 2662 videntem,
577 2611 626 2648 nt
663 2618 762 2667 quo
795 2601 974 2661 tendit,
1014 2601 1287 2666 perveniat,
1318 2616 1464 2664 quam
1501 2599 1626 2647 male
1658 2598 1747 2646 sibi
1777 2599 2006 2646 traditum
2044 2597 2167 2645 male
2200 2597 2334 2661 sequi
2358 2598 2419 2645 ad

265 2682 598 2747 praecipitium.
627 2683 822 2748 Quippe
855 2683 940 2747 qui
973 2681 1016 2728 ei
1051 2681 1195 2728 talem
1229 2680 1404 2728 ducem
1438 2679 1634 2728 tradidit
1665 2689 1896 2743 tanquam
1929 2679 2057 2725 viam
2092 2688 2415 2737 ostensurum,

266 2771 349 2807 aut
383 2763 589 2810 scienter
623 2763 720 2810 hoc
753 2763 860 2810 fecit
895 2779 982 2828 per
1017 2762 1275 2822 malitiam,
1313 2770 1395 2808 aut
1430 2760 1713 2807 innocenter
1747 2776 1835 2824 per
1865 2758 2206 2823 ignorantiam.
2262 2758 2310 2804 Si
2334 2774 2420 2823 per

269 2843 528 2905 malitiam,
564 2843 838 2891 cavendum
857 2843 943 2890 fuit
966 2860 1027 2889 ne
1046 2842 1225 2889 malitia
1249 2841 1351 2905 ejus
1372 2840 1675 2905 impleretur3
1702 2840 1739 2887 si
1767 2856 1854 2905 per
1872 2840 2193 2904 ignorantiam
2208 2875 2220 2899 ,
2245 2855 2421 2903 nequa-

268 2941 414 2990 quam
438 2933 608 2972 contra
631 2925 732 2988 ejus
751 2923 1047 2971 voluntatem
1071 2923 1245 2987 agitur,
1272 2922 1310 2969 si
1330 2921 1464 2968 illum
1488 2937 1589 2968 non
1613 2920 1861 2985 sequimur
1879 2920 1941 2968 ad
1960 2919 2247 2986 periculum,
2273 2929 2421 2985 quem

268 3007 369 3071 ipse
394 3005 593 3053 dederat
616 3004 757 3052 nobis
780 3004 842 3051 ad
881 3004 1127 3052 ducatum.
1158 3002 1281 3050 Utile
1311 3011 1471 3049 tamen
1506 3011 1593 3063 est,
1635 3009 1686 3048 ut
1718 3017 1801 3048 eos
1832 3001 2045 3066 primum
2080 2999 2415 3061 consulamus,

269 3086 447 3152 quibus
481 3086 664 3133 animas
687 3094 877 3133 nostras
899 3084 1135 3131 committi
1157 3084 1352 3143 scimus,
1379 3092 1426 3131 et
1451 3098 1621 3130 eorum
1653 3081 1854 3129 consilio
1879 3080 2062 3141 audito,
2095 3079 2349 3138 salubrius,
2382 3081 2419 3127 si

270 3167 403 3232 quod
427 3183 696 3233 speramus,
724 3165 1129 3214 medicamentum
1154 3157 1253 3212 non
1278 3163 1527 3223 deserere3
1556 3163 1761 3211 maxime
1783 3179 1896 3210 cum
1919 3179 2004 3210 eos
2023 3161 2178 3226 legem
2201 3163 2421 3226 ignorare

316 3352 470 3396 ¹Mauh.,
487 3363 559 3395 cap.
578 3363 640 3393 xv,
664 3363 695 3386 v.
716 3354 764 3387 14.
