2638 3866
266 291 362 339 410
1068 288 1246 352 Parni
1282 289 1589 339 ABAELARm

267 409 324 439 ac
363 400 560 457 propter
596 390 754 454 ipsum
792 389 858 435 sit*
891 406 901 435 :
944 387 1077 436 facile
1119 397 1191 436 est
1232 398 1280 437 et
1322 390 1417 438 hoc
1459 392 1656 456 reperiri
1692 392 1822 458 apud
1865 393 2208 458 philosophos,
2263 395 2396 458 quod

270 487 510 519 summum
556 468 742 515 bonum
794 464 927 533 'quod
964 472 1092 515 Deus
1124 478 1223 530 est,
1259 470 1477 517 omnium
1527 480 1623 518 tam
1664 472 1981 540 principium,
2031 472 2107 520 id›
2133 482 2204 521 est
2251 474 2395 538 origi-

270 569 380 598 nem
419 561 464 598 et
504 566 697 598 causam
744 549 1057 610 efficientem,
1119 567 1264 614 quam
1309 550 1454 598 finem
1481 589 1494 612 ,
1548 552 1597 599 id
1637 563 1708 600 est
1747 553 1939 602 finalem
1985 570 2178 602 causam
2224 555 2396 601 consti-

271 641 425 692 tuunt,
455 640 504 677 ut
535 630 699 677 omnia
727 630 904 681 scilicet
933 629 1082 690 bona,
1110 646 1274 678 amore
1298 631 1444 696 ipsius
1474 630 1607 692 fiant,
1635 633 1768 696 cujus
1810 650 1865 680 ex
1914 634 2048 681 dono
2080 634 2394 698 proveniunt;

272 711 398 758 unde
438 711 595 776 ipsum
627 710 780 775 Alpha
827 721 873 758 et
917 713 1130 774 Omega,
1170 710 1264 757 hoc
1305 721 1375 758 est
1419 711 1708 776 principium
1745 722 1791 760 et
1827 713 1963 772 finis,
2010 723 2138 760 recte
2179 713 2397 761 nomina-

271 809 395 851 mus,
437 807 465 838 a
509 807 606 855 quo
650 801 762 838 sunt
798 791 989 853 omnia,
1032 800 1080 838 et
1117 800 1315 855 propter
1375 807 1521 855 quem
1567 792 1747 839 omnia.
1802 796 1940 839 Hunc
1985 793 2118 840 Plato
2157 794 2396 858 optimum

270 882 317 919 et
351 871 642 919 ineffabilem
680 871 899 918 omnium
930 881 1212 918 naturarum
1242 870 1542 918 conditorem
1577 871 1757 932 asserit,
1794 873 1876 935 qui
1907 888 2018 919 cum
2040 873 2204 920 omnia
2227 873 2394 938 possit,

271 962 317 998 et
345 951 406 999 ab
437 969 496 999 eo
523 952 665 1015 longe
693 953 899 1016 relegata
929 952 988 998 sit
1012 951 1170 998 omnis
1195 950 1393 1012 invidia,
1421 952 1585 998 omnia
1613 962 1710 999 tam
1738 951 1871 1000 bona
1894 952 2127 1014 condidit,
2162 964 2398 1017 quantum

271 1032 568 1095 singulorum
599 1042 769 1080 natura
790 1031 1109 1098 permittebat,
1145 1031 1222 1079 vel
1251 1031 1351 1097 ipse
1374 1032 1497 1079 ordo
1519 1041 1565 1079 et
1595 1033 1892 1080 concinnitas
1920 1049 2081 1079 rerum
2106 1032 2394 1097 postulabat.

271 1113 399 1160 Dixit
430 1122 475 1160 et
506 1115 692 1176 Moyses
725 1113 888 1160 omnia
913 1129 939 1160 a
973 1115 1074 1158 Deo
1105 1111 1244 1158 valde
1277 1111 1409 1159 bona
1439 1128 1539 1159 esse
1574 1112 1742 1174 facta¹3
1791 1112 1872 1160 sed
1910 1112 2014 1177 plus
2048 1112 2397 1177 aliquantulum

271 1193 426 1241 laudis
461 1193 633 1240 divinae
670 1192 868 1239 bonitati
907 1193 1039 1239 Plato
1062 1193 1299 1256 assignare
1334 1192 1539 1251 videtur,
1575 1210 1687 1239 cum
1721 1203 1817 1240 tam
1838 1192 1969 1240 bona
2002 1193 2124 1240 facta
2157 1193 2274 1240 dicit
2304 1194 2398 1240 sin-

273 1273 396 1336 gula,
437 1282 669 1336 quantum
704 1289 875 1319 eorum
911 1282 1082 1319 natura
1115 1272 1451 1338 permittebat,
1490 1273 1564 1319 vel
1604 1283 1931 1338 opportunum
1969 1283 2093 1332 erat3
2138 1273 2221 1320 ubi
2254 1273 2399 1320 etiam

271 1353 443 1416 adjecit
476 1353 629 1417 ipsam
670 1353 754 1399 Dei
786 1353 1083 1403 voluntatem
1119 1361 1246 1399 recte
1286 1352 1505 1399 omnium
1543 1363 1810 1400 creatarum
1847 1370 2009 1400 rerum
2043 1370 2237 1400 causam
2274 1353 2400 1401 arbi-

271 1434 402 1480 trari.
435 1435 500 1480 Ac
523 1434 561 1480 si
585 1433 747 1480 omnia
772 1432 883 1479 ideo
914 1432 1034 1479 sacta
1057 1442 1200 1496 atque
1230 1434 1409 1498 optime
1442 1433 1564 1479 facta
1592 1433 1838 1497 intelligat,
1865 1434 1976 1498 quia
1999 1435 2209 1499 optimus
2231 1433 2398 1480 artifex

270 1515 334 1562 ita
369 1513 587 1561 facienda
620 1513 847 1571 decrevit,
889 1513 1024 1575 cujus
1057 1513 1118 1560 ad
1154 1514 1318 1560 omnia
1353 1513 1524 1560 sufficit
1555 1513 1794 1575 voluntas,
1832 1530 1938 1578 quae
1964 1513 2234 1561 nullatenus
2267 1530 2400 1561 cassa

272 1611 373 1641 esse
407 1603 581 1659 potest.
609 1594 694 1639 Hic
726 1602 886 1640 autem
906 1609 1017 1639 cum
1054 1592 1113 1640 de
1153 1596 1255 1640 Deo
1287 1594 1492 1657 loquens
1530 1594 1596 1640 sic
1630 1593 1962 1658 praemisisset:
1988 1614 2010 1636 c<
2033 1596 2196 1657 Itaque
2227 1609 2398 1640 conse·

272 1682 474 1737 quenter
506 1681 678 1719 cuncta
712 1673 784 1718 sui
812 1672 1001 1732 similia,
1038 1682 1182 1738 prout
1210 1674 1440 1737 cujusque
1473 1683 1643 1721 natura
1675 1683 1861 1738 poterat
1884 1689 1984 1720 esse
2015 1689 2165 1737 capax
2194 1671 2396 1719 beatitu-

274 1754 414 1811 dinis,
451 1753 574 1799 effici
597 1753 770 1813 voluit,
792 1771 814 1796 »
848 1752 1019 1815 adjecit
1045 1753 1201 1799 statim
1224 1762 1367 1816 atque
1397 1753 1481 1799 ait²
1504 1771 1514 1798 ε
1548 1756 1739 1810 «Quam
1770 1754 1969 1817 quidem
1992 1753 2290 1800 voluntatem
2311 1754 2399 1800 Dei

274 1834 505 1897 originem
525 1849 685 1879 rerum
702 1833 1012 1879 certissimam
1026 1832 1064 1879 si
1078 1832 1184 1896 quis
1207 1832 1360 1897 ponit,
1387 1843 1516 1880 recte
1536 1850 1648 1879 eum
1673 1842 1843 1897 putare
1865 1833 2180 1880 consentiam.
2198 1853 2219 1875 »
2243 1835 2398 1890 Quem

273 1924 320 1960 et
350 1913 519 1960 beatus
551 1922 740 1959 secutus
772 1913 1058 1976 Augustinus
1086 1912 1135 1959 in
1172 1911 1452 1958 Enclee'ride'o
1481 1929 1588 1977 cap.
1620 1929 1666 1958 1x
1695 1930 1704 1957 :
1745 1913 1914 1959 «Satis
1941 1922 2026 1972 est,
2060 1912 2233 1976 inquit,
2266 1911 2396 1958 chri-

272 1995 425 2041 stiano
464 2010 623 2040 rerum
656 2002 921 2040 creatarum
955 2008 1147 2039 causam
1184 1992 1379 2039 nonnisi
1410 1991 1604 2039 credere
1627 1992 1892 2040 bonitatem
1914 1992 2174 2058 Creatoris,
2213 1991 2297 2055 qui
2328 2002 2423 2039 est'

273 2077 400 2120 Deus
431 2090 573 2134 unus,
595 2073 872 2137 nullamque
899 2089 1000 2119 esse
1029 2081 1249 2119 naturam
1279 2089 1384 2136 quae
1415 2089 1512 2119 non
1546 2082 1629 2119 aut
1658 2073 1759 2137 ipse
1792 2074 1870 2133 sit,
1891 2082 1971 2120 aut
1994 2072 2054 2119 ab
2078 2073 2239 2137 ipso.»
2265 2074 2397 2118 Hanc

270 2156 412 2201 etiam
450 2169 642 2200 causam
677 2163 723 2200 et
761 2153 981 2216 magister
1015 2152 1164 2217 ipsius
1198 2154 1416 2199 Socrates
1452 2153 1736 2215 assignatam
1775 2153 2046 2216 reliquerat,
2085 2161 2137 2198 ut
2177 2151 2398 2199 videlicet

271 2235 489 2282 omnium
530 2234 757 2280 factarum
795 2243 1076 2280 naturarum
1114 2248 1265 2279 causae
1313 2249 1460 2297 penes
1494 2233 1640 2297 ipsius
1678 2234 1913 2280 Creatoris
1947 2231 2396 2281 ¹incommutabilem

271 2314 565 2361 voluntatem
615 2313 1069 2363 incommutabiliter
1109 2322 1449 2377 permaneant,
1502 2323 1550 2360 et
1589 2312 1819 2361 stabiliter
1866 2314 2052 2373 vivant,
2092 2314 2213 2359 sicut
2239 2313 2253 2336 ³
2303 2311 2398 2358 dic·

273 2406 374 2442 tum
407 2396 522 2453 est⁸,
559 2413 580 2437 «
616 2393 760 2450 Quod
795 2393 972 2440 factum
1001 2402 1072 2439 est
1107 2393 1153 2439 in
1186 2394 1290 2457 ipso
1313 2393 1410 2440 vita
1437 2402 1553 2441 erat.
1581 2411 1604 2437 »
1632 2393 1726 2440 Ubi
1757 2394 1900 2440 etiam
1932 2403 1980 2440 et
2010 2392 2072 2440 de
2100 2391 2399 2455 inquirendis

270 2475 422 2521 causis
450 2490 505 2520 ac
532 2474 807 2538 primordiis
829 2489 992 2519 rerum
1020 2472 1149 2537 apud
1176 2472 1426 2537 physicam
1455 2473 1756 2537 disciplinam
1784 2474 2023 2520 Socratica
2053 2473 2209 2519 sanxit
2232 2481 2397 2518 aucto-

271 2555 397 2609 ritaS‚
431 2554 610 2600 nullam
636 2553 833 2618 adipisci
858 2569 948 2600 nos
974 2569 1114 2616 posse
1144 2553 1506 2613 certitudinem,
1533 2554 1627 2599 nisi
1656 2552 1767 2599 illuc
1793 2552 2196 2617 contemplatione
2225 2551 2395 2597 mentis

271 2637 667 2698 conscendamus,
703 2636 786 2683 ubi
819 2652 971 2683 causae
1001 2635 1238 2695 omnium,
1273 2645 1326 2682 ut
1351 2636 1534 2683 dictum
1565 2645 1652 2696 est,
1686 2634 2140 2682 incommutabiliter
2163 2632 2266 2680 fixae
2296 2650 2396 2680 ma-

272 2728 402 2778 nent,
444 2719 492 2764 in
522 2719 625 2782 ipsa
659 2717 838 2764 scillcet
868 2716 1117 2763 voluntate
1153 2716 1398 2773 creatoris,
1424 2732 1523 2780 quo
1553 2731 1642 2762 nec
1675 2731 1813 2780 posse
1849 2714 2110 2763 conscendi
2147 2713 2393 2779 perhibet,

273 2798 361 2843 nisi
385 2807 541 2843 mente
564 2814 591 2844 a
618 2798 742 2844 vitiis
762 2806 976 2863 purgata,
1001 2796 1134 2859 juxta
1163 2796 1281 2843 illud
1304 2796 1572 2843 Veritatis⁵2
1595 2815 1618 2838 t<
1642 2796 1768 2842 Beati
1790 2795 1975 2843 mundo
1998 2794 2145 2842 corde
2167 2794 2397 2858 quoniam

272 2877 358 2939 ipsi
393 2879 547 2923 Deum
580 2877 872 2924 videbunt.»
910 2875 1048 2923 Unde
1080 2885 1128 2923 et
1161 2885 1358 2941 propter
1392 2876 1545 2941 ipsam
1580 2892 1775 2939 quoque
1808 2875 2014 2939 physicae
2037 2873 2112 2921 vel
2147 2872 2397 2936 cujuslibet

273 2955 587 3019 philosophiae
623 2957 1011 3021 perceptionem,
1050 2973 1156 3020 quae
1190 2956 1383 3002 nonnisi
1417 2957 1465 3002 in
1500 2955 1794 3003 discussione
1825 2955 2124 3002 occultarum
2146 2968 2397 3000 causarum

273 3035 518 3091 consistit,
560 3035 769 3099 primum
803 3034 1062 3099 purgandae
1095 3035 1237 3081 bonis
1262 3034 1478 3082 moribus
1513 3036 1619 3082 vitae
1653 3034 1880 3082 censebat
1920 3033 2214 3092 instandum,
2266 3047 2321 3078 ac
2357 3031 2395 3076 si

273 3113 427 3160 ethica
455 3114 503 3159 in
535 3115 668 3160 omni
700 3114 1006 3178 philosophia
1038 3115 1246 3178 primum
1272 3114 1532 3178 praefigeret
1555 3115 1774 3177 gradum,
1809 3124 1863 3161 ut
1890 3130 2011 3177 quos
2035 3129 2198 3161 amore
2220 3111 2308 3158 Dei
2334 3109 2394 3157 ad

324 3320 467 3360 ¹Genes.,
490 3328 562 3360 cap.
588 3328 611 3353 1.
632 3335 669 3343 —
695 3321 707 3339 ²
722 3320 763 3352 ln
789 3320 922 3353 Timaeo.
947 3336 984 3344 —
1001 3319 1060 3352 ³ln
1076 3322 1172 3353 editis
1196 3322 1281 3354 sicut
1298 3322 1387 3362 quod
1403 3322 1541 3355 dictum.
1560 3338 1600 3345 -—
1616 3323 1624 3341 ⁴
1643 3320 1751 3361 Joan„
1781 3330 1853 3361 cap.
1881 3329 1904 3360 ι,
1930 3331 1958 3352 v.
1988 3323 2019 3354 3.
2037 3338 2077 3345 -
2092 3320 2241 3359 ⁵Maun„
2266 3329 2337 3361 cap.
2362 3330 2393 3359 v,

275 3381 304 3404 v.
324 3375 355 3405 8.
2195 3379 2209 3385 ‘
