2638 3866
814 197 1209 247 INTRODUCTIO
1245 199 1327 248 AD
1361 198 1772 248 THEOLOGIAM.
2306 204 2369 251 69

220 299 476 348 deservire.
515 301 571 346 At
595 315 694 346 non
718 297 882 347 deerat
915 308 964 347 et
981 298 1101 346 illud
1126 299 1260 363 quod
1284 299 1333 347 in
1360 299 1694 347 Ecclesiastico
1718 300 1950 366 scriptum
1970 308 2040 347 est
2055 302 2096 346 ‘t
2130 320 2153 344 a
2173 301 2372 367 Sapien-

221 381 336 428 tiam
361 379 582 428 omnium
605 379 915 444 antiquorum
937 379 1156 444 exquiret
1177 380 1384 446 sapiens,
1405 389 1452 427 et
1474 379 1522 426 in
1538 379 1791 445 Prophetis
1814 379 2018 428 vacabit.
2040 381 2372 429 Nam-ationem

222 460 440 508 virorum
480 460 844 509 nominatorum
876 458 1211 521 conservabit,
1255 469 1303 508 et
1333 460 1565 508 versutias
1590 459 1933 525 parabolarum
1959 459 2102 508 simul
2133 461 2369 510 introibit.

225 540 426 589 Occulta
448 540 820 607 proverbiorum
843 540 1084 606 exquiret,
1111 549 1158 588 et
1181 541 1235 599 in,
1251 539 1545 589 absconditis
1568 539 1910 606 parabolarum
1944 540 2323 590 conversabitur.
2348 566 2368 586 n

224 623 363 669 Juxta
385 621 519 686 quod
541 632 591 670 et
611 621 842 670 Salomon
866 621 993 687 ipse,
1026 620 1168 669 beato
1184 659 1196 683 ,
1225 631 1279 668 ut
1301 634 1446 688 supra
1469 621 1777 668 meminimus
1793 658 1804 680 ‚
1835 631 2034 669 testante
2053 622 2368 688 Hieronymo,

224 702 272 749 in
295 703 403 768 ipso
433 703 591 751 statim
611 701 976 750 Proverbiorum
998 701 1199 751 exordio
1233 713 1531 764 commonet,
1564 711 1618 749 ut
1642 700 1962 766 intelligamus
1989 718 2234 751 sermones
2259 721 2371 770 pru-

223 781 420 842 dentiae,
448 784 776 848 versutiasque
795 782 1158 848 parabolarum,
1192 793 1239 831 et
1267 782 1529 831 obscurum
1552 798 1851 842 sermonem,
1882 781 2010 830 dicta
2032 783 2301 848 sapientum
2328 796 2372 833 et

222 864 489 929 aenigmata.
530 866 648 922 Quae
670 864 881 930 proprie,
917 873 970 911 ut
1004 863 1070 911 ait
1090 864 1430 930 Hieronymus,
1464 863 1826 912 dialecticorum
1852 872 1961 909 sunt
1987 873 2033 910 et
2055 863 2373 930 philosopho-

223 960 357 1004 rum,
391 943 521 992 unde
543 954 591 992 et
613 961 642 992 a
663 944 838 992 sanctis
867 944 1183 1011 postmodum
1209 944 1454 1003 Patribus,
1483 961 1585 992 non
1610 944 1876 1008 incongrue
1900 942 2170 991 liberalium
2200 946 2374 993 artium

223 1024 381 1073 studia
414 1035 661 1090 tamquam
692 1041 836 1074 sacrae
868 1026 1054 1091 paginae
1084 1024 1353 1073 admodum
1377 1025 1641 1073 necessaria
1660 1024 1924 1090 plurimum
1949 1025 2370 1086 commendantur,

222 1121 335 1153 cum
359 1107 562 1154 omnino
587 1106 777 1172 poetica
796 1105 1024 1170 figmenta
1046 1105 1326 1154 Christianis
1347 1105 1724 1165 interdicantur,
1751 1121 1852 1152 non
1876 1104 2033 1152 solum
2063 1106 2175 1171 quia
2196 1105 2374 1155 fallaci·

223 1195 318 1234 tate
354 1187 526 1236 referta
558 1197 687 1250 sunt,
723 1197 773 1236 et
808 1204 862 1236 os
897 1187 1031 1253 quod
1066 1187 1297 1235 mentitur
1326 1187 1504 1235 occidit
1526 1187 1762 1248 animum,
1803 1203 1971 1234 verum
1994 1187 2139 1235 etiam
2166 1189 2277 1253 quia
2303 1190 2375 1235 in-

221 1268 388 1316 anium
412 1268 682 1318 fabularum
715 1269 1090 1334 cogitationibus
1119 1267 1181 1318 ad
1206 1268 1442 1317 desideria
1472 1267 1828 1334 turpitudinum
1854 1284 1959 1333 quae
1994 1266 2239 1333 finguntur
2262 1270 2373 1317 alli-—

221 1349 356 1397 ciunt
386 1350 616 1413 animam,
650 1360 797 1414 atque
830 1366 857 1398 a
878 1366 1021 1398 sacrae
1043 1350 1264 1398 lectionis
1285 1350 1446 1397 studio
1470 1365 1560 1396 nos
1582 1347 1847 1396 abducunt.
1881 1350 1952 1395 De
1978 1348 2190 1414 utrisque
2212 1361 2373 1398 autem

158 1476 167 1482 ,
223 1428 274 1476 in
311 1441 543 1497 promptu
578 1442 690 1480 sunt
721 1442 1001 1479 sanctorum
1036 1431 1310 1479 testimonia
1338 1429 1496 1498 nobis.
1523 1429 1747 1494 Synodus
1771 1428 1971 1494 Eugenii
1994 1445 2129 1495 papae
2155 1440 2374 1497 tempore

224 1509 453 1560 Ludovici
483 1532 494 1559 :
526 1532 548 1558 «
575 1516 647 1560 De
675 1512 992 1578 quibusdam,
1017 1511 1196 1576 inquit,
1219 1511 1360 1573 locis,
1388 1509 1448 1558 ad
1473 1527 1564 1557 nos
1590 1510 1793 1558 refertur
1817 1526 1917 1558 non
1944 1511 2194 1574 magistros
2217 1528 2373 1577 neque

222 1607 388 1639 curam
422 1593 626 1641 inveniri
653 1610 743 1659 pro
771 1593 934 1641 studio
966 1593 1228 1641 literarum.
1273 1591 1459 1640 Idcirco
1494 1591 1729 1638 universis
1769 1591 2008 1656 episcopis
2051 1590 2372 1658 subjectisque

223 1670 444 1735 plebibus
466 1683 514 1721 et
530 1674 633 1722 aliis
654 1673 792 1735 locis,
819 1674 869 1721 in
892 1672 1068 1738 quibus
1094 1671 1351 1720 necessitas
1380 1671 1659 1731 occurrerit,
1692 1671 1895 1719 omnino
1919 1687 2036 1719 cura
2060 1681 2107 1718 et
2128 1671 2374 1737 diligentia

222 1750 530 1812 adhibeatur,
570 1764 622 1802 ut
643 1754 853 1819 Magistri
880 1763 928 1801 et
951 1756 1187 1801 Doctores
1210 1752 1588 1813 constituantur,
1626 1752 1709 1817 qui
1738 1751 1894 1800 studia
1925 1751 2171 1799 literarum
2194 1752 2368 1803 libera—

222 1831 437 1899 liumque
462 1835 637 1883 artium
659 1834 923 1896 habentes,
961 1834 1190 1899 dogmata
1218 1833 1453 1893 doceant,
1478 1833 1593 1898 quia
1625 1833 1674 1880 in
1704 1833 1779 1880 his
1805 1833 2010 1881 maxime
2031 1832 2193 1880 divina
2212 1837 2373 1883 mani-

222 1912 454 1963 sestantur
474 1925 616 1981 atque
635 1915 941 1964 declarantur
959 1914 1235 1963 mandata.»
1253 1917 1325 1962 De
1339 1914 1540 1981 poeticis
1556 1923 1719 1962 autem
1734 1913 1989 1979 figmentis,
2010 1931 2134 1979 quos
2153 1917 2374 1964 nonnulli

222 1992 369 2044 libros
413 1998 747 2045 Grammaticae
790 2014 963 2045 vocare
1009 2005 1395 2056 consueverunt,
1444 2012 1503 2043 eo
1544 1995 1677 2060 quod
1716 1995 1904 2061 parvuli
1945 1995 2007 2043 ad
2052 1995 2372 2045 eruditionem

223 2078 541 2140 grammaticae
564 2078 784 2126 lectionis
800 2094 882 2126 eos
904 2078 1060 2143 legere
1083 2077 1211 2125 soliti
1233 2077 1343 2135 sint,
1369 2075 1481 2124 talia
1502 2086 1783 2124 sanctorum
1802 2076 1960 2123 sanxit
1974 2076 2249 2124 auctoritas.
2271 2079 2376 2126 Hie-

222 2174 455 2222 ronymus
478 2158 543 2207 ad
560 2163 844 2208 Damasium
863 2163 1052 2225 Papam
1069 2158 1130 2206 de
1152 2157 1252 2205 filio
1274 2157 1481 2222 prodigo
1493 2160 1535 2204 ²':
1553 2177 1575 2203 «
1596 2160 1882 2205 Daemonum
1911 2156 2048 2205 cibus
2072 2167 2143 2205 est
2160 2160 2373 2208 carmina

227 2240 500 2299 Poetarum,
523 2241 822 2289 Secularium
841 2240 1055 2303 scientia,
1074 2238 1446 2286 Rhetoricorum
1460 2254 1641 2304 pompa
1656 2237 1937 2286 verborum.
1961 2259 1982 2281 >2
2012 2241 2068 2284 Et
2083 2247 2195 2303 post
2216 2238 2373 2303 aliqua

223 2327 470 2384 tamquam
491 2320 649 2368 Exodi
668 2307 786 2369 illud
811 2320 874 2369 ad
898 2330 1107 2368 mentem
1131 2320 1424 2367 recurreret⁸
1443 2337 1454 2366 :
1474 2339 1496 2362 (ι
1519 2322 1609 2366 Per
1632 2335 1810 2366 nomen
1834 2329 2143 2366 externorum
2169 2319 2372 2367 deorum

224 2415 321 2446 non
337 2399 577 2463 jurabitis,
596 2418 754 2467 neque
777 2402 997 2450 audietur
1010 2418 1068 2449 ex
1091 2417 1176 2448 ore
1191 2409 1407 2447 vestro.»
1435 2419 1458 2445 «
1477 2399 1624 2461 Absit,
1651 2400 1827 2464 inquit,
1857 2410 1906 2447 ut
1930 2399 1991 2447 de
2015 2416 2100 2447 ore
2119 2399 2373 2447 Christiani

222 2490 362 2547 sonet
375 2482 559 2547 Jupiter
573 2483 899 2548 omnipotens,
918 2479 964 2530 et
980 2499 1059 2530 me
1079 2481 1324 2541 HerculeS‚
1342 2496 1421 2527 me
1435 2482 1621 2542 Castor,
1647 2490 1697 2529 et
1713 2492 1883 2528 caetera
1905 2483 2059 2546 magis
2077 2482 2371 2543 omnipoten—

151 2556 162 2566 ’
223 2562 290 2606 tia
303 2578 450 2626 qaam
463 2565 682 2610 numina.
711 2567 768 2611 At
791 2580 921 2611 nunc
938 2563 1082 2611 etiam
1101 2561 1375 2610 sacerdotes
1396 2563 1503 2623 Dei,
1531 2562 1718 2608 omissis
1741 2561 2009 2624 Evangeliis
2029 2570 2075 2608 et
2103 2559 2369 2625 ProphetiS‚

221 2640 445 2690 videmus
461 2644 723 2692 comoedias
742 2645 917 2708 legere,
945 2643 1179 2691 amatoria
1201 2641 1537 2689 bucolicorum
1561 2658 1786 2689 versuum
1810 2640 1955 2687 verba
1971 2648 2181 2699 cantare,
2207 2649 2372 2689 tenere

222 2722 497 2785 Virgilium;
524 2734 571 2771 et
599 2725 649 2771 id
672 2725 807 2790 quod
829 2726 879 2772 in
902 2725 1063 2790 pueris
1086 2722 1377 2771 necessitatis
1403 2731 1498 2779 est,
1524 2722 1705 2768 crimen
1730 2721 1778 2767 in
1803 2737 1853 2767 se
1881 2720 2034 2768 facere
2057 2720 2368 2768 voluntatis.»

222 2801 356 2849 Idem
377 2820 521 2868 saper
536 2804 803 2868 Epistolam
827 2804 896 2851 ad
906 2804 1135 2869 Ephesios
1148 2804 1162 2826 ¹·
1180 2821 1189 2849 :
1204 2821 1236 2864 v«
1257 2801 1486 2858 Educate‚
1515 2801 1580 2847 ait
1595 2801 1868 2865 Apostolus,
1898 2798 2022 2847 filios
2045 2800 2095 2847 in
2118 2799 2371 2866 disciplina

221 2890 267 2928 et
289 2884 589 2931 correctione
608 2885 713 2931 Dei.
732 2904 755 2929 >1
781 2888 958 2948 Legant
982 2881 1204 2949 Episcopi
1227 2891 1372 2946 atque
1390 2879 1678 2944 Presbyteri,
1701 2881 1784 2944 qui
1802 2879 1926 2927 filios
1946 2896 2060 2928 suos
2078 2881 2372 2929 secularibus

220 2960 367 3010 literis
397 2963 652 3024 erudiunt,
687 2975 734 3011 et
758 2964 938 3012 faciunt
960 2962 1224 3011 comoedias
1252 2961 1408 3026 legere
1426 2997 1438 3019 ,
1466 2971 1512 3008 et
1535 2977 1757 3008 amorum
1788 2961 1946 3027 turpia
1977 2961 2154 3027 scripta
2177 2973 2370 3009 cantare

222 3042 282 3090 de
320 3045 647 3093 ecclesiasticis
676 3061 872 3110 quoque
894 3043 1166 3110 sumptibus
1198 3042 1436 3103 eruditos,
1463 3052 1509 3090 et
1538 3041 1672 3106 quod
1702 3042 1748 3088 in
1773 3040 2037 3090 corbanam
2063 3059 2152 3108 pro
2173 3053 2369 3108 peccato

272 3240 405 3281 ¹Eccli.,
422 3252 493 3284 cap.
512 3252 624 3282 xxxix,
644 3252 674 3276 v.
696 3246 706 3276 1
726 3249 822 3284 etsq.
844 3261 882 3267 -
898 3244 1021 3285 ²0pp.,
1039 3247 1063 3275 t.
1083 3241 1136 3281 IV,
1161 3251 1193 3284 p.
1222 3243 1249 3280 1.
1267 3242 1328 3275 col.
1354 3243 1476 3275 153.--
1493 3241 1505 3260 ³
1522 3238 1640 3278 Exod„
1660 3248 1733 3280 cap.
1754 3248 1859 3280 xxm,
1874 3248 1903 3270 v.
1926 3242 1973 3272 13.
1991 3256 2027 3262 —
2047 3241 2058 3260 ⁴
2075 3238 2208 3279 Ephes..
2224 3248 2294 3278 cap.
2323 3248 2372 3271 vi.

225 3305 243 3326 v
284 3298 316 3336 4,
338 3296 439 3338 Opp.‚
469 3302 494 3329 t.
524 3297 579 3337 tv,
598 3307 632 3339 p.
666 3302 700 3338 1,
719 3299 781 3330 col.
801 3299 873 3331 396.
