2638 3866
332 271 426 318 202
1129 265 1299 314 PETRI
1334 264 1651 313 ABAELARDI

963 630 1251 709 LIBER
1309 625 1838 708 SECUNDUS.

399 867 621 913 «Scimus
646 875 822 912 alitem.
849 886 871 908 »
897 865 1033 912 Redit
1058 864 1307 929 Apostolus
1330 863 1392 911 ad
1409 862 1733 911 invectionem
1752 860 2044 922 Judaeorum,
2062 869 2116 907 ut
2135 859 2256 908 sicut
2271 859 2466 908 abstulit

330 947 395 994 eis
431 946 760 1010 gloriationem
788 945 848 992 de
872 945 1261 1004 circumcisione,
1289 944 1472 992 auferat
1500 952 1547 990 et
1576 941 1637 990 de
1661 942 1764 1006 lege
1785 941 1862 989 vel
1883 940 2269 1006 quibuscumque
2295 956 2464 988 carna-

327 1026 452 1073 libus
485 1026 820 1084 observantiis,
849 1042 911 1072 ne
933 1025 1053 1072 forte
1082 1025 1287 1073 maxime
1309 1025 1465 1088 legem
1489 1024 1539 1070 in
1570 1039 1629 1071 eo
1660 1021 2023 1070 commendasse
2046 1020 2306 1081 videretur,
2331 1020 2466 1086 quod

329 1105 512 1154 dixerat
551 1125 574 1151 «
604 1106 811 1170 primum
850 1105 1073 1170 quidem,
1110 1105 1222 1169 quia
1263 1104 1443 1151 credita
1482 1112 1593 1151 sunt
1628 1103 1719 1150 illis
1755 1102 1946 1166 eloquia
1980 1101 2087 1149 Dei.
2111 1121 2135 1145 »
2174 1101 2308 1164 Legis
2351 1115 2465 1164 ergo

329 1185 659 1247 gloriationem
689 1202 776 1250 per
810 1185 904 1232 hoc
937 1186 1148 1250 primum
1186 1183 1356 1244 aufert,
1393 1182 1527 1247 quod
1560 1199 1644 1230 eos
1675 1199 1762 1247 per
1786 1182 1941 1246 legem
1975 1181 2125 1246 magis
2158 1181 2294 1244 argui
2321 1196 2467 1245 quam

321 1264 567 1328 Justificari
594 1265 853 1312 convincit.
880 1264 1188 1312 Continuatio
1214 1282 1223 1310 :
1248 1263 1441 1310 Induxit
1464 1262 1738 1310 testimonia
1759 1279 1818 1310 ex
1838 1262 1958 1326 lege,
1982 1261 2033 1308 id
2056 1269 2127 1308 est
2149 1260 2291 1308 veteri
2310 1262 2467 1307 Testa-

326 1353 507 1403 mento,
537 1361 623 1408 per
644 1361 750 1408 quae
774 1361 942 1391 omnes
974 1361 1082 1391 reos
1104 1360 1223 1403 esse,
1252 1353 1347 1390 tam
1369 1343 1559 1391 Judaeos
1591 1343 1769 1391 scilicet
1791 1358 1937 1406 quam
1960 1341 2189 1402 Gentiles,
2215 1350 2465 1389 astrueret.

327 1424 420 1471 Sed
443 1425 617 1471 scimus
641 1424 829 1472 Judaeos
859 1425 1064 1472 maxime
1087 1424 1162 1471 his
1192 1424 1344 1487 argui,
1371 1423 1549 1488 quibus
1571 1423 1768 1488 quidem
1798 1422 1983 1484 solum,
2009 1438 2108 1469 non
2141 1421 2200 1468 de
2235 1420 2365 1481 solis,
2391 1420 2466 1469 lex

326 1503 553 1568 loquitur,
580 1521 691 1551 cum
716 1505 782 1552 eis
803 1505 916 1552 solis
942 1504 1055 1552 data
1079 1504 1220 1551 fuerit
1242 1513 1385 1568 atque
1410 1504 1650 1569 imposita.
1674 1507 1733 1551 Et
1750 1503 1846 1550 hoc
1869 1512 1939 1550 est
1960 1501 2095 1566 quod
2117 1501 2208 1549 ait:
2235 1521 2258 1544 «
2279 1501 2465 1548 Scimus

328 1592 486 1629 autem
505 1621 516 1642 ‚
554 1594 675 1644 etc.,
713 1605 735 1627 »
782 1601 836 1631 ac
869 1585 908 1630 si
942 1584 1122 1631 diceret
1155 1603 1166 1631 z
1208 1584 1436 1641 Quamvis
1470 1584 1714 1649 praemissa
1745 1582 2019 1630 testimonia
2055 1590 2222 1629 contra
2255 1579 2466 1628 Gentiles

328 1679 520 1727 quoque
560 1679 618 1710 ex
655 1663 758 1726 lege
798 1663 1156 1727 collegerimus,
1199 1672 1358 1711 tamen
1393 1663 1568 1710 scimus
1606 1663 1761 1727 legem
1798 1679 1900 1710 non
1941 1663 2009 1709 eis
2047 1661 2189 1708 fuisse
2225 1660 2461 1719 locutam,

327 1743 502 1806 quibus
527 1742 638 1791 data
655 1759 756 1789 non
781 1743 950 1802 fuerat,
977 1743 1088 1791 licet
1110 1743 1172 1790 de
1202 1743 1287 1790 eis.
1319 1763 1342 1786 κ
1363 1742 1457 1789 Sed
1475 1742 1550 1788 his
1577 1752 1765 1789 tantum
1794 1743 1876 1806 qui
1900 1743 1950 1788 in
1973 1741 2076 1805 lege
2103 1750 2232 1801 sunt,
2248 1760 2271 1784 ›>
2297 1739 2348 1787 id
2376 1749 2462 1801 est,

328 1822 612 1887 professioni
645 1832 871 1888 susceptae
898 1823 1014 1886 legis
1035 1833 1261 1870 tenentur
1285 1822 1479 1869 astricti.
1510 1822 1788 1870 Notandum
1811 1822 1926 1884 legis
1951 1821 2148 1868 nomine
2173 1819 2467 1884 quandoque

326 1903 520 1967 proprie
555 1903 768 1966 quinque
798 1912 982 1949 tantum
1020 1902 1171 1950 libros
1203 1902 1379 1966 Moysis
1413 1902 1776 1967 comprehendi,
1806 1890 2099 1966 quandoque
2130 1900 2275 1947 etiam
2308 1909 2466 1947 totum

326 1992 461 2030 vetus
479 1986 849 2042 Testamentum,
877 1983 998 2029 sicut
1016 1983 1063 2029 in
1084 1982 1179 2029 hoc
1197 1982 1325 2029 loco.
1355 1982 1494 2029 Unde
1517 1982 1807 2046 Augustinus
1825 1980 1882 2027 de
1909 1982 2160 2041 Trinitate,
2181 1979 2306 2026 libro
2322 1981 2431 2026 XV¹
2450 1997 2461 2025 :

330 2062 504 2126 «Legis
540 2062 737 2109 nomine
770 2061 1031 2126 aliquando
1061 2063 1224 2110 omnia
1249 2062 1422 2109 veteris
1449 2062 1737 2109 Testamenti
1758 2061 1971 2125 eloquia,
2008 2059 2268 2124 aliquando
2304 2068 2467 2106 autem

325 2143 517 2207 proprie
538 2142 613 2190 lex
634 2142 824 2203 dicitur,
851 2159 956 2206 quae
978 2158 1064 2207 per
1085 2143 1300 2206 Moysem
1325 2141 1435 2189 data
1456 2150 1543 2188 est.
1568 2160 1592 2186 »
1624 2159 1648 2185 «
1670 2144 1734 2187 Ut
1755 2141 1822 2188 ita
1844 2157 1990 2187 omne
2014 2156 2069 2187 os
2091 2139 2343 2197 obruatur,
2366 2158 2389 2181 >³
2416 2137 2466 2185 id

327 2232 414 2283 est,
448 2233 779 2288 compescatur
807 2231 854 2269 et
875 2223 1112 2270 conticeat
1133 2239 1162 2269 a
1183 2239 1267 2269 sua
1292 2221 1594 2285 gloriatione,
1621 2230 1666 2268 et
1690 2237 1789 2268 non
1814 2221 2055 2286 aperiatur
2079 2219 2169 2266 nisi
2202 2219 2251 2266 in
2279 2216 2465 2282 glorifi-

326 2302 563 2349 cationem
596 2304 700 2363 Dei,
738 2319 850 2349 cum
881 2303 1057 2350 scilicet
1089 2302 1460 2350 intellexerimus
1494 2301 1619 2347 illius
1653 2317 1849 2365 quoque
1888 2300 2139 2366 peculiaris
2174 2298 2343 2364 populi
2379 2299 2467 2345 Dei

327 2382 584 2429 maximam
608 2382 823 2445 gloriam,
850 2399 996 2446 quam
1020 2399 1077 2429 ex
1100 2382 1203 2445 lege
1226 2381 1490 2441 habebant,
1514 2391 1742 2445 tanquam
1762 2397 1849 2445 per
1871 2381 1973 2444 ejus
1991 2395 2137 2444 opera
2155 2394 2205 2425 se
2219 2375 2467 2440 justificari

325 2460 625 2522 arbitrantes,
645 2462 827 2509 nullam
845 2479 946 2509 esse
966 2461 1302 2526 reputandam.
1328 2481 1350 2503 «
1377 2463 1435 2507 Et
1455 2461 1521 2507 ita
1543 2459 1779 2518 subditus,
1799 2478 1823 2504 »
1841 2458 1890 2505 id
1911 2468 1998 2519 est,
2020 2457 2243 2504 humiliet
2269 2473 2320 2503 se
2339 2460 2461 2515 Deo,

326 2540 445 2588 nihil
467 2541 528 2588 de
552 2558 636 2588 sua
661 2542 941 2605 gloriatione
957 2558 1267 2606 praesumens,
1294 2558 1400 2605 quae
1420 2541 1488 2588 eis
1513 2541 1675 2600 etiam,
1702 2540 1786 2603 qui
1811 2539 1970 2602 magni
1994 2537 2125 2602 apud
2149 2540 2306 2583 Deum
2327 2536 2462 2583 vide-

326 2619 518 2682 bantur,
547 2621 704 2668 ablata
728 2631 814 2668 est.
845 2641 867 2666 «
886 2622 1008 2679 Quia
1031 2638 1087 2668 ex
1110 2620 1338 2686 operibus
1359 2619 1491 2684 legis,
1511 2639 1534 2664 υ
1562 2620 1611 2666 id
1634 2628 1704 2666 est
1724 2617 2057 2684 corporalibus
2081 2617 2181 2680 ejus
2203 2615 2466 2663 observan-

327 2700 430 2759 tiis,
470 2718 573 2765 quae
608 2702 813 2749 maxime
850 2701 1059 2766 populus
1094 2700 1173 2748 ille
1207 2700 1506 2760 attendebat,
1549 2699 1698 2747 veluti
1735 2698 2169 2757 circumcisionem,
2207 2694 2462 2756 sacrificia,

329 2778 711 2827 observationem
734 2781 886 2828 sabati
917 2791 964 2828 et
993 2790 1275 2828 caeterorum
1300 2780 1582 2845 hujusmodi
1614 2778 1885 2843 figuralium
1907 2785 2274 2842 praeceptorum.
2306 2794 2329 2820 α
2360 2778 2464 2822 Non

325 2857 658 2919 justificabitur
686 2877 850 2908 coram
876 2861 975 2922 illo,
998 2880 1020 2906 »
1051 2861 1102 2908 id
1132 2870 1216 2921 est,
1246 2860 1376 2925 apud
1398 2863 1576 2920 Deum,
1609 2879 1632 2903 ι(
1660 2859 1818 2906 omnis
1847 2874 1978 2918 caro,
1999 2876 2021 2901 υ
2047 2856 2097 2903 id
2120 2865 2190 2903 est
2223 2855 2380 2902 omnis
2411 2871 2468 2902 ea

330 2938 578 2985 carnaliter
616 2950 819 3000 tantum,
859 2957 959 2987 non
993 2940 1300 3004 spiritualiter
1329 2939 1616 3006 adimplens,
1654 2939 1764 2986 licet
1796 2955 1961 2986 coram
1984 2934 2282 2995 hominibus,
2312 2934 2361 2981 id
2398 2944 2469 2981 est

329 3015 545 3064 humano
572 3018 774 3079 judicio,
808 3020 941 3083 quod
970 3019 1031 3067 de
1061 3019 1381 3067 exterioribus
1408 3029 1454 3066 et
1486 3020 1749 3067 visibilibus
1777 3018 1986 3083 judicat,
2021 3015 2147 3087 justi>
2169 3014 2284 3061 tales
2323 3030 2467 3078 repu-

333 3103 510 3142 tentur.
929 3087 955 3103 ⁵

400 3194 422 3217 κ
445 3178 533 3222 Per
551 3176 703 3238 legem
723 3177 869 3223 enim.
894 3198 916 3220 ν
946 3165 1013 3224 Ad
1040 3177 1138 3225 duo
1159 3179 1399 3243 praemissa
1418 3178 1517 3226 duo
1544 3178 1700 3226 refert.
1731 3177 1800 3224 Ad
1823 3175 1940 3223 illud
1963 3191 2063 3239 quo
2085 3174 2167 3234 ait,
2198 3193 2220 3216 «
2240 3183 2291 3220 ut
2321 3187 2464 3220 omne

372 3345 379 3363 ¹
397 3344 476 3385 Cap.
495 3352 586 3383 xviii,
604 3345 705 3386 Opp.,
721 3350 743 3376 t.
775 3344 864 3387 vm,
883 3346 943 3378 col.
961 3348 1033 3379 988.
