2638 3866
916 190 1260 241 THEOLOGIA
1303 192 1648 244 CHRISTIANA
1658 231 1669 243 .
2269 199 2366 249 367

235 296 494 362 Gregorius
526 302 716 343 secutus
741 289 803 360 *in
837 291 1054 356 Symbolo
1095 293 1305 358 epistolis
1334 295 1430 342 suis
1459 295 1736 362 praescripto
1761 295 1978 345 meminit
2016 297 2180 346 dicens
2215 299 2368 365 Spiri-

235 389 338 427 tum
356 392 472 426 vero
494 384 714 425 sanctum
736 389 826 422 nec
849 373 1063 438 genitum
1086 389 1178 421 nec
1206 374 1488 437 ingenitum,
1516 374 1603 423 sed
1621 385 1912 424 coaeternum
1934 377 1995 426 de
2020 381 2158 428 Patre
2179 390 2227 428 et
2249 380 2367 428 Filio

233 456 594 525 procedentem.
644 453 854 502 Isidorus
908 469 1104 518 quoque
1149 455 1561 520 Etymologiarum
1610 454 1734 504 libro
1774 458 1835 504 VI
1890 474 2135 524 exponens
2160 462 2172 484 ¹
2222 476 2368 524 quare

232 538 364 586 solus
394 539 532 585 Pater
570 534 759 583 dicatur
797 533 1062 599 ingenitus,
1088 533 1189 582 ait:
1220 553 1243 578 α
1271 537 1408 583 Pater
1438 536 1570 584 solus
1604 552 1704 585 non
1742 546 1815 585 est
1842 536 1903 585 de
1938 538 2050 599 alio,
2090 539 2202 589 ideo
2236 541 2366 589 solus

233 616 503 684 appellatur
538 615 793 681 ingenitus.
814 635 838 660 n
872 616 930 660 Et
958 613 1229 662 notandum
1261 614 1396 680 quod
1427 615 1697 664 secundum
1731 616 1827 665 hoc
1857 619 1990 683 quod
2012 620 2277 685 ingenitum
2301 619 2369 668 di·

233 697 386 745 cimus
420 696 578 745 solum
602 699 807 755 Patrem,
833 694 882 742 in
917 709 977 742 eo
1012 692 1190 742 scilicet
1221 694 1358 760 quod
1390 712 1491 744 non
1524 706 1596 745 est
1627 696 1689 744 ab
1721 696 1837 757 alio,
1870 696 2059 747 videtur
2090 699 2138 748 id
2172 717 2367 765 quoque

233 776 367 843 quod
401 775 578 824 dicitur
610 775 848 840 ingenitus
885 790 986 822 non
1022 774 1288 840 incongrue
1325 775 1389 824 ad
1422 777 1689 842 potentiam
1727 777 1933 826 maxime
1973 795 2194 843 vergere,
2230 781 2366 845 quasi

231 872 449 905 summus
474 857 576 922 ipse
603 855 901 918 ostendatur,
925 870 1026 903 non
1049 853 1209 921 aliqua
1230 855 1427 921 quidem
1460 856 1713 921 dignitate,
1736 856 1822 905 sed
1853 857 2142 907 subsistendi
2165 859 2366 924 possibi-

230 937 378 998 litate,
412 940 525 984 cum
555 936 775 985 videlicet
803 936 905 1003 ipse
929 935 1077 998 soluS,
1104 945 1158 984 ut
1181 935 1364 985 dic-tum
1393 946 1490 998 est,
1519 953 1548 985 a
1571 953 1622 985 se
1645 937 1751 1003 ipso
1772 936 1948 986 habeat
1973 955 2093 998 esse,
2119 938 2221 987 aliae
2250 955 2365 987 vero

231 1017 340 1066 duae
368 1033 585 1084 personae
609 1016 896 1078 nullatenUS,
936 1016 1028 1065 nisi
1062 1015 1124 1065 ab
1157 1018 1262 1082 ipso
1297 1017 1410 1080 sint,
1446 1033 1548 1065 esse
1582 1027 1779 1082 queant,
1818 1019 1918 1083 ipse
1957 1034 2070 1066 vero
2103 1018 2232 1067 solus
2266 1036 2364 1067 non

232 1096 330 1145 alio
373 1107 532 1162 egeat,
568 1112 597 1145 a
625 1113 724 1161 quo
758 1113 860 1146 esse
885 1095 1046 1159 ducat,
1081 1097 1220 1162 quasi
1250 1097 1352 1163 ipse
1392 1096 1522 1145 solus
1556 1114 1650 1145 suae
1682 1097 1883 1146 sufficiat
1916 1098 2190 1159 existentiae,
2225 1099 2309 1164 qui
2339 1116 2366 1146 a

230 1179 406 1243 seipso,
425 1194 526 1225 non
547 1176 610 1225 ab
629 1177 723 1224 alio
745 1177 894 1225 habet
915 1193 1032 1226 esse.
1059 1177 1135 1225 Sic
1153 1178 1283 1225 enim
1303 1187 1351 1225 et
1376 1176 1655 1243 Philosophi
1686 1178 1964 1226 existentem
1987 1188 2212 1226 naturam
2233 1179 2365 1225 aiunt

229 1273 288 1304 ex
321 1273 513 1307 summo
534 1258 639 1305 Deo
667 1274 812 1323 quem
837 1259 1072 1323 Togat0n²
1098 1266 1290 1319 vocant,
1318 1257 1368 1305 id
1390 1266 1461 1306 est
1481 1258 1652 1306 Filium
1676 1274 1734 1306 ex
1756 1261 1859 1307 Deo
1886 1262 2021 1307 Patre
2050 1275 2292 1307 summum
2316 1259 2363 1305 in

229 1352 288 1385 eo
322 1346 499 1386 vocant
531 1336 666 1403 quod
695 1337 758 1386 ab
791 1337 887 1387 alio
923 1354 1025 1385 non
1059 1347 1146 1399 est,
1176 1336 1261 1403 qui
1291 1337 1436 1386 etiam
1470 1354 1582 1386 cum
1618 1338 1776 1403 ipsum
1811 1341 1998 1386 Patrem
2033 1342 2364 1404 Protapanton

228 1416 371 1466 etiam
402 1417 662 1484 appellant,
692 1417 743 1466 id
773 1427 843 1466 est
872 1418 1140 1485 principem
1170 1418 1414 1480 omnium,
1440 1418 1839 1483 omnipotentiam
1875 1419 1966 1484 ipsi
2000 1419 2134 1483 quasi
2169 1419 2363 1485 proprie

224 1506 274 1546 et
300 1498 566 1564 specialiter
592 1498 854 1561 ascribunt,
882 1514 942 1547 eo
972 1498 1192 1547 videlicet
1212 1497 1346 1564 quod
1376 1497 1439 1546 ab
1460 1498 1566 1564 ipso
1593 1514 1692 1546 non
1722 1498 1882 1546 solum
1912 1509 2158 1561 creaturae,
2190 1515 2362 1547 verum

227 1578 373 1627 etiam
406 1589 455 1627 et
484 1588 654 1627 ceterae
685 1579 794 1627 duae
825 1595 1044 1645 personae
1073 1578 1302 1640 habeant,
1338 1588 1392 1627 ut
1421 1578 1606 1627 dictum
1636 1587 1724 1640 est,
1762 1594 1881 1638 esse,
1915 1595 2016 1626 non
2048 1577 2244 1644 quidem
2280 1595 2365 1643 per

228 1659 540 1720 creationem,
582 1659 706 1708 sicut
739 1658 841 1707 aliae
875 1674 970 1721 res,
1000 1658 1085 1707 sed
1117 1675 1205 1724 per
1238 1659 1596 1723 generationem
1630 1658 1707 1706 vel
1739 1658 2115 1723 processionem.
2145 1657 2284 1705 Unde
2319 1667 2365 1704 et

229 1740 370 1788 Pater
392 1739 496 1805 ipse
514 1755 601 1805 per
622 1738 719 1787 hoc
738 1748 1025 1806 potestatem
1043 1739 1093 1787 in
1117 1738 1344 1787 omnibus
1363 1738 1503 1804 quasi
1523 1736 1790 1805 specialiter
1808 1753 1864 1786 ac
1886 1737 2166 1787 naturaliter
2188 1736 2365 1785 habere

227 1817 433 1881 videtur,
459 1818 593 1884 quod
617 1818 804 1886 abipso
826 1820 925 1870 sint
946 1821 1128 1878 omnia,
1154 1829 1202 1868 et
1224 1820 1361 1885 quasi
1383 1818 1598 1884 quodam
1626 1817 1828 1867 naturali
1854 1818 1962 1884 jure
1984 1834 2086 1881 sua,
2113 1818 2363 1884 quomodo

226 1908 276 1947 et
297 1898 497 1965 quilibet
510 1899 643 1948 filius
659 1900 732 1952 sui
751 1901 902 1966 patris
916 1900 1025 1966 jure
1047 1899 1253 1949 naturali
1271 1900 1478 1966 propriae
1500 1899 1758 1949 existentiae
1777 1916 1871 1948 suae
1890 1899 2065 1948 dicitur
2082 1915 2201 1947 esse.
2226 1898 2364 1946 Unde

227 1987 275 2025 et
310 1995 444 2028 sacra
478 1979 652 2046 pagina
674 1981 881 2029 maxime
910 1980 1007 2030 hoc
1040 1996 1220 2030 nomen
1256 1980 1576 2046 Omnipotens
1596 1995 1710 2028 cum
1742 1979 1942 2028 nomine
1975 1979 2126 2028 Patris
2150 1977 2364 2044 proferre

225 2060 493 2122 consuevit,
520 2061 738 2124 quamvis
761 2070 810 2109 et
834 2069 1037 2126 utraque
1068 2060 1271 2109 aliarum
1301 2075 1617 2127 personarum
1651 2073 1786 2125 aeque
1806 2061 1867 2108 sit
1889 2059 2214 2125 omnipotens.
2241 2059 2362 2104 Cum

226 2138 387 2204 itaque
415 2140 637 2206 superius
659 2139 832 2189 dixerit
852 2141 1108 2203 Maximus,
1138 2139 1274 2205 quod
1298 2140 1338 2188 si
1369 2142 1501 2189 Deus
1535 2156 1623 2206 per
1654 2140 1915 2204 ingenitam
1939 2139 2174 2186 Deitatem
2204 2138 2363 2186 omni-

227 2227 401 2283 potens
423 2221 528 2267 talis
549 2230 636 2281 est,
664 2236 722 2269 ac
755 2220 795 2268 si
823 2220 954 2270 dicat
975 2223 1079 2269 Deo
1117 2221 1351 2285 ingenito,
1379 2220 1429 2269 id
1463 2230 1535 2269 est
1564 2223 1668 2268 Deo
1705 2219 1846 2280 Patri,
1881 2235 1939 2267 ex
1972 2218 2068 2266 hoc
2094 2219 2201 2284 ipso
2229 2218 2360 2283 quod

227 2298 468 2363 ingenitus
489 2310 577 2362 est,
602 2299 699 2349 hoc
720 2311 792 2350 est
812 2317 841 2350 a
859 2301 1036 2368 seipso,
1061 2317 1160 2350 non
1189 2300 1253 2349 ab
1276 2301 1372 2350 alio
1394 2301 1615 2363 existens,
1642 2300 1848 2359 maxime
1870 2310 1918 2347 et
1939 2299 2077 2364 quasi
2099 2297 2363 2364 specialiter

228 2380 631 2445 omnipotentiam
650 2397 752 2430 esse
770 2380 1097 2443 tribuendam,
1116 2398 1230 2430 cum
1253 2383 1353 2449 ipse
1375 2381 1574 2448 quidem
1592 2381 1713 2430 sicut
1732 2395 1759 2427 a
1776 2381 1935 2446 seipso
1955 2389 2025 2428 est
2045 2395 2144 2427 non
2165 2378 2226 2427 ab
2247 2378 2358 2439 alio,

226 2460 394 2509 omnia
423 2477 542 2509 vero
573 2461 666 2510 alia
693 2460 756 2510 ab
787 2462 911 2528 ipso,
943 2462 1008 2511 ita
1038 2479 1066 2511 a
1097 2462 1255 2528 seipso
1280 2478 1382 2511 non
1413 2461 1475 2510 ab
1506 2461 1621 2522 alio,
1656 2460 1820 2509 omnia
1854 2476 2012 2526 posse,
2051 2458 2169 2507 nulli
2204 2458 2282 2505 alii
2313 2459 2360 2504 in

227 2539 389 2604 aliquo
419 2540 683 2603 obnoxius,
723 2543 858 2607 quasi
889 2541 952 2591 ab
978 2559 1037 2591 eo
1062 2542 1139 2591 vel
1159 2559 1279 2603 esse,
1306 2542 1383 2591 vel
1412 2559 1570 2608 posse,
1597 2541 1668 2590 vel
1702 2541 1855 2590 facere
1890 2540 2070 2606 aliquid
2089 2539 2263 2587 habeat
2281 2539 2361 2602 qui

227 2635 444 2668 summus
453 2622 748 2670 estomnium
758 2623 1016 2672 existentiae
1027 2633 1330 2685 naturarum,
1349 2623 1458 2672 etin
1473 2620 1700 2671 omnibus
1716 2621 1817 2669 aliis
1835 2631 2080 2685 tamquam
2090 2618 2362 2666 naturaliter

227 2699 325 2746 suis
342 2700 449 2764 jure
469 2711 771 2766 potestatem,
809 2714 861 2752 ut
883 2703 1066 2752 dictum
1087 2713 1184 2762 est,
1214 2702 1435 2752 obtinere
1455 2701 1692 2764 videatur,
1721 2710 1966 2765 tamquam
1994 2700 2043 2745 in
2069 2698 2143 2745 his
2166 2713 2270 2763 quae
2300 2697 2361 2744 ab

229 2778 335 2842 ipso
351 2794 454 2827 esse
470 2780 698 2840 habeant,
730 2798 837 2846 quae
858 2782 908 2831 id
932 2799 1125 2848 quoque
1143 2781 1277 2847 quod
1302 2791 1503 2847 possunt
1521 2779 1582 2828 ab
1601 2780 1706 2845 ipso
1726 2796 1782 2828 ex
1805 2779 2079 2827 necessitate
2100 2777 2357 2842 accipiunt,

227 2874 257 2906 a
277 2875 376 2923 quo
407 2869 454 2908 et
481 2876 583 2908 esse
615 2861 829 2909 trahunt.
865 2864 971 2928 Ipse
1001 2879 1117 2911 vero
1148 2861 1279 2909 solus
1308 2861 1428 2909 sicut
1459 2861 1509 2908 in
1543 2860 1790 2908 existentia
1821 2874 2038 2907 summus
2061 2866 2149 2919 est,
2174 2856 2270 2904 hoc
2292 2867 2361 2904 est

229 2955 329 2986 non
363 2939 424 2987 ab
462 2941 587 3002 ali03
621 2940 687 2990 ita
711 2950 760 2989 et
786 2957 974 2990 summa
1001 2942 1050 2990 in
1080 2958 1140 2990 eo
1166 2941 1340 2990 dicitur
1366 2949 1595 3007 potestas,
1624 2938 1758 3005 quod
1786 2955 1815 2988 a
1843 2954 1893 2986 se
1914 2938 2019 3004 ipso
2045 2954 2145 2984 non
2171 2935 2235 2986 ab
2266 2937 2360 2984 alio

229 3035 372 3082 posse
392 3019 539 3068 habet
560 3021 683 3069 sicut
703 3031 750 3069 et
773 3037 892 3070 esse.
921 3024 1099 3071 Ceterae
1122 3038 1238 3069 vero
1261 3037 1477 3087 personae
1502 3020 1622 3069 sicut
1646 3019 1706 3067 ab
1731 3020 1836 3085 ipso
1859 3028 1987 3076 sunt,
2014 3018 2080 3066 ita
2103 3027 2150 3067 et
2172 3017 2234 3066 ab
2257 3018 2360 3082 ipso

227 3097 411 3148 habent
444 3101 577 3164 quod
600 3111 802 3167 possunt
830 3103 905 3150 vel
929 3102 1125 3163 faciunt,
1150 3101 1281 3150 unde
1316 3112 1364 3150 et
1395 3100 1538 3149 Filius
1561 3102 1661 3167 ipse
1684 3099 1903 3166 perhibet
1927 3098 2059 3164 quod
2089 3097 2208 3146 nibil
2233 3113 2260 3145 a
2282 3113 2361 3144 se-

276 3286 286 3304 ¹
302 3284 338 3317 ln
349 3285 448 3319 editis
462 3286 654 3329 Imponens.
675 3305 712 3311 -·
729 3288 740 3307 ²
752 3287 798 3320 Τὸ
815 3287 946 3329 ἀγαθον.
