2638 3866
948 224 1291 274 THEOLOGlA
1328 225 1695 274 CHRISTlANA.
2304 232 2399 279 475

255 323 504 373 ambulare
532 333 578 371 et
607 323 857 372 hominem
893 323 1218 374 ambulantem
1256 343 1375 375 esse.
1408 345 1431 373 »ι
1473 330 1540 374 Ex
1575 344 1675 393 quo
1709 337 1906 394 apparet
1936 328 2069 393 quod
2106 329 2168 378 de
2198 330 2402 395 quibus—

255 421 467 470 cumque
491 404 697 452 dicimus
725 424 747 448 «
768 414 904 463 sunt,
926 425 948 448 >³
972 405 1067 454 dici
1091 417 1283 472 oportet
1308 427 1332 451 «
1351 417 1464 455 sunt
1484 408 1630 467 entia,
1653 427 1675 450 n
1703 408 1753 455 id
1772 418 1844 456 est
1869 411 2098 458 essentiae.

322 484 585 544 Quomodo
613 485 757 533 etiam
789 483 885 532 boc
911 502 1090 534 nomen
1117 508 1140 532 «
1161 491 1289 536 Deus
1313 508 1335 533 »
1362 488 1692 552 singulare-est
1719 498 1767 536 et
1788 506 1889 536 non
1922 491 2068 554 magis
2092 492 2359 541 universale
2381 533 2392 553 ,

257 566 295 613 si
320 565 460 632 plura
481 566 576 614 sint
593 564 908 632 personaliter
927 566 1148 630 discreta,
1175 568 1272 616 boc
1296 578 1366 617 est
1389 585 1591 616 numero
1615 567 1881 616 differentia
1895 604 1906 618 .
1928 569 1989 617 de
2010 570 2185 635 quibus
2204 572 2399 637 singulis

256 646 558 712 praedicetur,
584 663 696 694 cum
719 644 941 694 videlicet
959 657 1007 694 et
1028 649 1168 696 Pater
1190 649 1249 697 sit
1273 653 1418 709 Deus,
1445 659 1493 697 et
1514 649 1657 696 Filius
1679 652 1825 707 Deus,
1848 659 1895 697 et
1918 651 2120 715 Spiritus
2140 655 2285 713 Deus,
2309 669 2398 702 nec

254 727 341 776 iste
363 728 422 775 sit
442 727 554 776 ille?

324 810 442 867 Quae
461 809 605 856 etiam
626 824 789 856 rerum
813 807 1084 856 differentia
1107 826 1206 858 esse
1226 820 1385 876 potest
1409 811 1494 859 ubi
1513 811 1680 859 eadem
1704 822 1776 859 est
1798 813 2049 877 singularis
2077 824 2124 861 et
2152 814 2399 862 individua

257 889 447 953 penitus
469 886 705 938 essentia?
733 888 904 936 Omnis
925 889 1107 955 quippe
1134 891 1402 940 differentia
1428 902 1509 940 aut
1535 893 1582 940 in
1609 892 1753 940 rebus
1778 893 1991 940 discretis
2012 893 2260 959 accipitur,
2287 910 2397 942 cum

255 969 479 1018 videlicet
501 970 602 1018 haec
632 971 835 1018 essentia
857 986 957 1017 non
989 981 1060 1018 est
1089 971 1196 1033 illa3
1222 983 1303 1021 aut
1327 974 1375 1021 in
1400 973 1570 1022 eadem
1594 990 1644 1021 re
1674 974 1941 1022 secundum
1966 975 2277 1023 variationem
2301 976 2400 1039 ejus

256 1050 331 1098 vel
360 1051 575 1116 aliquam
604 1051 923 1099 mutationem
956 1068 1044 1117 per
1068 1054 1300 1119 temporis
1331 1055 1705 1114 successionem,
1738 1063 1790 1102 ut
1822 1055 1861 1103 si
1893 1055 2063 1120 aliquis
2098 1055 2246 1103 modo
2279 1066 2393 1114 stet,

257 1131 408 1179 modo
441 1132 622 1181 sedeat.
647 1132 884 1180 Discretio
915 1142 1073 1181 autem
1098 1151 1260 1183 rerum
1280 1136 1412 1184 nulla
1436 1146 1506 1184 est
1533 1135 1613 1184 ubi
1643 1136 1783 1184 unica
1810 1146 1880 1183 est
1905 1145 1951 1183 et
1970 1135 2217 1184 individua
2241 1153 2400 1184 essen-

257 1211 340 1260 tia.
372 1212 463 1260 Sed
488 1230 585 1262 ¹nec
606 1215 656 1261 in
689 1216 794 1261 Deo
824 1212 921 1261 ulla
945 1224 1104 1280 potest
1133 1233 1243 1264 esser
1255 1217 1472 1277 variatio,
1505 1234 1615 1264 curn
1646 1218 1876 1283 scriptum
1900 1217 1982 1265 sit¹
2005 1235 2015 1263 ε
2048 1236 2072 1262 «
2095 1217 2230 1283 Apud
2254 1233 2399 1282 quem

256 1309 359 1341 non
390 1305 461 1343 est
487 1295 842 1356 transmutatio,
869 1311 959 1343 nec
986 1297 1323 1346 vicissitudinis
1348 1298 1673 1347 obumbratio.
1699 1317 1722 1343 »
1750 1301 1821 1345 De
1851 1315 1949 1363 quo
1973 1299 2116 1346 etiam
2143 1298 2221 1346 ille
2244 1297 2401 1364 philo-

255 1374 440 1440 sophus
464 1378 556 1425 ait’
577 1397 588 1425 ε

1332 1490 1418 1546 Qui
1440 1501 1606 1550 tempus
1631 1490 1685 1532 ab
1710 1505 1802 1532 aevo
1831 1533 1846 1544 ,

593 1555 660 1597 Ire
676 1555 817 1612 jubet,
841 1555 1086 1616 stabilisque
1108 1571 1289 1599 manens
1312 1555 1387 1599 dat
1408 1566 1560 1598 cuncta
1582 1556 1763 1598 moveri.

257 1700 403 1765 Cujus
433 1702 578 1750 etiam
610 1718 779 1751 verum
805 1721 908 1753 esse
930 1715 978 1752 et
1006 1703 1402 1752 incommutabile
1429 1704 1632 1768 ipsemet
1670 1702 1910 1750 Dominus
1938 1701 2090 1767 aperit
2122 1701 2301 1766 Moysi,
2339 1701 2409 1748 di-

257 1783 427 1829 cens⁸z
465 1785 606 1847 «Ego
633 1800 741 1831 sum
770 1785 854 1850 qui
879 1800 1003 1832 sum.
1030 1787 1139 1833 Haec
1161 1784 1292 1832 dices
1317 1783 1424 1830 filiis
1456 1783 1596 1831 Israel
1624 1802 1635 1830 :
1667 1804 1688 1827 α
1704 1783 1799 1841 Qui
1822 1792 1892 1830 est
1915 1782 2043 1829 misit
2065 1797 2143 1829 me
2166 1781 2226 1828 ad
2258 1797 2358 1828 vos.
2380 1800 2404 1826 »

324 1864 555 1910 Praeterea
585 1879 697 1910 cum
722 1866 859 1912 Pater
887 1865 949 1912 sit·
967 1867 1116 1926 Deus,
1150 1864 1246 1912 hoc
1271 1873 1342 1912 est
1362 1863 1465 1911 haec
1493 1864 1696 1912 essentia
1727 1863 1907 1924 divina,
1931 1872 1977 1910 et
1999 1864 2129 1910 Deus
2151 1871 2220 1909 est
2243 1860 2402 1918 Filius,

256 1942 496 2007 numquid
517 1952 582 1990 -et
616 1945 757 1992 Pater-
792 1945 938 1993 Filius
969 1946 1071 1993 est?
1094 1945 1358 2004 Quomodo
1393 1945 1522 1992 enim
1555 1962 1613 1992 ex
1645 1961 1704 1992 eo
1741 1943 1874 2009 quod
1912 1946 2048 1991 Pater
2081 1951 2150 1990 est
2183 1945 2330 2001 Deus,
2361 1951 2408 1989 et

255 2023 387 2070 Deus
413 2032 484 2070 est
510 2033 734 2085 aeternuS,
766 2026 938 2074 melius
967 2026 1253 2087 ostenditur,
1279 2029 1419 2073 Pater
1442 2034 1512 2073 est
1534 2032 1753 2086 aeternus,
1782 2040 1928 2089 quam
1958 2039 2014 2070 ex
2032 2039 2090 2070 eo
2113 2022 2246 2087 quod
2272 2026 2407 2070 Pater

257 2111 328 2150 est
357 2106 506 2163 Deus,
541 2114 587 2152 et
613 2108 745 2153 Deus
772 2116 843 2154 est
870 2106 1030 2168 Filius,
1063 2107 1161 2153 sive
1185 2109 1480 2163 incarnatus,
1509 2108 1655 2152 Pater*
1675 2106 1817 2152 etiam
1841 2120 1942 2152 esse
1966 2103 2107 2150 Filius
2137 2103 2235 2149 sive
2253 2106 2407 2150 Incar-

257 2185 426 2231 natus?
466 2187 731 2233 Praesertim
759 2203 872 2234 cum
901 2186 999 2234 hoc
1033 2203 1214 2234 nomen
1251 2189 1460 2233 «Deus»
1494 2186 1732 2251 singulare
1766 2201 1868 2232 esse
1902 2192 2111 2244 constet,
2152 2184 2275 2230 sicut
2310 2183 2406 2230 hoc

258 2278 438 2311 nomen
463 2284 486 2309 α
507 2266 756 2328 Socrates,
772 2286 795 2311 »
818 2267 970 2314 immo
993 2268 1136 2315 etiam
1166 2267 1318 2331 magis
1338 2266 1592 2330 singulare,
1626 2266 1723 2314 hoc
1747 2273 1818 2313 est
1839 2263 2143 2312 individuum
2166 2263 2401 2322 videatur,

257 2362 369 2393 cum
398 2347 721 2410 individuam,
748 2349 846 2397 hoc
869 2360 938 2397 est
963 2350 1165 2397 omnino
1189 2348 1548 2409 indivisibilem,
1586 2365 1642 2397 ac
1671 2364 1873 2435 prorsus
1893 2347 2161 2429 simplicem
2193 2346 2407 2394 unicam-

258 2443 353 2491 que
376 2427 693 2478 substantiam
720 2429 968 2496 significet.
1767 2438 1770 2444 ’
1930 2438 1932 2444 '

313 2510 382 2554 At
402 2525 518 2556 vero
542 2526 656 2558 cum
679 2510 760 2558 hic
780 2510 950 2558 sedens
973 2510 1033 2557 sit
1058 2511 1294 2572 Socrates,
1323 2519 1370 2557 et
1392 2512 1610 2559 Socrates
1636 2510 1697 2557 sit
1717 2508 1873 2569 albus,
1901 2516 2090 2554 constat
2113 2505 2254 2552 etiam
2277 2505 2407 2551 hunc

258 2586 506 2636 sedentem
539 2606 643 2638 esse
666 2590 859 2651 album,
893 2607 1005 2638 cum
1031 2591 1201 2638 eadem
1230 2607 1427 2655 prorsus
1459 2591 1661 2638 essentia
1693 2590 1751 2636 sit
1778 2589 1921 2652 hujus
1954 2586 2164 2634 sedentis
2190 2595 2236 2632 et
2268 2584 2408 2648 hujus

258 2665 374 2728 albi,
410 2685 501 2716 nec
530 2672 680 2718 multa
705 2688 913 2721 numero
936 2671 1160 2719 dicantur
1183 2671 1264 2717 hic
1286 2670 1454 2718 sedens
1485 2681 1531 2717 et
1553 2670 1633 2717 hic
1658 2669 1811 2729 albus,
1836 2672 1946 2715 cum
1975 2666 2143 2714 eadem
2165 2665 2224 2712 sit
2245 2681 2406 2712 essen·

259 2745 325 2793 tia
358 2746 502 2811 hujus
527 2759 575 2796 et
600 2751 743 2810 illius,
770 2768 877 2816 quae
897 2751 1096 2798 diversis
1125 2751 1235 2798 licet
1258 2759 1490 2815 occupata
1519 2750 1575 2797 sit
1601 2749 1783 2809 formiS,
1813 2763 1911 2793 non
1945 2752 2104 2793 tamen
2134 2753 2216 2792 aut
2248 2745 2408 2792 multae

260 2841 508 2890 personae,
543 2839 626 2877 aut
660 2828 811 2877 multa
844 2847 1048 2877 numero
1080 2832 1299 2878 Socrates
1330 2846 1431 2877 esse
1462 2830 1665 2890 dicitur3
1696 2827 1908 2892 alioquin
1944 2826 2045 2873 hoc
2071 2838 2250 2872 nomen
2278 2847 2299 2867 a
2319 2826 2410 2872 So—

261 2914 415 2953 crates
443 2925 468 2950 »
495 2908 767 2956 universale
798 2918 921 2957 esset
940 2909 1101 2975 potius
1138 2925 1283 2974 quam
1316 2909 1571 2974 singulare,
1611 2922 1724 2956 cum
1755 2907 1818 2954 de
1842 2904 2171 2995 differentibus
2202 2919 2409 2952 numero

261 2985 516 3036 diceretur.

329 3067 482 3115 Multo
515 3079 675 3117 autem
711 3070 872 3117 minus
898 3071 1049 3120 multa
1080 3086 1284 3118 numero
1317 3070 1366 3118 in
1389 3072 1494 3118 Deo
1526 3078 1653 3131 sunt,
1691 3067 1774 3116 ubi
1797 3084 1889 3115 nec
1921 3066 2013 3115 ulla
2042 3075 2112 3114 est
2148 3068 2411 3114 Formarum

266 3150 558 3214 multitud03
601 3162 651 3201 et
681 3153 836 3201 multo
867 3153 1422 3218 magis'concedendum
1457 3162 1527 3202 est
1561 3154 1609 3200 in
1644 3155 1767 3213 Deo,
1805 3151 1917 3216 quia
1938 3149 2017 3198 hic
2047 3150 2130 3215 qui
2169 3148 2308 3197 Pater
2342 3156 2412 3194 est

309 3342 316 3359 ¹
335 3338 462 3380 Jacob„
484 3351 556 3383 cap.
575 3353 605 3384 1,
625 3351 657 3376 v.
679 3345 727 3377 17.
748 3361 786 3369 —-
803 3345 815 3364 ²
830 3342 978 3387 Boetius,
999 3345 1039 3378 de
1055 3343 1189 3379 consol.
1212 3343 1324 3386 Phil„
1342 3345 1397 3377 nb.
1416 3342 1472 3376 111.
1494 3360 1533 3367 -—
1550 3343 1695 3384 8Ιιίιεοα,,
1712 3351 1784 3384 cap.
1802 3349 1849 3382 m,
1867 3349 1898 3373 v.
1917 3342 1968 3374 14.
