2638 3866
299 203 355 249 24
368 205 399 249 4
1110 198 1272 245 PETRI
1306 194 1614 244 ABAELARDI

302 302 531 366 justitiam
560 308 765 347 vestram
801 298 979 345 faciatis
1015 314 1178 346 coram
1215 296 1496 345 hominibus
1529 305 1584 344 ut
1622 295 1882 345 videamini
1920 298 1982 346 ab
2021 299 2105 347 eis.
2130 320 2153 344 >2
2187 304 2444 351 Possumus

307 383 449 430 etiam
478 381 543 428 ita
569 379 748 426 variare
777 378 968 441 signum
998 389 1044 426 et
1074 377 1391 443 signaculum,
1415 386 1468 424 ut
1485 377 1783 425 circumcisio
1809 378 1911 445 ipsa
1939 379 2131 429 alterius
2156 383 2225 430 rei
2254 383 2443 447 signum

306 465 383 523 sit,
420 460 609 509 alterius
631 475 746 505 vero
780 458 1075 522 signaculum
1112 477 1122 505 z
1149 459 1340 522 signum
1373 458 1571 523 quidem
1602 458 1661 506 sit
1682 459 1944 506 carnalium
1976 460 2172 509 Abrahae
2202 462 2439 524 filiorum,

308 550 354 588 et
378 537 674 603 signaculum
706 536 1046 601 spiritualium;
1077 554 1188 585 cum
1210 538 1312 603 ipse
1347 547 1444 587 tam
1466 536 1742 585 Judaeorum
1765 537 2032 585 secundum
2059 554 2272 601 carnem,
2298 556 2442 605 quam

309 619 567 668 Gentilium
587 634 673 683 per
693 616 856 678 fidem,
877 627 1013 682 pater
1028 618 1087 664 sit
1106 619 1413 668 constitutus.
1431 622 1491 666 Et
1510 617 1708 683 quippe,
1732 618 1864 682 juxta
1883 621 2204 685 Haymonem,
2226 621 2444 685 signacu-

309 702 408 748 lum
443 698 578 763 quasi
616 696 821 761 sigillum
846 697 978 761 quod
1007 697 1149 745 alicui
1172 699 1241 746 rei
1264 700 1557 766 imprimitur
1581 708 1633 746 ut
1654 698 1825 760 lateat,
1859 709 2003 764 atque
2032 700 2144 748 ideo
2171 700 2295 748 hene
2323 702 2445 751 refe-

312 780 519 829 rendum
550 777 737 825 videtur
765 777 825 824 ad
855 777 1124 842 spirituales
1155 777 1279 827 filios
1309 779 1511 828 Abrahae
1533 796 1588 826 ex
1613 778 1849 828 Gentibus
1876 779 2091 841 futuros,
2119 781 2202 846 qui
2223 781 2443 830 nondum

311 862 622 930 apparebant.
643 860 953 908 Circumcisio
982 861 1171 926 itaque,
1197 880 1303 928 quae
1334 865 1382 911 in
1410 864 1519 930 ipso
1548 862 1775 929 incoepit,
1811 873 1859 911 et
1885 864 1934 911 in
1959 864 2139 912 carnali
2161 864 2263 929 ejus
2284 874 2446 930 poste—

309 946 446 992 ritate
471 952 541 990 est
566 951 820 1001 reservata,
856 950 954 988 tam
986 941 1177 1005 signum
1210 960 1355 1008 quam
1393 944 1694 1008 signaculum
1727 943 1834 1006 fuit,
1870 945 1982 1010 quia
2011 954 2058 992 et
2092 961 2179 1010 per
2211 961 2317 992 eam
2349 944 2446 994 dis-

310 1021 652 1085 tinguebantur
707 1036 734 1066 a
793 1019 972 1066 caeteris
1025 1021 1218 1086 populis
1262 1021 1347 1069 filii
1392 1021 1591 1070 Abrahae
1638 1022 1880 1083 carnales,
1940 1032 1986 1069 et
2037 1022 2447 1087 praesignabantur

311 1102 458 1150 futuri
483 1118 539 1148 ex
559 1099 790 1147 Gentibus
813 1098 898 1146 filii
920 1099 1021 1164 ejus
1044 1101 1329 1165 spirituales,
1350 1104 1435 1167 qui
1452 1102 1672 1150 videlicet
1695 1119 1781 1168 per
1800 1101 1947 1149 fidem
1971 1103 2290 1150 imitarentur.
2308 1103 2448 1153 Unde

309 1194 356 1231 et
378 1183 502 1230 bene
526 1181 689 1228 Ismael
707 1218 719 1242 ,
748 1198 892 1245 quem
916 1182 1184 1229 secundum
1206 1199 1428 1240 carnem,
1465 1201 1565 1231 non
1591 1183 1859 1231 secundum
1878 1184 2104 1231 virtutem
2130 1184 2347 1232 miraculi
2368 1202 2447 1250 ge-

308 1259 439 1317 nuit,
477 1256 785 1304 circumcisus
817 1255 1030 1320 legitur¹,
1062 1274 1149 1323 per
1181 1257 1316 1322 quod
1339 1257 1561 1306 videlicet
1587 1258 1852 1306 carnalium
1875 1257 2078 1305 Abrahae
2113 1258 2323 1306 filiorum
2358 1260 2448 1308 cir·

308 1344 537 1392 cumcisio
563 1343 833 1407 signaretur
864 1343 1070 1391 exterior
1091 1360 1178 1408 per
1199 1361 1367 1409 quam,
1392 1353 1445 1390 ut
1470 1343 1654 1392 dictum
1677 1353 1773 1404 est,
1796 1344 1999 1393 carnalis
2023 1345 2167 1393 Israel
2189 1362 2450 1410 cognosce-

309 1436 454 1473 retur.
483 1428 612 1472 Isaac
633 1440 751 1471 vero
772 1424 860 1488 qui
884 1426 1050 1489 postea
1073 1434 1213 1472 natus
1237 1434 1325 1487 est,
1357 1426 1558 1472 Gentilis
1585 1425 1754 1491 populi
1780 1435 1946 1491 postea
1968 1426 2128 1474 vocati
2152 1426 2450 1491 spiritualem

306 1524 333 1554 a
363 1506 488 1553 vitiis
521 1504 937 1553 circumcisionem
974 1505 1222 1570 exprimit,
1260 1522 1407 1570 quam
1437 1516 1485 1553 et
1519 1505 1751 1571 proselyti
1781 1505 2071 1569 figurabant.
2113 1509 2256 1554 Recte
2290 1508 2451 1573 itaque

308 1585 563 1653 Apostolus
607 1586 796 1650 signum
837 1595 885 1632 et
935 1586 1234 1649 signaculum
1270 1586 1566 1651 distinguens
1616 1596 1850 1651 quantum
1902 1585 1961 1634 ad
2003 1586 2197 1634 ‘Judaeos
2239 1587 2452 1637 carnales

309 1667 507 1716 Abrahae
532 1666 674 1727 filios,
698 1675 746 1713 et
767 1665 981 1713 Gentiles
1005 1665 1130 1713 filios
1152 1667 1366 1731 ejusdem
1394 1667 1540 1715 etiam
1563 1667 1850 1732 spirituales,
1877 1666 1997 1714 dixit
2018 1667 2239 1733 primitus
2262 1668 2451 1732 signum

307 1747 708 1806 circumcisionis,
742 1746 792 1793 id
821 1756 892 1794 est
914 1747 1104 1812 signum
1128 1748 1332 1794 carnalis
1363 1747 1523 1808 lsrael,
1555 1764 1641 1813 per
1670 1747 1804 1812 quod
1834 1746 2055 1804 videlicet
2084 1747 2294 1813 populus
2317 1747 2395 1796 ille
2426 1765 2453 1797 a

308 1829 486 1876 caeteris
522 1826 921 1891 distinguebatur,
958 1838 1003 1875 et
1050 1837 1162 1893 post
1192 1827 1395 1876 modum
1429 1827 1729 1891 signaculum
1756 1826 1948 1891 justitiae
1984 1826 2124 1887 fidei,
2162 1845 2268 1891 quae
2301 1837 2371 1876 est
2403 1829 2452 1876 in

309 1909 563 1975 praeputio,
600 1908 652 1955 id
687 1918 756 1955 est
791 1919 1144 1956 sacramentum
1185 1908 1439 1974 spiritualis
1472 1907 1874 1970 circumcisionis,
1909 1923 2056 1972 quam
2091 1907 2243 1956 solam
2275 1907 2456 1957 habent

313 1991 475 2038 fideles
507 2007 564 2037 ex
596 1988 833 2036 Gentibus
863 1988 1068 2037 collecti.
1098 1992 1259 2036 Potest
1291 1990 1434 2037 etiam
1466 1988 1762 2053 signaculum
1794 1989 1930 2054 quasi
1961 2004 2237 2054 expressum
2266 1989 2456 2052 signum

312 2071 525 2136 intelligi,
546 2071 679 2135 juxta
709 2069 844 2135 quod
873 2071 922 2116 in
955 2069 1099 2117 laude
1123 2080 1350 2135 apostatae
1382 2069 1538 2133 angeli
1571 2069 1765 2117 dicitur’
1793 2089 1802 2116 :
1825 2073 1937 2117 «Tu
1970 2069 2269 2134 signaculum
2291 2069 2456 2132 simili·

311 2151 504 2214 tudinis,
528 2162 619 2199 etc.
644 2170 665 2196 υ
696 2154 784 2198 Per
799 2150 896 2198 hoc
919 2151 1099 2215 quippe
1119 2151 1495 2197 circumcisionis
1518 2150 1711 2215 signum
1729 2151 1935 2198 maxime
1951 2150 2107 2214 justus
2126 2167 2182 2198 ac
2201 2149 2458 2215 spiritualis

310 2232 459 2278 homo
496 2232 802 2297 exprimitur,
838 2232 921 2296 qui
962 2230 1291 2296 voluptatibus
1332 2230 1489 2278 carnis
1525 2240 1725 2296 propter
1763 2233 1920 2278 Deum
1954 2231 2223 2292 renuntiat,
2261 2241 2310 2278 et
2342 2247 2371 2279 a
2406 2247 2457 2279 se

311 2311 412 2358 illas
446 2322 683 2377 amputat,
715 2328 821 2376 quae
853 2311 1058 2358 maxime
1086 2311 1135 2357 in
1165 2310 1362 2358 renibus
1383 2310 1699 2358 dominantur
1727 2321 1773 2358 et
1804 2327 1891 2376 per
1910 2310 2132 2374 genitalia
2156 2320 2452 2359 exercentur.

314 2394 470 2439 Potest
500 2402 546 2439 et
577 2393 878 2456 signaculum
907 2392 1043 2456 quasi
1073 2390 1416 2438 diminutivum
1446 2391 1598 2456 accipi
1622 2407 1650 2438 a
1676 2391 1830 2455 signo,
1857 2390 1906 2439 id
1934 2400 2004 2437 est
2035 2391 2247 2455 primum
2270 2391 2457 2455 signum

312 2473 498 2536 justitiae
541 2473 759 2522 Abrahae.
801 2476 908 2520 Non
947 2472 1076 2519 enim
1117 2481 1218 2519 erat
1257 2488 1488 2535 magnum
1517 2472 1649 2519 illam
1685 2471 1940 2519 cuticulam
1976 2471 2037 2518 ad
2078 2471 2335 2535 imperium
2369 2473 2457 2519 Dei

316 2563 586 2618 amputare,
625 2553 689 2602 ad
729 2554 1143 2620 comparationem
1178 2569 1349 2600 eorum
1386 2569 1492 2617 quae
1521 2562 1687 2617 postea
1717 2551 1982 2618 spirituales
2016 2551 2215 2598 Abrahae
2250 2551 2331 2599 filii
2360 2562 2458 2600 tam

316 2635 545 2699 Martyres
579 2652 725 2699 quam
755 2634 929 2699 reliqui
959 2633 1120 2680 Sancti
1148 2650 1237 2698 pro
1270 2632 1461 2680 Christo
1495 2633 1838 2680 sustinuerunt.
1880 2635 2042 2679 Potest
2069 2641 2117 2679 et
2141 2632 2208 2679 sic
2236 2632 2460 2696 distingui

319 2713 505 2776 signum
546 2725 594 2762 et
630 2714 960 2779 signaculum,
1006 2723 1058 2761 ut
1099 2713 1234 2777 quod
1278 2713 1469 2778 signum
1509 2729 1739 2777 magnum
1783 2722 1854 2760 est
1898 2713 1946 2759 in
1991 2728 2136 2759 carne
2176 2721 2275 2759 tam
2316 2711 2459 2760 bonis

320 2792 539 2840 videlicet
569 2812 713 2858 quam
752 2794 889 2843 malis
921 2810 1211 2854 commune,
1245 2810 1447 2858 parvum
1474 2804 1545 2841 est
1577 2794 1769 2857 signum
1797 2793 2005 2857 justitiae,
2031 2793 2144 2856 quia
2178 2792 2321 2857 pauci
2350 2801 2460 2839 sunt

320 2873 404 2936 qui
438 2873 635 2922 Abrahae
664 2876 729 2923 ita
760 2893 845 2941 per
878 2876 1111 2940 justitiam
1134 2874 1430 2937 cohaereant,
1458 2875 1581 2922 sicut
1601 2890 1688 2940 per
1712 2890 1924 2921 carnem.
1963 2874 2163 2937 Signum
2198 2874 2358 2938 itaque
2390 2882 2461 2920 est

322 2953 587 3000 secundum
621 2972 841 3016 carnem,
883 2955 967 3002 sed
1003 2955 1324 3019 signaculum,
1359 2948 1410 3002 id
1441 2966 1538 3013 est,
1574 2972 1781 3022 parvum
1806 2956 1995 3020 signum
2026 2953 2292 3001 secundum
2315 2953 2460 3017 justi-

323 3032 435 3078 tiam
458 3068 469 3092 ,
497 3034 609 3096 quia
642 3035 690 3081 in
730 3036 889 3083 multis
918 3035 1116 3098 Abrahae
1148 3036 1351 3101 posteris
1387 3036 1653 3083 secundum
1680 3053 1875 3084 carnem
1899 3045 1969 3083 est
1991 3035 2264 3092 dilatatum,
2290 3032 2376 3080 sed
2409 3033 2459 3080 in

325 3112 488 3176 paucis
512 3114 778 3161 secundum
799 3115 1031 3178 justitiam
1054 3125 1372 3164 contractum.
1401 3116 1541 3164 Unde
1565 3116 1691 3164 bene
1714 3115 1828 3163 dicit
1850 3117 2039 3179 signum
2065 3113 2456 3172 circumcisionis,

366 3293 373 3311 ¹
394 3292 521 3330 Genes.,
541 3298 613 3330 cap.
630 3299 707 3333 xvn,
726 3301 758 3326 ν.
772 3295 826 3327 26.
842 3310 881 3317 -
896 3295 907 3314 ²
921 3294 1054 3338 Ezectn„
1070 3307 1142 3339 cap.
1158 3307 1278 3340 xxvut,
1294 3306 1325 3331 v.
1345 3299 1394 3332 12.
