2638 3866
253 193 350 241 634
1061 188 1229 234 PETRI
1266 188 1575 236 ABAELARDI

255 293 344 340 ista
367 292 427 339 sit
450 289 737 338 verecundia
758 288 835 335 vel
856 288 1119 335 reverentia
1140 288 1471 350 confessionis,
1498 299 1551 336 ut
1572 289 1737 337 vflendo
1762 291 1911 355 magis
1933 306 2078 354 quam
2104 291 2381 339 confitendo

256 377 421 420 Petrus
443 369 717 418 satisfecerit
732 406 743 426 ,
771 367 1034 414 videndum
1068 377 1152 415 est.
1180 369 1228 415 Si
1252 369 1380 416 enim
1406 379 1603 434 propter
1624 369 1719 417 hoc
1741 387 1893 418 unum
1915 371 2132 419 confiteri
2152 388 2384 419 verecun-

256 452 474 509 dabatur,
514 467 576 497 ne
606 449 800 512 cognito
831 457 1030 512 peccato
1053 465 1142 495 suo
1177 448 1315 496 vilior
1344 449 1620 511 haberetur,
1658 452 1875 516 profecto
1911 452 2146 517 superbus
2176 454 2301 510 erat,
2337 461 2385 497 et

252 532 451 579 honoris
481 531 555 577 sui
586 528 744 593 gloriae
779 529 928 591 magis
962 545 1110 593 quam
1144 530 1315 577 animae
1342 547 1437 578 suae
1472 531 1611 579 saluti
1644 533 1916 580 consulens.
1957 534 2039 580 Sin
2067 543 2228 580 autem
2249 548 2383 580 vere—

253 612 425 660 cundia
463 626 564 657 non
603 619 698 657 tam
734 626 819 656 sua
853 625 999 673 quam
1034 609 1251 658 Ecclesiae
1278 611 1598 671 retinebatur,
1624 629 1724 660 non
1757 623 1828 660 est
1855 613 1950 660 hoc
1970 612 2380 679 ¹improbandum.

252 691 539 739 Providebat
563 707 612 738 se
636 690 844 737 fortassis
867 706 1012 755 super
1036 691 1340 740 Dominicam
1371 692 1562 758 plebem
1583 710 1611 742 a
1634 694 1844 741 Domino
1868 694 2259 742 constituendum
2282 708 2384 740 esse

249 773 537 838 principem,
571 781 619 818 et
639 770 893 818 verebatur
910 788 973 818 ne
1001 771 1038 817 si
1062 771 1163 818 haec
1191 772 1317 820 trina
1339 773 1440 837 ejus
1469 775 1655 838 negatio
1684 790 1770 839 per
1793 775 2143 822 confessionem
2165 775 2266 838 ejus
2288 774 2383 821 cito

247 854 295 900 in
320 853 566 918 publicum
590 851 822 918 prodiret,
845 867 988 917 super
999 851 1095 898 hoc
1115 851 1323 900 Ecclesia
1342 854 1546 917 graviter
1559 853 1975 916 scandalizaretur,
1999 865 2046 902 et
2057 854 2384 902 erubescentia

247 933 520 981 vehementi
548 931 926 979 confunderetur
955 931 1087 996 quod
1119 942 1218 979 tam
1240 932 1425 981 facilem
1451 933 1513 981 ad
1535 933 1810 998 negandum
1833 944 1880 981 et
1909 945 2007 982 tam
2030 935 2385 1000 pusillanimem

246 1015 483 1062 Dominus
501 1014 544 1060 ei
560 1012 858 1078 praefecisset.
880 1013 928 1059 Si
952 1028 1067 1076 ergo
1084 1022 1183 1060 tam
1204 1030 1293 1078 pro
1314 1013 1502 1061 honore
1522 1013 1614 1061 sibi
1635 1015 1986 1074 conservando,
2014 1031 2159 1080 quam
2179 1031 2269 1080 pro
2294 1014 2385 1061 hac

247 1095 394 1142 animi
422 1093 751 1141 erubescentia
776 1092 997 1140 Ecclesiae
1033 1093 1250 1140 confiteri
1282 1093 1489 1152 distulit,
1514 1094 1718 1159 provide
1740 1095 1853 1157 hoc,
1888 1112 1987 1143 non
2018 1095 2224 1162 superbe
2257 1095 2381 1142 fecit.

245 1175 407 1223 Timor
436 1190 631 1239 quoque
666 1174 715 1220 in
740 1190 882 1221 causa
918 1174 1213 1221 rationabilis
1249 1174 1353 1233 fuit,
1386 1174 1447 1221 de
1473 1174 1653 1222 damno
1687 1174 1903 1223 Ecclesiae
1938 1177 2106 1241 magis,
2144 1191 2291 1240 quam
2325 1174 2386 1221 de

245 1256 451 1321 propriae
484 1254 773 1302 detrimento
804 1254 957 1301 famae.
988 1253 1177 1301 Sciebat
1206 1255 1386 1319 quippe
1417 1253 1508 1301 sibi
1541 1255 1805 1320 specialiter
1831 1273 1861 1304 a
1889 1257 2100 1303 Domino
2127 1255 2384 1302 Ecclesiam

246 1352 346 1383 esse
369 1336 692 1395 commissam,
720 1351 831 1382 cum
855 1335 900 1382 ei
924 1333 1120 1381 diceret¹
1149 1352 1159 1380 z
1191 1354 1213 1377 α
1234 1337 1290 1381 Et
1314 1344 1364 1381 tu
1388 1335 1649 1398 aliquando
1669 1351 1933 1383 conversus
1953 1335 2190 1383 confirma
2221 1335 2386 1382 fratres

246 1426 372 1463 tuos.
398 1437 419 1460 >2
452 1417 500 1463 Si
532 1432 645 1480 ergo
676 1431 735 1462 eo
765 1415 962 1480 propria
994 1411 1295 1462 confessione
1320 1417 1560 1476 convicto,
1597 1415 1659 1463 ad
1691 1431 1829 1463 aures
1855 1416 2073 1464 Ecclesiae
2107 1415 2387 1481 praeveniret

244 1498 323 1545 hic
354 1498 454 1562 ejus
492 1507 589 1544 tam
626 1495 960 1543 abhorrendus
982 1496 1160 1561 lapsus,
1194 1496 1302 1559 quis
1337 1512 1438 1543 non
1468 1496 1635 1544 leviter
1669 1497 1903 1544 dicei-eff:
1947 1497 2222 1544 «Nolumus
2257 1495 2387 1542 hunc

246 1595 443 1643 regnare
468 1595 610 1642 super
631 1594 745 1636 nos;
773 1597 796 1621 >2
825 1586 871 1624 et
897 1594 998 1624 non
1031 1577 1167 1624 facile
1201 1577 1510 1624 Dominicum
1542 1577 1837 1642 improbaret
1864 1577 2137 1637 consilium,
2170 1576 2302 1641 quod
2325 1577 2387 1623 ad

246 1658 604 1705 confirmandos
638 1658 804 1705 fratres
838 1674 950 1704 eum
984 1657 1146 1720 elegit,
1183 1657 1267 1721 qui
1296 1659 1481 1722 primus
1515 1657 1714 1705 defecit?
1739 1661 1838 1704 Hac
1863 1674 2057 1722 quoque
2087 1655 2388 1722 providentia

249 1740 387 1786 multi
408 1739 759 1786 confessionem
784 1738 994 1797 differre,
1018 1738 1094 1784 vel
1118 1738 1318 1784 omnino
1340 1738 1577 1784 dimittere
1604 1748 1798 1803 possent
1818 1740 1919 1784 sine
1939 1748 2136 1803 peccato
2155 1758 2167 1798 3
2191 1739 2229 1784 si
2252 1737 2388 1784 vitle-

250 1821 359 1867 licet
392 1820 497 1884 plus
532 1818 659 1866 illam
700 1835 876 1866 nocere
911 1834 1058 1883 quam
1093 1818 1320 1882 prodesse
1348 1818 1600 1865 crederent
1634 1836 1643 1863 ε
1680 1818 1795 1882 quia
1825 1818 2005 1865 nullam
2039 1819 2127 1865 Dei
2156 1817 2388 1864 offensam

249 1918 306 1948 ex
344 1900 482 1965 culpa
525 1899 835 1958 incurrimus,
877 1900 926 1945 in
961 1915 1060 1962 quo
1095 1915 1206 1945 eum
1245 1915 1550 1963 nequaquam
1583 1899 1956 1946 contemnimus.
1995 1898 2186 1947 Distulit
2222 1900 2388 1943 Petrus

250 1980 468 2028 confiteri
501 1989 778 2045 peccatum,
818 1996 929 2025 cum
969 1979 1127 2026 adhuc
1159 1989 1322 2026 tenera
1366 1979 1414 2025 in
1452 1978 1547 2025 fide
1581 1988 1723 2042 atque
1757 1977 1949 2025 infirma
1987 1988 2111 2025 esset
2148 1976 2386 2036 Ecclesia,

252 2063 407 2108 donec
439 2061 589 2107 virtus
619 2060 744 2107 Petri
770 2059 1108 2124 praedicatione
1138 2060 1285 2123 ipsius
1310 2060 1385 2106 vel
1410 2058 1651 2106 miraculis
1681 2068 1801 2105 esset
1830 2057 2048 2123 probata.
2086 2060 2253 2104 Postea
2274 2073 2388 2104 vero

251 2160 361 2190 cum
391 2142 451 2189 de
481 2141 577 2188 hoc
603 2141 703 2204 jam
736 2149 992 2199 constaret,
1030 2139 1232 2204 ipsemet
1261 2142 1424 2186 Petrus
1459 2140 1561 2186 sine
1594 2138 1694 2185 ullo
1720 2138 1935 2186 Ecclesiae
1964 2138 2191 2186 scandalo
2225 2147 2390 2185 contra

251 2223 635 2287 desperationem
657 2221 902 2285 lapsorum
931 2219 1150 2267 confiteri
1181 2219 1277 2267 hoc
1309 2220 1483 2285 potuit,
1523 2229 1575 2266 ut
1609 2221 1838 2285 scriptum
1870 2220 2014 2267 etiam
2044 2218 2392 2282 relinqueretur

253 2304 313 2350 ab
339 2302 664 2366 Evangelistis.

320 2386 440 2430 Sunt
477 2381 686 2429 fortassis
720 2380 895 2445 quibus
931 2379 1150 2428 videatur
1191 2384 1383 2427 Petrum
1419 2382 1502 2445 qui
1542 2381 1720 2428 caeteris
1753 2379 1980 2427 omnibus
2026 2388 2252 2445 praeerat,
2303 2394 2392 2424 nec

256 2464 550 2529 superiorem
574 2461 802 2522 habebat,
837 2462 917 2509 cui
950 2462 1112 2509 anima
1141 2462 1243 2525 ejus
1282 2470 1405 2508 esset
1432 2461 1727 2523 commissa,
1765 2475 2070 2524 nequaquam
2102 2457 2280 2505 habere
2311 2474 2395 2504 ne-

256 2544 511 2592 cessarium
533 2542 724 2590 homini
749 2541 967 2590 confiteri
990 2550 1258 2607 peccatum,
1285 2550 1515 2604 tanquam
1541 2540 1603 2588 ab
1627 2541 1709 2587 illo
1734 2538 2026 2586 instituenda
2047 2548 2168 2585 esset
2191 2538 2234 2584 ei
2259 2538 2393 2585 satis-

257 2625 416 2686 factio,
442 2640 498 2671 ac
518 2624 558 2671 si
579 2631 820 2689 praecepto
841 2623 942 2687 ejus
964 2623 1101 2687 quasi
1119 2622 1375 2687 superioris
1392 2621 1629 2669 obediret.
1655 2621 1751 2667 Sed
1774 2621 1812 2666 si
1836 2636 1937 2667 non
1961 2636 2050 2684 pro
2074 2618 2393 2667 satisfactione

258 2704 551 2770 injungenda
586 2703 802 2751 confiteri
835 2704 978 2752 alicui
1010 2702 1252 2760 debuerit,
1292 2711 1489 2768 propter
1520 2702 1749 2750 orationis
1779 2700 2058 2764 suffragium
2093 2716 2194 2748 non
2223 2699 2395 2746 incon·

261 2804 373 2851 grue
397 2786 497 2833 fieri
519 2787 701 2851 potuit;
722 2785 782 2832 de
802 2801 899 2849 quo
920 2784 1116 2849 quidem
1143 2800 1256 2831 cum
1284 2783 1543 2830 diceretur³
1560 2801 1586 2829 :·
1600 2802 1623 2825 (ε
1643 2781 1951 2829 Confitemini
1973 2781 2255 2829 alterutrum
2284 2796 2396 2844 pec-

260 2877 365 2913 cata
390 2876 561 2921 vestra,
582 2885 605 2910 »
633 2865 945 2929 subjunctum
967 2875 1054 2926 est,
1084 2884 1106 2909 «
1127 2874 1175 2913 et
1197 2874 1330 2911 orate
1348 2880 1438 2929 pro
1463 2864 1669 2911 invicem
1692 2872 1744 2910 ut
1765 2861 2031 2909 salvemini.
2056 2881 2078 2904 x·
2106 2858 2232 2907 Nihil
2253 2860 2396 2907 etiam

263 2946 479 3009 imp-edit,
513 2963 573 2993 ne
603 2946 782 3011 praelati
815 2946 991 3010 eligant
1013 2945 1252 3009 subjectos
1275 2944 1334 2991 ad
1365 2944 1720 2991 confessionem
1753 2942 2041 3000 faciendam,
2070 2940 2144 2987 vel
2174 2939 2237 2986 ad
2264 2940 2397 2987 satis-

263 3024 516 3071 factionem
548 3026 922 3090 suscipiendam,
951 3036 1006 3072 ut
1028 3025 1159 3090 quod
1197 3024 1368 3087 agitur,
1407 3033 1541 3071 tanto
1566 3026 1669 3071 Deo
1700 3023 1781 3069 fiat
1810 3022 2074 3087 acceptius,
2118 3029 2300 3084 quanto
2335 3017 2396 3064 ab

263 3105 345 3152 illo
381 3105 558 3167 geritur
590 3105 834 3153 humilius.
863 3107 980 3163 Quis
1010 3105 1152 3152 etiam
1176 3113 1304 3151 vetet
1330 3104 1592 3167 quemlibet
1627 3105 1676 3150 in
1715 3103 1889 3150 talibus
1923 3116 2178 3166 personam
2211 3099 2398 3161 religio-

306 3292 312 3308 ¹
329 3289 420 3328 Luc.¹
435 3298 506 3329 cap.
526 3298 607 3328 xxu,
623 3298 653 3319 v.
673 3291 724 3321 32.
745 3307 781 3312 —
798 3291 809 3308 ²
825 3289 921 3331 Luc.,
943 3300 1014 3331 cap.
1032 3299 1103 3332 xix,
1122 3300 1151 3321 ν.
1172 3292 1221 3324 14.
1241 3308 1279 3314 -
1297 3291 1309 3310 ³
1324 3289 1391 3322 Jac.
1406 3316 1412 3327 -.
1428 3298 1499 3330 cap.
1521 3298 1555 3329 v,
1585 3298 1615 3321 v.
1641 3290 1691 3320 16.
