2638 3866
0 760 45 772 Ι
0 663 43 733 {³0

863 167 1261 218 lNTRODUCTlO
1298 167 1378 214 AD
1411 165 1821 215 THEOLOGIAM.
2350 175 2410 223 13

262 274 349 323 lib.
372 273 430 323 de
446 273 632 338 Spiritu
652 280 703 318 et
717 269 879 317 littera
899 287 913 316 .·
935 287 959 315 α
978 271 1085 317 Non
1111 277 1266 333 potest
1291 267 1446 315 facere
1468 266 1643 332 injusta
1657 302 1669 326 ,
1688 266 1803 332 quia
1820 267 1922 332 ipse
1939 275 2010 314 est
2028 282 2216 316 summa
2228 270 2410 334 justitia

263 364 310 403 et
330 353 542 403 bonitas.
571 351 894 416 Omnipotens
918 365 1033 397 vero
1057 358 1154 408 est,
1175 365 1274 396 non
1291 347 1426 414 quod
1451 347 1603 413 possit
1625 348 1790 395 omnia
1813 347 1967 396 facere
1983 384 1996 408 ,
2019 347 2100 396 sed
2126 349 2239 414 quia
2255 362 2412 417 potest

260 433 450 484 efficere
474 431 713 499 quidquid
730 430 851 479 vult.
874 450 898 474 >2
924 430 1056 477 Sicut
1075 440 1236 478 autem
1254 430 1342 477 Dei
1366 428 1515 477 Patris
1533 427 1772 476 vocabulo
1796 428 1968 476 ‹livinae
1991 429 2212 493 majestas
2237 442 2410 496 poten-

260 514 335 563 tiae
351 515 637 581 exprimitur
649 510 937 578 specialiter,
957 511 1023 558 ita
1035 510 1137 557 Filii
1155 527 1240 582 seu
1256 509 1402 558 Verbi
1411 508 1734 576 appellatione
1751 509 1979 574 sapientia
1995 509 2084 557 Dei
2097 510 2407 576 significatur,

259 610 357 659 qua
379 595 559 644 scilicet
580 603 756 642 cuncta
780 592 1053 640 discernere
1076 591 1205 650 valet
1220 628 1232 650 ,
1259 591 1380 639 utin
1400 590 1536 639 nullo
1560 589 1751 656 penitus
1773 588 1930 655 decipi
1950 600 2113 655 queat.

325 678 384 725 At
405 693 521 725 vero
553 674 755 741 Spiritus
776 674 927 722 sancti
952 672 1192 721 vocabulo
1216 673 1317 739 ipsa
1340 674 1441 737 ejus
1465 662 1674 720 charitas
1697 687 1781 719 seu
1808 670 2078 736 benignitas
2102 673 2407 738 exprimitur,

258 772 355 821 qua
376 757 601 805 videlicet
621 756 804 822 optime
830 764 1005 802 cuncta
1027 753 1129 801 vult
1147 754 1249 801 fieri
1275 770 1359 802 seu
1383 753 1604 820 disponi,
1630 761 1676 800 et
1692 768 1753 800 eo
1779 751 1926 799 modo
1946 752 2133 817 singula
2156 757 2411 820 provenire

257 853 357 903 quo
376 837 547 885 melius
571 845 796 903 possunt,
816 836 978 883 malis¹
1002 851 1202 902 quoque
1225 833 1352 882 bene
1377 842 1539 895 utens,
1566 841 1613 881 et
1635 833 1819 899 optime
1842 831 2028 898 singula
2046 833 2334 899 disponens,
2362 849 2410 887 et

257 916 319 966 ad
344 918 584 985 optimum
611 916 758 965 finem
782 932 980 982 quoque
1000 914 1292 981 perducens,
1319 918 1519 967 Non-est
1540 923 1702 962 autem
1727 913 1966 980 perfectus
1983 913 2033 961 in
2053 914 2304 977 omnibus,
2325 920 2409 984 qui

255 997 307 1046 in
329 996 492 1063 aliquo
515 998 759 1064 impotens
778 997 1045 1058 invenitur,
1065 1012 1155 1044 nec
1174 995 1384 1062 perfecte
1401 994 1575 1043 beatus
1596 1004 1669 1042 est
1689 995 1774 1059 qui
1795 994 1844 1041 in
1869 992 2033 1059 aliquo
2051 994 2208 1061 decipi
2229 1007 2405 1063 potest,

256 1094 347 1127 nec
370 1080 561 1145 penitus
580 1078 818 1144 benignus
840 1078 925 1144 qui
948 1078 1115 1126 omnia
1138 1078 1321 1144 optime
1342 1076 1447 1125 fieri
1471 1093 1573 1124 non
1598 1075 1710 1124 velit
1737 1092 1793 1124 ac
1815 1074 2026 1142 disponi.
2054 1076 2147 1124 Ubi
2169 1094 2285 1127 vero
2308 1078 2409 1129 haec

254 1158 344 1207 tria
362 1160 663 1208 conveniunt
678 1194 691 1220 ‚
707 1169 761 1207 ut
785 1169 880 1208 tam
902 1158 1123 1208 videlicet
1146 1158 1362 1225 potentia
1384 1174 1532 1224 quam
1556 1157 1788 1223 sapientia
1804 1193 1818 1219 ,
1840 1171 1987 1222 quam
2008 1155 2141 1206 bona
2164 1159 2409 1210 voluntate

254 1238 313 1286 sit
333 1240 571 1305 perfectus
592 1259 603 1288 x
624 1240 694 1288 nil
714 1239 834 1289 boni
856 1250 927 1289 est
949 1239 1084 1305 quod
1099 1240 1200 1305 ejus
1217 1238 1506 1306 plenitudini
1525 1237 1666 1286 desit.
1686 1238 1797 1286 Tale
1816 1247 1887 1285 est
1906 1254 2022 1302 ergo
2039 1239 2196 1286 Deum
2221 1243 2407 1291 Patrem

252 1335 309 1368 ac
324 1319 496 1368 Filium
516 1332 563 1369 et
579 1322 810 1387 Spiritum
827 1331 1049 1370 sanctum
1072 1338 1162 1369 nos
1182 1320 1421 1387 profiteri,
1439 1336 1496 1369 ac
1518 1320 1557 1368 si
1576 1320 1732 1386 ipsum
1746 1357 1757 1377 ,
1777 1328 1830 1366 ut
1845 1318 2030 1366 dictum
2047 1329 2118 1367 est
2132 1356 2144 1379 ,
2161 1338 2405 1371 summum

252 1399 441 1449 bonum
467 1419 569 1450 esse
593 1403 937 1468 praedicemus:
965 1403 1041 1451 cui
1066 1403 1320 1467 tanquam²
1340 1400 1588 1448 bonorum
1614 1400 1836 1448 omnium
1858 1399 2145 1465 plenitudini
2169 1402 2236 1449 nil
2256 1402 2400 1465 desit,

252 1489 299 1528 et
320 1482 455 1547 cujus
474 1483 841 1548 participatione
858 1483 992 1531 bona
1006 1500 1107 1531 esse
1124 1493 1290 1531 caetera
1309 1492 1514 1531 constet.
1535 1484 1630 1530 Nec
1650 1480 1807 1529 solum
1830 1479 1931 1528 haec
1947 1481 2187 1529 Trinitatis
2207 1481 2404 1533 distinc-

253 1560 320 1609 tio
343 1561 407 1610 ad
430 1563 606 1610 summi
632 1563 751 1611 boni
772 1563 1143 1629 perfectionem,
1167 1574 1220 1611 ut
1241 1562 1426 1612 dictum
1448 1572 1542 1622 est,
1567 1560 1934 1610 describendam
1960 1564 2212 1623 convenit,
2236 1581 2404 1613 verum

251 1641 394 1690 etiam
414 1642 477 1690 ad
500 1642 892 1708 persuadendum
922 1642 1205 1691 hominibus
1229 1643 1380 1692 divini
1400 1643 1556 1692 cultus
1578 1643 1861 1707 religionem
1887 1642 2153 1708 plurimum
2180 1644 2399 1710 proficit,

252 1730 304 1768 ut
326 1722 392 1770 ob
420 1722 514 1770 lnoc
537 1724 778 1789 praecipue
801 1723 904 1790 ipsa
926 1724 1016 1771 Dei
1040 1724 1275 1791 sapientia
1298 1725 1549 1773 incarnata
1572 1724 1620 1771 in
1647 1723 1985 1790 praedicatione
2007 1741 2092 1771 sua
2116 1741 2223 1772 eam
2247 1727 2406 1775 rectis-

249 1802 368 1851 sime
392 1802 681 1851 decrevisset
705 1796 966 1853 assumere.
993 1807 1104 1853 Duo
1128 1805 1309 1872 quippe
1334 1814 1448 1854 sunt
1465 1822 1572 1871 quae
1588 1821 1679 1852 nos
1697 1804 1899 1852 omnino
1923 1803 2163 1869 subjectos
2181 1808 2284 1854 Deo
2306 1807 2405 1856 effi-

249 1883 384 1931 ciunt
399 1912 414 1944 ·,
437 1884 583 1932 timor
606 1884 829 1934 videlicet
852 1896 997 1952 atque
1014 1901 1171 1934 amor.
1195 1888 1409 1935 Potestas
1427 1886 1607 1953 quippe
1625 1894 1671 1934 et
1690 1885 1922 1952 sapientia
1947 1886 2152 1935 maxime
2175 1888 2401 1937 timorem

247 1964 516 2026 incutiunt,
536 1983 651 2014 cum
675 1982 788 2014 eum
813 1983 960 2032 quem
978 1966 1197 2031 judicem
1220 1984 1322 2016 esse
1344 1968 1525 2016 scimus
1541 2005 1555 2027 ,
1584 1975 1633 2015 et
1654 1975 1827 2014 cuncta
1854 1983 1960 2031 quae
1977 1965 2205 2028 voluerit,
2230 1970 2402 2034 punire

246 2060 389 2108 posse
405 2081 418 2106 ,
445 2056 493 2094 et
516 2046 585 2094 nil
616 2064 730 2096 eum
761 2046 909 2095 latere
933 2047 1290 2112 cognoscimus.
1318 2048 1590 2114 Benignitas
1620 2056 1781 2095 autem
1806 2047 1869 2095 ad
1893 2063 2111 2096 amorem
2134 2049 2402 2114 specialiter

245 2126 477 2190 pertinet,
498 2137 549 2174 ut
565 2144 712 2193 quem
729 2126 1130 2193 benignissimum
1152 2126 1393 2177 habemus
1407 2166 1420 2189 ,
1438 2128 1744 2195 potissimum
1758 2127 2029 2192 diligamus.
2047 2130 2116 2176 Ex
2136 2146 2235 2194 quo
2257 2131 2399 2180 etiam

244 2215 431 2253 certum
455 2217 525 2254 est
545 2224 658 2255 eum
679 2207 979 2274 impietatem
990 2208 1154 2258 ulcisci
1168 2208 1290 2258 velle
1301 2247 1314 2272 ,
1328 2210 1442 2275 quia
1457 2226 1557 2274 quo
1571 2208 1679 2274 plus
1697 2208 1853 2274 placet
1874 2209 1919 2256 ei
1939 2209 2160 2274 aequitas,
2178 2227 2236 2257 eo
2250 2212 2400 2277 magis

244 2285 337 2350 ipsi
359 2286 579 2352 displicet
600 2289 852 2354 iniquitas,
878 2290 1000 2338 sicut
1018 2290 1252 2357 scriptum
1273 2291 1398 2339 est³x
1430 2310 1454 2336 «
1480 2289 1696 2338 Dilexisti
1712 2290 1964 2354 justitiam,
1989 2299 2037 2337 et
2057 2290 2201 2338 odisti
2225 2292 2400 2357 iniqui-

244 2375 408 2414 tatem.
425 2386 448 2412 »
463 2371 560 2415 Nec
587 2368 747 2417 solum
766 2368 829 2417 ad
854 2370 1082 2419 timorem
1102 2371 1178 2419 vel
1199 2370 1262 2419 ad
1284 2387 1504 2420 amorem
1526 2371 1615 2418 Dei
1637 2370 1922 2419 hominibus
1942 2370 2275 2419 incutiendum
2297 2371 2398 2420 haec

244 2447 484 2496 Trinitatis
506 2449 750 2498 distinctio
774 2451 1039 2500 necessaria
1062 2462 1161 2514 est,
1189 2469 1359 2500 verum
1381 2461 1428 2500 et
1454 2451 1516 2500 ad
1541 2451 1878 2499 universorum
1903 2468 2107 2516 operum
2142 2452 2242 2515 ejus
2267 2469 2399 2501 com-

246 2529 609 2579 mendationem
641 2530 908 2598 plurimum
937 2531 1088 2593 valet,
1114 2543 1168 2581 ut
1190 2550 1492 2599 quaecunque
1516 2533 1634 2597 agit,
1661 2532 1849 2596 egregie
1881 2531 1982 2579 fieri
2015 2531 2300 2593 credantur,
2326 2542 2401 2581 ut-

244 2618 357 2674 pote
379 2611 463 2675 qui
486 2612 652 2661 onmia
669 2629 775 2678 quae
797 2613 936 2674 velit,
962 2612 1151 2663 efficere
1172 2614 1351 2681 possit,
1376 2622 1425 2663 et
1446 2614 1497 2661 in
1517 2613 1748 2661 omnibus
1772 2612 1929 2660 modis
1951 2629 2238 2660 conservare
2259 2613 2394 2673 sciat,

242 2699 291 2737 et
313 2691 495 2755 optime
511 2702 685 2742 cuneta
707 2692 810 2742 fleri
833 2711 918 2742 seu
943 2693 1209 2760 procedere
1233 2693 1362 2742 velit.
1398 2694 1539 2743 Unde
1565 2705 1612 2743 et
1639 2711 1753 2741 cum
1778 2692 1840 2741 ad
1862 2691 2042 2756 aliquid
2061 2709 2150 2758 per
2169 2709 2260 2741 nos
2277 2709 2398 2759 ope-

243 2770 450 2817 randum
472 2772 687 2821 divinam
709 2773 1029 2840 imploramus
1050 2776 1250 2840 gratiam
1264 2813 1277 2837 ,
1306 2775 1460 2822 recte⁴
1483 2774 2000 2822 commemorationem
2019 2772 2261 2821 Trinitatis
2283 2771 2396 2822 saci·

243 2865 374 2910 mus,
402 2851 649 2900 dicentes:
675 2873 698 2899 «
727 2856 780 2901 In
804 2856 1004 2902 nomine
1035 2856 1185 2903 Patris
1214 2865 1262 2902 et
1285 2855 1388 2902 Filii
1409 2864 1457 2902 et
1486 2855 1689 2920 Spiritus
1713 2855 1893 2914 Sancti,
1921 2873 1945 2899 »
1969 2854 2046 2902 vel
2075 2873 2098 2897 α
2129 2856 2180 2901 In
2199 2855 2397 2903 nomine

241 2939 415 2978 sanctae
436 2940 483 2978 et
502 2932 763 2981 individuae
784 2935 1040 2996 Trinitatis,
1063 2955 1086 2978 n
1111 2944 1164 2983 ut
1181 2934 1407 2983 videlicet
1427 2934 1642 2983 divinam
1659 2934 1927 3001 potentiam
1944 2943 1993 2983 et
2009 2934 2291 2999 sapientiam
2310 2951 2396 2983 seu

240 3006 586 3075 benignitatem
606 3015 1057 3077 commemorando,
1073 3031 1374 3082 quaecunque
1393 3018 1524 3064 Deus
1548 3015 1742 3079 efficiat,
1759 3016 1946 3082 egregie
1969 3014 2073 3064 fieri
2095 3013 2396 3063 demonstre-

241 3105 365 3138 mus.
393 3092 535 3140 Unde
570 3103 618 3141 et
648 3095 837 3159 Moyses
867 3112 983 3144 cum
1015 3094 1078 3144 de
1107 3096 1332 3146 universa
1362 3096 1535 3145 mundi
1560 3105 1722 3162 ageret
1746 3097 2007 3159 creatione,
2036 3094 2213 3160 inipso
2235 3096 2394 3144 statim

241 3239 291 3321 γ’
308 3237 368 3324 Sip1
379 3238 564 3327 (Ξοᾱλνίοῐ.
586 3243 628 3276 In
645 3243 730 3278 aliis
745 3245 830 3279 male
849 3245 928 3286 legit
946 3245 1042 3279 Amb.
1060 3262 1101 3271 -
1114 3247 1126 3266 ²
1139 3245 1193 3280 Sic
1209 3246 1293 3281 Cod.
1307 3245 1390 3281 vict.
1414 3246 1560 3289 [nquam
1579 3247 1677 3281 Amb.
1698 3265 1728 3270 -
1748 3245 1887 3280 8ΡεειΙιιι.
1907 3254 1997 3288 niv,
2014 3255 2044 3280 v.
2066 3247 2095 3280 8.
2121 3264 2158 3270 —
2174 3245 2291 3278 ‘Recte
2309 3245 2390 3278 Cod.

270 3296 323 3324 ict.
372 3296 428 3325 nte
476 3296 543 3328 mh.
