2638 3866
803 193 1187 242 INTRODUCTIO
1222 195 1303 242 AD
1336 193 1736 243 THEOLOGIAM.
2290 198 2356 248 49

204 297 551 360 animandum,
592 296 716 345 sicut
748 304 891 343 antea
925 305 1090 355 erant,
1132 294 1447 361 praesentibus
1486 294 1713 344 humanis
1749 295 2038 345 animabus?
2075 299 2259 346 Potest¹
2299 316 2358 348 ex

205 397 306 428 uno
341 394 548 445 corpore
582 377 867 426 innumeros
898 392 1087 424 vermes
1113 375 1375 438 vivificare,
1413 392 1527 424 cum
1556 376 1657 441 jam
1693 378 1849 445 ipsum
1883 394 2062 444 corpus
2097 395 2197 426 non
2236 379 2361 428 valet

204 460 450 510 animare?
484 461 602 519 Quae
639 457 773 506 deest
814 455 1035 522 aptitudo
1068 456 1298 506 defuncto
1339 457 1535 523 corpori
1575 474 1637 504 ne
1669 474 1800 506 nunc
1841 475 2037 524 quoque
2070 460 2354 524 animetur²,

205 540 299 600 nisi
332 549 523 588 tantum
555 538 807 606 praesentia
841 536 1067 586 humanae
1102 538 1303 601 animae,
1347 554 1453 603 quae
1491 546 1540 584 et
1576 553 1783 603 praesens
1820 555 1997 605 corpus
2033 538 2275 602 vivificat,
2312 551 2361 590 et

205 620 435 670 recedens
469 621 627 687 ipsum
660 617 951 667 mortificat?
984 617 1131 677 Quod
1166 618 1205 666 si
1239 618 1302 666 ad
1336 617 1643 687 involucrum
1677 619 1767 665 ista
1801 618 2128 680 deflectamus,
2168 638 2275 686 quae
2298 620 2360 670 de

204 702 367 750 anima
399 701 572 750 mundi
607 717 637 748 a
662 698 965 766 philosophis
998 698 1126 748 dicta
1159 710 1289 761 sunt,
1326 699 1463 748 facile
1494 709 1565 747 est
1584 697 1943 746 ‘rationabiliter
1973 711 2150 749 cuncta
2183 702 2356 768 accipi,

205 799 296 831 nec
338 799 367 832 a
405 799 551 831 sacrae
590 780 703 829 fidei
746 772 915 829 tenore
958 780 1248 830 exorbitare.
1292 781 1555 829 Conferant
1591 780 1763 828 animae
1804 781 2025 829 humanae
2075 782 2361 847 corporibus

205 855 381 903 nostris
417 853 677 903 animalem
709 853 876 911 vitam,
915 852 1132 902 conferat
1164 854 1327 902 anima
1358 853 1547 915 mundi,
1582 853 1772 917 quam³‚
1808 852 1899 899 nisi
1933 852 2090 913 fallor,
2130 854 2361 919 Spiritum

205 945 428 984 sanctum
452 927 790 984 intellexerunt
813 933 1108 1000 philosophi,
1138 934 1252 1000 ipsis
1271 933 1525 982 animabus
1547 933 1723 980 nostris
1747 933 1897 981 vitam
1920 933 2237 1000 spiritualem,
2264 933 2363 982 dis-

206 1015 471 1065 tributione
502 1016 682 1065 scilicet
714 1032 917 1064 suorum
944 1014 1211 1077 donorum,
1249 1025 1303 1062 ut
1334 1015 1458 1063 sicut
1493 1014 1690 1079 singulae
1725 1014 1897 1062 animae
1932 1015 2029 1062 vita
2064 1031 2326 1080 corporum
2346 1051 2359 1076 ,

207 1098 410 1164 Spiritus
435 1106 599 1147 autem
623 1106 817 1145 sanctus
839 1096 936 1144 vita
959 1097 1251 1159 animarum,
1282 1112 1401 1160 quas
1424 1094 1695 1160 vegetando
1724 1094 1786 1142 ad
1814 1094 2087 1161 profectum
2116 1094 2364 1143 bonorum

207 1194 412 1244 operum
434 1187 710 1244 promovet.
734 1177 988 1237 Quodam*
1010 1178 1173 1243 itaque
1195 1176 1346 1231 modo
1367 1177 1538 1225 animae
1560 1185 1735 1224 nostrae
1759 1192 1968 1241 corpora
1987 1177 2139 1223 sancti
2163 1175 2366 1241 Spiritus

207 1257 425 1307 dicendae
440 1269 575 1323 sunt,
603 1275 723 1325 quas
744 1259 846 1324 ipse
870 1275 958 1325 per
975 1258 1173 1324 aliquod
1191 1259 1350 1324 gratiae
1373 1275 1468 1306 suae
1492 1257 1679 1306 donum
1701 1257 1837 1321 quasi
1854 1256 2091 1322 templum
2110 1255 2363 1319 inhabitat,

207 1348 256 1388 et
273 1339 529 1389 virtutibus
541 1339 768 1389 vivificat.
787 1339 928 1388 Unde
951 1350 999 1388 et
1021 1339 1141 1388 illud
1159 1349 1228 1387 est
1242 1339 1493 1403 Augustini
1513 1341 1744 1385 Sermone
1774 1354 1823 1384 w
1856 1336 1917 1384 de
1936 1336 2096 1384 verbis
2119 1336 2361 1384 Domini‘:

211 1439 233 1466 «
255 1421 388 1469 Sicut
410 1422 540 1471 enim
567 1422 664 1470 vita
687 1423 907 1488 corporis
925 1421 1087 1470 anima
1112 1429 1200 1480 est,
1228 1420 1295 1467 sic
1318 1419 1414 1467 vita
1437 1419 1607 1468 animae
1631 1421 1777 1465 Deus.
1805 1418 1936 1464 Sicut
1962 1417 2169 1483 exspirat
2190 1433 2368 1482 corpus

208 1516 322 1552 cum
345 1503 561 1551 animam
583 1503 781 1565 emittit,
809 1502 874 1550 ita
895 1502 1058 1551 anima
1079 1517 1192 1548 cum
1224 1503 1383 1547 Deum
1405 1499 1595 1548 amittit.
1625 1501 1756 1546 Deus
1785 1498 1987 1546 amissus
2011 1514 2143 1545 mors
2165 1498 2336 1545 animae
2350 1533 2363 1558 ,

207 1582 371 1630 anima
393 1583 567 1630 amissa
589 1599 721 1630 mors
744 1583 980 1648 corporis.
1003 1584 1133 1629 Mors
1152 1581 1372 1647 corporis
1390 1580 1674 1640 necessaria,
1700 1595 1833 1625 mors
1852 1578 2023 1625 animae
2044 1578 2364 1626 voluntaria.»

210 1661 306 1711 Sed
329 1672 377 1710 et
402 1663 525 1712 illud
556 1663 691 1729 quod
716 1664 874 1725 aiunt,
900 1663 1115 1711 animam
1137 1672 1292 1709 totam
1326 1659 1526 1724 singulis
1549 1657 1839 1724 corporibus
1868 1657 2076 1705 infusam
2109 1658 2276 1706 omnia
2298 1658 2370 1705 vi-

207 1742 403 1791 vificare
437 1754 582 1808 atque
618 1744 834 1792 animare
862 1759 969 1807 quae
1003 1741 1067 1790 ad
1089 1740 1437 1789 vivificandum
1470 1739 1648 1787 idonea
1669 1738 1871 1805 reperit,
1899 1737 2031 1786 nulla
2060 1737 2254 1785 illorum
2277 1737 2368 1785 du-

207 1825 317 1874 ritia
337 1824 414 1874 vel
438 1824 710 1877 densitatis⁸
735 1834 908 1872 natura
937 1822 1260 1890 impediente,
1296 1821 1560 1889 pulchrum
1592 1820 1900 1868 involucrum
1931 1828 2019 1880 est,
2053 1819 2168 1884 quia
2200 1820 2372 1869 caritas

209 1907 300 1955 Dei
334 1923 484 1975 quam
520 1906 752 1973 Spiritum
782 1914 1003 1954 sanctum
1033 1905 1257 1964 dicimus,
1287 1903 1518 1952 cordibus
1544 1902 1769 1950 humanis
1796 1918 1882 1968 per
1904 1899 2018 1948 fidei
2046 1900 2147 1948 sive
2170 1901 2372 1949 rationis

209 1986 397 2036 donum
431 1988 657 2053 primitus
688 1987 869 2047 infusa,
906 1985 1130 2051 quaedam
1162 1984 1373 2034 vivificat
1405 1984 1468 2033 ad
1492 1984 1743 2033 bonorum
1773 1999 1979 2049 operum
2013 1981 2222 2029 fructum
2256 1983 2374 2030 nos⁷

209 2068 567 2134 promovendo,
604 2077 659 2116 ut
686 2070 836 2117 vitam
858 2084 1170 2133 assequamur
1191 2076 1437 2127 aeternam,
1466 2075 1514 2113 et
1539 2066 1590 2112 in
1616 2063 1911 2130 quibusdam
1939 2062 2041 2129 ipse
2064 2062 2265 2127 Spiritus
2290 2078 2371 2110 va-

209 2165 319 2197 care
350 2149 541 2211 dicitur,
570 2149 817 2215 pravitatis
839 2165 1011 2197 eorum
1035 2148 1214 2196 duritia
1236 2155 1554 2214 repugnante.
1586 2148 1723 2193 Hanc
1755 2154 1917 2192 autem
1947 2143 2120 2190 animae
2148 2142 2374 2190 videlicet

209 2228 470 2277 mundanae
509 2228 782 2278 doctrinam
814 2230 1055 2295 praecipue
1091 2227 1483 2293 diligentissimus
1526 2225 1936 2293 philosophorum
1978 2224 2029 2270 in
2073 2223 2374 2289 expositione

210 2309 484 2358 Macrobius
507 2310 717 2376 reliquit.
748 2311 894 2375 Cujus
916 2309 1115 2375 quidem
1140 2308 1287 2358 verba
1318 2309 1357 2356 si
1394 2307 1648 2374 diligenter
1673 2306 1983 2373 inspiciamus
1998 2340 2011 2365 ,
2048 2313 2202 2352 totam
2226 2302 2374 2350 fidem

142 2418 148 2423 κ
211 2389 309 2439 fere
335 2400 553 2439 nostram
577 2391 639 2440 de
661 2391 843 2458 Spiritu
869 2401 1038 2440 sancto
1067 2392 1117 2439 in
1141 2391 1255 2457 ipsis
1280 2406 1556 2456 expressam
1588 2387 1905 2448 inveniemus,
1932 2401 2045 2433 cum
2068 2384 2197 2432 hanc
2219 2384 2374 2449 ipsam

211 2471 425 2520 animam
443 2481 492 2520 et
509 2474 788 2521 Creatorem
808 2472 1047 2533 nominet,
1077 2481 1222 2538 atque
1245 2488 1303 2519 ex
1326 2474 1430 2518 Deo
1455 2472 1594 2518 Patre
1617 2479 1664 2517 et
1687 2472 1850 2531 Noym
1861 2468 1893 2528 ⁸,
1915 2466 2014 2513 hoc
2036 2474 2105 2513 est
2127 2467 2231 2512 Deo
2254 2462 2372 2510 Filio

212 2562 395 2601 astruat
419 2569 539 2601 esse.
567 2555 727 2612 Quam
750 2553 870 2601 dum
905 2553 1204 2619 quandoque
1233 2562 1448 2600 mentem
1471 2550 1719 2611 nominat,
1755 2557 1968 2596 mentem
1992 2562 2083 2612 pro
2115 2545 2276 2593 anima
2297 2541 2374 2590 vel

212 2633 448 2699 spirituali
482 2643 656 2682 natura
689 2634 972 2699 generaliter
999 2634 1156 2700 ponit.
1196 2633 1343 2683 Aliter
1371 2633 1533 2697 itaque
1559 2630 1733 2678 Filium
1757 2628 1958 2692 Noym⁹,
1985 2626 2035 2673 id
2058 2634 2129 2672 est
2160 2633 2372 2671 mentem

212 2711 345 2776 dicit,
378 2713 515 2762 aliter
546 2715 758 2763 animam
781 2715 935 2781 ipsam
958 2713 1426 2780 mentem-appellat.
1453 2713 1589 2759 Mens
1617 2710 1798 2775 quippe
1822 2708 1974 2755 Patris
2005 2704 2148 2752 Filius
2174 2703 2369 2765 dicitur,

215 2794 490 2842 secundum
516 2794 654 2860 quod
676 2795 910 2862 sapientia
926 2795 1073 2861 ipsius
1093 2794 1169 2842 vel
1194 2794 1317 2841 ratio
1342 2792 1536 2839 dicitur.
1567 2790 1787 2837 Animam
1807 2802 2002 2852 quoque
2020 2801 2134 2833 cum
2159 2793 2373 2832 mentem

213 2873 461 2936 nominat,
488 2875 748 2939 spiritualis
769 2892 875 2923 eam
900 2892 1002 2923 esse
1034 2884 1234 2931 naturae,
1269 2889 1371 2920 non
1398 2886 1641 2937 corporeae
1668 2868 1894 2916 insinuat.
1923 2865 2070 2925 Quod
2100 2864 2298 2931 quidem
2325 2874 2374 2913 et

213 2969 302 3019 per
324 2955 638 3021 semetipsum
660 2955 898 3021 aperiens,
924 2954 1044 3002 dum
1060 2953 1285 3020 quaedam
1300 2951 1481 3018 Virgilii
1498 2950 1647 2998 verba
1663 2957 1945 3015 exponeret,
1966 2947 2095 2995 aitw:
2120 2965 2145 2991 «
2163 2948 2226 2993 Ut
2234 2944 2374 3011 puri-

261 3118 340 3153 'Sic
369 3118 451 3154 cod.
481 3119 565 3154 Vict.
594 3120 742 3154 Possunt
772 3119 869 3154 Amb.
894 3136 934 3143 —
955 3118 1031 3153 ’Sic
1060 3118 1142 3153 θοὰ.
1171 3117 1256 3153 Vict.
1331 3117 1524 3152 Diversitas
1544 3115 1641 3150 Ami).
1660 3132 1698 3142 -·-
1713 3115 1789 3149 ⁷Sic
1813 3113 1894 3148 eod,
1911 3113 1997 3147 Viet.
2023 3113 2098 3147 Non
2123 3111 2220 3145 Amb.
2240 3127 2279 3134 —
2295 3108 2374 3141 ‘Sic

213 3173 282 3207 Nec
301 3173 384 3206 item
403 3182 471 3215 quo
485 3173 661 3208 animetur
677 3174 774 3207 Amb.
792 3193 834 3200 —-
849 3173 927 3207 ³Sic
942 3174 1026 3208 cod.
1043 3172 1129 3207 Vict.
1148 3173 1260 3214 Quam
1332 3172 1414 3206 God.
1427 3170 1511 3204 Vict.
1527 3170 1606 3213 Νοῷ
1622 3170 1719 3203 Amb.
1736 3185 1779 3194 —
1793 3166 1880 3203 ⁹Sic.
1900 3167 1981 3201 Cod.
1999 3166 2084 3201 Vict.
2115 3166 2205 3200 Νοῦν
2224 3163 2371 3197 Amb.-

216 3230 310 3263 deest
327 3229 362 3262 tn
372 3228 605 3263 Δηὼ-*δὶα
618 3229 701 3263 Cod.
716 3229 801 3264 Vlct.
816 3230 912 3271 Quod
922 3230 1040 3272 itaque
1050 3230 1150 3263 modo
1160 3228 1257 3262 Amb.
1333 3229 1355 3249 ¹⁰
1362 3227 1405 3261 In
1419 3227 1537 3260 Somn.
1554 3223 1812 3267 Scipionis‚1ih,
1837 3221 1865 3265 1,
1883 3230 1952 3256 xlv.

216 3280 393 3317 —⁸Serm.
411 3291 495 3324 txn,
509 3283 613 3326 opp„
630 3288 655 3318 t.
669 3283 708 3325 V,
728 3293 762 3326 p.
777 3283 985 3320 358.—⁶Sic
998 3283 1111 3319 Theol.
1129 3283 1256 3318 Christ.

378 3356 411 3382 11
2134 3333 2157 3367 7
