2638 3866
854 222 1196 272 TRACTATUS
1230 222 1308 271 DE
1346 223 1809 275 INTELLECTIBUS.
2312 230 2408 278 745

266 322 373 371 licet
391 320 494 370 haec
514 322 573 370 sit
602 323 955 388 praedicationis
978 324 1243 373 divisorum
1267 335 1313 373 et
1327 324 1637 391 subjectionis
1659 326 1926 376 differentia
1953 328 2085 394 quod
2104 346 2190 395 per
2215 330 2410 396 positio-

266 420 378 452 nem
401 402 627 469 copulata
651 403 815 451 salsam
834 421 1024 470 semper
1042 406 1423 454 enuntiationem
1445 407 1619 470 reddit,
1645 409 1791 456 veluti
1815 409 1853 456 si
1867 407 2051 457 dicam:
2079 429 2102 455 a
2122 419 2324 475 uterque
2340 421 2408 459 est

265 493 485 548 uterque,
510 505 533 529 >³
560 484 636 532 vel
661 502 686 530 κ
703 500 848 532 omne
871 494 942 532 est
963 502 1110 533 omne
1127 523 1139 547 ,
1170 507 1191 529 »
1215 486 1311 534 hoc
1335 497 1405 541 est
1432 505 1442 534 :
1474 508 1496 531 α
1519 505 1821 554 unaquaeque
1844 505 1918 537 res
1941 499 2011 537 est
2039 506 2354 556 unaquaeque.
2381 511 2404 537 η

267 567 388 612 Vere
412 575 572 613 autem
602 564 772 629 subjici
805 580 904 612 non
936 576 1182 625 recusant,
1211 566 1356 614 veluti
1390 584 1501 615 cum
1534 568 1739 617 dicimus
1765 579 2006 635 «uterque
2037 580 2108 618 est
2129 571 2300 631 homo,
2332 572 2407 620 vel

266 645 650 711 unumquodque
673 654 743 693 est
766 644 964 710 aliquid,
984 664 1007 690 υ
1045 645 1223 695 eaedem
1257 647 1399 694 etiam
1432 647 1630 696 fortasse
1661 649 1710 696 in
1743 649 2053 713 intelligentia
2087 667 2231 699 voces
2265 660 2402 711 sunt,

263 725 302 773 si
339 726 527 775 dicatur
561 725 754 773 «homo
789 735 835 773 et
871 743 1062 791 equus»
1100 735 1146 773 et
1181 726 1368 774 dicatur
1394 728 1586 775 «homo
1613 728 1687 776 vel
1717 746 1885 794 equus.
1909 751 1932 774 »
1964 730 2087 778 Nihil
2123 732 2303 798 quippe
2343 732 2406 780 ad

261 810 621 875 intelligentiam
657 810 831 858 referre
863 811 1087 873 videtur¹,
1122 811 1206 858 sed
1239 811 1300 858 ad
1324 813 1751 860 constructionem.
1800 816 1918 861 Nam
1957 831 2091 879 aeque
2120 815 2200 862 hic
2246 825 2292 863 et
2337 815 2404 863 ibi

260 890 513 938 hominem
542 899 590 938 et
621 907 800 955 equum
833 891 932 939 duo
962 891 1063 939 haec
1089 901 1249 939 mente
1280 892 1531 957 concipi03
1570 892 1654 940 sed
1679 893 1727 940 in
1755 894 2113 942 constructione
2138 911 2281 942 voces
2308 896 2404 943 istae

260 971 364 1019 aliis
385 971 574 1019 sociatae
594 970 738 1035 longe
763 971 1006 1020 diversum
1031 971 1247 1020 efficiunt
1267 988 1481 1021 sensum.
1508 973 1613 1019 Non
1647 982 1717 1020 est
1744 973 1904 1038 itaque
1932 991 2125 1023 necesse
2149 984 2202 1022 ut
2225 975 2405 1023 eaedem

260 1052 355 1099 sint
389 1052 581 1118 penitus
615 1069 760 1100 voces
796 1053 844 1100 in
881 1052 1252 1118 significatione,
1292 1052 1420 1100 idem
1455 1054 1647 1118 penitus
1681 1054 1730 1100 in
1774 1064 1999 1102 contextu
2036 1055 2405 1104 constructionis

259 1132 476 1192 valeant3
515 1134 575 1181 de
606 1149 705 1197 quo
738 1132 927 1199 plenius
960 1134 1009 1180 in
1039 1133 1479 1181 constructionibus
1509 1135 1864 1199 prosequimur.

324 1213 497 1262 Differt
532 1223 691 1262 autem
727 1213 788 1262 ab
827 1215 1032 1263 invicem
1064 1213 1287 1262 dividens
1316 1224 1364 1262 et
1401 1214 1679 1279 disjungens
1714 1224 1760 1262 et
1793 1215 2074 1263 abstrahens
2105 1216 2400 1276 intellectus,

257 1294 393 1360 quod
429 1294 651 1343 dividens
674 1295 941 1343 intellectus
968 1296 1233 1360 negationis
1258 1305 1346 1357 est,
1375 1305 1421 1343 et
1446 1294 1628 1359 aliquid
1650 1294 1711 1342 ab
1734 1295 1897 1360 aliquo
1924 1306 2167 1357 removet3
2196 1296 2339 1345 veluti
2364 1299 2402 1345 si

258 1375 519 1441 intelligam
552 1376 803 1424 hominem
828 1393 927 1424 non
953 1393 1054 1424 esse
1077 1393 1280 1441 equum,
1307 1375 1384 1424 vel
1407 1392 1576 1424 sanum
1610 1392 1709 1423 non
1732 1393 1834 1424 esse
1861 1393 2064 1440 aegrum,
2092 1377 2166 1425 vel
2200 1386 2403 1425 stantem

257 1472 357 1503 non
393 1457 590 1518 sedere3
627 1457 904 1523 disjungens
942 1474 1054 1505 vero
1089 1457 1439 1517 affirmationis,
1482 1473 1572 1504 nec
1607 1457 1925 1504 remotionem
1958 1457 2170 1522 aliquam
2207 1457 2404 1522 alicujus

258 1535 319 1583 ab
356 1537 520 1602 aliquo
554 1538 690 1600 facit,
719 1539 804 1587 sed
828 1556 882 1587 ex
906 1538 1126 1605 pluribus
1154 1555 1261 1604 quoe
1290 1548 1452 1586 mente
1484 1537 1695 1603 concipit
1722 1554 1874 1585 unum
1905 1547 2093 1586 tantum
2121 1538 2399 1599 constituit;

259 1626 311 1664 ut
342 1618 381 1665 si
418 1619 601 1685 aliquid
637 1638 739 1669 esse
771 1621 1019 1668 hominem
1051 1619 1127 1669 vel
1156 1636 1335 1685 equum
1372 1618 1650 1685 intelligam,
1679 1618 1757 1668 vel
1781 1635 1882 1667 esse
1905 1635 2077 1667 sanum
2098 1629 2181 1667 aut
2202 1635 2399 1682 aegrum,

256 1698 333 1745 vel
360 1710 442 1747 aut
472 1710 595 1749 stare
618 1712 701 1750 aut
724 1701 890 1750 sedere
915 1720 971 1751 ac
993 1703 1225 1764 similiter,
1249 1703 1543 1767 quicumque
1567 1711 1679 1750 sunt
1699 1701 2123 1767 hypotheticarum
2146 1699 2403 1763 disjuncta-

257 1796 366 1828 rum
402 1782 674 1831 intellectus
714 1782 1040 1848 disjungentes
1078 1783 1335 1845 dicuntur3
1371 1782 1506 1847 quod
1540 1782 1739 1847 quidem
1774 1781 1844 1828 vis
1873 1782 1976 1846 ipsa
2010 1780 2404 1845 disjunctivarum

254 1861 660 1926 conjunctionum
702 1863 831 1911 facit.
883 1864 1009 1911 Illud
1052 1880 1248 1928 quoque
1284 1863 1462 1928 inquiri
1509 1879 1565 1911 ac
1607 1861 1797 1911 definiri
1841 1861 2162 1909 necessarium
2202 1861 2399 1925 judico,

256 1951 417 1990 utrum
442 1944 601 1992 omnis
623 1945 892 1993 intellectus
918 1945 1053 1993 aliter
1082 1962 1230 2010 quam
1260 1962 1334 1992 res
1360 1961 1462 1992 sese
1483 1944 1662 1992 habeat
1688 1943 1958 2003 attendens,
1985 1959 2145 1990 cassus
2169 1958 2225 1989 ac
2252 1958 2405 1989 vanus

253 2021 488 2072 dicendus
508 2027 590 2087 sit3
622 2036 668 2073 et
692 2043 882 2074 rursum
903 2037 1064 2074 utrum
1088 2027 1245 2074 omnis
1270 2026 1352 2089 qui
1378 2016 1479 2072 rem
1503 2024 1712 2088 aliquam
1734 2034 1788 2071 ut
1811 2041 1860 2071 se
1879 2024 1981 2088 ipsa
2003 2022 2148 2070 habet
2168 2023 2398 2087 concipit,

252 2119 398 2151 sanus
424 2106 483 2151 sit
500 2106 810 2169 judicandus.
837 2108 884 2154 Si
907 2109 1036 2155 enim
1061 2107 1128 2154 sic
1152 2123 1253 2154 esse
1275 2122 1533 2171 ponamus,
1560 2105 1696 2169 quod
1718 2103 1943 2168 equidem
1965 2102 2251 2168 ponendum
2269 2101 2404 2149 vide-

252 2194 347 2244 tur,
386 2186 624 2233 nonnulla
656 2187 867 2235 fortassis
902 2188 1203 2235 incurremus
1239 2186 1646 2234 inconvenientia.
1686 2185 1856 2232 Omnis
1892 2184 2072 2248 quippe
2103 2198 2189 2247 per
2218 2181 2402 2229 abstra-

254 2266 466 2314 ctionem
501 2266 697 2315 habitus
730 2268 1000 2317 intellectus
1032 2285 1134 2316 rem
1169 2268 1332 2331 aliquo
1362 2267 1513 2315 modo
1543 2268 1678 2315 aliter
1712 2283 1860 2332 quam
1893 2282 1943 2313 se
1975 2263 2124 2312 habet
2154 2263 2395 2328 concipit,

253 2356 301 2394 et
332 2348 372 2394 si
396 2347 490 2395 alio
521 2348 672 2396 modo
707 2366 813 2397 eam
838 2359 892 2397 ut
922 2367 972 2397 se
999 2349 1147 2397 habet
1169 2348 1387 2408 attendit,
1415 2357 1462 2395 et
1483 2348 1562 2395 vix
1582 2347 1753 2412 aliquis
1776 2346 2044 2394 intellectus
2068 2344 2129 2392 dc
2161 2360 2212 2391 re
2242 2345 2399 2391 sensui

253 2443 352 2475 non
380 2428 656 2493 subjacente
678 2429 903 2489 habetur,
929 2431 1014 2495 qui
1037 2446 1144 2478 eam
1167 2430 1216 2476 in
1242 2429 1404 2494 aliquo
1434 2428 1568 2476 aliter
1592 2445 1739 2494 quam
1762 2428 1988 2476 subsistat
2016 2442 2116 2473 non
2140 2424 2395 2489 concipiat.

254 2511 344 2556 Per
388 2508 762 2558 abstractionem
799 2521 959 2559 autem
994 2512 1101 2559 illos
1137 2510 1342 2558 dicimus
1377 2510 1674 2569 intellectus,
1710 2509 1794 2574 qui
1830 2508 1903 2555 vel
1938 2516 2162 2555 naturam
2202 2504 2400 2568 alicujus

253 2589 435 2650 formae,
471 2590 652 2656 absque
674 2602 893 2658 respectu
913 2591 1136 2656 subjectae
1165 2591 1375 2639 materiae
1409 2591 1459 2638 in
1492 2607 1542 2638 se
1575 2591 1677 2656 ipsa
1713 2588 2044 2655 speculantur,
2074 2586 2150 2634 vel
2180 2595 2399 2632 naturam

252 2670 519 2733 quamlibet
577 2672 906 2720 indifferenter
962 2672 1145 2736 absque
1201 2688 1401 2719 suorum
1455 2671 1634 2718 scilicet
1693 2669 2055 2716 individuorum
2111 2664 2400 2713 discretione

252 2750 565 2799 meditantur.
614 2753 761 2800 Verbi
807 2755 954 2818 gratia
973 2791 984 2813 ‚
1033 2770 1143 2801 cum
1191 2753 1406 2800 colorem
1454 2751 1673 2817 corporis
1721 2750 1797 2798 vel
1850 2748 2096 2796 scientiam
2139 2746 2309 2793 animae
2349 2745 2398 2792 in

252 2834 451 2898 proprio
483 2850 584 2881 esse
608 2851 696 2882 suo
726 2835 942 2897 attendo,
971 2835 1018 2881 in
1045 2851 1103 2882 eo
1127 2833 1303 2881 scilicet
1328 2832 1463 2898 quod
1489 2832 1624 2880 color
1654 2841 1724 2879 est
1746 2829 1821 2878 vel
1844 2828 2039 2878 scientia
2062 2843 2146 2876 seu
2176 2825 2395 2891 qualitas,

251 2914 300 2960 in
336 2931 648 2979 quocumque
675 2915 772 2963 alio
801 2933 903 2963 esse
928 2933 1016 2963 suo
1040 2915 1419 2963 substantiarum
1450 2913 1775 2978 subjectarum
1813 2920 2028 2977 respectu
2052 2906 2397 2975 proposito,·in

254 2995 455 3043 rationis
483 2996 565 3060 (Ρ)
591 2996 768 3044 formas
793 3013 817 3044 a
842 2996 1068 3061 subjectis
1093 2995 1370 3044 substantiis
1392 2993 1605 3060 quodam
1631 2992 1782 3040 modo
1805 2990 2052 3051 abstraho,
2079 3005 2158 3037 eas
2179 2986 2400 3036 videlicet

255 3074 382 3122 solas
404 3076 453 3122 in
476 3077 686 3141 propriis
710 3078 890 3125 naturis
915 3093 1001 3142 per
1024 3094 1073 3124 se
1089 3075 1401 3143 speculando,
1429 3091 1530 3122 non
1554 3091 1666 3121 cum
1691 3073 1806 3138 ipsis
1828 3071 2039 3136 subjecta
2060 3083 2228 3116 carum
2250 3074 2398 3113 atten-

252 3154 435 3203 dendo.
470 3156 564 3203 Sed
594 3174 704 3205 cum
735 3168 955 3206 naturam
978 3157 1247 3224 ¹humanam
1284 3173 1391 3222 quae
1419 3154 1617 3220 singulis
1646 3154 1769 3201 inest
1789 3150 2089 3211 hominibus,
2114 3150 2179 3196 ita
2204 3144 2400 3194 indiffe-

294 3330 302 3349 ¹
321 3328 403 3363 Cod.
419 3330 591 3365 videntur.

414 3405 446 3429 Π
2163 3384 2213 3421 94
