2638 3866
994 199 1332 248 THEOLOGIA
1366 201 1736 249 CHRlS'l'lANA.
2047 196 2052 201 ’
2347 195 2444 245 373

299 313 393 363 tur,
428 319 538 351 cum
571 301 808 362 videlicet,
846 295 1002 366 neque
1035 318 1106 361 OS,
1140 318 1297 367 neque
1328 302 1540 368 aliquam
1572 311 1778 367 partem,
1819 309 1873 348 ut
1902 299 2087 348 dictum
2119 308 2207 358 est,
2236 296 2444 346 habeat?

298 383 561 443 Quomodo
584 384 728 432 etiam
751 399 837 448 per
861 391 1056 430 ventum
1079 381 1229 429 virtus
1253 383 1360 430 coeli
1383 393 1430 430 et
1453 393 1590 431 terrae
1610 381 1859 430 subsistit?
1883 381 2154 445 Intelligant
2175 395 2290 444 ergo
2313 377 2444 426 hunc

297 480 398 512 esse
429 463 564 512 illum
592 463 821 529 Spiritum
850 462 1076 520 Domini,
1109 461 1244 526 cujus
1269 463 1597 527 septiformem
1621 463 1820 527 gratiam
1852 463 1991 511 lsaias
2013 460 2289 510 describens
2312 460 2401 508 ait¹
2430 478 2439 505 :

301 564 323 590 α
359 546 418 591 Et
452 544 716 609 requiescet
746 559 889 609 super
922 559 1035 590 eum
1067 542 1269 607 Spiritus
1299 544 1514 604 Domini,
1552 545 1754 609 Spiritus
1788 544 2028 609 sapientiae
2060 553 2108 591 et
2143 541 2440 599 intellectus,

297 625 502 690 Spiritus
522 624 710 672 consilii
733 632 779 670 et
802 623 1110 683 fortitudinis,
1134 633 1227 670 etc.
1249 642 1272 667 n
1304 626 1359 671 Et
1379 623 1492 672 alibi
1508 626 1522 648 ²
1548 643 1559 672 ε
1588 644 1612 667 ιι
1633 627 1691 671 Et
1713 640 1844 671 nunc
1867 624 2104 671 Dominus
2123 623 2251 670 misit
2273 638 2371 682 me,
2396 631 2445 669 et

296 706 499 771 Spiritus
529 705 646 769 ejus.
680 724 702 750 «
733 707 791 751 Et
815 706 998 751 rursus³
1025 722 1035 750 :
1066 704 1313 768 «Spiritus
1337 706 1534 752 Domini
1566 721 1710 770 super
1735 721 1838 766 me,
1867 721 1926 752 eo
1949 704 2084 769 quod
2114 704 2301 751 unxerit
2330 718 2437 760 me,

296 784 358 833 ad
388 784 777 833 annuntiandum
817 785 1072 832 mansuetis
1108 784 1236 831 misit
1274 801 1367 831 me.
1394 804 1417 829 n
1452 788 1525 833 De
1557 802 1656 850 quo
1684 786 1829 833 etiam
1854 785 1904 832 in
1927 786 2178 849 Sapientia
2206 784 2400 831 dicitur⁴
2426 801 2438 831 τ

299 886 322 910 α
342 868 544 914 Sanctus
567 867 769 932 Spiritus
799 866 1060 932 disciplinae
1080 865 1272 930 effugiet
1296 864 1477 913 fictum.
1507 867 1747 931 Benignus
1769 876 1840 914 est
1867 868 1995 914 enim
2025 866 2226 931 Spiritus
2248 865 2442 931 Sapien-

295 947 385 1006 tiae,
418 956 511 996 etc.
533 967 556 991 »
583 950 655 995 De
678 964 777 1012 quo
801 948 975 995 iterum
997 963 1111 994 cum
1141 946 1391 994 subditur³
1416 964 1425 992 :
1457 966 1480 992 «
1501 950 1556 995 Et
1581 947 1678 995 hoc
1700 947 1835 1012 quod
1857 947 2075 995 continet
2105 947 2270 993 omnia
2292 946 2444 994 scien·

295 1027 408 1075 tiam
427 1027 574 1076 habet
586 1029 767 1088 vocis‚»
784 1038 948 1094 aperte
967 1027 1068 1093 ipse
1087 1026 1288 1092 Spiritus
1306 1029 1434 1074 Deus
1455 1044 1556 1075 esse
1571 1027 1873 1093 perhibetur,
1889 1045 2000 1075 cum
2019 1027 2182 1074 omnia
2196 1026 2443 1074 continere

293 1106 501 1156 dicatur.
538 1112 596 1156 Et
633 1109 806 1156 iterum
839 1108 901 1156 ad
931 1111 1088 1155 Deum
1121 1107 1326 1172 loquens
1354 1109 1595 1174 Sapientia
1627 1108 1799 1156 dicit⁸z
1838 1110 2083 1156 «Sensum
2111 1117 2272 1155 autem
2305 1117 2440 1155 tuum

294 1189 401 1254 quis
433 1190 587 1250 scivit,
626 1190 715 1237 nisi
745 1199 793 1237 tu
831 1188 1021 1236 dederis
1053 1188 1355 1254 sapientiam,
1395 1199 1443 1237 et
1477 1190 1663 1238 miseris
1696 1190 1926 1256 Spiritum
1961 1199 2180 1238 sanctum
2213 1198 2351 1236 tuum
2380 1187 2442 1236 de

293 1268 596 1319 altissimis?»
620 1274 677 1318 Et
699 1272 914 1318 rursum⁷
935 1289 945 1317 z
969 1272 1048 1317 «O
1069 1287 1214 1335 quam
1237 1269 1396 1317 bonus
1419 1281 1466 1318 et
1489 1272 1648 1319 suavis
1670 1281 1756 1333 est,
1784 1271 2011 1330 Domine,
2037 1271 2238 1336 Spiritus
2263 1279 2372 1317 tuus
2390 1270 2439 1316 in

249 1345 257 1353 ⁶
294 1349 452 1398 nobis.
470 1371 492 1394 2>
522 1352 611 1399 Hic
642 1352 787 1400 etiam
819 1368 931 1399 cum
954 1351 1056 1416 ipse
1079 1351 1282 1417 Spiritus
1310 1352 1562 1417 Sapientiae
1591 1352 1956 1414 describeretur,
1982 1368 2124 1400 verus
2148 1354 2276 1398 Deus
2300 1349 2440 1416 plane

295 1431 601 1496 praedicatur,
637 1449 749 1479 cum
780 1432 905 1479 inter
934 1441 1091 1479 cetera
1125 1431 1186 1479 de
1217 1448 1276 1479 eo
1311 1433 1543 1498 scriptum
1580 1433 1638 1480 sit
1672 1433 1720 1480 in
1756 1435 2005 1498 Sapientia
2039 1433 2162 1480 sic⁸:
2197 1433 2438 1479 «Omnem

295 1511 479 1560 habens
510 1513 757 1574 virtutem,
798 1513 962 1560 omnia
995 1512 1311 1578 prospiciens,
1333 1532 1355 1557 »
1389 1523 1437 1561 et
1470 1514 1602 1579 quod
1635 1515 1791 1580 capiat
1827 1515 1990 1562 omnia
2027 1514 2246 1578 Spiritus.
2283 1515 2440 1570 Quem

295 1593 437 1639 etiam
465 1592 637 1640 Heliud
665 1595 714 1640 in
737 1593 863 1641 libro
887 1593 979 1640 Job
1011 1603 1277 1642 creatorem
1306 1593 1561 1659 profitetur
1588 1594 1774 1642 dicens⁹
1800 1615 1810 1642 ;
1839 1595 2079 1660 «Spiritus
2104 1593 2301 1640 Domini
2332 1592 2441 1640 fecit

296 1689 389 1731 me,
417 1683 464 1720 et
495 1673 787 1738 spiraculum
810 1674 1157 1739 omnipotentis
1181 1673 1438 1722 vivificavit
1462 1692 1557 1722 me.
1579 1696 1601 1719 >³
1630 1676 1719 1722 Cui
1745 1686 1790 1723 et
1814 1675 1956 1722 Filius
1979 1676 2080 1740 ipse
2102 1674 2190 1720 Dei
2213 1674 2261 1720 in
2285 1676 2440 1720 Evan-

293 1753 416 1816 gelio
435 1753 666 1817 aequalem
681 1754 837 1802 sibiet
855 1754 982 1801 Patri
998 1754 1279 1817 dignitatem
1297 1755 1576 1803 adscribens
1591 1756 1657 1802 ait
1665 1757 1714 1802 ¹⁰:
1735 1775 1757 1800 «
1771 1758 1858 1816 lte,
1882 1755 2052 1802 docete
2070 1770 2239 1801 omnes
2259 1762 2438 1818 gentes,

293 1831 591 1898 baptizantes
607 1850 690 1881 eos
708 1835 759 1881 in
779 1834 977 1881 nomine
998 1835 1149 1881 Patris
1167 1844 1215 1882 et
1233 1834 1337 1881 Filii
1356 1845 1403 1882 et
1425 1836 1628 1901 Spiritus
1647 1836 1814 1883 sancti.
1837 1855 1860 1881 ι)
1885 1838 2083 1883 Necnon
2102 1844 2148 1881 et
2168 1834 2437 1900 Apostolus,

295 1923 413 1961 teste
449 1915 731 1979 Augustino,
766 1932 879 1962 cum
904 1914 1140 1980 templum
1163 1916 1367 1981 Spiritus
1391 1918 1542 1964 sancti
1565 1917 1802 1978 nominat,
1837 1927 1999 1982 aperte
2022 1933 2134 1964 eum
2164 1933 2263 1964 esse
2285 1918 2441 1963 Deum

292 1996 611 2059 pronunciat,
644 2013 758 2043 cum
792 1996 941 2044 solius
972 1997 1061 2044 Dei
1105 1997 1342 2062 templum
1383 2014 1484 2045 esse
1525 1998 1727 2046 dicatur.
1767 1998 2009 2064 Scriptum
2058 1998 2237 2062 quippe
2275 2006 2346 2045 est
2392 1997 2440 2043 in

296 2076 559 2140 Apostolo¹¹
588 2094 598 2123 ε
621 2097 644 2121 «
666 2077 865 2125 Nescitis
887 2078 1020 2142 quod
1045 2078 1283 2143 templum
1304 2079 1391 2125 Dei
1415 2080 1525 2126 estis
1551 2089 1597 2126 et
1619 2080 1823 2144 Spiritus
1842 2079 1931 2125 Dei
1952 2078 2135 2126 habitat
2157 2078 2206 2124 in
2229 2077 2398 2124 vobis?
2414 2098 2437 2120 »

294 2151 387 2199 Ubi
423 2163 586 2218 aperte
627 2155 839 2202 insinuat
876 2157 1031 2202 Deum
1074 2155 1234 2220 ipsum
1271 2156 1406 2219 cujus
1442 2166 1512 2204 est
1546 2157 1797 2222 templum,
1836 2166 1881 2204 et
1912 2156 2140 2222 Spiritum
2174 2155 2262 2202 Dei
2294 2171 2438 2218 quem

292 2231 562 2281 inhabitare
594 2234 726 2295 dicit,
767 2234 896 2281 idem
929 2250 1047 2281 6556.
1081 2235 1158 2281 Sic
1190 2244 1238 2282 et
1269 2238 1322 2281 Β.
1354 2239 1517 2283 Petrus
1548 2237 1596 2283 in
1626 2236 1819 2284 Actibus
1842 2235 2182 2300 Apostolorum
2212 2234 2439 2300 Spiritum

294 2322 513 2360 sanctum
541 2316 698 2362 Deum
724 2331 823 2362 esse
849 2314 1119 2380 profitetur,
1152 2314 1352 2363 dicens¹²
1379 2334 1390 2363 ε
1422 2337 1444 2361 ct
1467 2320 1529 2363 Ut
1558 2317 1676 2382 quid
1692 2318 1919 2365 mentitus
1951 2334 2001 2364 es
2032 2316 2228 2382 Spiritui
2252 2325 2436 2372 sancto,

294 2394 508 2441 Anania?
529 2411 628 2442 non
654 2412 704 2443 es
717 2396 947 2443 mentitus
970 2395 1270 2455 hominibus,
1294 2396 1379 2444 sed
1402 2400 1522 2445 Deo.
1546 2417 1569 2443 »
1594 2402 1664 2445 De
1684 2415 1784 2462 quo
1806 2399 1977 2445 iterum
1997 2397 2172 2462 Spiritu
2191 2397 2240 2444 in
2261 2396 2440 2444 eisdem

297 2473 489 2523 Actibus
515 2477 827 2523 continetur¹¹
851 2495 861 2523 ε
893 2498 915 2520 ‹<
934 2480 1043 2524 Haec
1075 2477 1190 2525 dicit
1220 2478 1423 2544 Spiritus
1449 2478 1628 2542 jubens
1656 2498 1666 2526 :
1695 2481 1920 2544 Separate
1949 2478 2065 2525 mihi
2102 2477 2364 2525 Barnabam
2395 2485 2442 2522 et

296 2555 518 2618 Paulum,
550 2566 642 2603 etc.
670 2574 693 2601 ι)
727 2559 784 2603 Et
817 2574 1007 2605 rursum
1021 2560 1046 2583 ¹'⁴
1075 2575 1084 2604 :
1122 2558 1346 2606 «Placuit
1382 2560 1577 2625 Spiritui
1609 2570 1775 2607 sancto
1808 2570 1856 2607 et
1879 2558 2034 2606 nobis.
2064 2578 2087 2603 »
2115 2562 2173 2605 Et
2202 2556 2442 2603 Psalmista

297 2635 526 2699 Spiritum
549 2637 639 2684 Dei
660 2636 839 2703 ubique
863 2655 964 2685 esse
990 2647 1220 2703 tanquam
1247 2639 1714 2705 incircumscriptum
1739 2639 1992 2705 profitetur
2017 2639 2219 2686 dicens¹⁸
2241 2655 2251 2683 :
2287 2656 2307 2681 u
2329 2638 2440 2694 Quo

296 2713 377 2761 ibo
413 2732 441 2762 a
473 2717 649 2780 Spiritu
687 2717 808 2764 tuo?
832 2736 855 2762 »
884 2718 979 2776 Qui
1011 2729 1057 2765 et
1086 2720 1246 2766 statim
1278 2729 1331 2766 ut
1353 2720 1513 2784 ipsum
1539 2721 1770 2785 Spiritum
1806 2721 1911 2778 Dei,
1947 2736 2094 2784 quem
2126 2717 2304 2781 ubique
2340 2733 2441 2764 esse

296 2793 566 2859 profitetur,
589 2795 720 2843 idem
743 2814 845 2845 esse
869 2814 979 2845 cum
1003 2799 1108 2863 ipso
1129 2801 1251 2859 De0,
1278 2798 1339 2845 ad
1363 2816 1508 2863 quem
1532 2800 1764 2862 loquitur,
1792 2800 2018 2860 insinuet,
2046 2815 2131 2864 per
2154 2799 2249 2845 hoc
2275 2807 2441 2863 paten-
2487 2847 2492 2851 ,

298 2884 368 2921 ter
391 2875 618 2938 ostendit,
645 2877 778 2941 quod
804 2879 963 2925 statim
991 2879 1222 2943 Spiritum
1247 2877 1425 2942 ubique
1449 2896 1549 2926 esse
1570 2880 1775 2944 assignat
1802 2896 1886 2944 per
1911 2881 2068 2944 ipsum
2098 2881 2270 2938 Deum,
2296 2894 2441 2942 quem

296 2953 478 3020 ubique
501 2957 670 3004 astruit
700 2956 865 3005 dicens
877 2960 901 2983 ¹⁶
927 2975 937 3003 :
975 2977 998 3002 α
1015 2958 1064 3004 Si
1086 2958 1349 3006 ascendero
1375 2959 1424 3006 in
1448 2959 1642 3018 coelum,
1681 2971 1728 3007 tu
1753 2959 1848 3007 illic
1875 2977 1942 3021 es,
1976 2969 2067 3008 etc.
2091 2980 2113 3003 ›>
2143 2959 2236 3008 Sed
2256 2970 2303 3007 et
2329 2976 2438 3006 cuni

339 3142 346 3158 ¹
365 3140 453 3176 lsai„
471 3149 542 3180 cap.
561 3148 602 3180 n,
621 3150 650 3173 v.
669 3143 702 3173 2.
719 3141 783 3164 ·--²
802 3141 889 3173 mid.
914 3150 943 3174 v.
963 3143 1015 3177 48.
1031 3150 1062 3173 v.
1084 3143 1131 3175 16.
1153 3143 1212 3166 —³
1229 3143 1332 3181 Ibid..
1406 3153 1477 3185 cap.
1496 3153 1612 3185 xxviii,
1637 3154 1669 3176 v.
1702 3144 1750 3177 19.
1775 3161 1813 3167 —
1831 3146 1848 3164 ¹¹
1867 3144 2019 3177 Corinth.
2043 3143 2069 3185 l,
2100 3154 2170 3186 cap.
2203 3153 2252 3185 ιιι,
2278 3154 2306 3177 v.
2335 3146 2385 3177 16.
2401 3160 2439 3166 -—-

296 3202 367 3233 cap.
385 3202 450 3232 in,
471 3203 500 3225 v.
523 3196 551 3227 1.
574 3211 611 3217 --
625 3196 635 3215 ⁴
649 3195 745 3236 Sap.,
758 3203 830 3235 cap.
845 3203 868 3234 1,
889 3204 919 3227 v.
939 3197 969 3228 5.
989 3213 1027 3219 —
1044 3198 1055 3217 ⁵
1072 3196 1173 3236 Ibid„
1191 3205 1222 3229 v.
1242 3200 1271 3230 7.
1296 3216 1333 3221 -
1408 3199 1427 3218 ¹²
1441 3199 1510 3230 Act.
1533 3199 1647 3239 Apost.
1660 3223 1668 3237 ‚
1687 3207 1761 3238 cap.
1780 3206 1816 3239 v,
1835 3207 1866 3229 v.
1890 3200 1921 3232 3.
1939 3215 1982 3223 ·-
1998 3199 2020 3219 ¹³
2035 3199 2103 3231 Act.
2122 3200 2251 3240 Apost.‚
2277 3207 2347 3238 cap.
2371 3205 2439 3235 xiii,

295 3247 307 3265 ⁶
323 3248 406 3288 Sap.
419 3271 427 3287 ,
446 3256 516 3287 cap.
535 3256 565 3278 ix
578 3272 586 3287 ‚
605 3256 634 3279 v,
654 3250 702 3280 17.
721 3249 779 3270 —⁷
794 3249 892 3289 Sap„
905 3258 977 3289 cap.
994 3258 1052 3289 χιι,
1064 3259 1092 3281 v.
1111 3255 1139 3284 1.
1155 3268 1193 3274 -
1206 3251 1309 3293 ⁸Sap.
1323 3274 1332 3292 ,
1407 3258 1436 3283 v.
1454 3253 1535 3284 2.-
1547 3252 1643 3283 ¹⁴Act.
1660 3252 1789 3292 Apost..
1808 3260 1877 3292 cap.
1891 3260 1946 3291 xv,
1958 3261 1988 3283 v.
1999 3253 2129 3285 28.-¹⁵
2139 3251 2270 3284 Psalm.
2284 3257 2438 3286 cxxxviii,

295 3308 368 3340 cap.
387 3309 445 3338 vn,
461 3310 490 3333 v.
510 3302 562 3334 23.
585 3318 621 3323 —
639 3302 651 3321 ⁹
667 3298 760 3342 Job.,
777 3310 849 3343 cap.
868 3310 990 3343 xxxin,
1008 3312 1035 3335 v.
1057 3305 1087 3337 4.
1110 3320 1150 3328 -
1168 3305 1187 3324 ¹·
1204 3303 1333 3344 Manli„
1408 3313 1439 3336 v.
1457 3306 1489 3337 7.
1510 3321 1547 3328 —
1569 3305 1590 3325 ¹⁸
1605 3304 1733 3345 Manli„
1747 3313 1819 3345 cap.
1838 3314 1900 3347 ιιι,
1917 3314 1946 3338 v.
1970 3307 2020 3338 32.
