2638 3866
969 253 1313 311 THEOLOGIA
1347 254 1710 306 CHRISTIANA.
2320 254 2414 302 377

267 356 433 419 verba,
455 355 632 422 quibus
651 353 870 403 videlicet
885 354 949 401 ait
969 352 1030 401 de
1045 356 1147 402 Deo
1168 364 1302 420 patre
1319 356 1452 421 quod
1474 355 1742 404 secundum
1760 354 1922 403 fecerit
1938 353 2213 415 dominum,
2232 353 2329 402 hoc
2346 365 2415 402 est

268 437 484 502 genuerit
519 436 689 497 fllium,
720 452 831 484 eum
862 433 1076 501 profecto
1108 437 1237 482 Deus
1261 436 1404 484 Filius
1427 453 1456 485 a
1477 440 1581 485 Deo
1611 439 1745 484 Patre
1776 453 1866 484 nec
1902 436 2052 485 sactus
2086 453 2175 484 nec
2207 445 2411 493 creatus,

267 517 354 566 sed
383 527 572 566 tantum
606 517 664 565 sit
699 516 914 582 genitus;
943 516 1060 563 sciat
1090 516 1231 563 etiam
1258 533 1284 563 a
1308 517 1556 565 catholicis
1580 527 1627 565 et
1658 517 1834 565 sanctis
1860 517 2142 565 doctoribus
2173 517 2323 565 multa
2354 517 2415 564 de

267 599 438 648 eadem
467 598 772 664 generatione
794 596 1006 645 similiter
1025 595 1224 645 abusive
1255 599 1459 663 prolata,
1488 615 1601 646 cum
1633 614 2005 663 nonnumquam
2032 602 2218 646 Patrem
2250 607 2414 646 aucto-

270 697 373 728 rem
411 672 531 741 Filii,
569 679 644 726 vel
673 695 785 726 eum
818 693 1110 744 procreasse,
1143 677 1219 726 vel
1253 679 1425 726 Filium
1455 696 1481 726 a
1520 683 1655 728 Patre
1684 679 1961 742 formatum,
1990 679 2063 727 vel
2096 680 2243 744 ipsius
2268 679 2416 727 Patris

268 777 370 809 esse
386 760 609 809 effectum
628 759 824 808 abusive
844 759 1183 824 pronuncient.
1204 779 1226 804 »
1250 760 1389 808 Unde
1404 761 1609 808 Hilarius
1625 759 1684 807 de
1704 762 1937 807 Trim'tate
1952 759 2036 807 lib.
2057 763 2136 806 111¹
2156 779 2166 807 :
2189 781 2208 805 «
2229 762 2415 809 Secun-

269 841 387 890 dum
411 841 694 908 Apostolum
710 843 724 866 ²
751 841 863 906 quia
890 861 912 884 «
933 840 982 887 in
1007 839 1196 888 Christo
1223 841 1456 890 inhabitat
1479 843 1637 890 omnis
1669 840 1922 907 plenitudo
1954 841 2213 889 divinitatis
2237 859 2413 908 corpo-

268 922 427 971 raliter
446 942 467 966 >³
496 922 577 970 sed
602 920 1166 988 incomprehensibiliter,
1194 922 1595 984 inenarrabiliter,
1625 934 1734 971 ante
1763 940 1908 970 omne
1938 932 2128 988 tempus
2157 932 2203 971 et
2227 924 2410 982 saecula,

269 1003 578 1069 Unigenitum
599 1020 655 1050 ex
678 1003 752 1051 his
771 1020 877 1068 quae
899 1002 1109 1066 ingenita
1130 1002 1179 1049 in
1205 1019 1255 1050 se
1275 1014 1410 1051 erant
1430 1004 1718 1070 procreavit.
1752 1020 1898 1052 omne
1923 1003 2057 1068 quod
2081 1006 2208 1050 Deus
2232 1013 2302 1051 est
2332 1022 2418 1070 per

268 1085 512 1133 caritatem
548 1094 693 1150 atque
727 1085 949 1132 virtutem
985 1084 1219 1132 nativitati
1243 1085 1344 1149 ejus
1378 1086 1693 1151 impertiens:
1730 1102 1785 1133 ac
1811 1086 1877 1133 sic
1901 1085 2143 1149 ingenito,
2176 1085 2414 1150 perfecto,

268 1175 544 1231 aeternoque
581 1166 708 1214 Patri
732 1166 1004 1229 unigenitus
1028 1175 1075 1212 et
1103 1165 1340 1231 perlectus
1369 1175 1417 1213 et
1438 1176 1643 1213 aeternus
1671 1176 1741 1214 est
1762 1166 1922 1213 Filius.
1961 1168 2027 1213 Ea
2059 1174 2219 1213 autem
2246 1183 2351 1231 quae
2375 1167 2416 1215 ei

268 1257 378 1296 sunt
396 1247 662 1295 secundum
685 1263 861 1312 corpus
878 1246 1013 1312 quod
1032 1246 1269 1308 assumsit,
1291 1245 1519 1294 bonitatis
1540 1247 1639 1311 ejus
1660 1247 1722 1294 ad
1741 1248 1941 1295 salutem
1963 1256 2178 1294 nostram
2199 1246 2420 1294 voluntas

268 1335 354 1376 est.
380 1346 403 1373 »
428 1328 562 1376 Idem
586 1329 633 1376 in
662 1331 720 1374 Xl
740 1329 785 1375 ³:
818 1327 1016 1375 «Verba
1049 1345 1154 1392 quae
1183 1327 1360 1392 loquor
1384 1327 1524 1375 vobis
1561 1345 1659 1375 non
1691 1345 1718 1376 a
1751 1345 1827 1375 me
1857 1329 2074 1393 loquor‘.
2098 1350 2120 1372 2»
2148 1331 2268 1375 Nam
2300 1328 2415 1376 dum

267 1425 367 1456 non
388 1425 417 1457 a
439 1426 490 1457 se
513 1410 745 1475 loquitur,
764 1410 947 1457 auctori
966 1426 1079 1457 eum
1102 1425 1294 1456 necesse
1317 1419 1386 1456 est
1403 1408 1580 1456 debere
1596 1409 1730 1474 quod
1750 1409 1980 1474 loquitur.
2006 1429 2026 1453 υ
2044 1410 2217 1456 Item⁵:
2244 1430 2265 1453 α
2284 1409 2353 1456 Ad
2372 1409 2418 1457 id

267 1489 401 1554 quod
426 1491 522 1554 agit
544 1490 812 1539 secundum
837 1491 1130 1538 nativitatem
1154 1490 1242 1537 sibi
1269 1500 1404 1555 pater
1427 1500 1595 1538 auctor
1629 1501 1715 1538 est.
1738 1511 1760 1536 υ
1790 1493 1966 1538 Rursus
1999 1490 2127 1537 idem
2150 1490 2275 1537 libro
2314 1493 2417 1550 Xll,

267 1570 328 1618 de
360 1588 461 1618 non
495 1581 610 1619 nato
639 1575 743 1620 Deo
776 1575 913 1619 Patre
939 1581 986 1619 et
1009 1581 1120 1619 nato
1152 1570 1213 1619 ab
1242 1587 1300 1618 eo
1337 1571 1455 1618 Filio
1488 1571 1692 1636 loquens
1717 1572 1804 1618 ait⁶
1831 1590 1842 1617 :
1887 1574 2092 1635 «Neque
2127 1572 2286 1636 ipsum
2319 1589 2419 1619 non

267 1661 434 1699 natum
460 1661 602 1717 atque
625 1653 772 1714 nasci,
800 1652 914 1718 quia
938 1651 1057 1699 illud
1080 1651 1141 1699 ab
1165 1653 1333 1714 altem,
1357 1652 1454 1700 hoc
1477 1669 1593 1700 vero
1614 1669 1641 1700 a
1662 1652 1856 1700 nemine
1884 1661 1969 1711 est,
1998 1661 2045 1699 et
2067 1651 2199 1699 aliud
2223 1661 2293 1699 est
2318 1652 2419 1699 sine

267 1743 465 1781 auctore
499 1750 602 1782 esse
634 1751 824 1800 semper
856 1744 1108 1794 aeternum,
1137 1732 1270 1781 aliud
1302 1733 1436 1799 quod
1473 1733 1616 1793 Patri,
1652 1733 1702 1781 id
1738 1743 1808 1781 est
1841 1734 2027 1782 auctori
2062 1743 2132 1780 est
2167 1742 2416 1780 aeternum.

268 1812 358 1860 Ubi
386 1814 514 1862 enim
544 1808 682 1862 Pater
706 1825 874 1862 auctor
897 1824 986 1875 est,
1012 1814 1078 1861 ibi
1101 1824 1146 1863 et
1174 1815 1397 1862 nativitas
1421 1825 1508 1862 est.
1537 1816 1595 1862 At
1615 1831 1731 1863 vero
1766 1814 1849 1862 ubi
1878 1824 2050 1862 auctor
2083 1824 2287 1862 aeternus
2320 1826 2418 1874 est,

265 1893 332 1942 ibi
357 1904 404 1942 et
427 1895 687 1943 nativitatis
706 1886 941 1944 aeternitas
963 1906 1052 1958 est,
1079 1897 1190 1960 quia
1210 1896 1332 1943 sicut
1353 1882 1572 1944 nativitas
1592 1896 1653 1944 ab
1678 1906 1873 1944 auctore
1894 1905 1980 1956 est,
2008 1896 2073 1943 ita
2095 1906 2141 1943 et
2159 1896 2221 1943 ab
2241 1906 2422 1943 aeterno

264 1985 461 2023 auctore
485 1986 660 2024 aeterna
684 1977 952 2024 nativitas.»
977 1980 1121 2024 ltem:
1151 1977 1334 2036 «Quod
1354 1994 1412 2025 ex
1433 1987 1610 2025 aeterno
1635 1987 1800 2025 natum
1820 1988 1907 2038 est,
1926 1976 1975 2025 id
2001 1977 2040 2024 si
2064 1994 2164 2025 non
2189 1988 2419 2025 aeternum

264 2066 459 2118 natum,
482 2057 582 2122 jam
609 2075 709 2105 non
735 2059 823 2106 erit
848 2068 896 2106 et
926 2061 1065 2106 Pater
1098 2069 1268 2107 auctor
1293 2069 1513 2107 aeternus.
1556 2059 1604 2106 Si
1640 2059 1757 2124 quid
1785 2060 1929 2124 igitur
1962 2059 2006 2106 ei
2037 2059 2118 2122 qui
2151 2058 2213 2105 ab
2241 2069 2420 2106 aeterno

265 2131 410 2186 Patre⁴
434 2149 576 2186 natus
607 2149 695 2200 est,
727 2156 782 2187 ex
812 2140 1073 2188 aeternitate
1097 2140 1319 2199 defuerit,
1345 2140 1557 2205 idipsum
1581 2140 1785 2199 auctori,
1813 2140 1896 2204 qui
1924 2142 2059 2186 Pater
2084 2147 2171 2198 est,
2213 2155 2312 2186 non
2350 2149 2420 2186 est

265 2219 548 2283 ambiguum
575 2220 781 2268 defuisse
809 2242 820 2268 ε
850 2221 963 2286 quia
987 2221 1122 2286 quod
1147 2222 1359 2285 gignenti
1393 2231 1462 2269 est
1488 2220 1749 2283 infinitum,
1778 2220 2020 2267 infinitum
2044 2229 2114 2267 est
2146 2220 2291 2268 etiam
2316 2237 2422 2268 nas-

265 2301 408 2348 centi.
429 2320 452 2345 »
476 2304 595 2348 Item
618 2318 628 2347 :
651 2320 674 2346 «
693 2293 765 2348 Ex*
778 2292 958 2350 aeterno
983 2302 1105 2349 nihil
1127 2302 1257 2349 aliud
1281 2320 1428 2367 quam
1449 2311 1699 2362 aeternum,
1723 2301 1857 2367 quod
1871 2302 1911 2349 si
1928 2318 2028 2348 non
2051 2311 2300 2360 aeternum,
2320 2300 2419 2365 jam

265 2398 354 2429 nec
377 2384 530 2443 Pater,
554 2382 638 2446 qui
657 2383 979 2447 generationis
1001 2394 1069 2431 est
1091 2393 1276 2442 auctor,
1297 2394 1520 2431 aeternus.
1546 2403 1567 2428 »
1590 2387 1706 2431 {tem
1726 2402 1736 2430 ε
1764 2403 1787 2429 «
1811 2386 1874 2430 Ex
1896 2392 1941 2430 te
1964 2391 2104 2430 natus
2128 2382 2415 2443 ostenditur,

267 2473 315 2510 ut
337 2462 458 2509 nihil
480 2462 608 2511 aliud
630 2479 778 2527 quam
801 2474 848 2511 te
872 2462 960 2511 sibi
980 2463 1214 2529 significet
1235 2474 1501 2512 auctorem.
1522 2485 1544 2508 »
1565 2464 1699 2512 Idem
1723 2465 1771 2511 in
1797 2464 1984 2511 Psalmo
2005 2480 2211 2511 cxxxvm
2226 2465 2239 2487 ⁷
2266 2481 2275 2509 :
2309 2482 2331 2508 «
2352 2466 2417 2509 Tu

264 2543 479 2591 formasti
503 2560 581 2591 me
607 2553 655 2591 et
679 2544 879 2610 posuisti
905 2562 1051 2611 super
1077 2563 1153 2594 me
1175 2563 1376 2594 manum
1398 2556 1532 2594 tuam
1545 2548 1576 2608 ⁸,
1596 2565 1617 2590 »
1647 2556 1906 2610 utrumque
1931 2544 2182 2608 significat,
2210 2554 2262 2591 ut
2285 2543 2418 2608 quod

264 2625 486 2672 formavit
513 2625 766 2690 antiquum
802 2626 879 2687 sit,
907 2626 1041 2691 quod
1072 2628 1379 2693 superposuit
1403 2643 1619 2684 manum,
1656 2626 1972 2673 novissimum
2006 2626 2080 2671 sit.
2110 2624 2254 2682 Quod
2288 2624 2416 2670 enim

262 2705 529 2753 secundum
553 2715 776 2753 naturam
800 2706 1061 2755 divinitatis
1086 2707 1319 2755 formatus
1342 2708 1417 2764 sit,
1448 2707 1703 2772 Apostolus
1721 2706 1866 2754 ,docet
1891 2706 2078 2753 dicens⁹
2101 2724 2112 2751 :
2147 2705 2281 2762 «Qui
2304 2721 2415 2751 cum

263 2786 311 2833 in
327 2786 481 2833 forma
493 2786 584 2833 Dei
601 2796 773 2846 esset,»
792 2787 927 2852 quod
940 2788 1070 2835 enim
1089 2789 1136 2834 in
1157 2788 1309 2835 forma
1331 2797 1417 2844 est,
1434 2787 1672 2834 formatur
1689 2787 1737 2833 in
1756 2786 1928 2846 forma,
1953 2795 2000 2832 et
2019 2786 2062 2832 ei
2081 2788 2215 2833 Pater
2234 2795 2416 2833 naturae

263 2876 311 2915 et
340 2866 602 2914 divinitatis
626 2876 720 2928 est,
755 2876 808 2914 ut
838 2868 1003 2915 referri
1032 2869 1184 2933 possit
1207 2868 1267 2915 ad
1294 2871 1503 2929 Patrem,
1531 2879 1577 2915 et
1609 2867 1842 2915 sormatus
1877 2866 1936 2914 ab
1963 2866 2069 2932 ipso
2101 2867 2175 2913 sit.
2202 2887 2224 2910 »
2252 2869 2411 2930 Augu·

263 2951 416 2999 stinus
444 2937 770 3012 Quaestionum
803 2953 968 2998 veteris
1001 2962 1048 2998 et
1081 2939 1208 3019 (201)ae
1240 2951 1356 3017 lege&
1377 2968 1485 3018 cap.
1520 2953 1685 2998 Lvn¹⁰z
1717 2953 1887 2998 «Deus
1915 2960 2052 3016 pater
2084 2950 2144 2997 de
2175 2967 2225 2998 se
2261 2950 2413 2998 filium

265 3020 524 3097 generavit,
554 3032 603 3080 in
626 3049 725 3098 quo
749 3033 850 3098 ipse
872 3031 1080 3093 videtur,
1108 3032 1191 3097 qui
1214 3031 1334 3079 nihil
1355 3031 1417 3079 ab
1441 3049 1500 3080 eo
1524 3031 1737 3092 distaret,
1767 3042 1819 3079 ut
1842 3031 2162 3095 magnitudini
2183 3049 2278 3079 suae
2300 3049 2416 3079 con-

264 3130 412 3177 gruus
439 3113 754 3179 responderet
789 3113 1002 3161 effectus.
1028 3134 1050 3157 »
1091 3116 1247 3161 Item:
1282 3113 1630 3161 «Simillimum
1665 3113 1826 3179 itaque
1862 3130 2002 3161 suum
2037 3113 2206 3161 Filium
2247 3129 2413 3161 creans

306 3269 313 3288 ¹
330 3267 397 3300 nu.
420 3269 460 3301 de
484 3268 624 3308 Trinit„
640 3269 697 3302 lib.
715 3267 774 3310 111,
790 3277 865 3310 cap.
881 3276 929 3301 111.
941 3284 982 3291 —
994 3269 1006 3288 ²
1024 3267 1163 3310 Coloss.‚
1174 3277 1246 3310 cap.
1264 3277 1300 3307 u,
1374 3269 1387 3290 ⁶
1403 3268 1475 3304 Lib.
1494 3268 1572 3310 ΧΠ,
1594 3278 1668 3311 cap.
1684 3270 1736 3303 21.
1756 3287 1795 3293 —
1812 3270 1822 3290 ⁷
1838 3268 1939 3302 Hilar.
1956 3268 1993 3301 in
2009 3267 2139 3301 Psalm.
2157 3275 2313 3306 cxxxviii,
2331 3275 2360 3297 v.
2379 3267 2409 3299 5.

264 3331 295 3354 v.
312 3323 346 3356 9.
367 3341 407 3347 -
422 3324 434 3344 ³
450 3322 549 3356 Hilar.
575 3324 615 3357 de
643 3323 781 3364 Trinit„
798 3324 857 3356 lib.
873 3322 923 3364 11,
939 3332 1013 3365 cap.
1030 3332 1089 3356 xu.
1105 3341 1147 3348 —
1164 3324 1175 3345 ⁴
1191 3323 1300 3364 Joan..
1375 3340 1414 3349 -
1431 3326 1443 3345 ⁸
1461 3323 1590 3357 Psalm.
1619 3325 1777 3362 cxxxviii,
1800 3332 1834 3356 v.
1850 3324 1882 3357 5.
1899 3340 1938 3347 —
1954 3324 1967 3344 ⁹
1982 3322 2089 3363 Phil„
2114 3330 2187 3363 cap.
2214 3330 2247 3357 n,
2274 3329 2302 3352 v.
2326 3321 2358 3352 6.
2371 3335 2408 3343 —

265 3384 339 3418 cap.
354 3386 422 3417 x1v,
438 3386 468 3410 v.
497 3379 547 3412 10.
566 3395 607 3403 -
621 3379 633 3400 ⁵
647 3377 747 3412 Hilar.
768 3378 807 3412 de
825 3378 965 3420 Trinit„
979 3379 1036 3412 lib.
1048 3377 1088 3420 11,
1107 3387 1177 3421 cap.
1190 3379 1243 3414 21.
1263 3396 1299 3404 -
1375 3382 1397 3403 ¹⁰
1414 3379 1535 3420 Quaest.
1554 3387 1593 3412 ex
1609 3387 1684 3411 nov.
1706 3378 1870 3419 Testam.‚
1887 3378 1940 3411 48.
1956 3376 2041 3418 opp.
2055 3401 2062 3418 ,
2074 3381 2099 3408 t.
2115 3374 2170 3415 ΙΙΙ,
2188 3384 2265 3416 app.
2280 3373 2340 3406 col.
2358 3373 2408 3405 61.

423 3449 459 3478 11
2199 3436 2249 3473 118
