2638 3866
804 208 1201 258 INTRODUCTto
1237 210 1319 258 AD
1352 209 1763 258 THEOLOG1AM.
2283 214 2344 259 23

210 318 349 370 esset,
371 310 552 359 amavit
571 309 714 374 illud,
733 325 792 358 eo
816 310 922 375 ipso
944 308 1079 374 quod
1098 308 1285 358 bonum
1307 324 1425 358 erat.
1450 312 1518 358 Ex
1540 326 1638 375 quo
1661 319 1709 358 et
1731 311 1832 376 ipse
1855 310 2017 358 bonus
2039 322 2140 357 esse
2161 309 2347 376 liquido

212 398 519 439 monstratur.
532 388 661 449 Quid
674 389 820 439 etiam
828 389 1038 456 apertius
1051 388 1111 436 ad
1129 388 1475 438 documentum
1488 389 1730 438 Trinitatis
1749 406 1851 438 esse
1871 399 2050 456 potest,
2063 406 2212 455 quam
2230 390 2349 438 illud

209 468 345 532 quod
357 478 525 535 postea
541 470 590 518 in
603 470 846 520 creatione
858 468 1071 517 hominis
1083 468 1403 535 subjungitur,
1420 469 1610 518 dicente
1624 470 1833 517 Domino
1845 473 1856 495 ¹
1874 489 1883 518 :
1897 492 1920 516 α
1934 470 2179 518 Faciamus
2189 469 2348 518 homi-

211 563 344 609 nem,
354 558 481 598 etc.»
528 547 664 609 Quid
688 549 818 599 enim
840 548 1089 615 pluraliter
1112 549 1295 598 dictum
1324 560 1395 598 est
1412 551 1695 611 Faciamus,
1722 550 1812 597 nisi
1834 558 1887 597 ut
1902 550 2181 616 cooperatio
2204 551 2350 598 totius

208 628 446 681 Trinitatis
477 628 800 695 exprimatur?
827 629 1020 695 Quippe
1044 646 1168 694 quos
1203 630 1537 679 cohortaretur
1559 632 1691 679 Deus
1709 629 1771 678 ad
1792 630 2055 678 creandum
2078 630 2344 689 hominem,

208 717 290 756 aut
312 708 378 758 ad·
408 725 459 757 se
479 709 529 758 in
557 709 718 775 aliquo
735 708 1006 774 juvandum
1023 744 1038 770 ‚
1057 726 1171 759 cum
1196 711 1302 776 ipse
1330 710 1462 759 solus
1479 720 1734 759 creaturus·
1757 709 1846 758 sit?
1870 711 2116 776 Scriptum
2142 724 2351 776 namque

208 787 304 834 est²
327 806 337 835 ε
369 808 392 834 α
418 789 537 848 Quis
556 788 740 855 adjuvit
760 789 991 856 Spiritum
1011 790 1239 838 Domini?
1262 800 1345 838 aut
1367 791 1478 856 quis
1504 789 1803 838 consiliarius
1826 790 1927 854 ejus
1959 790 2082 838 fuit?
2106 793 2228 839 Cum
2254 807 2351 855 quo

209 866 314 917 iniit
336 869 614 930 consilium,
637 881 737 920 etc.
760 891 783 919 n
813 873 937 919 Bene
959 879 1125 920 autem¹
1144 870 1210 919 ad
1229 871 1504 937 imaginem,
1528 880 1576 919 et
1595 870 1958 919 similitudinem·
1977 870 2238 934 Trinitatis,
2257 871 2353 919 hoe

209 957 282 995 est
302 948 364 998 ad
387 965 663 1016 expressam
681 950 1043 1001 similitudinem
1061 950 1322 1016 quamdam
1341 951 1486 999 trium
1507 966 1848 1016 personarum,
1861 950 2015 998 homo
2035 949 2136 998 lieri
2158 951 2348 1011 dicitur,

209 1028 294 1092 qui
316 1038 370 1078 et.
388 1033 583 1080 Patrem
603 1047 695 1097 per
711 1039 1017 1097 potestatem,
1043 1047 1190 1096 quam
1221 1031 1269 1079 in
1304 1041 1486 1079 ceteras
1520 1041 1761 1079 creaturas
1797 1031 2008 1095 accepit,
2034 1031 2244 1078 imitatur
2271 1049 2280 1077 :
2308 1041 2354 1079 et

210 1108 380 1158 Filium
399 1127 486 1175 per
497 1112 754 1174 rationem,
774 1121 823 1160 et
837 1111 1068 1177 Spiritum
1085 1128 1174 1177 per
1188 1111 1477 1160 innocentiae
1499 1111 1863 1176 benignitatem,
1881 1127 2027 1176 quam
2041 1111 2352 1176 postmodum

208 1205 295 1253 per
316 1190 512 1256 culpam
531 1192 704 1241 amisit.
735 1192 810 1241 Ad.
838 1192 968 1253 hanc
999 1208 1197 1258 quoque
1232 1191 1554 1258 pluralitatem
1585 1191 1860 1240 diviwum
1898 1208 2212 1258 personarum
2238 1192 2352 1239 illud

208 1270 408 1319 attinere
430 1271 638 1335 videtur,
667 1272 801 1338 quod
824 1273 879 1321 in
907 1273 1219 1338 sequentibus
1242 1288 1329 1338 per
1351 1282 1631 1338 serpentem¹
1649 1273 1835 1320 dictum
1860 1274 1954 1320 est³
1973 1290 1982 1318 :
2017 1291 2039 1317 «
2074 1272 2212 1320 Eritis
2235 1272 2361 1320 sicut

208 1348 297 1410 dii,
312 1370 335 1394 »
353 1352 513 1415 qnod,
526 1363 579 1401 ut
600 1353 825 1419 superius
842 1353 1030 1402 dictum
1045 1363 1135 1413 est,
1152 1354 1201 1401 in
1221 1352 1461 1401 Hebraico
1484 1362 1624 1401 sonat
1649 1352 1869 1415 Heloym,
1894 1352 1945 1400 id
1967 1359 2039 1399 est
2060 1352 2230 1400 divinae
2252 1369 2355 1418 per·

207 1421 522 1496 sonae'potius
543 1449 691 1496 quam
710 1434 794 1482 Dii
810 1434 1010 1494 diversi,
1021 1450 1111 1482 nec
1130 1450 1231 1482 non
1245 1442 1294 1480 et
1315 1432 1394 1480 illa
1417 1433 1661 1480 dominica
1683 1433 1948 1498 increpatio
1961 1433 1974 1456 ⁸
1993 1450 2002 1477 ε
2025 1451 2047 1474 «
2069 1434 2188 1480 Ecce
2201 1432 2352 1482 Adam

208 1511 347 1573 quasi
367 1528 497 1560 unm
516 1529 574 1561 ex
596 1513 745 1562 nobis·
763 1513 913 1563 factm
933 1523 1026 1575 est,
1045 1534 1069 1558 x
1083 1523 1131 1562 et
1148 1530 1312 1562 rursus
1333 1512 1471 1561 istudv
1484 1513 1619 1578 quod
1642 1514 1882 1560 Dominus
1901 1513 2019 1561 ait⁶z
2041 1531 2065 1556 «
2083 1513 2356 1561 Descenda-

210 1606 322 1639 mus>
337 1601 385 1639 et
405 1593 762 1642 confundamus
795 1594 1014 1658 linguam.
1044 1611 1238 1657 eorum,
1255 1615 1283 1639 n·
1296 1611 1408 1642 cum
1430 1593 1530 1642 hoc
1549 1594 1679 1642 solus
1710 1597 1846 1642 Deus.
1864 1592 2193 1657 compleverit.
2216 1593 2355 1641 Unde

209 1680 255 1718 et
278 1671 502 1721 subditur
525 1691 540 1720 τ
562 1693 585 1719 (ι
606 1677 758 1738 Atque
782 1675 850 1722 ita
871 1674 1033 1722 divisit
1055 1691 1154 1722 eos.
1177 1693 1210 1719 »4

261 1752 414 1811 ἶ,Νιιιιιι
435 1762 599 1801 autem
619 1763 731 1819 post
751 1754 931 1818 legemr,
956 1753 1019 1802 ad
1044 1754 1314 1820 Prophetas
1334 1764 1649 1803 transeamus.
1688 1755 1765 1802 Ait-
1794 1755 1956 1819 itaque
1979 1755 2214 1801 maximus
2246 1757 2358 1801 Pro-

209 1829 464 1895 phetarum
493 1842 542 1881 et
566 1835 755 1898 Regum
776 1834 957 1892 David,
995 1835 1080 1899 qui
1116 1851 1260 1882 suam.
1284 1835 1456 1883 ceteris
1484 1835 1845 1899 intelligentiam
1883 1834 2138 1899 praeserens
2171 1834 2317 1882 dicit⁶
2341 1854 2350 1880 ε

213 1929 237 1953 κ
265 1911 420 1976 Super
441 1928 611 1961 omues
633 1913 862 1962 docentes
885 1931 963 1962 me
985 1913 1214 1963 intellexi.
1248 1935 1279 1959 ι
1300 1918 1376 1962 Et⁷
1400 1933 1413 1963 z
1443 1935 1466 1958 «z
1493 1916 1648 1980 Super
1680 1931 1816 1963 senes
1854 1913 2076 1962 intellexi.
2114 1934 2136 1957 n
2176 1915 2250 1962 Ait
2282 1915 2354 1961 in-

208 2006 354 2054 quam
378 1991 738 2042 distinctionem
757 1993 996 2042 Trinitatis
1020 2003 1237 2059 patenter
1258 1996 1532 2043 insinuans⁸
1558 2013 1579 2042 :⁷
1602 2015 1625 2040 «
1652 1994 1814 2042 Verbo
1836 1993 2039 2041 Domini.
2054 1993 2161 2041 coeli
2184 1993 2355 2041 firmati

209 2079 347 2128 sunt,
369 2081 419 2120 et
440 2072 627 2138 spirim
643 2073 745 2122 oris
765 2073 867 2138 ejus
886 2074 1045 2122 omnis
1066 2075 1217 2122 virtus
1240 2091 1463 2123 eorum.»
1480 2075 1576 2133 Qui
1591 2085 1646 2123 et
1661 2074 1778 2123 alibi
1796 2075 2028 2122 unitatem
2052 2074 2228 2139 pariter
2246 2090 2356 2121 cum

209 2149 417 2199 trinitate
448 2153 659 2202 insinuat
687 2153 873 2201 dicens⁹
899 2172 914 2200 :-
942 2173 965 2197 ct
993 2154 1250 2202 Benedicat
1284 2171 1374 2202 nos
1408 2158 1563 2216 Deus,
1606 2158 1737 2202 Deus
1764 2164 1954 2215 noster;
1985 2154 2240 2202 benedicat
2269 2170 2369 2200 nos⁵

209 2230 338 2277 Deus
351 2265 374 2290 ,,
393 2240 442 2278 et-
461 2243 681 2281 metuant
701 2250 815 2281 eum
841 2250 1014 2282 omnes
1030 2233 1321 2282 finesterrae.
1354 2254 1377 2279 »
1405 2235 1554 2282 Trina
1572 2235 1752 2300 quippe
1774 2235 2011 2282 confessio
2020 2235 2143 2292 Dei,
2157 2234 2364 2280 Trinita«

210 2317 306 2356 tem
326 2313 549 2375 exprimit
569 2328 889 2379 personarum
904 2347 922 2374 ,-
942 2314 1091 2363 Patris
1114 2314 1290 2362 scilicet
1307 2350 1319 2374 ,
1347 2324 1395 2362 et
1420 2315 1553 2375 Filii,
1577 2324 1623 2362 et
1644 2315 1857 2380 Spiritus
1871 2315 2040 2363 sancti.
2059 2318 2187 2362 Bene
2199 2323 2356 2361 autem

208 2386 368 2437 filium
384 2392 472 2438 Dei
492 2392 749 2456 designans
770 2392 983 2452 addidit,
1016 2413 1038 2437 α
1066 2403 1252 2454 noster,
1289 2415 1313 2438 »
1350 2396 1486 2459 quasi
1507 2412 1620 2442 eum
1642 2395 1929 2461 participem
1949 2404 2124 2442 nostrae
2147 2402 2353 2452 naturae,

209 2477 257 2515 et
287 2484 315 2516 a
340 2472 477 2518 Ratre
509 2471 654 2520 nobis
684 2489 786 2521 esse
821 2472 990 2521 datum
1019 2474 1304 2536 ostendens,
1341 2491 1454 2523 cum
1484 2492 1571 2540 per
1606 2475 1996 2523 incarnat-ionem
2025 2473 2161 2521 verbi
2195 2471 2357 2520 divina

208 2563 298 2595 nos
316 2549 550 2615 sapientia
568 2551 877 2603 illuminavit,
898 2555 970 2601 De
991 2568 1091 2618 quo
1105 2555 1249 2602 etiam
1267 2555 1424 2603 Verbo
1448 2555 1792 2620 Apostolusvait
1804 2557 1853 2602 ¹⁰:
1875 2574 1898 2600 α
1928 2553 2129 2619 Proprio
2148 2551 2246 2599 filio
2269 2568 2358 2599 suo

209 2643 308 2697 non
333 2631 683 2695 pepercit„sed
707 2649 802 2697 pro
830 2631 976 2682 nobis
1009 2634 1237 2683 omnibus
1261 2635 1460 2685 tradidit
1494 2635 1646 2682 illum.
1682 2654 1715 2680 »-
1749 2636 1992 2682 Unitatem
2034 2649 2147 2679 vero
2185 2631 2356 2679 divinae

207 2706 481 2757 substantiae
506 2711 762 2760 Psalmista
780 2711 829 2762 in
850 2713 1027 2761 eodem
1049 2715 1228 2780 aperit,
1251 2731 1361 2762 cum
1382 2724 1495 2779 post
1519 2723 1702 2762 ternam
1727 2714 1882 2761 divini,
1903 2709 2355 2778 nominisaprotaiio-

208 2802 354 2845 nem,
375 2805 531 2837 unum
552 2791 905 2840 tantummodo.
934 2795 1099 2841 Deum
1119 2794 1168 2840 in
1210 2793 1362 2841 tribus
1386 2793 1606 2858 personis
1647 2791 1942 2856 intel-ligem,
1983 2808 2085 2839 non
2109 2789 2363 2852 conjunxiv

207 2881 293 2913 eos
312 2866 557 2932 pluraliter
572 2905 584 2928 ,
611 2869 698 2918 sed
719 2871 1038 2935 singulariter.
1060 2873 1183 2920 Hinc
1207 2882 1254 2920 et
1274 2871 1404 2921 illud.
1417 2880 1659 2919 consonat
1675 2873 1802 2920 lsa'iae
1825 2870 1958 2936 quod
1977 2870 2092 2918 dicit
2113 2886 2164 2918 se
2187 2868 2357 2916 vidisse

208 2946 470 3011 Seraphim.
482 2957 530 2996 et
551 2948 752 3000 audisse.
774 2950 1030 3000 clamantia
1042 2944 1068 2977 ’¹'
1081 2970 1101 2998 z.
1126 2972 1152 2996 «·
1175 2953 1410 3012 Sanctus,
1440 2953 1644 3000 Sanctus
1655 2988 1678 3011 ‚‚
1706 2952 1934 3011 Sanctus,
1961 2949 2198 2998 Dominus
2230 2951 2356 2995 Deus

253 3177 378 3220 ¹1hid„
400 3187 433 3212 v.
457 3181 509 3214 26.
530 3197 572 3205 —
587 3181 709 3222 ¹1sat.,
727 3191 799 3224 cap.
825 3192 880 3222 xi„
903 3193 934 3216 v.
964 3185 1015 3218 13.
1028 3199 1070 3209 -
1086 3186 1097 3205 ³
1116 3185 1244 3224 Genea,
1318 3187 1331 3206 ⁸
1345 3184 1463 3219 Psalm.
1487 3191 1596 3225 xxxix,
1620 3193 1653 3217 ν.
1674 3184 1706 3216 64
1726 3199 1764 3207 -
1781 3185 1794 3204 ⁹
1810 3181 1937 3215 Palm-⁴
1954 3189 2042 3221 uvt,
2060 3190 2098 3214 v.-
2117 3182 2148 3213 7.
2162 3177 2351 3216 -'⁰R⁰m·›

207 3239 279 3272 cap.
296 3240 345 3273 ut,
361 3242 392 3266 v·
410 3236 440 3267 5.
461 3252 499 3258 —
516 3236 526 3255 ⁴
542 3236 648 3275 Ibat..
665 3246 694 3270 v.
712 3240 764 3271 22.
787 3256 826 3263 —
844 3240 855 3258 ⁵
871 3238 999 3277 Genea,
1022 3249 1104 3281 cap„
1119 3249 1164 3277 xi.
1179 3250 1209 3274 v.
1228 3243 1244 3273 ‘1
1321 3248 1400 3280 cap„
1415 3247 1484 3279 vm,
1504 3247 1536 3278 v,
1550 3240 1655 3271 32-
1668 3237 1792 3276 ''staff-s
1809 3245 1882 3276 011)-
1901 3243 1947 3274 Vb
1964 3243 1993 3266 V·
2011 3236 2041 3268 ³·

208 3290 240 3317 et
269 3287 299 3320 8.
320 3305 357 3311 -
379 3289 392 3308 ⁸
407 3287 524 3322 Psalm.
557 3298 670 3331 cxvm,
702 3301 729 3323 v.
757 3293 809 3326 99.
831 3308 868 3315 —
887 3293 896 3313 ⁷
913 3292 1016 3331 Ibid..
1047 3301 1076 3324 v.
1112 3294 1180 3326 ¹00.
1210 3310 1247 3316 -
1403 3293 1413 3308 ¹
1938 3302 1944 3307 ·
