2638 3866
305 183 367 229 50
1115 175 1280 223 PETRI
1312 172 1626 222 ABAELARDI

302 280 387 328 tati
417 279 518 343 ejus
541 287 857 339 attestaretur,
893 286 1103 324 mentem
1135 274 1417 323 nominavit.
1439 294 1463 318 »
1491 276 1633 321 Item¹
1660 291 1672 320 :
1697 276 1796 321 «Ut
1827 274 1952 323 illius
1983 276 2243 326 mundanae
2266 279 2436 328 animae

301 369 528 409 assereret
551 359 849 429 dignitatern,
873 368 1085 405 mentem
1105 373 1205 404 esse
1227 364 1419 403 testatus
1444 364 1531 402 est.
1547 375 1570 399 >2
1595 356 1661 402 Ac
1684 354 1724 402 si
1745 365 1908 420 aperte
1929 355 2103 404 doceat
2123 357 2189 405 ob
2207 357 2307 407 hoc
2328 377 2436 409 eam

302 451 510 490 mentem
533 440 719 498 vocari,
745 449 799 486 ut
823 439 1065 485 sinceritas
1096 447 1275 484 naturae
1299 435 1555 500 spiritualis
1580 444 1628 483 et
1649 435 1854 500 dignitas
1880 436 1931 483 in
1965 454 2022 485 ea
2054 437 2432 488 demonstretur.

300 523 377 569 Sic
395 522 522 568 enim
545 531 591 567 et
612 537 722 567 cum
747 520 1012 566 Dominum
1035 521 1196 565 Jesum
1224 525 1435 563 mentem
1459 516 1727 563 humanam
1754 515 1977 565 habuisse
2000 516 2235 579 dicimus,
2259 521 2434 568 mentis

298 600 535 648 vocabulo
566 601 720 664 ipsam
747 599 847 663 ejus
878 600 1088 646 animam
1113 597 1433 644 nominamus,
1471 599 1583 644 Haec
1615 606 1777 644 autem
1799 607 1911 644 sunt
1943 596 2023 646 illa
2049 616 2156 663 quae
2178 600 2437 665 proposui-

297 697 402 727 mus
423 679 653 727 Macrobii
675 679 822 727 verba
841 697 851 726 :
877 699 900 724 «
918 679 1083 725 Anima
1105 694 1235 741 ergo,
1257 676 1432 740 inquit,
1461 693 1629 725 creans
1651 676 1742 724 sibi
1760 686 1809 724 et
1826 678 2045 726 condens
2060 696 2283 746 corpora.
2303 683 2426 728 Nam

297 760 408 808 ideo
443 760 504 808 ab
533 761 692 808 anima
716 770 887 807 natura
909 760 1096 824 incipit,
1133 774 1280 822 quam
1302 758 1537 822 sapientes
1572 757 1633 805 de
1656 760 1760 805 Deo
1791 768 1839 806 et
1867 769 2030 808 mente
2062 764 2249 823 Noym⁸
2273 748 2434 809 nomiss

297 850 440 900 nant,
479 857 537 887 ex
562 840 643 887 illo
675 840 927 904 purissimo
958 840 1112 899 fonte,
1142 854 1286 901 quem
1309 837 1560 885 nascendo
1584 837 1645 885 de
1677 838 1875 902 originis
1897 856 1993 887 suae
2022 840 2249 889 hauserat
2269 841 2430 906 copia,

296 937 499 986 cor-pora
531 920 637 968 coeli
665 930 712 967 et
742 921 951 967 siderum
979 936 1084 983 quae
1107 918 1343 979 condidit,
1379 918 1535 984 prima
1566 919 1813 966 animavit.
1830 940 1852 963 »
1883 923 1942 967 Et
1962 930 2073 986 post
2102 921 2291 986 aliqua,
2320 937 2434 969 cum

293 1001 394 1065 ipse
417 1001 565 1066 ipsius
586 1001 753 1047 animae
773 1001 894 1047 vires
915 999 1242 1063 distingueret,
1269 989 1389 1063 quas
1415 999 1463 1045 in
1487 998 1773 1064 corporibus
1796 1010 2002 1061 exercet,
2023 1001 2295 1050 secundum
2314 1016 2436 1065 quas

295 1081 513 1128 omnium
535 1081 854 1127 animatorum
887 1079 1107 1127 ordinata
1135 1089 1205 1126 est
1234 1089 1432 1142 natura,
1470 1089 1522 1126 ut
1544 1078 1637 1127 alia
1663 1079 1842 1128 scilicet
1870 1081 1973 1128 aliis
2008 1082 2227 1147 praesin't,
2261 1079 2435 1144 adJecit

294 1160 489 1218 dicens:
515 1164 694 1208 «Hunc
719 1160 937 1207 ordinem
961 1177 1122 1207 rerum
1156 1169 1203 1208 et
1223 1156 1445 1224 Virgilius
1480 1160 1741 1225 expressit,
1769 1176 1884 1208 nam
1921 1171 1968 1208 et
1999 1162 2186 1209 mundo
2222 1161 2434 1210 animam

293 1241 440 1302 dedit,
473 1251 520 1288 et
541 1252 593 1288 ut
621 1241 813 1306 puritati
837 1240 935 1303 ejus
957 1250 1271 1301 attestaretur,
1299 1251 1511 1288 mentem
1532 1242 1738 1288 vocavit.
1764 1241 1950 1289 Coelum
1977 1243 2136 1302 enim,
2164 1243 2254 1304 ait,
2283 1251 2433 1289 terras

292 1332 339 1369 et
368 1322 516 1369 maria
541 1330 589 1368 et
610 1321 764 1368 sidera
789 1321 987 1386 Spiritus
1011 1322 1138 1369 intus
1160 1322 1259 1382 alit,
1285 1321 1336 1368 id
1361 1331 1429 1369 est
1452 1321 1613 1369 anima
1646 1340 1656 1368 ε
1680 1331 1728 1385 et
1751 1331 1802 1369 ut
1822 1322 1945 1370 illius
1975 1322 2237 1371 mundanae
2261 1321 2432 1370 auimae

290 1411 516 1449 assereret
534 1402 829 1464 dignitatem,
856 1412 1066 1450 mentem
1089 1419 1190 1450 esse
1215 1396 1505 1451 testatus&
1527 1419 1537 1448 :
1571 1403 1745 1451 «Mens
1764 1403 1909 1467 agitat
1928 1403 2109 1451 molem
2127 1405 2158 1451 ³.
2181 1422 2205 1448 »
2230 1405 2431 1450 Necnon

289 1491 342 1528 ut
363 1482 462 1546 ipse
486 1481 758 1530 ostenderet
775 1499 861 1547 per
881 1484 1036 1548 ipsam
1060 1484 1272 1531 animam
1292 1491 1512 1531 constare
1535 1491 1583 1529 et
1602 1482 1826 1531 animalia
1847 1484 2069 1532 universa
2101 1500 2209 1549 quae
2230 1482 2400 1530 vivunt
2413 1518 2427 1538 ,

291 1561 476 1609 addidit
501 1579 512 1608 :

770 1663 882 1705 Hinc
902 1663 1128 1706 hominum
1147 1663 1447 1722 pecudumque
1469 1679 1623 1722 genus,
1645 1674 1729 1707 etc.

290 1819 446 1880 thue
474 1827 760 1865 asseveraret
787 1817 1012 1873 eumdem
1043 1835 1143 1865 esse
1175 1818 1226 1864 in
1252 1818 1413 1864 anima
1444 1835 1634 1885 semper
1655 1818 1895 1882 vigorem,
1927 1816 2012 1865 sed
2043 1833 2185 1866 usum
2210 1816 2313 1881 ejus
2339 1815 2429 1864 he-

287 1895 479 1945 bescere
501 1898 550 1946 in
574 1898 824 1947 animabus
843 1900 1058 1965 corporis
1081 1899 1344 1960 densitate,
1371 1898 1545 1963 adjecit
1574 1917 1585 1947 t

769 2086 839 2099 ....
857 2055 1078 2110 Quantum
1100 2072 1189 2098 non
1213 2057 1345 2098 noxia
1364 2071 1542 2115 corpora
1567 2055 1762 2099 tardant.
1787 2078 1807 2097 a>

288 2205 396 2248 Haec
418 2202 614 2266 quidem
642 2204 804 2250 omnia
826 2213 925 2251 tam
951 2204 1130 2268 Virgilii
1155 2221 1301 2268 quam
1331 2203 1564 2252 Macrobii
1591 2204 1765 2265 verba,
1792 2203 1927 2251 facile
1954 2212 2026 2251 est
2044 2203 2180 2267 juxta
2209 2203 2430 2268 proposi-

288 2291 390 2329 tum
411 2293 630 2330 nostrum
649 2284 710 2331 ad
733 2295 905 2332 nostrae
928 2284 1040 2332 fidei
1064 2295 1285 2333 tenorem
1307 2285 1694 2347 accommodare,
1717 2302 1808 2333 nec
1826 2285 1962 2332 aliter
1983 2301 2040 2332 ea
2061 2283 2259 2349 exponi.
2280 2283 2428 2342 Quod
2452 2306 2454 2308 ·

285 2362 445 2426 itaque
470 2364 535 2410 ait
558 2381 697 2411 usum
721 2365 890 2412 animae
915 2365 1173 2413 hebescere
1198 2366 1247 2412 in
1271 2366 1557 2414 animalibus
1578 2366 1795 2431 corporis
1822 2365 2078 2426 densitate,
2112 2364 2203 2412 tale
2229 2373 2301 2411 est
2321 2364 2430 2429 Spi-

287 2441 406 2490 ritus,
421 2445 571 2514 sancti
589 2446 785 2508 gratiam
807 2464 1005 2494 suorum
1025 2433 1375 2494 beneficiorum
1397 2446 1662 2493 efficaciam
1685 2445 1844 2491 minus
1862 2443 2041 2491 habere
2062 2444 2113 2490 in
2134 2442 2423 2504 carnalibus,

288 2523 466 2571 scilicet
501 2525 671 2574 deditis
696 2527 1041 2592 voluptatibus,
1067 2538 1119 2574 ut
1148 2528 1300 2592 ipsam
1325 2526 1610 2575 densitatem
1632 2525 1849 2590 corporis
1872 2525 2139 2573 carnalium
2171 2524 2427 2572 illecebra-

288 2619 395 2650 rum
424 2607 805 2669 magnitudinem
836 2608 1171 2671 intelligamus.
1201 2608 1294 2665 Qui
1326 2607 1471 2654 etiam
1498 2606 1583 2653 ubi
1615 2607 1680 2653 ait
1707 2606 1861 2670 ipsam
1889 2607 2100 2654 animam
2139 2622 2299 2654 creare
2333 2604 2426 2652 sibi

288 2698 491 2747 corpora
524 2696 572 2734 et
606 2688 832 2749 condere,
872 2705 979 2735 eam
1014 2697 1280 2735 creatorem
1302 2703 1482 2746 rerum,
1518 2695 1566 2733 et
1594 2702 1681 2750 per
1707 2685 1801 2732 hoc
1831 2688 1989 2732 Deum
2019 2686 2190 2734 astruit
2219 2702 2339 2746 esse,
2378 2694 2427 2732 et

287 2773 551 2812 creatarum
571 2785 733 2815 rerum
758 2768 1112 2815 ordinationem
1135 2778 1182 2815 et
1204 2767 1600 2832 praeparationem
1623 2765 1685 2813 ad
1703 2765 1832 2813 bona
1856 2782 2004 2832 opera
2029 2766 2283 2814 donorum
2306 2781 2428 2813 suo-

289 2858 395 2889 rum
420 2844 777 2909 distributione,
803 2849 976 2896 ut'sibi
1000 2866 1079 2896 eas
1111 2848 1311 2912 dignum
1336 2846 1666 2896 habitaculum
1688 2846 1877 2894 efficiat.
1907 2847 1974 2894 Ab
2007 2847 2171 2894 anima
2201 2855 2426 2894 naturam

289 2922 403 2969 dicit
430 2924 654 2989 incipere,
684 2928 797 2991 quia
817 2946 903 2994 per
924 2930 1123 2992 gratiam
1145 2930 1347 2993 Spiritus
1371 2929 1523 2975 sancti
1550 2928 1792 2976 nascimur
1817 2928 2144 2993 spiritualiter,
2172 2943 2228 2974 ac
2261 2942 2426 2974 sumus

287 3001 371 3050 filii
393 3006 481 3052 Dei
504 3008 650 3070 magis
678 3024 823 3071 quam
846 3010 984 3055 servi.
1011 3010 1142 3055 Sicut
1164 3011 1293 3055 enim
1316 3009 1555 3056 subtracta
1581 3011 1728 3073 gratia
1750 3009 1843 3057 hac
1866 3025 2173 3056 moreremur
2195 3009 2246 3054 in
2271 3008 2420 3069 vitiis,

285 3083 350 3131 ita
373 3094 419 3132 et
439 3086 609 3133 eadem
631 3087 804 3134 collata
819 3089 1059 3135 nascimur
1081 3089 1130 3134 in
1152 3106 1315 3136 veram
1336 3090 1567 3136 virtutum
1584 3091 1753 3144 vitam,
1770 3093 1930 3147 Quam
1952 3088 2152 3153 quidem
2169 3105 2257 3155 per
2283 3097 2422 3136 natu-

336 3256 398 3289 ¹In
415 3258 528 3291 Somn.
546 3258 734 3301 Scipionis,
753 3261 811 3294 lib.
829 3262 856 3300 Ι,
872 3270 942 3302 cap.
961 3271 1028 3294 xiv.
1043 3278 1081 3285 -
1097 3264 1108 3281 ²
1120 3261 1173 3294 Sic
1194 3262 1273 3294 Cod.
1295 3262 1375 3294 Vict.
1393 3263 1470 3304 Νοῷ
1484 3262 1651 3294 Amb.—³
1666 3262 1814 3301 AEneid.,
1828 3262 1886 3294 lib.
1904 3260 1965 3301 v1,
1982 3270 2012 3294 v.
2033 3263 2091 3294 727
2117 3266 2150 3293 et
2168 3269 2242 3301 sqq.
2258 3281 2263 3285 -
