2638 3866
217 219 313 266 444
1026 214 1196 260 PETRI
1230 213 1545 262 ABAELARD!

216 329 463 383 tamquam
485 316 780 366 adversarios
790 314 990 362 civitatis
1005 323 1172 379 poetas
1186 315 1371 362 censuit
1393 314 1511 363 urbe
1533 314 1815 380 pellendos?
1838 334 1860 360 »
1888 318 2002 364 ltem
2021 326 2129 382 post
2151 317 2309 382 aliqua
2338 336 2348 363 :

223 419 244 441 «
257 399 351 456 Qui
371 398 549 445 scilicet
561 396 694 444 Plato
715 405 881 461 poetas
898 395 1029 460 ipsos
1042 394 1118 441 vel
1131 411 1222 460 pro
1244 394 1442 443 arbitrio
1457 396 1758 458 mentientes,
1778 397 1852 444 vel
1867 396 2150 444 hominibus
2167 399 2350 446 miseris

219 480 354 543 quasi
386 478 588 524 deorum
626 476 751 524 facta
787 475 995 541 pessima
1028 474 1261 523 imitanda
1295 485 1649 541 proponentes,
1690 477 1891 524 omnino
1928 478 1976 524 in
2009 477 2199 526 civitate
2231 477 2353 526 bene

218 559 430 605 instituta
462 559 621 604 vivere
657 557 830 604 noluit.
858 577 881 599 »
913 558 975 602 Ac
1000 556 1039 602 si
1064 554 1230 621 aperte
1265 554 1395 603 factis
1429 557 1570 605 etiam
1600 557 1712 622 ipsis
1748 557 1868 604 illud
1896 557 1995 621 jam
2030 558 2349 623 praedica1·et¹,

220 658 241 680 «
266 640 331 684 Os
366 636 499 701 quod
525 637 750 684 mentitur
784 635 960 683 occidit
988 635 1216 683 animam.
1249 654 1273 680 υ
1317 638 1374 682 At
1412 635 1610 684 fortasse
1638 637 1825 702 inquies
1856 654 1958 684 non
1994 636 2155 684 solum
2190 648 2353 703 poeta-

216 734 339 777 rum,
376 733 544 763 verum
580 716 724 764 etiam
760 714 1031 763 liberalium
1065 716 1241 762 artium
1265 715 1498 764 lectiones
1532 716 1801 765 christianis
1833 717 2205 776 interdicendas,
2238 734 2349 765 cum

215 800 263 843 Β.
292 797 614 861 Hieronymus
648 797 696 843 in
730 795 930 861 epistola
974 795 1043 842 ad
1075 795 1403 858 Eustochium,
1431 813 1482 844 se
1511 798 1713 861 graviter
1742 808 2045 858 correctum,
2085 807 2133 845 et
2169 797 2348 845 verbe—

211 886 366 924 ratum
404 893 431 924 a
467 877 709 933 Domino,
749 893 839 941 pro
874 876 1079 923 lectione
1118 876 1567 942 philosophicorum
1603 877 1892 943 scriptorum
1928 888 2119 925 asserat.
2165 881 2226 924 Ac
2248 878 2347 942 jam

208 953 425 1018 profecto
451 970 541 1001 nec
571 954 931 1017 grammaticam
962 970 991 1001 a
1021 953 1283 1002 christiano
1316 955 1407 1019 legi
1442 955 1713 1015 conveniet,
1749 955 1852 1002 sine
1885 954 2187 1002 documentis
2213 954 2348 1017 cujus

208 1050 297 1081 nec
329 1034 491 1081 divina
527 1032 726 1097 intelligi
757 1034 929 1099 pagina
965 1043 1149 1100 potest,
1190 1050 1281 1081 nec
1313 1035 1548 1100 scriptura
1579 1035 1760 1100 aliqua,
1800 1036 1867 1082 sic
1897 1051 1987 1082 nec
2025 1034 2343 1091 rhetoricam,

207 1129 313 1176 quae
346 1114 504 1160 omnis
542 1113 824 1176 eloquentiae
858 1113 1004 1161 tradit
1035 1123 1348 1173 ornamenta,
1376 1114 1551 1178 quibus
1588 1117 1795 1163 maxime
1829 1131 1963 1163 sacra
1996 1115 2241 1179 Scriptura
2273 1130 2347 1161 re-

209 1196 325 1243 ferta
359 1206 445 1257 est,
486 1212 574 1243 nec
604 1195 706 1260 ejus
729 1195 877 1243 decor
911 1196 1004 1243 nisi
1037 1196 1113 1243 his
1151 1196 1402 1259 diligenter
1435 1198 1700 1261 assignatis,
1735 1198 1922 1245 elucere
1960 1197 2153 1263 poterit.
2188 1199 2347 1254 Quare

205 1293 336 1340 erg0,
364 1276 568 1340 inquies,
607 1286 805 1340 propter
825 1276 1071 1324 Ciceronis
1105 1276 1251 1323 libros
1281 1276 1537 1342 praedictus
1560 1277 1732 1326 doctor
1754 1288 1853 1326 tam
1877 1278 2081 1342 graviter
2103 1286 2346 1324 correctus

204 1365 250 1402 et
274 1356 535 1420 flagellatus
564 1366 651 1415 est,
686 1365 738 1402 ut
761 1356 850 1403 sub
877 1356 1197 1404 obtestatione
1224 1358 1507 1404 sacramenti
1540 1367 1793 1422 cogeretur
1822 1358 2023 1405 omnino
2047 1357 2343 1404 saecularium

203 1436 435 1483 librorum
477 1436 673 1484 lectioni
708 1435 1077 1485 abrenuntiare?
1120 1436 1342 1484 Profecto
1381 1439 1493 1502 quia
1531 1456 1631 1486 non
1664 1456 1754 1505 pro
1792 1438 1993 1486 utilitate
2031 1438 2216 1502 aliqua,
2260 1437 2343 1484 sed

203 1533 290 1581 pro
323 1517 644 1565 oblectatione
683 1516 968 1581 eloquentiae
999 1517 1090 1564 illis
1124 1517 1422 1578 intendebat,
1455 1518 1674 1583 neglecto
1701 1535 1844 1567 sacrae
1874 1519 2125 1584 Scripturae
2163 1516 2340 1576 studio,

202 1597 366 1660 cujus,
409 1607 460 1643 ut
503 1597 701 1662 ipsemet
743 1597 835 1656 ait,
874 1597 1082 1646 incultus
1117 1599 1161 1645 ei
1194 1614 1354 1646 sermo
1389 1598 1636 1647 horrebat.
1674 1602 1776 1663 Ego
1811 1609 1972 1647 autem
2015 1597 2194 1645 nullius
2233 1597 2345 1644 artis

203 1676 455 1723 lectionem
482 1676 772 1740 cuicumque
794 1677 1017 1742 religioso
1041 1678 1424 1727 interdicendam
1451 1680 1677 1740 arbitror,
1703 1681 1794 1728 nisi
1818 1680 1939 1727 forte
1962 1696 2048 1745 per
2071 1679 2166 1726 hoc
2191 1678 2345 1742 maj0r

202 1756 362 1820 aliqua
395 1756 496 1819 ejus
521 1756 700 1803 utilitas
728 1758 1063 1823 praepediatur,
1099 1760 1220 1806 sicut
1249 1767 1295 1805 et
1323 1760 1373 1805 in
1402 1762 1571 1808 ceteris
1605 1760 1748 1808 bonis
1771 1760 2042 1808 faciendum
2073 1759 2266 1816 scimus,
2295 1767 2346 1805 nt

204 1835 424 1883 videlicet
463 1837 652 1883 minora
690 1854 779 1902 pro
820 1838 1085 1902 majoribus
1123 1837 1417 1905 quandoque
1448 1841 1840 1900 intermittantur,
1878 1840 1955 1887 vel
1974 1839 2165 1905 penitus
2191 1839 2345 1886 omit-

210 1925 390 1962 tantur.
431 1917 624 1982 Quippe
656 1934 766 1964 cum
800 1918 931 1967 nulla
961 1929 1034 1966 est
1063 1920 1111 1968 in
1137 1920 1358 1969 doctrina
1386 1921 1577 1979 falsitas,
1622 1920 1754 1968 nulla
1791 1921 1839 1967 in
1878 1919 2037 1967 verbis
2074 1918 2340 1984 turpitudo,

201 1996 434 2044 nonnulla
457 1996 517 2045 de
538 1998 737 2046 scientia
759 1998 957 2061 utilitas,
989 2001 1097 2065 quis
1126 2001 1227 2050 haec
1249 2001 1484 2050 discendo
1515 2011 1597 2049 aut
1620 2000 1843 2048 docendo
1869 2000 2053 2065 culpari
2083 2008 2338 2058 mereatur,

202 2075 292 2122 nisi
333 2093 476 2124 cansa
516 2072 826 2126 intervenerit
862 2082 1188 2146 supraposita,
1227 2082 1405 2149 potiori
1441 2081 1662 2129 videlicet
1704 2080 1839 2128 bono
1876 2079 2094 2144 neglecto
2144 2088 2228 2126 aut
2268 2078 2342 2126 di·

200 2154 381 2202 misso?
405 2159 556 2203 Nemo
581 2158 758 2205 etenim
782 2159 1032 2208 scientiam
1054 2162 1265 2227 aliquam
1286 2173 1415 2211 recte
1443 2162 1616 2209 malam
1641 2178 1742 2209 esse
1765 2161 1952 2208 dixerit.
1980 2159 2125 2217 Quod
2141 2159 2338 2224 quidem

199 2235 245 2280 in
276 2246 506 2300 quantam
546 2238 698 2285 nostri
730 2239 1189 2290 condemnationem
1218 2254 1266 2292 et
1295 2244 1632 2292 confusionem
1660 2241 1839 2289 factum
1865 2241 1941 2303 sit,
1977 2241 2083 2305 quis
2109 2239 2342 2287 discretus

199 2331 297 2362 non
331 2317 701 2379 animadvertat,
733 2319 909 2382 quibus
940 2339 1041 2369 non
1076 2324 1233 2371 solum
1265 2324 1383 2372 illud
1420 2324 1611 2383 dicitur,
1644 2322 1777 2388 quod
1811 2341 1835 2367 «
1862 2339 1917 2369 os
1946 2321 2077 2386 quod
2108 2320 2340 2368 mentitur

198 2395 370 2442 occidit
402 2397 633 2459 animam,
655 2419 677 2441 υ
707 2415 875 2447 verum
899 2401 959 2448 de
983 2404 1117 2450 omni
1135 2404 1285 2452 verbo
1312 2406 1470 2452 otioso
1493 2403 1705 2451 districta
1728 2403 1933 2466 exigitur
1958 2401 2097 2449 ratio.
2132 2400 2181 2447 Si
2206 2400 2340 2462 juvat

195 2474 508 2524 christianum
534 2478 690 2542 legere
713 2478 774 2527 ad
804 2481 1125 2530 eruditionem
1155 2485 1458 2531 locutionum
1493 2483 1569 2531 vel
1591 2483 1952 2540 sententiarum,
1985 2479 2225 2544 numquid
2246 2479 2341 2526 hoc

195 2553 336 2618 plene
362 2555 551 2605 efficere
573 2575 673 2605 non
700 2569 875 2624 potest,
909 2561 998 2608 nisi
1025 2563 1226 2627 poeticis
1258 2563 1500 2611 studendo
1531 2562 1770 2627 figmentis
1801 2570 1847 2608 et
1878 2559 2103 2607 inanibus
2135 2558 2338 2606 fabulis?

195 2636 310 2691 Quae
345 2646 455 2684 sunt
485 2654 661 2700 genera
696 2638 1017 2697 locutionum,
1055 2643 1138 2707 qui
1172 2654 1370 2691 ornatus
1407 2642 1687 2702 verborum,
1723 2658 1830 2705 quae
1860 2657 1996 2689 sacra
2028 2640 2203 2705 pagina
2241 2656 2336 2685 non

193 2713 382 2775 habeat,
419 2718 623 2765 maxime
657 2719 998 2784 parabolarum
1036 2732 1082 2770 et
1117 2723 1454 2788 allegoriarum
1486 2721 1819 2787 aenigmatibus
1852 2720 2040 2779 referta,
2076 2730 2123 2767 et
2160 2718 2339 2783 ubique

195 2793 290 2840 fere
330 2797 541 2860 mysticis
583 2798 861 2848 redundans
898 2801 1187 2850 involucris?
1219 2806 1335 2861 Quae
1378 2813 1490 2851 sunt
1528 2802 1821 2850 urbanitates
1858 2801 2190 2857 locutionum,
2232 2815 2335 2862 quae

197 2883 344 2920 mater
365 2876 637 2940 linguarum
659 2880 894 2929 Hebraica
916 2899 1018 2930 non
1048 2883 1285 2945 docuerit,
1312 2885 1573 2950 praesertim
1596 2900 1709 2931 cum
1739 2881 1991 2929 Palaestinae
2022 2890 2159 2927 terrae
2192 2880 2333 2926 etiam

198 2951 384 3013 plebem
430 2958 668 3020 parabolis
709 2971 946 3009 assuetam
980 2980 1081 3010 non
1111 2963 1269 3021 lateat,
1298 2974 1352 3011 ut
1380 2964 1454 3011 his
1483 2981 1680 3029 quoque
1713 2962 1980 3010 Dominum
2013 2963 2163 3007 Jesum
2202 2958 2332 3022 loqui

192 3030 258 3076 eis
297 3044 556 3096 oporteret,
600 3055 711 3085 cum
751 3042 1053 3105 evangelium
1096 3043 1407 3108 praedicaret?
1445 3048 1562 3103 Quae
1600 3044 1765 3092 deesse
1804 3042 1978 3090 fercula
2012 3048 2214 3106 possunt
2237 3038 2334 3102 spi·

193 3109 348 3157 rituali
386 3115 582 3162 Domini
621 3134 816 3179 mensae,
865 3121 913 3167 id
948 3132 1018 3168 est
1053 3139 1196 3171 sacrae
1228 3125 1509 3189 Scripturae,
1554 3126 1602 3172 in
1645 3141 1737 3190 qua
1765 3124 1899 3187 juxta
1937 3120 2248 3183 Gregorium,
2289 3128 2331 3164 et

235 3297 354 3338 'Sap.‚
377 3307 448 3339 cap.
468 3308 490 3340 r,
508 3309 536 3333 v,
558 3302 608 3334 11.
