2638 3866
174 223 273 271 374
984 221 1155 271 PETRI
1190 222 1504 274 ABAELARDI

173 324 356 372 Veritas
381 324 483 389 ipsa
506 320 753 388 perhibeat
775 331 1025 388 peccatum
1041 323 1090 370 in
1106 324 1338 390 Spiritum
1358 343 1457 374 non
1483 344 1584 376 esse
1606 326 1904 391 remissibile,
1930 343 2040 376 cum
2059 338 2308 394 peccatum

179 406 228 453 in
270 408 456 452 Patrem
494 411 540 450 et
574 402 624 448 in
659 402 830 449 Filium
868 403 1151 451 remissibile
1189 404 1346 468 dicat,
1387 407 1466 454 cui
1504 417 1666 473 aperte
1704 425 1802 456 non
1839 408 2049 456 insinuet
2082 409 2309 474 Spiritum

173 486 330 550 ipsum
353 500 451 531 non
476 483 715 530 minorem
739 499 838 530 esse
862 486 999 531 Patre
1032 494 1079 531 et
1105 484 1247 544 Filio,
1273 502 1329 534 ac
1352 504 1439 553 per
1464 487 1558 536 hoc
1586 490 1746 555 ipsum
1768 489 1911 537 etiam
1933 491 2089 536 Deum
2111 489 2309 554 plenum

177 581 295 624 esse,
322 565 442 610 sicut
464 572 534 609 est
558 564 695 610 Pater
716 563 834 628 ipse,
863 565 938 611 vel
963 564 1133 612 Filius?
1162 565 1329 631 Liquet
1353 568 1514 633 itaque
1536 585 1593 617 ex
1614 586 1758 635 supra
1781 570 1947 636 positis
1976 579 2076 616 tam
2101 568 2310 617 Verbum

176 644 280 706 Dei,
307 659 454 708 quam
475 642 704 708 Spiritum
728 643 828 708 ejus
849 646 1003 692 Deum
1028 662 1146 705 esse,
1173 646 1292 693 sicut
1318 647 1484 713 etipse
1506 649 1642 713 cujus
1662 659 1731 697 est
1757 648 1966 697 Verbum
1987 648 2062 697 vel
2089 648 2315 715 Spiritus.⁴

180 723 447 788 Intelligant
479 724 636 788 igitur,
667 733 720 771 ut
744 724 925 772 dictum
957 735 1042 785 est,
1079 725 1174 774 hoc
1194 726 1407 775 Verbum
1430 730 1645 788 Domini,
1684 729 1733 776 id
1767 740 1838 777 est
1864 730 2036 777 Filium
2068 729 2182 791 Dei,
2211 744 2310 776 non

181 802 508 849 transitorium
542 801 762 863 verbum,
802 819 902 849 non
938 802 1166 865 audibile,
1193 804 1277 851 sed
1305 804 1638 867 intellectuale,
1675 807 1770 855 hoc
1800 818 1869 855 est
1897 808 2052 872 ipsam
2078 807 2313 868 rationem

177 883 276 930 sive
307 882 599 948 Sapientiam
625 891 911 930 coaeternam
946 886 1068 942 De0‚
1106 900 1253 948 quam
1285 884 1379 933 dici
1411 888 1636 934 convenit
1661 887 2097 953 omnisapientiam,
2125 888 2246 936 sicut
2267 897 2314 934 et

178 964 382 1011 dicimus
421 964 839 1029 omnipotentiam.
878 963 1016 1011 Unde
1040 973 1088 1011 et
1118 965 1347 1030 scriptum
1378 968 1467 1014 est¹
1497 986 1508 1014 ε
1541 968 1748 1015 «Omnis
1781 967 2020 1033 Sapientia
2050 983 2078 1014 a
2101 967 2312 1014 Domino

173 1047 276 1092 Deo
297 1054 368 1092 est
391 1055 437 1092 et
459 1061 570 1092 cum
593 1044 675 1091 illo
704 1044 792 1091 fuit
814 1062 1021 1111 semper,
1047 1054 1094 1093 et
1118 1056 1188 1093 est
1209 1055 1320 1093 ante
1352 1063 1523 1094 aevum.
1550 1068 1572 1092 n
1598 1049 1692 1107 Qui
1718 1049 1859 1096 etiam
1886 1049 1933 1095 in
1964 1046 2089 1095 libro
2112 1049 2314 1111 Sapien-
2340 1111 2342 1114 y

178 1131 253 1176 tiae
293 1145 433 1177 verus
474 1128 562 1175 Dei
599 1127 744 1175 Filius
783 1138 829 1175 et
873 1128 1289 1177 consubstantialis
1331 1140 1643 1194 monstratur,
1684 1132 1745 1179 ad
1784 1131 2100 1179 differentiam
2139 1130 2316 1178 scilicet

178 1209 518 1276 adoptivorum
539 1207 766 1265 filiorum,
789 1207 850 1255 de
869 1209 1045 1273 quibus
1064 1225 1150 1276 per
1172 1209 1563 1275 praedicationem
1581 1212 1683 1276 ejus
1701 1215 1805 1260 Deo
1826 1212 2065 1276 acquisitis
2085 1211 2313 1277 scriptum

178 1293 288 1351 est¹,
324 1311 346 1334 «
369 1293 620 1353 Quotquot
649 1299 810 1336 autem
841 1299 1127 1354 receperunt
1149 1306 1279 1350 eum,
1317 1289 1451 1337 dedit
1483 1291 1550 1338 eis
1574 1301 1859 1357 potestatem
1885 1292 2008 1340 filios
2036 1291 2125 1339 Dei
2149 1291 2265 1338 fieri.
2290 1310 2312 1334 υ
2361 1345 2369 1354 ·

177 1371 252 1417 Sic
286 1371 465 1435 quippe
494 1386 604 1417 cum
638 1369 738 1433 ejus
769 1370 927 1435 passio
961 1370 1009 1416 in
1042 1371 1290 1434 Sapientia
1322 1370 1569 1418 manifeste
1593 1371 1982 1437 prophetaretur,
2015 1373 2140 1420 inter
2161 1381 2315 1419 cetera

176 1451 238 1499 ab
267 1451 426 1516 impiis
456 1450 639 1497 dictum
670 1451 764 1497 est³
790 1468 801 1496 ε
833 1451 925 1496 «Si
955 1450 1083 1497 enim
1109 1459 1179 1497 est
1211 1467 1352 1497 verus
1379 1450 1521 1498 Filius
1543 1452 1658 1510 Dei,
1684 1452 1909 1517 suscipiet
1934 1452 2097 1514 illum,
2125 1462 2172 1499 et
2193 1450 2316 1500 tibe-

179 1532 300 1579 rabit
333 1532 393 1579 de
425 1548 571 1579 manu
603 1531 975 1578 contrariorum.
1005 1550 1026 1575 υ
1064 1533 1200 1579 Hanc
1225 1540 1272 1578 et
1297 1541 1461 1596 aperte
1485 1533 1843 1597 generationem
1867 1531 2121 1597 profitetur
2155 1542 2317 1580 sancta

178 1613 336 1659 anima
373 1629 458 1677 per
496 1614 652 1658 Deum
688 1610 905 1672 liberata,
944 1628 1056 1658 cum
1088 1613 1136 1658 in
1174 1612 1503 1670 Ecclesiastico
1537 1613 1677 1660 dicit'·
1712 1631 1722 1659 :
1756 1613 2021 1660 «Invocavi
2054 1613 2318 1660 Dominum

178 1696 362 1740 Patrem
386 1692 582 1739 Domini
606 1692 719 1750 mei,
747 1702 797 1738 ut
821 1708 920 1738 non
946 1691 1246 1755 derelinquat
1270 1710 1347 1739 me
1372 1693 1421 1740 in
1447 1694 1525 1741 die
1547 1692 1868 1741 tribulationis
1891 1709 2026 1741 meae.·
2054 1711 2078 1738 »

244 1776 380 1821 Nunc
418 1783 577 1820 autem
612 1783 724 1838 post
756 1772 1029 1820 testimonia
1066 1771 1414 1838 prophetarum
1447 1772 1508 1821 de
1538 1774 1633 1822 fide
1666 1774 1924 1832 Trinitatis,
1961 1772 2079 1820 libet
2114 1783 2162 1821 et
2194 1775 2319 1820 testi-

179 1856 343 1902 monia
378 1854 782 1920 philosophorum
819 1869 1110 1919 supponere,
1141 1869 1263 1918 quos
1303 1852 1364 1900 ad
1401 1854 1542 1901 unius
1575 1855 1662 1902 Dei
1690 1854 2053 1917 intelligentiam
2089 1862 2191 1900 tum
2215 1854 2340 1918 ipsa'

178 1935 493 2002 philosophiae
537 1936 658 1983 ratio
696 1934 945 2000 perduxit,
987 1951 1082 1999 qua
1114 1934 1250 1999 juxta
1286 1934 1610 2000 Apostolum⁵,
1654 1933 1951 1982 «invisibilia
1984 1934 2133 1999 ipsius
2168 1934 2255 1981 Dei
2290 1952 2317 1982 a

178 2026 393 2064 creatura
423 2015 593 2063 mundi
626 2032 710 2081 per
734 2032 790 2063 ea
811 2031 916 2080 quae
941 2015 1060 2062 facta
1083 2024 1216 2076 sunt,
1243 2014 1482 2062 intellecta
1504 2015 1886 2081 conspiciuntur,
1904 2035 1926 2058 »
1954 2024 2058 2061 tum
2079 2014 2183 2079 ipsa
2201 2030 2321 2060 con-

178 2098 502 2145 tinentissimae
532 2097 639 2144 vitae
669 2095 901 2144 sobrietas
929 2094 1144 2160 quodam
1179 2094 1247 2142 eis
1276 2096 1449 2143 merito
1478 2095 1526 2143 id
1561 2096 1718 2162 ipsum
1752 2095 2023 2160 adquisivit.
2053 2093 2321 2160 Oportebat

177 2180 356 2243 quippe
381 2187 431 2224 ut
456 2187 570 2224 tunc
594 2177 738 2224 etiam
761 2177 811 2223 in
831 2176 942 2242 ipsis
963 2175 1268 2241 praesignaret
1289 2178 1420 2223 Deus
1444 2192 1531 2242 per
1554 2175 1747 2240 aliquod
1774 2174 2140 2223 abundantioris
2162 2176 2319 2238 gratiae

178 2260 381 2319 donum,
415 2274 559 2322 quam
593 2257 833 2322 acceptior
863 2257 922 2304 sit
952 2257 996 2304 ei
1025 2255 1107 2321 qui
1136 2254 1294 2303 sobrie
1315 2256 1454 2318 vivit,
1490 2266 1537 2304 et
1560 2273 1608 2303 se
1637 2255 1698 2303 ab
1722 2255 1955 2304 illecebris
1977 2255 2120 2319 hujus
2151 2254 2321 2302 mundi

174 2356 259 2404 per
290 2348 590 2385 contemtum
623 2338 723 2401 ejus
764 2337 1019 2398 subtrahit,
1059 2353 1206 2401 quam
1241 2337 1326 2402 qui
1362 2337 1688 2402 voluptatibus
1722 2337 1824 2401 ejus
1864 2336 2053 2384 deditus
2084 2336 2322 2401 spurcitiis

175 2416 401 2463 omnibus
424 2433 473 2463 se
499 2417 754 2480 immergit.
783 2419 982 2474 Quantae
1014 2424 1174 2462 antem
1198 2414 1496 2461 abstinentiae
1515 2425 1560 2461 et
1585 2415 1890 2462 continentiae
1913 2413 2192 2480 philosophi
2215 2413 2321 2459 fue-

175 2498 287 2555 rint,
326 2497 477 2545 sancti
509 2497 653 2544 etiam
687 2496 911 2543 doctores
936 2495 1147 2556 tradunt,
1181 2495 1264 2559 qui
1300 2505 1347 2541 et
1383 2511 1551 2541 eorum
1582 2496 1726 2542 vitam
1762 2495 1823 2542 ad
1854 2505 2070 2543 nostram
2104 2494 2320 2557 increpa-

178 2580 358 2626 tionem
389 2578 647 2639 inducunt,
682 2587 730 2625 et
751 2577 979 2642 pleraque
1009 2593 1062 2623 ex
1100 2575 1404 2622 documentis
1436 2592 1605 2623 eorum
1642 2575 1907 2623 moralibus
1931 2574 2005 2623 vel
2038 2573 2321 2621 testimoniis

178 2659 288 2706 fidei
319 2659 380 2706 ad
403 2658 768 2706 aedificationem
802 2667 1016 2704 nostram
1052 2666 1302 2703 assumunt
1324 2674 1333 2702 :
1361 2655 1495 2721 quod
1520 2657 1605 2721 qui
1627 2657 1834 2721 ignorat,
1859 2656 1984 2721 legat
2008 2654 2175 2702 saltem
2210 2654 2322 2700 Hie·

179 2756 434 2803 ronymum
462 2742 643 2786 Contra
665 2739 993 2794 Joviaimmm,
1028 2746 1074 2783 et
1102 2736 1272 2783 viderit
1306 2746 1483 2800 (planta
1508 2736 1568 2783 de
1605 2753 1775 2784 eorum
1808 2735 2060 2783 virtutibus
2090 2735 2166 2782 vel
2197 2744 2323 2781 cete-

181 2835 343 2865 rorum
378 2820 623 2882 gentilium
655 2818 844 2879 referat,
873 2817 935 2865 ad
968 2816 1317 2882 impudentiam
1349 2816 1526 2863 scilicet
1559 2816 1682 2863 illius
1711 2816 1921 2864 haeretici
1956 2814 2319 2862 conterendam.

183 2899 382 2945 Maxime
421 2909 580 2945 autem
616 2909 663 2945 et
693 2915 781 2945 nos
808 2898 904 2944 hoc
933 2914 1080 2963 opere
1103 2897 1387 2944 testimoniis
1410 2913 1495 2943 seu
1519 2896 1785 2944 rationibus
1808 2894 2210 2962 philosophorum
2236 2895 2331 2941 niti'

182 2978 424 3036 convenit,
447 2979 495 3024 in
518 2995 615 3042 quo
635 2978 861 3025 adversus
881 2994 963 3024 eos
982 2979 1218 3042 praecipue
1241 2977 1442 3040 agimus,
1468 2977 1551 3042 qui
1571 2977 1718 3024 fidem
1738 2988 1953 3024 nostram
1975 2969 2331 3041 philosophicis

183 3059 399 3104 nituntur
424 3073 703 3122 oppugnare
726 3057 1049 3115 documentis,
1076 3058 1335 3121 praesertim
1369 3074 1479 3103 cum
1507 3069 1669 3116 nemO,
1695 3058 1786 3105 nisi
1811 3073 1897 3121 per
1920 3072 1975 3103 ea
2001 3070 2105 3118 quae
2136 3054 2318 3118 recipit,

226 3265 387 3304 'Ecclesss,
407 3274 479 3306 cap.
498 3274 526 3304 1,
542 3273 574 3298 v-
594 3267 681 3297 1.-
696 3263 832 3305 ²Joan.‚
853 3273 925 3305 cap.
944 3273 966 3302 1,
981 3273 1012 3297 v.
1034 3266 1081 3297 12.
1111 3282 1146 3288 -
1165 3265 1177 3284 ³
1191 3265 1294 3305 Sap„
1312 3273 1382 3304 cap.
1403 3273 1441 3306 ιι,
1464 3274 1493 3297 v.
1513 3266 1558 3298 18.
1580 3282 1615 3288 -—
1634 3265 1643 3283 ⁴
1663 3263 1770 3297 Eccles
1793 3289 1801 3305 ‚
1823 3272 1895 3305 cap.
1922 3271 1964 3304 ιι,
1985 3272 2015 3294 v.
2042 3264 2092 3297 14.
2117 3279 2155 3286 —
2179 3263 2190 3282 ⁵
2206 3261 2320 3303 Rom,

180 3329 254 3361 cap.
274 3330 301 3361 t,
321 3330 351 3353 v.
371 3322 422 3353 20.
