2638 3866
257 209 352 257 638
1064 206 1235 252 PETRI
1269 205 1585 253 ABAELARDI

257 311 440 376 aperire
471 318 680 374 possent.
705 306 851 365 Quod
876 306 1072 370 quidem
1093 307 1130 353 si
1151 322 1251 353 non
1270 315 1473 371 possunt
1489 306 1563 354 vel
1584 306 1820 364 nesciunt,
1841 315 1968 353 certe
1989 305 2109 353 illud
2131 305 2389 371 poeticum,

258 393 306 437 in
331 399 565 454 quantum
590 387 811 447 arbitror,
836 387 1090 434 incurrunt
1117 403 1127 432 :

631 503 721 546 Nec
754 514 934 562 prosunt
967 502 1144 545 domino
1180 519 1275 562 quae
1305 514 1485 563 prosunt
1515 504 1712 546 omnibus
1744 515 1869 546 artes.

317 620 522 685 Appetat
544 618 785 683 quislibet,
811 636 913 667 non
937 636 1045 684 egO,
1081 628 1368 685 potestatem
1391 619 1546 682 illam,
1575 636 1670 684 qua
1691 620 1851 685 potius
1875 621 1977 668 aliis
2000 635 2148 684 quam
2171 618 2262 667 sibi
2285 636 2395 684 pro-

254 700 394 747 ficere
428 700 604 764 possit,
645 709 875 764 tanquam
906 700 955 746 in
991 709 1225 764 potestate
1265 716 1351 747 sua
1384 699 1559 748 habeat
1591 699 1769 748 alienas
1812 701 1994 748 animas
2029 699 2211 748 salvare
2246 699 2395 763 magis

256 795 400 842 quam
426 781 695 845 propriam3
721 797 833 827 cum
855 797 882 827 e
902 780 1145 827 contrario
1169 779 1394 844 quislibet
1415 780 1649 828 discretus
1672 781 1859 827 sentiat.

1074 1003 1313 1064 CAPUT
1370 1002 1568 1063 XXVI.

586 1151 724 1188 Utrum
756 1151 987 1202 generaliter
1017 1150 1067 1188 ad
1095 1163 1229 1189 omnes
1258 1149 1449 1202 pertineat
1474 1149 1650 1201 praelatos
1676 1149 1828 1189 solvere
1859 1158 1896 1188 et
1927 1150 2061 1202 ligare.

319 1278 440 1323 Cum
453 1292 568 1340 ergo
578 1277 805 1340 quaeritur
815 1294 920 1341 quae
934 1277 992 1324 sit
1008 1276 1088 1324 illa
1102 1286 1311 1342 potestas
1323 1276 1397 1324 vel
1416 1275 1571 1324 claves
1583 1276 1717 1339 regni
1730 1275 1978 1336 coelorum,
2004 1292 2122 1340 quas
2138 1276 2379 1340 Apostolis

254 1357 493 1403 Dominus
517 1355 731 1416 tradidit,
762 1373 818 1404 ac
841 1357 1057 1404 similiter
1079 1373 1248 1404 eorum
1275 1357 1478 1418 vicariis,
1506 1356 1684 1404 scilicet
1706 1357 1950 1421 Episcopis
1972 1357 2260 1403 concessisse
2276 1355 2394 1419 legi-

254 1447 356 1497 tur,
387 1453 487 1483 non
508 1452 658 1502 parva
680 1438 878 1502 quaestio
906 1437 1110 1485 videtur.
1137 1441 1259 1484 Cum
1287 1438 1416 1484 enim
1443 1437 1580 1484 multi
1608 1437 1701 1483 sint
1727 1437 1940 1502 episcopi
1978 1453 2069 1483 nec
2096 1436 2395 1500 religionem,

254 1533 343 1564 nec
357 1516 699 1564 discretionem
717 1518 966 1576 habentes,
998 1519 1219 1583 quamvis
1240 1519 1562 1584 episcopalem
1575 1517 1788 1565 habeant
1808 1526 2121 1582 potestatem3
2147 1517 2399 1580 quomodo

255 1598 322 1643 eis
353 1613 487 1661 aeque
510 1609 562 1645 ut
586 1599 824 1663 Apostolis
847 1600 1107 1646 convenire
1136 1599 1352 1646 dicemus
1382 1616 1392 1644 :
1426 1618 1450 1644 «
1479 1601 1698 1656 Quorum
1728 1597 2004 1645 remiseritis
2026 1607 2224 1663 peccata
2245 1596 2403 1644 remit-

256 1687 415 1724 tentur
436 1678 520 1739 eis,
537 1688 585 1725 et
607 1695 818 1742 quorum
841 1680 1128 1726 retinueritis
1151 1689 1333 1727 retenta
1360 1690 1472 1726 sunt
1486 1679 1531 1725 ¹?
1550 1698 1573 1723 n
1589 1678 1818 1742 Nunquid
1832 1679 1870 1726 si
1884 1677 2138 1726 indiscrete
2160 1677 2235 1725 vel
2257 1693 2401 1742 supra

257 1758 458 1805 modum
482 1758 595 1805 velit
618 1759 882 1824 Episcopus
905 1777 1100 1825 poenam
1119 1761 1302 1824 peccati
1323 1776 1497 1822 augere
1519 1759 1594 1806 vel
1614 1759 1841 1818 relaxare,
1858 1759 1953 1807 hoc
1974 1760 2024 1805 in
2048 1759 2149 1823 ejus
2168 1768 2238 1806 est
2249 1767 2404 1823 potes·

257 1850 374 1900 tate3
402 1851 455 1888 ut
479 1841 700 1889 videlicet
725 1843 991 1890 secundum
1012 1843 1112 1907 ejus
1125 1842 1375 1889 arbitrium
1397 1859 1562 1907 poenas
1584 1846 1712 1889 Deus
1736 1843 1982 1908 disponat,
2011 1852 2063 1888 ut
2085 1841 2219 1905 quod
2241 1841 2401 1887 minus

256 1921 558 1985 puniendum
585 1932 672 1984 est,
698 1923 799 1988 ipse
824 1924 973 1986 magis
999 1923 1185 1989 puniat,
1213 1940 1239 1970 e
1266 1939 1518 1982 converso,
1554 1940 1667 1970 cum
1689 1923 1960 1986 aequitatem
1990 1922 2057 1968 rei
2081 1921 2232 1984 magis
2254 1936 2400 1984 quam
2434 1950 2437 1951 ν

256 2001 511 2048 hominum
542 2002 839 2050 voluntatem
871 2006 1001 2051 Deus
1023 2003 1281 2051 adtendere
1304 2002 1511 2050 debeat?
1537 2003 1764 2068 Nunquid
1788 2004 1827 2050 si
1854 2003 2118 2068 Episcopus
2138 2018 2225 2066 per
2248 2002 2369 2048 iram
2388 2038 2398 2058 ‚

258 2082 331 2128 vel
369 2082 539 2129 odium
569 2082 703 2147 quod
740 2083 915 2132 habeat
946 2084 995 2130 in
1030 2083 1258 2147 aliquem,
1295 2083 1598 2130 tantumdem
1632 2100 1742 2130 eum
1778 2084 2012 2148 poenitere
2043 2082 2309 2129 decreverit
2342 2081 2402 2127 de

257 2162 517 2209 levioribus
557 2163 764 2227 peccatis
805 2174 1041 2228 quantum
1091 2163 1153 2211 de
1186 2163 1508 2228 gravioribus3
1550 2164 1624 2211 vel
1658 2179 1852 2228 poenam
1889 2163 1991 2227 ejus
2026 2163 2075 2209 iu
2110 2170 2402 2227 perpetuum

258 2243 532 2305 extendere,
570 2244 646 2291 vel
677 2260 927 2308 nunquam
960 2245 1006 2292 ei
1038 2244 1250 2292 relaxare
1280 2245 1521 2306 statuerit,
1556 2255 2003 2309 quantumcumque
2035 2243 2113 2290 ille
2145 2242 2399 2308 poeniteat,

258 2323 496 2386 numquid
534 2323 660 2371 hanc
695 2324 795 2388 ejus
830 2325 1116 2372 sententiam
1149 2326 1387 2372 Dominus
1422 2323 1756 2372 confirmabit?
1789 2324 1935 2382 Quod
1969 2324 2132 2388 itaque
2169 2323 2404 2370 Dominus

260 2403 496 2467 Apostolis
531 2403 597 2450 ait
630 2421 639 2448 :
681 2423 703 2448 «
725 2407 947 2461 Quorum
980 2405 1257 2452 remiseritis
1285 2415 1502 2470 peccata,
1537 2405 1842 2452 remittentur
1872 2406 1956 2462 eis,
1991 2423 2014 2448 »
2055 2414 2168 2463 etc.‚
2201 2403 2264 2450 ad
2288 2419 2404 2467 per-

261 2499 401 2529 sonas
431 2486 644 2543 eorum’,
678 2500 777 2530 non
811 2483 873 2531 ad
893 2501 1061 2531 omnes
1093 2485 1357 2550 Episcopos
1384 2484 1688 2532 referendum
1715 2484 1921 2544 videtur,
1959 2484 2082 2530 sicut
2110 2493 2158 2530 et
2177 2482 2314 2546 quod
2337 2482 2404 2528 eis

260 2562 498 2611 alibiait⁸2
520 2584 543 2607 «
564 2566 659 2611 Vos
681 2564 792 2611 estis
803 2564 884 2611 lux
910 2565 1107 2625 mundi;
1124 2586 1147 2609 »
1174 2576 1220 2613 et
1239 2584 1250 2612 ε
1273 2585 1295 2609 ι(
1310 2552 1408 2612 Vos
1428 2566 1540 2612 estis
1564 2565 1635 2612 sol
1658 2575 1810 2625 terrae,
1831 2584 1855 2608 η
1886 2563 1957 2611 vel
1981 2565 2207 2628 pleraque
2231 2562 2322 2609 alia
2343 2562 2404 2608 de

263 2645 480 2706 personis
507 2661 677 2692 eorum
701 2645 969 2710 specialiter
991 2645 1288 2710 accipienda.
1324 2648 1430 2692 Non
1458 2646 1588 2692 enim
1618 2645 1744 2692 hanc
1775 2645 2114 2692 discretionem
2137 2644 2212 2691 vel
2235 2644 2406 2690 sancti-

264 2733 409 2770 tatem
428 2741 575 2787 quam
603 2726 840 2790 Apostolis
862 2727 1100 2773 Dominus
1122 2726 1278 2784 dedit,
1305 2725 1657 2773 successoribus
1679 2741 1850 2772 eorum
1873 2725 2115 2790 aequaliter
2137 2724 2400 2782 concessit3

265 2819 353 2849 nec
377 2805 603 2852 omnibus
625 2822 759 2870 aeque
781 2806 927 2854 dixit‘
954 2825 964 2854 :
991 2827 1014 2852 «
1029 2808 1158 2854 Beati
1180 2806 1401 2870 oculiqui
1421 2806 1588 2854 vident
1608 2822 1715 2870 quae
1737 2823 1823 2853 vos
1834 2806 2066 2864 videtis;»
2085 2815 2133 2853 et
2150 2807 2366 2852 rursum⁸
2389 2821 2400 2850 ε

270 2903 291 2925 «
312 2886 411 2929 Vos
433 2895 595 2932 autem
617 2885 716 2932 dixi
736 2887 934 2948 amicos,
959 2888 1071 2951 quia
1095 2887 1259 2934 omnia
1284 2902 1597 2951 quaecumque
1620 2885 1781 2933 audivi
1811 2902 1839 2933 a
1864 2889 2001 2933 Patre
2022 2901 2151 2944 meo,
2178 2894 2291 2932 nota
2317 2884 2404 2931 feci

267 2962 426 3022 vobis,
452 2985 474 3007 ›>
500 2975 547 3011 et
570 2966 770 3014 iterum⁶
806 2985 816 3013 :
860 2987 882 3010 ι(
901 2969 1021 3014 Cum
1054 2968 1236 3015 venerit
1266 2967 1344 3014 ille
1391 2967 1594 3031 Spiritus
1616 2967 1854 3028 Veritatis,
1881 2966 2075 3014 docebit
2096 2982 2181 3013 vos
2210 2980 2404 3012 omnem

268 3052 534 3091 veritatem.
562 3066 584 3089 >>

313 3228 447 3271 'Joan.‚
476 3240 547 3272 cap.
567 3240 625 3271 xx,
642 3242 672 3264 v.
688 3236 741 3267 23.
767 3251 805 3258 -
827 3236 838 3254 ²
857 3235 956 3267 Error
975 3235 1145 3269 Abaelardi.
1165 3255 1206 3261 —
1222 3239 1234 3258 ³
1251 3237 1378 3278 Matth„
1403 3248 1474 3279 cap.
1497 3248 1531 3280 v,
1554 3248 1583 3271 v.
1607 3241 1655 3279 13,
1675 3240 1724 3271 14.
1749 3256 1783 3261 —
1814 3237 1928 3276 ‘Luc.‚
1946 3246 2016 3277 cap·
2039 3245 2071 3277 ¹,
2094 3246 2122 3269 V·
2148 3238 2199 3269 23·
2216 3253 2253 3259 -
2272 3235 2403 3273 ⁵³0⁸nw

270 3291 340 3323 cap.
365 3292 420 3323 κν,
439 3293 474 3316 v.
498 3286 547 3317 15.
561 3302 598 3308 —
614 3285 747 3327 ‘Joan.,
765 3296 837 3328 cap.
855 3297 921 3327 xvi,
939 3298 967 3321 v.
990 3290 1039 3322 13.
