2638 3866
1118 197 1439 248 APPEme.
2256 203 2356 252 779

198 294 331 351 Quod
353 310 484 354 quam
503 295 566 338 ibi
591 294 840 357 discrepans
857 308 901 340 et
922 297 1233 342 inconcinnum
1260 299 1402 352 fuerit,
1426 301 1573 361 paucis
1595 300 1842 362 expediam.
1873 300 2002 345 Liber
2022 301 2093 346 ille
2116 301 2359 347 Salomonis

199 376 246 419 in
284 376 423 419 sancti
453 376 641 437 Spiritus
676 376 849 421 officina
888 376 1114 435 conflatus,
1147 380 1305 425 Christi
1337 392 1382 425 et
1410 381 1611 426 Ecclesiae
1646 382 1725 427 sub
1763 381 1917 444 Sponsi
1956 382 2217 443 sponsaeque
2255 394 2358 444 typo

199 457 373 500 maritat
396 457 633 529 amplexus.
660 458 799 502 Porro
822 460 982 518 nuptiis
1003 460 1160 520 gaudia
1183 473 1440 506 consonant.
1466 464 1525 506 At
1546 462 1787 507 Bernardus
1809 474 1884 506 aut
1909 478 2054 507 rerum
2076 463 2358 508 obscurarum

143 593 149 608 Ι
199 540 331 584 taedio
348 541 500 596 victus,
520 553 594 585 aut
614 542 834 603 negligens
851 543 1048 603 Apostoli
1066 544 1230 590 dictum
1246 538 1464 592 suadentis
1484 546 1674 608 gaudere
1689 563 1788 591 cum
1810 546 2113 608 gaudentibus,
2137 559 2357 593 mortuum

198 637 324 664 suum
347 621 466 665 ducit
497 622 554 666 ad
576 623 764 683 nuptias,
801 639 900 667 cum
922 625 1126 685 scriptum
1148 627 1202 669 sit
1225 642 1236 670 ι
1273 647 1290 666 α
1311 627 1413 671 Non
1435 638 1500 671 est
1521 628 1636 670 Deus
1653 639 1922 670 mortuorum
1937 660 1948 681 ,
1973 627 2049 671 sed
2070 629 2349 672 viventium.»

198 701 504 746 Discumbente
535 704 685 763 itaque·
707 703 874 764 Sponso
900 705 945 747 in
969 705 1144 765 Sponsae
1177 707 1367 768 gremio,
1391 719 1437 752 et
1449 707 1690 766 juvenculis
1733 708 1886 767 Sponsi
1917 708 2178 768 sponsaeque
2198 710 2356 766 juven-

197 785 377 830 culabus
400 786 563 830 alterna
580 788 854 845 jocunditate
877 788 1198 850 plaudentibus,
1222 791 1328 834 tuba
1360 788 1552 836 funebris
1573 791 1715 835 subito
1738 791 1912 852 clangit.
1939 791 2086 852 Epulae
2116 793 2160 835 in
2190 793 2355 837 luctum

197 877 323 921 eunt,
359 882 522 927 organa
549 880 777 912 vertuntur
804 870 850 912 in
889 869 1033 914 funus.
1062 870 1292 931 Tragoedia
1322 872 1454 915 risum
1482 871 1672 932 profert¹
1703 873 1966 933 nuptiarum.
1995 872 2095 916 Non
2122 873 2351 928 discretus,

197 963 289 991 non
324 947 496 1009 elegans
531 944 748 993 citharista
781 950 920 1006 fuisti,
955 951 1028 1010 qui
1064 950 1267 995 funebres
1308 952 1509 996 modulos
1541 954 1660 1014 regio
1696 953 1894 996 convivio
1922 953 2200 1012 praesentasti.
2250 954 2356 1009 Quis

198 1045 390 1089 unquam
413 1031 642 1074 somniavit
666 1031 753 1075 tale
779 1032 1052 1091 portentum?
1080 1033 1278 1076 Solemus
1302 1032 1444 1078 ridere
1466 1035 1652 1094 picturas
1673 1034 1924 1094 incipientes
1952 1034 2007 1077 ab
2029 1035 2206 1077 homine
2238 1045 2282 1077 et
2310 1035 2355 1077 in

199 1111 364 1153 asinum
396 1110 658 1155 desinentes.
690 1114 896 1165 Revolve,
933 1129 1096 1173 quaeso,
1131 1114 1257 1174 prisci
1287 1130 1420 1175 super
1445 1115 1561 1157 hunc
1592 1115 1751 1157 librum
1782 1126 2062 1159 monumenta
2094 1115 2277 1174 ingenii,
2312 1125 2356 1158 et

197 1190 363 1234 nullum
386 1193 589 1252 reperies,
613 1193 687 1252 qui
710 1194 755 1235 in
771 1194 1017 1252 hujusmodi
1044 1195 1223 1238 materia
1245 1194 1379 1238 tristia
1399 1194 1507 1238 laetis
1525 1194 1806 1240 confoederet.
1829 1195 1959 1239 Unde
1981 1196 2164 1238 Rheticii
2184 1196 2356 1255 Augus-

195 1271 448 1316 todunensis
471 1289 602 1317 aurea
626 1274 685 1317 sic
709 1274 927 1335 depromit
938 1291 1148 1319 camoena:
1175 1275 1301 1318 «Mos
1323 1286 1400 1330 est,
1421 1276 1576 1335 inquit,
1595 1292 1813 1336 generosae
1836 1277 2025 1320 materiae
2045 1275 2351 1331 observandus,

195 1355 350 1417 Sponsi
378 1358 641 1418 Sponsaeque
674 1359 863 1419 tripudia
897 1359 1045 1403 festiva
1075 1359 1183 1403 tuba
1203 1360 1461 1420 persultent.
1488 1360 1639 1420 Neque
1676 1362 1793 1404 enim
1825 1362 1869 1404 in
1896 1361 2043 1404 funera
2083 1360 2145 1403 fas
2178 1359 2355 1403 distrahi

196 1438 413 1491 animum,
451 1439 660 1499 quoniam
698 1439 754 1482 ad
798 1440 1108 1500 exponendum
1152 1442 1318 1484 cantica
1356 1441 1604 1501 nuptiarum
1637 1442 1790 1484 invitat
1828 1441 2022 1484 alacritas
2056 1440 2351 1484 convivarum.

195 1518 282 1562 Sed
304 1521 513 1579 quoniam
533 1532 665 1564 tantae
688 1521 897 1564 facultatis
915 1533 1026 1565 ratio
1045 1523 1092 1565 in
1112 1522 1239 1565 nobis
1259 1522 1327 1565 vel
1337 1506 1469 1565 ‘nulla
1491 1533 1569 1576 est,
1592 1522 1660 1565 vel
1680 1522 1919 1566 admodum
1942 1522 2066 1574 orba,
2089 1522 2178 1577 ejus
2197 1520 2357 1563 innitar

195 1602 360 1659 gratiae,
387 1603 461 1661 qui
483 1618 562 1663 per
583 1602 866 1663 Evangelium
887 1619 1013 1646 suum
1035 1614 1160 1647 sonat
1187 1618 1197 1646 t
1225 1603 1325 1647 Sine
1347 1619 1418 1647 me
1439 1603 1547 1646 nihil
1570 1604 1746 1663 potestis
1767 1604 1923 1646 facere.
1943 1602 2095 1661 Neque
2113 1611 2228 1644 certe
2251 1599 2356 1643 mihi

196 1679 366 1724 deficiet
380 1683 673 1726 transitorium
695 1684 893 1738 verbum,
918 1699 1018 1727 cum
1041 1684 1218 1728 credam
1238 1685 1284 1727 in
1299 1684 1494 1728 Verbum
1520 1683 1638 1744 quod
1655 1695 1718 1727 est
1739 1684 1784 1726 in
1803 1683 2015 1743 principio
2032 1681 2148 1741 apud
2167 1682 2351 1723 Deum.-

192 1761 231 1804 Ο
251 1778 339 1805 vox
373 1764 597 1807 Catholico
631 1764 763 1825 digna
792 1764 992 1808 doctore¹
1031 1766 1071 1808 O
1105 1764 1242 1808 fidelis
1278 1764 1497 1808 confessor
1536 1765 1707 1824 gratiae!
1741 1765 1874 1806 Recte
1906 1761 2261 1823 perpendiculum
2293 1760 2358 1804 sui

187 1843 341 1900 judicii
372 1844 438 1887 -vir
468 1846 639 1905 sapiens
670 1844 870 1896 lineavit,
908 1846 984 1905 qui
1018 1861 1251 1889 moerorem
1283 1861 1308 1888 a
1351 1846 1512 1906 gaudio
1546 1856 1669 1887 tanto
1708 1844 1935 1887 interstitio
1966 1843 2257 1902 sequestravit.
2290 1842 2358 1885 Tu

191 1940 294 1968 vero
329 1926 538 1972 terminos
569 1926 907 1987 transgrediens,
940 1942 1048 1986 quos
1078 1937 1314 1987 posuerunt
1336 1927 1483 1984 Ratres
1511 1927 1601 1981 tui,
1640 1927 1807 1969 cantica
1835 1926 1880 1967 in
1901 1924 2065 1985 elegos,
2090 1923 2280 1966 carmina
2309 1922 2356 1965 in

190 2007 369 2050 threnos
400 2019 513 2051 sorte
547 2008 782 2051 miserabili
811 2009 1073 2052 convertisti.
1117 2008 1249 2063 Quod
1278 2010 1313 2051 si
1344 2008 1424 2050 tibi
1453 2008 1649 2051 deessent
1679 2006 1971 2050 ecclesiasticae
2002 2005 2104 2047 scita
2135 2018 2349 2059 censurae,

188 2088 379 2131 recolere
399 2098 571 2147 poteras
592 2089 721 2130 etiam
744 2089 916 2149 gentilis
937 2088 1131 2131 instituta
1153 2088 1409 2148 prudentiae.
1436 2088 1549 2130 Nam
1568 2104 1666 2131 cum
1688 2087 1841 2130 Zeuxis
1862 2087 2000 2146 pictor
2023 2085 2203 2128 eximius
2225 2084 2353 2126 simu-

192 2173 357 2217 lacrum
380 2174 557 2217 Helenae
586 2174 741 2234 pinxit,
773 2190 862 2216 non
893 2175 933 2217 ei
960 2175 1139 2217 brachia
1168 2175 1329 2230 simiae,
1353 2189 1435 2217 nec
1456 2174 1659 2229 chimerae
1679 2183 1895 2226 ventrem,
1924 2187 2005 2215 nec
2023 2171 2205 2214 caudam
2227 2169 2352 2230 piscis

192 2256 376 2315 aptavit,
403 2255 480 2298 sed
503 2256 796 2298 humanorum
811 2256 1109 2313 membrorum
1131 2255 1394 2316 expolitione
1415 2255 1656 2315 perfectum
1677 2253 1860 2314 publicis
1894 2253 2040 2296 usibus
2054 2251 2070 2275 ²
2093 2251 2346 2314 propalavit.

192 2336 398 2397 Alioquin
419 2336 626 2380 indecens
647 2346 691 2379 et
711 2335 943 2379 ridiculosa
965 2347 1074 2379 esset
1094 2336 1278 2396 pictura.
1303 2335 1432 2378 Unde
1458 2336 1661 2378 Horatius
1682 2335 1728 2377 in
1749 2327 1856 2377 Arte
1866 2331 2067 2394 poetica⁸
2098 2348 2109 2376 ι

629 2466 813 2503 Humano
834 2463 951 2517 capiti
968 2464 1161 2503 cervicem
1179 2463 1305 2516 pictor
1322 2464 1504 2517 equinam

627 2530 650 2567 J
653 2541 801 2580 ungere
817 2527 849 2566 si
864 2527 973 2574 velit,
987 2536 1026 2567 et
1043 2528 1172 2566 varias
1187 2527 1374 2566 inducere
1392 2526 1562 2579 plumas,

625 2590 811 2643 Undique
831 2590 979 2629 collatis
996 2589 1202 2639 membris3
1225 2598 1268 2628 ut
1290 2589 1456 2642 turpiter
1478 2597 1605 2628 atrum

629 2654 790 2692 Desinat
806 2653 847 2692 in
869 2653 1014 2706 piscem
1035 2653 1175 2692 mulier
1190 2652 1360 2692 formosa
1378 2664 1546 2704 superne
1564 2663 1575 2690 τ

627 2718 851 2769 Spectatum
870 2716 1045 2766 admissi,
1072 2715 1192 2755 risum
1210 2715 1373 2755 teneatis
1394 2715 1524 2754 amici.

190 2846 401 2891 Concedit
427 2863 518 2903 ars,
542 2858 591 2891 ut
613 2847 733 2908 quod
761 2848 864 2894 *lis
894 2848 1098 2908 incipias,
1130 2847 1207 2891 sed
1234 2863 1324 2891 non
1353 2858 1402 2890 ut
1423 2845 1661 2907 quemlibet
1689 2843 1821 2888 finem
1848 2841 1994 2903 coeptis
2012 2840 2094 2885 tuis
2114 2855 2344 2902 supponas.

189 2929 318 2973 Unde
339 2929 459 2973 idem
480 2940 611 2990 poeta
633 2929 764 2990 paulo
788 2940 886 2990 post
909 2927 1100 2989 scripsit*
1133 2944 1143 2972 :
1486 2929 1489 2932 ’

626 3093 817 3106 .....
852 3062 1072 3103 Pictoribus
1095 3071 1212 3115 atque
1230 3061 1354 3115 poetis

625 3124 824 3177 Quidlibet
843 3126 1015 3166 audendi
1033 3139 1186 3180 semper
1205 3126 1278 3166 suit
1301 3138 1414 3178 aequa
1435 3131 1618 3178 potestas.

232 3290 243 3311 ¹
259 3288 310 3324 Ita
325 3289 523 3324 Rawlinson.
542 3290 696 3324 Procerit
713 3290 813 3324 Δηώ.
827 3307 870 3315 -
882 3290 894 3310 ²
906 3289 1001 3323 Amb.
1020 3288 1132 3323 forsan
1151 3288 1294 3323 visibus.
1310 3306 1352 3313 --
1366 3289 1379 3310 ³
1395 3290 1411 3323 1
1436 3292 1470 3321 et
1484 3296 1537 3329 sq,
1553 3304 1595 3312 -
1609 3288 1620 3308 ⁴
1634 3285 1739 3328 thid..
1756 3294 1787 3319 v.
1806 3285 1827 3319 9
1844 3288 1878 3319 et
1897 3293 1949 3328 sq.
