2638 3866
307 179 403 228 276
1114 180 1286 228 PETRI
1320 181 1636 230 ABAELARDI
1705 247 1709 251 .

304 281 489 344 genitus
521 281 707 351 dicatur
739 281 987 328 Christus?
1021 281 1311 346 Respondet,
1347 281 1495 330 habet
1528 281 1726 346 quidem
1763 282 1943 348 plures,
1979 281 2063 330 sed
2094 299 2182 348 per
2215 281 2437 348 adoptio-

302 376 432 420 nem,
467 377 567 408 non
594 378 682 425 per
703 371 944 409 naturam.
976 362 1100 419 Quia
1124 371 1172 408 et
1194 378 1280 409 vos
1307 362 1399 427 ipsi
1422 362 1646 427 spiritum
1667 361 1944 428 adoptionis
1968 362 2232 428 accepistis,
2254 362 2436 428 inquo

300 439 572 496 efficiuntur
596 440 679 487 filii
704 441 816 492 Dei.
846 440 985 488 Unde
1016 451 1064 488 et
1087 441 1187 505 ipse
1209 440 1324 488 alibi
1355 441 1497 489 dicit²
1522 459 1532 487 :
1564 461 1588 487 «
1607 442 1754 500 Quod
1777 443 1948 491 caritas
1971 443 2060 491 Dei
2090 442 2264 491 diffusa
2287 451 2358 491 est
2385 443 2435 490 in

299 519 526 573 cordibus
563 521 739 570 nostris
770 539 858 588 per
889 522 1120 587 Spiritum
1153 532 1375 570 sanctum
1407 523 1491 587 qui
1529 522 1671 571 datus
1704 534 1774 572 est
1808 524 1968 573 nobis.
1990 544 2013 568 >2
2042 524 2244 590 Spiritus
2275 524 2436 588 itaque

298 599 573 665 adoptionis
610 602 798 656 donum
824 602 999 650 dicitur
1034 603 1257 663 caritatis,
1295 620 1382 669 per
1413 603 1548 669 quod
1582 604 1872 671 adoptamur
1895 622 1923 653 a
1946 608 2049 653 Deo
2083 605 2132 651 in
2165 603 2306 651 filios.
2338 605 2434 651 «ln

296 697 412 744 qu0,
438 701 460 725 »
488 682 666 730 scilicet
690 683 877 749 spiritu,
905 682 953 730 id
982 692 1053 730 est
1076 683 1124 729 in
1157 683 1456 748 professione
1480 694 1527 732 et
1552 686 1883 750 recognitione
1912 687 2049 750 cujus
2083 685 2224 746 doni,
2251 701 2342 731 nos
2372 682 2436 737 ad
2512 727 2516 730 .

295 763 594 810 Dominum«
610 764 873 812 clamamus
897 784 919 808 >³
945 765 1146 826 intente,
1174 774 1319 828 atque
1342 765 1613 814 exultanter
1642 766 1865 830 dicimus,
1883 786 1906 812 «
1927 767 2060 814 Abba
2073 770 2227 823 Pater,
2243 785 2267 811 »
2291 764 2342 812 id
2365 773 2436 819 est
2511 796 2514 799 ‹

295 858 407 889 eum
440 844 601 908 potius
628 844 913 910 profitemur
947 861 1048 891 esse
1078 855 1264 909 patrem
1297 862 1444 911 quam
1479 847 1763 905 Dominum,
1801 863 1858 895 ac
1889 864 1976 913 per
2010 846 2106 894 hoc
2144 862 2235 893 nos
2271 845 2434 910 potius

293 919 417 969 filios
448 940 596 988 quam
628 941 793 972 servos
825 924 1235 988 recognoscimus.
1264 927 1339 973 Sic
1362 926 1493 973 enim
1525 937 1573 974 et
1594 927 1778 975 Veritas
1802 928 1849 974 in
1880 927 2135 990 Evangelio
2158 925 2434 989 frequenter

292 1000 458 1049 docuit
493 1021 583 1051 nos
618 1004 797 1052 scilicet
829 1007 986 1052 Deum
1010 1005 1173 1070 potius
1211 1023 1384 1054 vocare
1420 1010 1611 1054 Patrem
1643 1024 1788 1072 quam
1823 1008 2108 1066 Dominum,
2149 1016 2203 1053 ut
2239 1022 2295 1053 ex
2334 1004 2448 1052 hoc.

290 1098 485 1148 quoque
509 1084 572 1132 ad
595 1084 788 1134 filialem
815 1102 904 1133 nos
934 1085 1210 1134 hortaretur
1241 1086 1607 1152 subjectionem.
1637 1088 1776 1136 Unde
1810 1099 1856 1136 et
1878 1105 1990 1135 cum
2022 1087 2154 1135 illam
2187 1085 2432 1152 discipulis
2476 1099 2484 1110 ·

289 1163 580 1227 spiritualem
605 1165 813 1213 traderet
837 1166 1167 1214 orationem²z
1200 1188 1221 1211 ε(
1241 1169 1461 1230 Orantes,
1482 1188 1506 1214 »
1534 1169 1706 1233 inquit,
1739 1189 1760 1214 «
1788 1169 1931 1216 dicite
1959 1188 1969 1216 :
2000 1171 2137 1215 Pater
2160 1176 2322 1214 noster
2346 1166 2441 1231 qui.
2508 1212 2513 1218 ,

287 1258 338 1289 es
359 1243 407 1290 in
428 1245 574 1305 coelis,
598 1255 690 1293 etc.
715 1265 737 1291 »
766 1246 907 1294 Unde
928 1246 1056 1295 bene
1082 1247 1290 1302 Abbates
1311 1250 1714 1297 Monasteriorum
1741 1253 1902 1297 Patres
1926 1249 2148 1307 dicimus,
2170 1257 2222 1294 ut
2244 1264 2302 1294 ex
2324 1247 2429 1312 ipso
2512 1286 2515 1290 .

286 1325 485 1372 nomine
503 1327 653 1390 magis
670 1327 820 1375 amari
837 1337 1067 1392 tanquam
1087 1338 1264 1393 patres,
1283 1345 1429 1393 quam
1447 1330 1603 1377 timeri
1622 1340 1853 1394 tanquam
1871 1329 2067 1377 Domini
2085 1337 2247 1394 aperte
2267 1326 2431 1374 admo-

285 1414 507 1453 neantur.
525 1426 548 1451 «
566 1407 856 1468 Clamamus,
881 1427 903 1452 »
928 1409 1110 1473 inquit,
1131 1426 1222 1456 nos
1240 1409 1428 1457 Hebraei
1451 1431 1473 1454 c<
1495 1410 1648 1473 Abba,
1678 1431 1701 1455 2>
1726 1427 1819 1458 nos
1841 1426 1899 1457 ex
1922 1409 2159 1457 Gentibus
2180 1427 2202 1453 «
2221 1411 2378 1469 Pater,
2403 1426 2426 1451 η
2507 1441 2512 1450 .

285 1500 396 1531 cum
421 1484 515 1534 hoc
545 1487 724 1536 scilicet
746 1506 927 1536 nomen
951 1490 1011 1536 sit
1033 1488 1289 1537 Hebraeum
1320 1491 1419 1538 sive
1441 1493 1644 1555 Syrum3
1671 1491 1791 1539 illud
1820 1492 2042 1538 Graecum
2065 1489 2163 1536 sive
2186 1488 2425 1535 Latinum.

286 1565 574 1629 Augustinus
598 1569 648 1615 in
671 1569 885 1634 Epistola
906 1569 973 1615 ad
988 1569 1219 1617 Galatas.-
1242 1590 1265 1615 α
1286 1570 1417 1619 Abba
1445 1575 1602 1633 Pater,
1620 1593 1642 1615 »
1670 1571 1770 1619 duo
1792 1580 1905 1618 sunt
1929 1569 2093 1631 verba,
2116 1585 2223 1633 quae
2246 1567 2424 1633 posuit,

284 1654 335 1691 ut
362 1648 627 1710 posteriore
651 1649 991 1715 interpretetur
1012 1651 1240 1715 primum.
1278 1653 1397 1699 Nam
1433 1652 1530 1700 hoc
1555 1652 1690 1701 Abba
1721 1652 1856 1718 quod
1889 1660 2042 1717 pater,
2086 1659 2283 1716 propter
2312 1649 2429 1696 uni-

284 1742 475 1774 versum
495 1730 732 1794 populum
750 1731 833 1795 qui
850 1731 911 1778 de
930 1734 953 1777 J
960 1731 1103 1779 udaeis
1127 1742 1174 1778 et
1197 1732 1435 1779 Gentibus
1453 1743 1652 1781 vocatus
1671 1743 1764 1791 est;
1787 1743 1840 1780 ut
1863 1732 2118 1780 Hebraeum
2143 1730 2347 1778 verbum
2365 1728 2427 1777 ad

282 1806 488 1878 Judaeos,
504 1811 721 1858 Graecum
733 1811 794 1858 ad
806 1814 984 1859 Gentes
999 1812 1282 1877 pertineat.»
1300 1812 1453 1873 Idem,
1468 1813 1552 1860 lib.
1568 1817 1629 1861 ΙΙΙ
1646 1813 1702 1859 cle
1719 1815 1963 1861 Consensu
1978 1811 2393 1877 Evangelclrtarum
2411 1828 2425 1856 :

287 1907 310 1931 «
337 1891 440 1936 Hoc
462 1900 533 1938 est
556 1890 692 1939 Abba
713 1891 947 1940 Hebraice
969 1892 1104 1957 quod
1139 1903 1209 1939 est
1245 1893 1408 1941 Latine
1434 1896 1588 1941 Pater.
1617 1913 1639 1936 >2
1667 1897 1854 1958 Haymo
1889 1909 2036 1958 super
2066 1891 2199 1938 hunc
2230 1890 2421 1937 locum:

288 1988 310 2010 «
336 1967 472 2018 Abba
503 1971 760 2019 Hebraeum
798 1982 869 2020 est
904 1982 952 2020 et
997 1975 1196 2038 Syrum,
1226 1977 1364 2022 Pater
1402 1976 1623 2022 Graecum
1662 1984 1709 2021 et
1743 1974 1982 2020 Latinum.
2015 1970 2284 2019 Praevidens
2308 1986 2424 2033 ergo

281 2050 536 2113 Apostolus
559 2061 793 2118 utrosque
815 2054 1025 2119 populos
1056 2053 1118 2101 ad
1143 2053 1290 2101 fidem
1323 2054 1637 2118 colligendos,
1666 2055 1827 2120 posuit
1850 2053 1950 2101 duo
1974 2052 2175 2100 nomina
2207 2050 2298 2098 sub
2326 2065 2426 2098 una

279 2129 645 2194 significatione,
667 2143 718 2180 ut
739 2134 824 2198 qui
848 2134 1054 2182 credunt
1076 2152 1134 2182 ex
1157 2135 1368 2182 Hebraeis
1391 2145 1439 2182 et
1460 2136 1588 2200 Syris
1611 2135 1773 2182 dicant
1794 2153 1804 2181 :
1831 2154 1854 2180 «
1875 2133 2008 2181 Abba
2030 2133 2271 2191 miserere,
2291 2151 2314 2175 2>
2341 2130 2426 2196 qui

279 2225 337 2255 ex
368 2212 551 2260 *Graecis
587 2212 786 2278 aliisque
824 2213 987 2262 dicant
1013 2233 1023 2261 ε
1057 2218 1256 2263 «Pater.
1279 2234 1300 2259 »
1339 2214 1449 2263 Tale
1481 2215 1600 2280 quid
1632 2216 1682 2262 in
1721 2215 1981 2279 Evangelio
2015 2213 2165 2260 Marci
2197 2211 2423 2272 habetur,

281 2289 470 2340 dicente
493 2294 707 2342 Domino
723 2296 736 2320 ³
760 2313 770 2342 z
801 2294 975 2343 «Abba
994 2299 1149 2357 Pater,
1171 2296 1210 2344 si
1234 2295 1462 2361 possibile
1484 2305 1573 2356 est,
1602 2305 1812 2343 transeat
1830 2295 1952 2343 calix
1972 2295 2058 2342 iste
2082 2310 2111 2341 a
2134 2309 2228 2340 me.
2254 2311 2278 2336 »2

348 2390 371 2416 «
393 2371 623 2437 Spiritum
644 2375 882 2423 servitutis
914 2376 963 2422 in
986 2376 1176 2424 timore.
1204 2396 1227 2421 »
1257 2376 1383 2423 Dicit
1409 2376 1595 2423 donum
1618 2376 1738 2423 illud
1761 2375 1943 2423 servilis
1970 2373 2173 2433 timoris,
2199 2388 2299 2437 quo
2323 2387 2423 2418 non
2505 2415 2508 2417 ,

279 2467 308 2498 a
332 2453 458 2501 mala
474 2455 738 2513 voluntate,
761 2456 845 2504 sed
866 2473 895 2504 a
919 2456 1042 2505 mala
1064 2457 1419 2523 compescimur
1441 2457 1649 2517 actione,
1675 2455 1933 2503 formidine
1953 2471 2123 2520 poenae,
2142 2454 2263 2500 sicut
2286 2461 2424 2498 antea
2503 2494 2505 2496 ,

277 2533 426 2581 Judaei
449 2552 535 2601 per
556 2553 725 2602 poenas
748 2537 864 2602 legis
887 2539 1182 2603 corporales.
1215 2558 1239 2584 α
1269 2541 1376 2586 Non
1403 2538 1652 2603 accepistis
1674 2538 1956 2602 spiritum.»
1984 2539 2072 2583 Per
2094 2532 2420 2596 Evangelium‚

278 2612 398 2661 sicut
419 2616 533 2663 olim
562 2617 714 2665 Judaei
745 2635 831 2684 per
853 2618 1025 2683 legem.
1057 2639 1079 2662 «
1101 2621 1206 2685 lpse
1231 2619 1363 2667 enim
1385 2619 1597 2684 spiritus.
1617 2637 1642 2664 υ
1668 2617 1952 2684 Adoptionis
1979 2632 2126 2681 quem
2148 2614 2356 2662 diximus
2378 2621 2425 2660 et

278 2691 514 2743 habemus
538 2696 691 2746 facere
711 2702 1082 2764 recognoscere*
1097 2700 1321 2765 spiritum
1344 2709 1584 2755 nostrum,
1604 2698 1655 2746 id
1680 2708 1752 2746 est
1770 2698 2025 2745 rationem.
2045 2717 2067 2740 «
2087 2694 2234 2754 Quod
2258 2709 2425 2745 sumus

280 2771 363 2820 filii
386 2777 491 2834 Dei,
516 2797 539 2820 »
566 2777 616 2824 id
641 2788 711 2826 est
733 2779 777 2826 ei
799 2796 886 2844 per
906 2796 1124 2828 amorem
1153 2779 1373 2844 subjecti.
1400 2779 1528 2827 Nihil
1551 2780 1682 2827 enim
1710 2778 1882 2826 melius
1904 2779 2109 2842 quisque
2138 2790 2285 2840 quam
2307 2789 2424 2838 pro-

278 2853 434 2916 priam
466 2859 767 2920 recognoscit
797 2861 1162 2923 conscientiam,
1190 2870 1238 2907 et
1269 2870 1434 2908 utrum
1465 2877 1632 2907 servus
1653 2876 1716 2907 an
1742 2858 1869 2907 filius
1900 2858 2063 2924 potius
2090 2855 2323 2903 dicendus
2344 2853 2419 2900 sit.

279 2932 557 2982 Notandum
588 2953 703 2984 vero
725 2941 1006 3004 Apostolum
1032 2941 1082 2987 in
1111 2940 1208 3000 his,
1239 2940 1414 3004 quibus
1442 2941 1660 3005 loquitur
1685 2940 1913 2987 Romanis
1930 2975 1942 2999 ,
1970 2953 2180 3002 quorum
2202 2932 2424 2982 nonnulli

278 3011 589 3061 vehementer
612 3027 747 3064 erant
769 3019 1176 3083 reprehendendi,
1204 3020 1476 3083 generalem
1499 3021 1715 3068 fidelium
1743 3024 1933 3068 Patrem
1957 3019 2053 3065 hoc
2075 3017 2184 3064 loco
2207 3031 2258 3062 se
2281 3013 2422 3060 intel-

277 3090 442 3154 ligere,
471 3103 517 3140 et
545 3111 644 3141 non
675 3105 774 3143 tam
805 3098 968 3161 quales
999 3099 1066 3150 illi
1094 3109 1252 3147 essent
1275 3116 1423 3164 quam
1448 3101 1616 3166 quales
1648 3117 1750 3148 esse
1774 3098 2010 3147 deberent
2037 3111 2296 3162 exponere.
2328 3113 2350 3137 «
2373 3091 2420 3139 Si

321 3279 460 3323 'Rom.,
479 3289 551 3322 cap.
572 3289 604 3321 v,
633 3290 662 3314 v.
682 3283 712 3315 5.
733 3299 770 3306 -
788 3284 798 3302 ¹
816 3282 950 3325 Matth.,
977 3293 1048 3326 cap.
1074 3292 1123 3327 vi,
1147 3294 1178 3317 v.
1205 3286 1235 3318 9.
1256 3286 1316 3308 -3
1331 3284 1428 3319 Marc.
1444 3310 1451 3327 ,
1468 3295 1542 3328 cap.
1567 3294 1641 3327 xiv,
1661 3295 1689 3318 v.
1711 3286 1762 3319 36.
1777 3303 1812 3308 -
1828 3283 1902 3317 ⁴Sic
1918 3282 2123 3316 Amboesius.
