2638 3866
1129 252 1447 302 APPENDIX.
2259 257 2353 307 773

210 346 302 406 gari
322 346 611 407 conspiceres;
635 358 686 391 ut
706 348 830 393 facile
851 348 1031 408 quilibet
1047 350 1260 409 judicaret
1290 354 1386 398 illos
1413 370 1503 398 non
1526 355 1693 400 Christo
1712 366 1814 400 vota
1836 355 2102 417 persolvere,
2139 356 2215 401 sed
2242 359 2351 402 Bac-

209 423 310 467 cho.
337 423 455 468 Inter
475 425 569 469 haec
590 426 826 469 salutantur
847 427 991 487 cyphi,
1015 430 1170 488 pocula
1191 431 1478 487 celebrantur,
1501 432 1730 478 laudantur
1751 434 1873 489 vina,
1908 433 2155 495 pontificum
2183 445 2351 496 guttura

209 504 453 565 irrigantur.
478 505 602 551 Tunc
624 506 774 567 aliquis
796 507 1034 552 Horatiano
1056 509 1142 555 sale
1163 510 1311 556 ludere
1333 512 1497 573 posset¹
1529 529 1539 558 ε

640 637 811 688 Nullam,
834 641 950 691 Vare,
971 653 1080 682 sacra
1098 642 1177 682 vite
1196 643 1304 696 prius
1325 646 1472 686 severis
1491 645 1685 688 arborem.

207 759 318 804 Nam
341 758 465 816 illud,
491 759 610 821 quod
631 761 751 806 idem
771 773 901 824 poeta
923 764 968 807 in
992 763 1076 809 alio
1099 767 1288 811 carmine
1311 769 1521 828 promit²,

641 898 754 936 Nunc
772 906 830 937 est
847 896 1075 948 bibendum,
1095 912 1200 940 nunc
1217 899 1316 953 pede
1332 900 1457 940 libero

635 959 830 1011 Pulsanda
849 961 1028 1002 tellus...

203 1082 264 1126 ibi
301 1084 550 1128 memoriter
595 1085 837 1145 gerebatur.
876 1086 1051 1143 Quanto
1097 1087 1306 1132 salubrius
1352 1088 1572 1134 audiretur
1609 1091 1746 1135 suavis
1777 1103 1916 1151 poetae
1957 1091 2096 1136 Galli*
2143 1094 2349 1137 sententia

204 1162 429 1209 luculentis
453 1164 693 1210 admodum
715 1167 907 1212 versibus
928 1168 1117 1229 vigilata.
1142 1169 1216 1212 Ait
1237 1170 1352 1213 enim
1373 1185 1382 1214 ε

636 1310 734 1353 Vina
751 1311 893 1366 probo,
912 1312 944 1354 si
964 1321 1056 1366 pota
1071 1313 1203 1366 modo,
1225 1313 1446 1368 debentque
1465 1316 1638 1369 probari.

745 1377 787 1417 Si
807 1389 887 1416 non
907 1385 999 1430 pota
1017 1377 1150 1428 modo,
1172 1378 1261 1418 vina
1281 1392 1431 1418 venena
1451 1388 1561 1432 pute.

201 1497 287 1542 Sed
309 1498 451 1543 lethaei
471 1500 593 1552 potio
610 1501 724 1545 succi
746 1501 1000 1562 pontificum
1021 1502 1154 1547 corda
1171 1505 1262 1561 jam
1284 1503 1524 1564 sepelierat.
1547 1505 1675 1557 Ecce,
1703 1505 1841 1564 inquit
1864 1505 2075 1565 Satyricus
2088 1507 2123 1559 ⁴,

643 1672 961 1685 .........
1000 1647 1107 1684 Inter
1130 1646 1271 1698 pocula
1297 1654 1477 1698 quaerunt

634 1706 838 1747 Pontifices
860 1707 980 1747 saturi
998 1707 1094 1760 quid
1112 1707 1176 1748 dia
1199 1717 1377 1761 poemata
1395 1716 1568 1750 narrent.

198 1848 394 1908 Denique
416 1864 516 1891 cum
549 1849 712 1908 aliquid
734 1851 889 1895 subtile
911 1851 1192 1913 divinumque
1214 1853 1411 1908 sonabat,
1434 1854 1553 1913 quod
1575 1854 1747 1898 auribus
1768 1853 2082 1915 pontificalibus
2107 1864 2199 1897 erat
2230 1855 2348 1897 inso-

197 1926 344 1982 litum,
381 1927 605 1972 audientes
634 1945 785 1975 omnes
816 1931 1138 1977 dissecabantur
1167 1934 1370 1979 cordibus
1392 1935 1491 1990 suis,
1526 1945 1569 1978 et
1592 1935 1830 1978 stridebant
1851 1934 2053 1978 dentibus
2076 1934 2121 1976 in
2149 1934 2345 1989 Petrum,

197 2019 240 2052 et
262 2008 409 2052 oculos
439 2010 566 2070 talpae
588 2011 799 2055 habentes
821 2013 866 2055 in
889 2014 1194 2074 philosophum
1223 2031 1232 2059 :
1258 2017 1377 2070 Hoc,
1411 2017 1633 2075 inquiunt,
1658 2016 1892 2058 sineremus
1915 2016 2057 2058 vivere
2078 2014 2349 2058 monstrum?

195 2087 505 2148 Moventesque
541 2102 670 2150 caput
703 2093 824 2150 quasi
856 2092 1020 2135 Judaei⁶
1053 2108 1063 2136 :
1096 2114 1112 2131 α
1134 2094 1230 2136 Vah
1245 2126 1256 2148 ,
1287 2095 1508 2154 inquiunt,
1540 2110 1639 2138 ecce
1669 2095 1742 2153 qui
1772 2094 1950 2138 destruit
1970 2094 2178 2154 templum
2202 2095 2297 2137 Dei.
2326 2116 2341 2133 n

197 2167 265 2211 Sic
289 2168 488 2225 judicant
509 2170 642 2215 verba
663 2171 839 2234 luminis
861 2172 963 2216 caeci
977 2205 988 2226 ‚
1020 2173 1080 2216 sic
1100 2174 1241 2216 virum
1262 2174 1457 2217 sobrium
1488 2173 1697 2218 damnant
1718 2175 1848 2229 ebrii,
1883 2175 1942 2219 sic
1962 2185 2113 2218 contra
2138 2189 2349 2234 organum

195 2248 414 2292 Trinitatis
437 2248 651 2294 disserunt
681 2251 833 2295 calices
854 2251 1055 2308 facundi,
1089 2253 1149 2297 sic
1175 2265 1326 2298 contra
1349 2255 1586 2314 simplicem
1609 2255 1828 2314 disputant
1858 2254 2049 2308 cornuti,
2075 2254 2133 2297 sic
2154 2265 2348 2298 sanctum

192 2343 340 2383 canes,
365 2330 424 2373 sic
445 2332 697 2391 margaritas
718 2333 839 2392 porci
862 2333 1114 2377 corrodunt.
1139 2333 1206 2377 Sic
1224 2334 1286 2377 sal
1307 2345 1431 2378 terrae
1453 2334 1703 2379 infatuatur.
1728 2335 1798 2379 Sic
1820 2334 1923 2396 legis
1943 2333 2082 2379 fistula
2104 2332 2343 2378 obturatur.

194 2408 487 2453 Concionatur
513 2411 681 2471 sapiens
708 2411 821 2465 vir⁸,
853 2432 870 2451 α
891 2413 978 2468 Qui
1008 2414 1144 2474 tangit
1171 2415 1312 2474 picem
1344 2414 1638 2474 inquinabitur
1659 2414 1714 2458 ab
1736 2430 1812 2459 ea:
1835 2436 1852 2454 »
1881 2414 1999 2475 quod
2027 2429 2106 2457 nos
2139 2413 2221 2456 alio
2246 2430 2346 2474 pos-

194 2503 339 2533 sumus
372 2490 555 2535 reddere
585 2507 735 2546 versu,
756 2484 790 2530 ³«
807 2492 896 2548 Qui
931 2494 1070 2554 tangit
1098 2495 1248 2538 vinum
1281 2495 1575 2554 inquinabitur
1609 2495 1664 2538 ab
1697 2511 1766 2540 eo.
1789 2517 1805 2535 »
1843 2496 2015 2539 Biberat
2048 2496 2346 2555 episcoporum

193 2570 400 2614 sobrietas
434 2572 687 2632 sanguinem
719 2590 812 2617 uvae
846 2575 1206 2631 meracissimum,
1241 2577 1358 2634 cujus
1394 2576 1683 2636 integritatem
1707 2592 1817 2637 aqua
1854 2592 1942 2620 non
1976 2576 2313 2637 devirginaverat
2331 2608 2342 2629 ,

193 2650 295 2708 quia
318 2651 556 2696 secundum
578 2653 841 2711 Martialem,

626 2791 783 2831 Grande
802 2792 917 2832 nimis
937 2794 1061 2833 scelus
1081 2802 1138 2833 est
1161 2807 1314 2834 sacrum
1332 2794 1512 2848 jugulare
1529 2795 1751 2844 Falernum,

730 2857 810 2895 Nec
826 2856 998 2896 Bacchus
1017 2857 1204 2910 Lymphae
1227 2857 1446 2912 conjugium
1467 2858 1645 2911 patitur⁷.

191 2993 479 3053 Impleverant
492 2997 695 3056 primates
717 2998 833 3042 orbis
849 2999 1095 3060 philosophi
1110 3000 1291 3060 gutturis
1312 2999 1428 3043 dolia
1442 3016 1518 3044 sua
1538 2999 1681 3043 vivido
1697 3000 1816 3044 vino.
1832 3001 1961 3057 Cujus
1982 2999 2099 3044 calor
2121 3001 2179 3042 ita
2202 3000 2342 3043 inces-

193 3086 304 3118 serat
331 3077 540 3130 cerebris,
570 3089 618 3123 ut
639 3079 684 3122 in
706 3080 845 3123 somni
871 3080 1093 3142 letargiam
1122 3081 1236 3124 oculi
1264 3081 1459 3124 omnium
1481 3080 1762 3124 solverentur.
1786 3081 1903 3125 Inter
1922 3081 2017 3124 haec
2045 3091 2169 3124 sonat
2189 3079 2339 3133 lector,

244 3245 326 3279 ¹Od.
345 3245 374 3287 Ι,
393 3248 443 3281 18-
462 3265 503 3271 —
523 3247 607 3282 ²0d.
623 3247 650 3288 Ι,
667 3251 721 3283 37.
738 3267 780 3274 -
795 3251 807 3271 ³
831 3249 890 3284 Hic
907 3257 995 3284 certe
1017 3252 1174 3286 alluditur
1190 3254 1233 3286 ad
1305 3254 1446 3286 riantur.
1462 3271 1503 3277 -
1522 3253 1678 3289 ‘Pei-sius,
1697 3254 1786 3293 Sat„
1803 3252 1836 3295 1,
1857 3261 1888 3286 v.
1906 3254 1960 3287 30.
1977 3269 2019 3277 —
2035 3251 2168 3293 *Mai-c„
2192 3260 2263 3292 cap.
2282 3258 2338 3288 xv,

194 3298 321 3334 Gallum
353 3307 483 3343 poetam
514 3310 613 3344 quem
632 3305 749 3337 cecinit
772 3304 942 3349 Virgilius,
970 3308 1121 3349 quamvls
1144 3308 1232 3341 allati
1306 3318 1336 3341 v.
1355 3309 1411 3342 29.
1430 3326 1469 3332 -
1487 3308 1628 3348 Ἐοοῑι·.,
1647 3317 1720 3349 cap.
1740 3317 1817 3349 xm,
1842 3317 1872 3342 v.
1903 3310 1933 3342 1.
1954 3325 1994 3332 —
2011 3309 2020 3327 ⁷
2039 3306 2157 3340 Versus
2184 3307 2274 3348 prior
2290 3311 2339 3338 est

195 3362 306 3387 versus
324 3356 433 3388 necin
456 3355 538 3391 Gaui
554 3366 615 3390 nec
636 3359 670 3391 in
686 3358 914 3393 Pseudo-Galli
932 3360 1121 3402 fragmentis
1138 3371 1232 3403 repe·
1304 3362 1475 3404 Martialis,
1494 3361 1520 3404 Ι,
1544 3364 1603 3402 19ς
1622 3364 1837 3405 posteriorem
1854 3363 1968 3396 nullibi
1987 3362 2139 3395 vidimus.
