<?xml version="1.0" encoding="UTF-8"?>
<!DOCTYPE html PUBLIC "-//W3C//DTD XHTML 1.0 Transitional//EN"
    "http://www.w3.org/TR/xhtml1/DTD/xhtml1-transitional.dtd">
<html xmlns="http://www.w3.org/1999/xhtml" xml:lang="en" lang="en">
 <head>
  <title>
</title>
<meta http-equiv="Content-Type" content="text/html;charset=utf-8" />
  <meta name='ocr-system' content='tesseract 3.04.00' />
  <meta name='ocr-capabilities' content='ocr_page ocr_carea ocr_par ocr_line ocrx_word'/>
</head>
<body>
  <div class='ocr_page' id='page_1' title='image "./operahactenusseo00abeluoft_0120.png"; bbox 0 0 2638 3866; ppageno 0'>
   <div class='ocr_carea' id='block_1_1' title="bbox 320 164 1633 214">
    <p class='ocr_par' dir='ltr' id='par_1_1' title="bbox 320 164 1633 214">
     <span class='ocr_line' id='line_1_1' title="bbox 320 164 1633 214; baseline 0 -2"><span class='ocrx_word' id='word_1_1' title='bbox 320 170 337 212; x_wconf 78' lang='grc'>1</span> <span class='ocrx_word' id='word_1_2' title='bbox 354 169 412 213; x_wconf 76' lang='grc'><strong>10</strong></span> <span class='ocrx_word' id='word_1_3' title='bbox 1116 167 1288 214; x_wconf 83' lang='lat' dir='ltr'>PETRI</span> <span class='ocrx_word' id='word_1_4' title='bbox 1325 164 1633 212; x_wconf 85' lang='lat' dir='ltr'><strong>ABAELARDI</strong></span> 
     </span>
    </p>
   </div>
   <div class='ocr_carea' id='block_1_2' title="bbox 311 263 2456 3150">
    <p class='ocr_par' dir='ltr' id='par_1_2' title="bbox 311 263 2456 3150">
     <span class='ocr_line' id='line_1_2' title="bbox 317 263 2438 330; baseline -0.001 -17"><span class='ocrx_word' id='word_1_5' title='bbox 317 283 442 314; x_wconf 87' lang='lat' dir='ltr'><strong>rasse</strong></span> <span class='ocrx_word' id='word_1_6' title='bbox 470 266 626 314; x_wconf 84' lang='lat' dir='ltr'><strong>solum</strong></span> <span class='ocrx_word' id='word_1_7' title='bbox 655 266 750 313; x_wconf 87' lang='lat' dir='ltr'><strong>hoc</strong></span> <span class='ocrx_word' id='word_1_8' title='bbox 778 265 886 313; x_wconf 90' lang='lat' dir='ltr'><strong>loco</strong></span> <span class='ocrx_word' id='word_1_9' title='bbox 907 266 1094 327; x_wconf 91' lang='lat' dir='ltr'><strong>Filium,</strong></span> <span class='ocrx_word' id='word_1_10' title='bbox 1121 267 1234 330; x_wconf 92' lang='lat' dir='ltr'><strong>quia</strong></span> <span class='ocrx_word' id='word_1_11' title='bbox 1255 281 1368 311; x_wconf 89' lang='lat' dir='ltr'><strong>cum</strong></span> <span class='ocrx_word' id='word_1_12' title='bbox 1389 263 1534 311; x_wconf 89' lang='lat' dir='ltr'><strong>Filius</strong></span> <span class='ocrx_word' id='word_1_13' title='bbox 1556 280 1615 311; x_wconf 80' lang='lat' dir='ltr'><strong>ex</strong></span> <span class='ocrx_word' id='word_1_14' title='bbox 1640 263 1746 329; x_wconf 89' lang='lat' dir='ltr'><strong>ipso</strong></span> <span class='ocrx_word' id='word_1_15' title='bbox 1770 266 1906 311; x_wconf 87' lang='lat' dir='ltr'><strong>Patre</strong></span> <span class='ocrx_word' id='word_1_16' title='bbox 1925 265 2009 324; x_wconf 87' lang='lat' dir='ltr'><strong>sit,</strong></span> <span class='ocrx_word' id='word_1_17' title='bbox 2031 273 2078 310; x_wconf 90' lang='lat' dir='ltr'><strong>et</strong></span> <span class='ocrx_word' id='word_1_18' title='bbox 2099 265 2300 328; x_wconf 85' lang='lat' dir='ltr'><strong>Spiritus</strong></span> <span class='ocrx_word' id='word_1_19' title='bbox 2322 265 2438 328; x_wconf 88' lang='lat' dir='ltr'><strong>ipse,</strong></span> 
     </span>
     <span class='ocr_line' id='line_1_3' title="bbox 317 344 2445 411; baseline -0.002 -16"><span class='ocrx_word' id='word_1_20' title='bbox 317 349 411 395; x_wconf 88' lang='lat' dir='ltr'><strong>hoc</strong></span> <span class='ocrx_word' id='word_1_21' title='bbox 445 357 514 395; x_wconf 88' lang='lat' dir='ltr'><strong>est</strong></span> <span class='ocrx_word' id='word_1_22' title='bbox 547 347 704 394; x_wconf 90' lang='lat' dir='ltr'><strong>anima</strong></span> <span class='ocrx_word' id='word_1_23' title='bbox 733 347 835 411; x_wconf 92' lang='lat' dir='ltr'><strong>ipsa</strong></span> <span class='ocrx_word' id='word_1_24' title='bbox 864 363 921 395; x_wconf 87' lang='lat' dir='ltr'><strong>ex</strong></span> <span class='ocrx_word' id='word_1_25' title='bbox 945 347 1063 395; x_wconf 92' lang='lat' dir='ltr'><strong>Filio</strong></span> <span class='ocrx_word' id='word_1_26' title='bbox 1099 363 1201 395; x_wconf 90' lang='lat' dir='ltr'><strong>esse</strong></span> <span class='ocrx_word' id='word_1_27' title='bbox 1233 347 1516 410; x_wconf 87' lang='lat' dir='ltr'><strong>assignatur,</strong></span> <span class='ocrx_word' id='word_1_28' title='bbox 1540 344 1690 410; x_wconf 87' lang='lat' dir='ltr'><strong>liquet</strong></span> <span class='ocrx_word' id='word_1_29' title='bbox 1723 344 1939 409; x_wconf 87' lang='lat' dir='ltr'><strong>profecto</strong></span> <span class='ocrx_word' id='word_1_30' title='bbox 1973 345 2126 409; x_wconf 89' lang='lat' dir='ltr'>ipsam</span> <span class='ocrx_word' id='word_1_31' title='bbox 2157 361 2354 409; x_wconf 90' lang='lat' dir='ltr'><strong>quoque</strong></span> <span class='ocrx_word' id='word_1_32' title='bbox 2389 362 2445 392; x_wconf 84' lang='lat' dir='ltr'><strong>ex</strong></span> 
     </span>
     <span class='ocr_line' id='line_1_4' title="bbox 319 424 2445 492; baseline -0.001 -18"><span class='ocrx_word' id='word_1_33' title='bbox 319 432 454 476; x_wconf 86' lang='lat' dir='ltr'><strong>Patre</strong></span> <span class='ocrx_word' id='word_1_34' title='bbox 479 444 594 489; x_wconf 90' lang='lat' dir='ltr'><strong>esse,</strong></span> <span class='ocrx_word' id='word_1_35' title='bbox 620 427 885 475; x_wconf 90' lang='lat' dir='ltr'><strong>secundum</strong></span> <span class='ocrx_word' id='word_1_36' title='bbox 902 428 1036 492; x_wconf 91' lang='lat' dir='ltr'><strong>quod</strong></span> <span class='ocrx_word' id='word_1_37' title='bbox 1058 437 1104 475; x_wconf 89' lang='lat' dir='ltr'><strong>et</strong></span> <span class='ocrx_word' id='word_1_38' title='bbox 1125 429 1227 492; x_wconf 92' lang='lat' dir='ltr'><strong>ipse</strong></span> <span class='ocrx_word' id='word_1_39' title='bbox 1251 441 1357 473; x_wconf 90' lang='lat' dir='ltr'><strong>eam</strong></span> <span class='ocrx_word' id='word_1_40' title='bbox 1382 424 1701 490; x_wconf 88' lang='lat' dir='ltr'>Philosophus</span> <span class='ocrx_word' id='word_1_41' title='bbox 1720 426 1861 471; x_wconf 89' lang='lat' dir='ltr'><strong>aDeo</strong></span> <span class='ocrx_word' id='word_1_42' title='bbox 1881 434 1928 472; x_wconf 91' lang='lat' dir='ltr'><strong>et</strong></span> <span class='ocrx_word' id='word_1_43' title='bbox 1942 427 2054 488; x_wconf 79' lang='lat' dir='ltr'><strong>Noy</strong></span> <span class='ocrx_word' id='word_1_44' title='bbox 2063 424 2198 488; x_wconf 85' lang='lat' dir='ltr'><strong>juxta</strong></span> <span class='ocrx_word' id='word_1_45' title='bbox 2211 425 2445 490; x_wconf 88' lang='lat' dir='ltr'><strong>sapientes</strong></span> 
     </span>
     <span class='ocr_line' id='line_1_5' title="bbox 319 504 2444 571; baseline -0.001 -16"><span class='ocrx_word' id='word_1_46' title='bbox 319 508 553 555; x_wconf 86' lang='lat' dir='ltr'><strong>nominari</strong></span> <span class='ocrx_word' id='word_1_47' title='bbox 575 523 718 571; x_wconf 88' lang='lat' dir='ltr'><strong>supra</strong></span> <span class='ocrx_word' id='word_1_48' title='bbox 740 507 963 556; x_wconf 93' lang='lat' dir='ltr'><strong>inductus</strong></span> <span class='ocrx_word' id='word_1_49' title='bbox 982 508 1162 556; x_wconf 88' lang='lat' dir='ltr'><strong>asserit.</strong></span> <span class='ocrx_word' id='word_1_50' title='bbox 1186 505 1332 565; x_wconf 88' lang='lat' dir='ltr'><strong>Quod</strong></span> <span class='ocrx_word' id='word_1_51' title='bbox 1356 521 1471 553; x_wconf 86' lang='lat' dir='ltr'><strong>vero</strong></span> <span class='ocrx_word' id='word_1_52' title='bbox 1493 506 1559 552; x_wconf 90' lang='lat' dir='ltr'><strong>ait</strong></span> <span class='ocrx_word' id='word_1_53' title='bbox 1579 514 1790 552; x_wconf 89' lang='lat' dir='ltr'><strong>mentem</strong></span> <span class='ocrx_word' id='word_1_54' title='bbox 1812 521 1912 552; x_wconf 87' lang='lat' dir='ltr'><strong>esse</strong></span> <span class='ocrx_word' id='word_1_55' title='bbox 1933 522 1988 552; x_wconf 85' lang='lat' dir='ltr'><strong>ex</strong></span> <span class='ocrx_word' id='word_1_56' title='bbox 2013 504 2320 552; x_wconf 83' lang='lat' dir='ltr'><strong>foecunditate</strong></span> <span class='ocrx_word' id='word_1_57' title='bbox 2342 521 2444 553; x_wconf 88' lang='lat' dir='ltr'><strong>ma-</strong></span> 
     </span>
     <span class='ocr_line' id='line_1_6' title="bbox 311 584 2441 651; baseline -0.002 -16"><span class='ocrx_word' id='word_1_58' title='bbox 311 588 514 650; x_wconf 87' lang='lat' dir='ltr'><strong>jestatis,</strong></span> <span class='ocrx_word' id='word_1_59' title='bbox 554 587 646 633; x_wconf 90' lang='lat' dir='ltr'><strong>tale</strong></span> <span class='ocrx_word' id='word_1_60' title='bbox 680 596 749 633; x_wconf 89' lang='lat' dir='ltr'><strong>est</strong></span> <span class='ocrx_word' id='word_1_61' title='bbox 782 588 837 635; x_wconf 70' lang='lat' dir='ltr'><strong>ab</strong></span> <span class='ocrx_word' id='word_1_62' title='bbox 873 588 911 635; x_wconf 90' lang='lat' dir='ltr'><strong>si</strong></span> <span class='ocrx_word' id='word_1_63' title='bbox 949 587 1157 646; x_wconf 90' lang='lat' dir='ltr'><strong>diceret,</strong></span> <span class='ocrx_word' id='word_1_64' title='bbox 1200 586 1480 651; x_wconf 70' lang='lat' dir='ltr'><strong>sapientiam</strong></span> <span class='ocrx_word' id='word_1_65' title='bbox 1516 601 1574 632; x_wconf 83' lang='lat' dir='ltr'><strong>ex</strong></span> <span class='ocrx_word' id='word_1_66' title='bbox 1609 586 1713 651; x_wconf 90' lang='lat' dir='ltr'><strong>ipsa</strong></span> <span class='ocrx_word' id='word_1_67' title='bbox 1745 584 2092 650; x_wconf 85' lang='lat' dir='ltr'><strong>omnipotentia</strong></span> <span class='ocrx_word' id='word_1_68' title='bbox 2125 600 2225 632; x_wconf 88' lang='lat' dir='ltr'><strong>esse</strong></span> <span class='ocrx_word' id='word_1_69' title='bbox 2260 593 2441 631; x_wconf 86' lang='lat' dir='ltr'><strong>natam.</strong></span> 
     </span>
     <span class='ocr_line' id='line_1_7' title="bbox 317 663 2441 732; baseline -0.001 -19"><span class='ocrx_word' id='word_1_70' title='bbox 317 668 510 732; x_wconf 84' lang='lat' dir='ltr'><strong>Proprie</strong></span> <span class='ocrx_word' id='word_1_71' title='bbox 535 682 744 731; x_wconf 90' lang='lat' dir='ltr'><strong>namque</strong></span> <span class='ocrx_word' id='word_1_72' title='bbox 772 668 988 732; x_wconf 88' lang='lat' dir='ltr'><strong>majestas</strong></span> <span class='ocrx_word' id='word_1_73' title='bbox 1010 685 1066 716; x_wconf 92' lang='lat' dir='ltr'><strong>ac</strong></span> <span class='ocrx_word' id='word_1_74' title='bbox 1090 669 1355 715; x_wconf 87' lang='lat' dir='ltr'><strong>reverentia</strong></span> <span class='ocrx_word' id='word_1_75' title='bbox 1379 667 1602 732; x_wconf 82' lang='lat' dir='ltr'><strong>potentiae</strong></span> <span class='ocrx_word' id='word_1_76' title='bbox 1627 663 1798 712; x_wconf 83' lang='lat' dir='ltr'><strong>ascribi</strong></span> <span class='ocrx_word' id='word_1_77' title='bbox 1828 664 1965 713; x_wconf 90' lang='lat' dir='ltr'><strong>solet.</strong></span> <span class='ocrx_word' id='word_1_78' title='bbox 1991 664 2136 723; x_wconf 89' lang='lat' dir='ltr'><strong>Quod</strong></span> <span class='ocrx_word' id='word_1_79' title='bbox 2161 680 2278 712; x_wconf 86' lang='lat' dir='ltr'><strong>vero</strong></span> <span class='ocrx_word' id='word_1_80' title='bbox 2301 664 2441 726; x_wconf 90' lang='lat' dir='ltr'><strong>dicit,</strong></span> 
     </span>
     <span class='ocr_line' id='line_1_8' title="bbox 319 745 2445 814; baseline 0 -22"><span class='ocrx_word' id='word_1_81' title='bbox 319 768 340 792; x_wconf 88' lang='lat'>«</span> <span class='ocrx_word' id='word_1_82' title='bbox 365 751 513 807; x_wconf 90' lang='lat' dir='ltr'><strong>Mens,</strong></span> <span class='ocrx_word' id='word_1_83' title='bbox 528 765 623 812; x_wconf 91' lang='lat' dir='ltr'><strong>qua</strong></span> <span class='ocrx_word' id='word_1_84' title='bbox 635 751 822 797; x_wconf 87' lang='lat' dir='ltr'><strong>Patrem</strong></span> <span class='ocrx_word' id='word_1_85' title='bbox 836 749 1042 814; x_wconf 86' lang='lat' dir='ltr'><strong>inspicit,</strong></span> <span class='ocrx_word' id='word_1_86' title='bbox 1060 748 1422 796; x_wconf 88' lang='lat' dir='ltr'><strong>similitudinem</strong></span> <span class='ocrx_word' id='word_1_87' title='bbox 1440 756 1594 795; x_wconf 83' lang='lat' dir='ltr'><strong>servat</strong></span> <span class='ocrx_word' id='word_1_88' title='bbox 1611 746 1836 807; x_wconf 87' lang='lat' dir='ltr'><strong>auctoris,</strong></span> <span class='ocrx_word' id='word_1_89' title='bbox 1863 765 1885 790; x_wconf 76' lang='grc' dir='ltr'><strong>υ</strong></span> <span class='ocrx_word' id='word_1_90' title='bbox 1901 746 1966 793; x_wconf 83' lang='lat' dir='ltr'><strong>ita</strong></span> <span class='ocrx_word' id='word_1_91' title='bbox 1978 745 2162 793; x_wconf 87' lang='lat' dir='ltr'><strong>dictum</strong></span> <span class='ocrx_word' id='word_1_92' title='bbox 2180 754 2319 810; x_wconf 81' lang='lat' dir='ltr'><strong>puto,</strong></span> <span class='ocrx_word' id='word_1_93' title='bbox 2339 762 2395 792; x_wconf 89' lang='lat' dir='ltr'><strong>ac</strong></span> <span class='ocrx_word' id='word_1_94' title='bbox 2408 746 2445 793; x_wconf 92' lang='lat' dir='ltr'><strong>si</strong></span> 
     </span>
     <span class='ocr_line' id='line_1_9' title="bbox 320 825 2445 895; baseline -0.002 -19"><span class='ocrx_word' id='word_1_95' title='bbox 320 838 481 893; x_wconf 85' lang='lat' dir='ltr'><strong>aperte</strong></span> <span class='ocrx_word' id='word_1_96' title='bbox 503 828 629 876; x_wconf 89' lang='lat' dir='ltr'><strong>dicat</strong></span> <span class='ocrx_word' id='word_1_97' title='bbox 657 828 827 876; x_wconf 86' lang='lat' dir='ltr'><strong>Filium</strong></span> <span class='ocrx_word' id='word_1_98' title='bbox 850 830 1007 895; x_wconf 89' lang='lat' dir='ltr'><strong>ipsum</strong></span> <span class='ocrx_word' id='word_1_99' title='bbox 1033 830 1080 876; x_wconf 93' lang='lat' dir='ltr'><strong>in</strong></span> <span class='ocrx_word' id='word_1_100' title='bbox 1105 829 1241 876; x_wconf 90' lang='lat' dir='ltr'><strong>omni</strong></span> <span class='ocrx_word' id='word_1_101' title='bbox 1262 845 1314 876; x_wconf 88' lang='lat' dir='ltr'><strong>re</strong></span> <span class='ocrx_word' id='word_1_102' title='bbox 1344 829 1394 875; x_wconf 92' lang='lat' dir='ltr'><strong>in</strong></span> <span class='ocrx_word' id='word_1_103' title='bbox 1415 845 1510 892; x_wconf 88' lang='lat' dir='ltr'><strong>qua</strong></span> <span class='ocrx_word' id='word_1_104' title='bbox 1529 826 1695 874; x_wconf 87' lang='lat' dir='ltr'><strong>similis</strong></span> <span class='ocrx_word' id='word_1_105' title='bbox 1720 827 1934 874; x_wconf 77' lang='lat' dir='ltr'><strong>est-Patri</strong></span> <span class='ocrx_word' id='word_1_106' title='bbox 1949 863 1962 888; x_wconf 92' lang='lat'><strong>,</strong></span> <span class='ocrx_word' id='word_1_107' title='bbox 1986 825 2216 891; x_wconf 81' lang='lat' dir='ltr'><strong>aequalem</strong></span> <span class='ocrx_word' id='word_1_108' title='bbox 2241 826 2445 873; x_wconf 90' lang='lat' dir='ltr'><strong>omnino</strong></span> 
     </span>
     <span class='ocr_line' id='line_1_10' title="bbox 315 906 2448 976; baseline -0.001 -21"><span class='ocrx_word' id='word_1_109' title='bbox 315 908 380 956; x_wconf 90' lang='lat' dir='ltr'><strong>illi</strong></span> <span class='ocrx_word' id='word_1_110' title='bbox 403 925 519 957; x_wconf 90' lang='lat' dir='ltr'><strong>esse.</strong></span> <span class='ocrx_word' id='word_1_111' title='bbox 553 912 726 957; x_wconf 89' lang='lat' dir='ltr'><strong>Potens</strong></span> <span class='ocrx_word' id='word_1_112' title='bbox 748 912 927 976; x_wconf 90' lang='lat' dir='ltr'><strong>quippe</strong></span> <span class='ocrx_word' id='word_1_113' title='bbox 951 921 1020 958; x_wconf 89' lang='lat' dir='ltr'><strong>est</strong></span> <span class='ocrx_word' id='word_1_114' title='bbox 1042 911 1164 958; x_wconf 90' lang='lat' dir='ltr'><strong>sicut</strong></span> <span class='ocrx_word' id='word_1_115' title='bbox 1189 919 1235 957; x_wconf 92' lang='lat' dir='ltr'><strong>et</strong></span> <span class='ocrx_word' id='word_1_116' title='bbox 1263 912 1416 968; x_wconf 86' lang='lat' dir='ltr'><strong>Pater,</strong></span> <span class='ocrx_word' id='word_1_117' title='bbox 1445 919 1492 956; x_wconf 89' lang='lat' dir='ltr'><strong>et</strong></span> <span class='ocrx_word' id='word_1_118' title='bbox 1515 906 1816 956; x_wconf 85' lang='lat' dir='ltr'><strong>tantumdem</strong></span> <span class='ocrx_word' id='word_1_119' title='bbox 1834 906 2211 973; x_wconf 87' lang='lat' dir='ltr'><strong>potens,-bonus</strong></span> <span class='ocrx_word' id='word_1_120' title='bbox 2231 916 2302 953; x_wconf 87' lang='lat' dir='ltr'><strong>est</strong></span> <span class='ocrx_word' id='word_1_121' title='bbox 2324 906 2448 953; x_wconf 89' lang='lat' dir='ltr'><strong>sicut</strong></span> 
     </span>
     <span class='ocr_line' id='line_1_11' title="bbox 316 986 2449 1053; baseline -0.001 -17"><span class='ocrx_word' id='word_1_122' title='bbox 316 999 362 1036; x_wconf 87' lang='lat' dir='ltr'><strong>et</strong></span> <span class='ocrx_word' id='word_1_123' title='bbox 384 993 535 1049; x_wconf 86' lang='lat' dir='ltr'><strong>Pater,</strong></span> <span class='ocrx_word' id='word_1_124' title='bbox 561 999 604 1036; x_wconf 88' lang='lat' dir='ltr'><strong>et</strong></span> <span class='ocrx_word' id='word_1_125' title='bbox 634 1006 767 1053; x_wconf 87' lang='lat' dir='ltr'><strong>aeque</strong></span> <span class='ocrx_word' id='word_1_126' title='bbox 794 989 970 1037; x_wconf 86' lang='lat' dir='ltr'><strong>bonus.</strong></span> <span class='ocrx_word' id='word_1_127' title='bbox 1000 991 1077 1038; x_wconf 92' lang='lat' dir='ltr'><strong>Sic</strong></span> <span class='ocrx_word' id='word_1_128' title='bbox 1099 1001 1148 1038; x_wconf 91' lang='lat' dir='ltr'><strong>et</strong></span> <span class='ocrx_word' id='word_1_129' title='bbox 1172 991 1222 1037; x_wconf 90' lang='lat' dir='ltr'><strong>in</strong></span> <span class='ocrx_word' id='word_1_130' title='bbox 1255 990 1453 1051; x_wconf 81' lang='lat' dir='ltr'><strong>caeteris,</strong></span> <span class='ocrx_word' id='word_1_131' title='bbox 1487 990 1535 1036; x_wconf 90' lang='lat' dir='ltr'><strong>in</strong></span> <span class='ocrx_word' id='word_1_132' title='bbox 1567 987 1742 1053; x_wconf 89' lang='lat' dir='ltr'><strong>quibus</strong></span> <span class='ocrx_word' id='word_1_133' title='bbox 1770 986 1917 1035; x_wconf 88' lang='lat' dir='ltr'><strong>habet</strong></span> <span class='ocrx_word' id='word_1_134' title='bbox 1946 986 2309 1034; x_wconf 88' lang='lat' dir='ltr'><strong>similitudinem</strong></span> <span class='ocrx_word' id='word_1_135' title='bbox 2337 1002 2449 1033; x_wconf 88' lang='lat' dir='ltr'><strong>cum</strong></span> 
     </span>
     <span class='ocr_line' id='line_1_12' title="bbox 318 1066 2448 1135; baseline -0.001 -19"><span class='ocrx_word' id='word_1_136' title='bbox 318 1074 473 1131; x_wconf 86' lang='lat' dir='ltr'><strong>Patre,</strong></span> <span class='ocrx_word' id='word_1_137' title='bbox 500 1071 890 1135; x_wconf 69' lang='lat' dir='ltr'><strong>etaequalitatem</strong></span> <span class='ocrx_word' id='word_1_138' title='bbox 920 1070 1088 1133; x_wconf 89' lang='lat' dir='ltr'><strong>habet,</strong></span> <span class='ocrx_word' id='word_1_139' title='bbox 1123 1087 1222 1118; x_wconf 90' lang='lat' dir='ltr'><strong>non</strong></span> <span class='ocrx_word' id='word_1_140' title='bbox 1251 1080 1411 1118; x_wconf 86' lang='lat' dir='ltr'><strong>autem</strong></span> <span class='ocrx_word' id='word_1_141' title='bbox 1445 1070 1495 1117; x_wconf 93' lang='lat' dir='ltr'><strong>in</strong></span> <span class='ocrx_word' id='word_1_142' title='bbox 1527 1068 1753 1117; x_wconf 85' lang='lat' dir='ltr'><strong>omnibus</strong></span> <span class='ocrx_word' id='word_1_143' title='bbox 1775 1068 2138 1116; x_wconf 87' lang='lat' dir='ltr'><strong>similitudinem</strong></span> <span class='ocrx_word' id='word_1_144' title='bbox 2161 1066 2310 1114; x_wconf 81' lang='lat' dir='ltr'><strong>habet</strong></span> <span class='ocrx_word' id='word_1_145' title='bbox 2335 1083 2448 1114; x_wconf 88' lang='lat' dir='ltr'><strong>cum</strong></span> 
     </span>
     <span class='ocr_line' id='line_1_13' title="bbox 318 1147 2446 1216; baseline -0.001 -20"><span class='ocrx_word' id='word_1_146' title='bbox 318 1153 469 1209; x_wconf 90' lang='lat' dir='ltr'><strong>Patre,</strong></span> <span class='ocrx_word' id='word_1_147' title='bbox 494 1166 604 1197; x_wconf 92' lang='lat' dir='ltr'><strong>cum</strong></span> <span class='ocrx_word' id='word_1_148' title='bbox 642 1151 742 1215; x_wconf 91' lang='lat' dir='ltr'><strong>ipse</strong></span> <span class='ocrx_word' id='word_1_149' title='bbox 772 1151 901 1198; x_wconf 90' lang='lat' dir='ltr'><strong>solus</strong></span> <span class='ocrx_word' id='word_1_150' title='bbox 938 1152 995 1199; x_wconf 90' lang='lat' dir='ltr'><strong>sit</strong></span> <span class='ocrx_word' id='word_1_151' title='bbox 1031 1152 1240 1215; x_wconf 84' lang='lat' dir='ltr'><strong>genitus,</strong></span> <span class='ocrx_word' id='word_1_152' title='bbox 1277 1162 1324 1198; x_wconf 91' lang='lat' dir='ltr'><strong>et</strong></span> <span class='ocrx_word' id='word_1_153' title='bbox 1355 1151 1457 1216; x_wconf 90' lang='lat' dir='ltr'><strong>ipse</strong></span> <span class='ocrx_word' id='word_1_154' title='bbox 1490 1153 1626 1198; x_wconf 89' lang='lat' dir='ltr'><strong>Pater</strong></span> <span class='ocrx_word' id='word_1_155' title='bbox 1657 1150 1715 1197; x_wconf 87' lang='lat' dir='ltr'><strong>sit</strong></span> <span class='ocrx_word' id='word_1_156' title='bbox 1747 1150 1950 1214; x_wconf 84' lang='lat' dir='ltr'><strong>genitor.</strong></span> <span class='ocrx_word' id='word_1_157' title='bbox 1988 1147 2135 1206; x_wconf 88' lang='lat' dir='ltr'><strong>Quod</strong></span> <span class='ocrx_word' id='word_1_158' title='bbox 2163 1147 2360 1213; x_wconf 90' lang='lat' dir='ltr'><strong>quidem</strong></span> <span class='ocrx_word' id='word_1_159' title='bbox 2385 1147 2446 1195; x_wconf 88' lang='lat' dir='ltr'><strong>ad</strong></span> 
     </span>
     <span class='ocr_line' id='line_1_14' title="bbox 318 1227 2450 1297; baseline -0.001 -21"><span class='ocrx_word' id='word_1_160' title='bbox 318 1230 674 1278; x_wconf 80' lang='lat' dir='ltr'><strong>distinctionem</strong></span> <span class='ocrx_word' id='word_1_161' title='bbox 696 1248 1010 1296; x_wconf 88' lang='lat' dir='ltr'><strong>personarum</strong></span> <span class='ocrx_word' id='word_1_162' title='bbox 1031 1232 1217 1292; x_wconf 83' lang='lat' dir='ltr'><strong>attinet,</strong></span> <span class='ocrx_word' id='word_1_163' title='bbox 1236 1231 1502 1279; x_wconf 89' lang='lat' dir='ltr'><strong>secundum</strong></span> <span class='ocrx_word' id='word_1_164' title='bbox 1525 1231 1841 1297; x_wconf 83' lang='lat' dir='ltr'><strong>proprietates</strong></span> <span class='ocrx_word' id='word_1_165' title='bbox 1865 1246 2047 1277; x_wconf 83' lang='lat' dir='ltr'><strong>earum.</strong></span> <span class='ocrx_word' id='word_1_166' title='bbox 2066 1227 2341 1276; x_wconf 89' lang='lat' dir='ltr'><strong>Secundum</strong></span> <span class='ocrx_word' id='word_1_167' title='bbox 2359 1243 2450 1275; x_wconf 91' lang='lat' dir='ltr'><strong>nos</strong></span> 
     </span>
     <span class='ocr_line' id='line_1_15' title="bbox 314 1310 2446 1375; baseline -0.001 -19"><span class='ocrx_word' id='word_1_168' title='bbox 314 1310 455 1357; x_wconf 89' lang='lat' dir='ltr'><strong>etiam</strong></span> <span class='ocrx_word' id='word_1_169' title='bbox 479 1311 562 1375; x_wconf 91' lang='lat' dir='ltr'><strong>qui</strong></span> <span class='ocrx_word' id='word_1_170' title='bbox 584 1310 739 1358; x_wconf 90' lang='lat' dir='ltr'><strong>solum</strong></span> <span class='ocrx_word' id='word_1_171' title='bbox 766 1311 936 1359; x_wconf 90' lang='lat' dir='ltr'><strong>Filium</strong></span> <span class='ocrx_word' id='word_1_172' title='bbox 958 1313 1262 1361; x_wconf 86' lang='lat' dir='ltr'><strong>incarnatum</strong></span> <span class='ocrx_word' id='word_1_173' title='bbox 1290 1312 1550 1375; x_wconf 89' lang='lat' dir='ltr'><strong>credimus,</strong></span> <span class='ocrx_word' id='word_1_174' title='bbox 1578 1313 1626 1359; x_wconf 88' lang='lat' dir='ltr'><strong>in</strong></span> <span class='ocrx_word' id='word_1_175' title='bbox 1652 1311 1747 1359; x_wconf 91' lang='lat' dir='ltr'><strong>hoc</strong></span> <span class='ocrx_word' id='word_1_176' title='bbox 1771 1327 1872 1358; x_wconf 92' lang='lat' dir='ltr'><strong>uno</strong></span> <span class='ocrx_word' id='word_1_177' title='bbox 1892 1310 2011 1357; x_wconf 88' lang='lat' dir='ltr'><strong>Filio</strong></span> <span class='ocrx_word' id='word_1_178' title='bbox 2033 1310 2270 1356; x_wconf 86' lang='lat' dir='ltr'><strong>minorem</strong></span> <span class='ocrx_word' id='word_1_179' title='bbox 2292 1311 2446 1366; x_wconf 86' lang='lat' dir='ltr'><strong>Patre,</strong></span> 
     </span>
     <span class='ocr_line' id='line_1_16' title="bbox 314 1389 2449 1459; baseline -0.001 -22"><span class='ocrx_word' id='word_1_180' title='bbox 314 1403 411 1437; x_wconf 92' lang='lat' dir='ltr'><strong>non</strong></span> <span class='ocrx_word' id='word_1_181' title='bbox 443 1392 674 1454; x_wconf 82' lang='lat' dir='ltr'><strong>aequalem</strong></span> <span class='ocrx_word' id='word_1_182' title='bbox 705 1391 926 1440; x_wconf 88' lang='lat' dir='ltr'><strong>dicimus.</strong></span> <span class='ocrx_word' id='word_1_183' title='bbox 954 1403 1053 1447; x_wconf 81' lang='grc' dir='ltr'>Νοῦς</span> <span class='ocrx_word' id='word_1_184' title='bbox 1082 1395 1349 1458; x_wconf 85' lang='lat' dir='ltr'><strong>posteriora</strong></span> <span class='ocrx_word' id='word_1_185' title='bbox 1381 1394 1664 1459; x_wconf 89' lang='lat' dir='ltr'><strong>respiciens,</strong></span> <span class='ocrx_word' id='word_1_186' title='bbox 1699 1393 1912 1440; x_wconf 87' lang='lat' dir='ltr'><strong>animam</strong></span> <span class='ocrx_word' id='word_1_187' title='bbox 1942 1399 2087 1452; x_wconf 87' lang='lat' dir='ltr'><strong>creat,</strong></span> <span class='ocrx_word' id='word_1_188' title='bbox 2114 1390 2228 1454; x_wconf 88' lang='lat' dir='ltr'><strong>quia</strong></span> <span class='ocrx_word' id='word_1_189' title='bbox 2248 1389 2449 1454; x_wconf 84' lang='lat' dir='ltr'><strong>Spiritus</strong></span> 
     </span>
     <span class='ocr_line' id='line_1_17' title="bbox 313 1469 2451 1539; baseline 0 -23"><span class='ocrx_word' id='word_1_190' title='bbox 313 1480 519 1531; x_wconf 88' lang='lat' dir='ltr'><strong>sanctus,</strong></span> <span class='ocrx_word' id='word_1_191' title='bbox 557 1473 639 1536; x_wconf 93' lang='lat' dir='ltr'><strong>qui</strong></span> <span class='ocrx_word' id='word_1_192' title='bbox 671 1489 724 1519; x_wconf 84' lang='lat' dir='ltr'><strong>ex</strong></span> <span class='ocrx_word' id='word_1_193' title='bbox 749 1473 868 1520; x_wconf 90' lang='lat' dir='ltr'><strong>Filio</strong></span> <span class='ocrx_word' id='word_1_194' title='bbox 898 1483 987 1534; x_wconf 86' lang='lat' dir='ltr'><strong>est,</strong></span> <span class='ocrx_word' id='word_1_195' title='bbox 1009 1476 1106 1522; x_wconf 91' lang='lat' dir='ltr'><strong>sive</strong></span> <span class='ocrx_word' id='word_1_196' title='bbox 1138 1490 1438 1539; x_wconf 87' lang='lat' dir='ltr'><strong>quaecunque</strong></span> <span class='ocrx_word' id='word_1_197' title='bbox 1461 1474 1621 1521; x_wconf 89' lang='lat' dir='ltr'><strong>anima</strong></span> <span class='ocrx_word' id='word_1_198' title='bbox 1648 1472 1708 1520; x_wconf 90' lang='lat' dir='ltr'><strong>ab</strong></span> <span class='ocrx_word' id='word_1_199' title='bbox 1730 1473 1836 1538; x_wconf 88' lang='lat' dir='ltr'><strong>ipso</strong></span> <span class='ocrx_word' id='word_1_200' title='bbox 1862 1470 2116 1519; x_wconf 86' lang='lat' dir='ltr'><strong>conditore</strong></span> <span class='ocrx_word' id='word_1_201' title='bbox 2150 1486 2240 1517; x_wconf 89' lang='lat' dir='ltr'><strong>suo</strong></span> <span class='ocrx_word' id='word_1_202' title='bbox 2269 1469 2451 1517; x_wconf 91' lang='lat' dir='ltr'><strong>ducens</strong></span> 
     </span>
     <span class='ocr_line' id='line_1_18' title="bbox 313 1552 2450 1620; baseline 0 -23"><span class='ocrx_word' id='word_1_203' title='bbox 313 1552 687 1617; x_wconf 73' lang='lat' dir='ltr'><strong>exordium,hoc</strong></span> <span class='ocrx_word' id='word_1_204' title='bbox 706 1554 862 1619; x_wconf 87' lang='lat' dir='ltr'><strong>ipsum</strong></span> <span class='ocrx_word' id='word_1_205' title='bbox 882 1555 1015 1620; x_wconf 91' lang='lat' dir='ltr'><strong>quod</strong></span> <span class='ocrx_word' id='word_1_206' title='bbox 1039 1556 1200 1604; x_wconf 88' lang='lat' dir='ltr'><strong>anima</strong></span> <span class='ocrx_word' id='word_1_207' title='bbox 1223 1566 1310 1618; x_wconf 91' lang='lat' dir='ltr'><strong>est,</strong></span> <span class='ocrx_word' id='word_1_208' title='bbox 1332 1555 1428 1603; x_wconf 91' lang='lat' dir='ltr'><strong>hoc</strong></span> <span class='ocrx_word' id='word_1_209' title='bbox 1447 1565 1519 1603; x_wconf 90' lang='lat' dir='ltr'><strong>est</strong></span> <span class='ocrx_word' id='word_1_210' title='bbox 1538 1556 1634 1604; x_wconf 86' lang='lat' dir='ltr'><strong>vita</strong></span> <span class='ocrx_word' id='word_1_211' title='bbox 1656 1564 1925 1602; x_wconf 86' lang='lat' dir='ltr'><strong>creatarum</strong></span> <span class='ocrx_word' id='word_1_212' title='bbox 1950 1568 2128 1610; x_wconf 88' lang='lat' dir='ltr'><strong>rerum,</strong></span> <span class='ocrx_word' id='word_1_213' title='bbox 2152 1568 2209 1598; x_wconf 85' lang='lat' dir='ltr'><strong>ex</strong></span> <span class='ocrx_word' id='word_1_214' title='bbox 2232 1558 2450 1615; x_wconf 82' lang='lat' dir='ltr'><strong>respectu</strong></span> 
     </span>
     <span class='ocr_line' id='line_1_19' title="bbox 313 1630 2452 1699; baseline -0.001 -20"><span class='ocrx_word' id='word_1_215' title='bbox 313 1632 525 1695; x_wconf 87' lang='lat' dir='ltr'><strong>quodam</strong></span> <span class='ocrx_word' id='word_1_216' title='bbox 545 1634 692 1699; x_wconf 88' lang='lat' dir='ltr'><strong>ipsius</strong></span> <span class='ocrx_word' id='word_1_217' title='bbox 715 1636 942 1684; x_wconf 89' lang='lat' dir='ltr'><strong>creatoris</strong></span> <span class='ocrx_word' id='word_1_218' title='bbox 963 1636 1126 1696; x_wconf 86' lang='lat' dir='ltr'><strong>habet,</strong></span> <span class='ocrx_word' id='word_1_219' title='bbox 1150 1637 1244 1684; x_wconf 91' lang='lat' dir='ltr'><strong>hoc</strong></span> <span class='ocrx_word' id='word_1_220' title='bbox 1267 1646 1338 1684; x_wconf 82' lang='lat' dir='ltr'><strong>est</strong></span> <span class='ocrx_word' id='word_1_221' title='bbox 1362 1653 1417 1684; x_wconf 89' lang='lat' dir='ltr'><strong>ex</strong></span> <span class='ocrx_word' id='word_1_222' title='bbox 1441 1635 1678 1683; x_wconf 85' lang='lat' dir='ltr'><strong>beneficio</strong></span> <span class='ocrx_word' id='word_1_223' title='bbox 1703 1635 1876 1683; x_wconf 88' lang='lat' dir='ltr'><strong>divinae</strong></span> <span class='ocrx_word' id='word_1_224' title='bbox 1900 1633 2141 1698; x_wconf 81' lang='lat' dir='ltr'><strong>sapientiae</strong></span> <span class='ocrx_word' id='word_1_225' title='bbox 2160 1640 2333 1680; x_wconf 90' lang='lat' dir='ltr'><strong>cuncta</strong></span> <span class='ocrx_word' id='word_1_226' title='bbox 2355 1630 2452 1678; x_wconf 86' lang='lat' dir='ltr'><strong>dis-</strong></span> 
     </span>
     <span class='ocr_line' id='line_1_20' title="bbox 313 1712 2451 1782; baseline -0.001 -23"><span class='ocrx_word' id='word_1_227' title='bbox 313 1715 552 1776; x_wconf 90' lang='lat' dir='ltr'><strong>ponentis,</strong></span> <span class='ocrx_word' id='word_1_228' title='bbox 582 1724 632 1761; x_wconf 90' lang='lat' dir='ltr'><strong>ut</strong></span> <span class='ocrx_word' id='word_1_229' title='bbox 647 1715 697 1762; x_wconf 91' lang='lat' dir='ltr'><strong>in</strong></span> <span class='ocrx_word' id='word_1_230' title='bbox 720 1716 825 1782; x_wconf 91' lang='lat' dir='ltr'><strong>ipso</strong></span> <span class='ocrx_word' id='word_1_231' title='bbox 847 1727 1064 1782; x_wconf 84' lang='lat' dir='ltr'><strong>respectu</strong></span> <span class='ocrx_word' id='word_1_232' title='bbox 1090 1718 1179 1765; x_wconf 92' lang='lat' dir='ltr'><strong>Dei</strong></span> <span class='ocrx_word' id='word_1_233' title='bbox 1195 1717 1415 1764; x_wconf 90' lang='lat' dir='ltr'><strong>divinum</strong></span> <span class='ocrx_word' id='word_1_234' title='bbox 1434 1716 1725 1780; x_wconf 84' lang='lat' dir='ltr'><strong>intelligatur</strong></span> <span class='ocrx_word' id='word_1_235' title='bbox 1746 1713 2054 1763; x_wconf 82' lang='lat' dir='ltr'><strong>beneficium.</strong></span> <span class='ocrx_word' id='word_1_236' title='bbox 2082 1713 2250 1759; x_wconf 86' lang='lat' dir='ltr'><strong>Anima</strong></span> <span class='ocrx_word' id='word_1_237' title='bbox 2271 1712 2451 1776; x_wconf 86' lang='lat' dir='ltr'><strong>quippe</strong></span> 
     </span>
     <span class='ocr_line' id='line_1_21' title="bbox 314 1792 2451 1862; baseline -0.001 -23"><span class='ocrx_word' id='word_1_238' title='bbox 314 1792 374 1839; x_wconf 88' lang='lat' dir='ltr'><strong>ab</strong></span> <span class='ocrx_word' id='word_1_239' title='bbox 406 1795 691 1857; x_wconf 87' lang='lat' dir='ltr'><strong>animando,</strong></span> <span class='ocrx_word' id='word_1_240' title='bbox 737 1796 831 1844; x_wconf 92' lang='lat' dir='ltr'><strong>hoc</strong></span> <span class='ocrx_word' id='word_1_241' title='bbox 869 1808 939 1845; x_wconf 91' lang='lat' dir='ltr'><strong>est</strong></span> <span class='ocrx_word' id='word_1_242' title='bbox 973 1797 1263 1846; x_wconf 86' lang='lat' dir='ltr'><strong>vivificando</strong></span> <span class='ocrx_word' id='word_1_243' title='bbox 1304 1798 1431 1845; x_wconf 92' lang='lat' dir='ltr'><strong>dicta</strong></span> <span class='ocrx_word' id='word_1_244' title='bbox 1466 1807 1552 1844; x_wconf 91' lang='lat' dir='ltr'><strong>est.</strong></span> <span class='ocrx_word' id='word_1_245' title='bbox 1591 1796 1793 1862; x_wconf 81' lang='lat' dir='ltr'><strong>Spiritus</strong></span> <span class='ocrx_word' id='word_1_246' title='bbox 1828 1793 2026 1859; x_wconf 89' lang='lat' dir='ltr'><strong>quidem</strong></span> <span class='ocrx_word' id='word_1_247' title='bbox 2061 1802 2269 1848; x_wconf 86' lang='lat' dir='ltr'><strong>sanctus,</strong></span> <span class='ocrx_word' id='word_1_248' title='bbox 2310 1800 2362 1838; x_wconf 88' lang='lat' dir='ltr'><strong>ut</strong></span> <span class='ocrx_word' id='word_1_249' title='bbox 2403 1792 2451 1837; x_wconf 93' lang='lat' dir='ltr'><strong>in</strong></span> 
     </span>
     <span class='ocr_line' id='line_1_22' title="bbox 314 1874 2454 1943; baseline -0.001 -23"><span class='ocrx_word' id='word_1_250' title='bbox 314 1874 471 1936; x_wconf 89' lang='lat' dir='ltr'><strong>primo</strong></span> <span class='ocrx_word' id='word_1_251' title='bbox 508 1874 631 1923; x_wconf 88' lang='lat' dir='ltr'><strong>libro</strong></span> <span class='ocrx_word' id='word_1_252' title='bbox 670 1875 973 1925; x_wconf 85' lang='lat' dir='ltr'><strong>distinximus</strong></span> <span class='ocrx_word' id='word_1_253' title='bbox 995 1916 1007 1940; x_wconf 93' lang='lat'><strong>,</strong></span> <span class='ocrx_word' id='word_1_254' title='bbox 1046 1879 1182 1943; x_wconf 85' lang='lat' dir='ltr'><strong>quasi</strong></span> <span class='ocrx_word' id='word_1_255' title='bbox 1204 1879 1366 1926; x_wconf 86' lang='lat' dir='ltr'><strong>anima</strong></span> <span class='ocrx_word' id='word_1_256' title='bbox 1401 1887 1494 1939; x_wconf 90' lang='lat' dir='ltr'><strong>est,</strong></span> <span class='ocrx_word' id='word_1_257' title='bbox 1530 1877 1625 1924; x_wconf 89' lang='lat' dir='ltr'><strong>hoc</strong></span> <span class='ocrx_word' id='word_1_258' title='bbox 1662 1885 1731 1924; x_wconf 91' lang='lat' dir='ltr'><strong>est</strong></span> <span class='ocrx_word' id='word_1_259' title='bbox 1765 1876 2035 1923; x_wconf 83' lang='lat' dir='ltr'><strong>animarum</strong></span> <span class='ocrx_word' id='word_1_260' title='bbox 2070 1882 2366 1932; x_wconf 85' lang='lat' dir='ltr'><strong>nostrarum,</strong></span> <span class='ocrx_word' id='word_1_261' title='bbox 2407 1881 2454 1918; x_wconf 84' lang='lat' dir='ltr'><strong>et</strong></span> 
     </span>
     <span class='ocr_line' id='line_1_23' title="bbox 315 1952 2452 2024; baseline -0.001 -24"><span class='ocrx_word' id='word_1_262' title='bbox 315 1963 486 2002; x_wconf 85' lang='lat' dir='ltr'><strong>nostrae</strong></span> <span class='ocrx_word' id='word_1_263' title='bbox 509 1957 678 2004; x_wconf 82' lang='lat' dir='ltr'><strong>animae</strong></span> <span class='ocrx_word' id='word_1_264' title='bbox 699 1959 834 2022; x_wconf 89' lang='lat' dir='ltr'><strong>quasi</strong></span> <span class='ocrx_word' id='word_1_265' title='bbox 857 1959 1075 2023; x_wconf 83' lang='lat' dir='ltr'><strong>quaedam</strong></span> <span class='ocrx_word' id='word_1_266' title='bbox 1096 1959 1198 2023; x_wconf 87' lang='lat' dir='ltr'><strong>ejus</strong></span> <span class='ocrx_word' id='word_1_267' title='bbox 1224 1974 1431 2024; x_wconf 85' lang='lat' dir='ltr'><strong>corpora</strong></span> <span class='ocrx_word' id='word_1_268' title='bbox 1452 1967 1580 2020; x_wconf 87' lang='lat' dir='ltr'><strong>sunt,</strong></span> <span class='ocrx_word' id='word_1_269' title='bbox 1598 1957 1659 2005; x_wconf 90' lang='lat' dir='ltr'><strong>ab</strong></span> <span class='ocrx_word' id='word_1_270' title='bbox 1682 1958 1787 2022; x_wconf 91' lang='lat' dir='ltr'><strong>ipso</strong></span> <span class='ocrx_word' id='word_1_271' title='bbox 1814 1955 1992 2003; x_wconf 89' lang='lat' dir='ltr'><strong>scilicet</strong></span> <span class='ocrx_word' id='word_1_272' title='bbox 2010 1954 2151 2001; x_wconf 88' lang='lat' dir='ltr'><strong>donis</strong></span> <span class='ocrx_word' id='word_1_273' title='bbox 2174 1969 2270 2000; x_wconf 86' lang='lat' dir='ltr'><strong>suae</strong></span> <span class='ocrx_word' id='word_1_274' title='bbox 2294 1952 2452 2016; x_wconf 65' lang='lat' dir='ltr'><strong>gratiae</strong></span> 
     </span>
     <span class='ocr_line' id='line_1_24' title="bbox 314 2037 2450 2102; baseline -0.001 -21"><span class='ocrx_word' id='word_1_275' title='bbox 314 2045 541 2098; x_wconf 85' lang='lat' dir='ltr'><strong>vegetata.</strong></span> <span class='ocrx_word' id='word_1_276' title='bbox 560 2040 688 2095; x_wconf 86' lang='lat' dir='ltr'><strong>Quas</strong></span> <span class='ocrx_word' id='word_1_277' title='bbox 710 2056 873 2087; x_wconf 88' lang='lat' dir='ltr'><strong>rursus</strong></span> <span class='ocrx_word' id='word_1_278' title='bbox 895 2039 1152 2088; x_wconf 86' lang='lat' dir='ltr'><strong>animalem</strong></span> <span class='ocrx_word' id='word_1_279' title='bbox 1173 2041 1320 2088; x_wconf 83' lang='lat' dir='ltr'><strong>vitam</strong></span> <span class='ocrx_word' id='word_1_280' title='bbox 1338 2039 1479 2088; x_wconf 90' lang='lat' dir='ltr'><strong>nobis</strong></span> <span class='ocrx_word' id='word_1_281' title='bbox 1498 2047 1683 2086; x_wconf 88' lang='lat' dir='ltr'><strong>certum</strong></span> <span class='ocrx_word' id='word_1_282' title='bbox 1708 2047 1780 2085; x_wconf 90' lang='lat' dir='ltr'><strong>est</strong></span> <span class='ocrx_word' id='word_1_283' title='bbox 1802 2037 2064 2102; x_wconf 85' lang='lat' dir='ltr'><strong>impertire.</strong></span> <span class='ocrx_word' id='word_1_284' title='bbox 2086 2038 2272 2082; x_wconf 87' lang='lat' dir='ltr'><strong>Patrem</strong></span> <span class='ocrx_word' id='word_1_285' title='bbox 2290 2048 2450 2093; x_wconf 84' lang='lat' dir='ltr'><strong>suum,</strong></span> 
     </span>
     <span class='ocr_line' id='line_1_25' title="bbox 313 2113 2450 2184; baseline 0 -25"><span class='ocrx_word' id='word_1_286' title='bbox 313 2114 361 2161; x_wconf 91' lang='lat' dir='ltr'><strong>id</strong></span> <span class='ocrx_word' id='word_1_287' title='bbox 380 2125 450 2162; x_wconf 88' lang='lat' dir='ltr'><strong>est</strong></span> <span class='ocrx_word' id='word_1_288' title='bbox 469 2120 646 2181; x_wconf 80' lang='lat' dir='ltr'><strong>Noym,</strong></span> <span class='ocrx_word' id='word_1_289' title='bbox 667 2118 782 2168; x_wconf 88' lang='lat' dir='ltr'><strong>dicit</strong></span> <span class='ocrx_word' id='word_1_290' title='bbox 801 2120 1013 2168; x_wconf 90' lang='lat' dir='ltr'><strong>animam</strong></span> <span class='ocrx_word' id='word_1_291' title='bbox 1029 2120 1166 2168; x_wconf 91' lang='lat' dir='ltr'><strong>indui</strong></span> <span class='ocrx_word' id='word_1_292' title='bbox 1184 2122 1233 2168; x_wconf 90' lang='lat' dir='ltr'><strong>in</strong></span> <span class='ocrx_word' id='word_1_293' title='bbox 1255 2137 1309 2168; x_wconf 92' lang='lat' dir='ltr'><strong>ea</strong></span> <span class='ocrx_word' id='word_1_294' title='bbox 1330 2121 1482 2182; x_wconf 88' lang='lat' dir='ltr'><strong>suavi,</strong></span> <span class='ocrx_word' id='word_1_295' title='bbox 1506 2135 1602 2184; x_wconf 92' lang='lat' dir='ltr'><strong>qua</strong></span> <span class='ocrx_word' id='word_1_296' title='bbox 1617 2119 1848 2175; x_wconf 88' lang='lat' dir='ltr'><strong>intuetur,</strong></span> <span class='ocrx_word' id='word_1_297' title='bbox 1869 2116 1965 2163; x_wconf 90' lang='lat' dir='ltr'><strong>hoc</strong></span> <span class='ocrx_word' id='word_1_298' title='bbox 1988 2125 2057 2163; x_wconf 89' lang='lat' dir='ltr'><strong>est</strong></span> <span class='ocrx_word' id='word_1_299' title='bbox 2075 2115 2262 2162; x_wconf 87' lang='lat' dir='ltr'><strong>ratione</strong></span> <span class='ocrx_word' id='word_1_300' title='bbox 2285 2113 2450 2173; x_wconf 84' lang='lat' dir='ltr'><strong>utitur,</strong></span> 
     </span>
     <span class='ocr_line' id='line_1_26' title="bbox 313 2189 2453 2265; baseline -0.001 -24"><span class='ocrx_word' id='word_1_301' title='bbox 313 2195 422 2257; x_wconf 90' lang='lat' dir='ltr'><strong>quia</strong></span> <span class='ocrx_word' id='word_1_302' title='bbox 479 2214 536 2244; x_wconf 85' lang='lat' dir='ltr'><strong>ex</strong></span> <span class='ocrx_word' id='word_1_303' title='bbox 581 2200 768 2247; x_wconf 89' lang='lat' dir='ltr'><strong>ratione</strong></span> <span class='ocrx_word' id='word_1_304' title='bbox 804 2216 952 2265; x_wconf 89' lang='lat' dir='ltr'><strong>quam</strong></span> <span class='ocrx_word' id='word_1_305' title='bbox 991 2200 1137 2249; x_wconf 89' lang='lat' dir='ltr'><strong>habet</strong></span> <span class='ocrx_word' id='word_1_306' title='bbox 1175 2202 1435 2249; x_wconf 74' lang='lat' dir='ltr'><strong>maximam</strong></span> <span class='ocrx_word' id='word_1_307' title='bbox 1471 2199 1833 2247; x_wconf 86' lang='lat' dir='ltr'><strong>similitudinem</strong></span> <span class='ocrx_word' id='word_1_308' title='bbox 1870 2213 1980 2244; x_wconf 90' lang='lat' dir='ltr'><strong>cum</strong></span> <span class='ocrx_word' id='word_1_309' title='bbox 2021 2195 2182 2243; x_wconf 89' lang='lat' dir='ltr'><strong>divina</strong></span> <span class='ocrx_word' id='word_1_310' title='bbox 2219 2189 2453 2259; x_wconf 69' lang='lat' dir='ltr'><strong>sapientia</strong></span> 
     </span>
     <span class='ocr_line' id='line_1_27' title="bbox 314 2276 2454 2346; baseline -0.001 -25"><span class='ocrx_word' id='word_1_311' title='bbox 314 2284 458 2335; x_wconf 89' lang='lat' dir='ltr'><strong>tenet,</strong></span> <span class='ocrx_word' id='word_1_312' title='bbox 486 2294 596 2325; x_wconf 92' lang='lat' dir='ltr'><strong>cum</strong></span> <span class='ocrx_word' id='word_1_313' title='bbox 631 2281 753 2328; x_wconf 89' lang='lat' dir='ltr'><strong>ratio</strong></span> <span class='ocrx_word' id='word_1_314' title='bbox 784 2282 990 2330; x_wconf 81' lang='lat' dir='ltr'><strong>maxime</strong></span> <span class='ocrx_word' id='word_1_315' title='bbox 1018 2282 1078 2329; x_wconf 87' lang='lat' dir='ltr'><strong>sit</strong></span> <span class='ocrx_word' id='word_1_316' title='bbox 1103 2281 1390 2329; x_wconf 87' lang='lat' dir='ltr'><strong>ascribenda</strong></span> <span class='ocrx_word' id='word_1_317' title='bbox 1420 2280 1679 2346; x_wconf 84' lang='lat' dir='ltr'><strong>sapientiae.</strong></span> <span class='ocrx_word' id='word_1_318' title='bbox 1705 2277 1942 2326; x_wconf 86' lang='lat' dir='ltr'><strong>Paulatim</strong></span> <span class='ocrx_word' id='word_1_319' title='bbox 1973 2277 2142 2324; x_wconf 85' lang='lat' dir='ltr'><strong>anima·</strong></span> <span class='ocrx_word' id='word_1_320' title='bbox 2160 2276 2209 2322; x_wconf 84' lang='lat' dir='ltr'><strong>iu</strong></span> <span class='ocrx_word' id='word_1_321' title='bbox 2246 2287 2454 2338; x_wconf 78' lang='lat' dir='ltr'><strong>corpora</strong></span> 
     </span>
     <span class='ocr_line' id='line_1_28' title="bbox 312 2354 2456 2428; baseline -0.002 -24"><span class='ocrx_word' id='word_1_322' title='bbox 312 2357 526 2420; x_wconf 79' lang='lat' dir='ltr'><strong>respicit,</strong></span> <span class='ocrx_word' id='word_1_323' title='bbox 567 2360 677 2422; x_wconf 91' lang='lat' dir='ltr'><strong>quia</strong></span> <span class='ocrx_word' id='word_1_324' title='bbox 716 2361 777 2408; x_wconf 91' lang='lat' dir='ltr'><strong>ad</strong></span> <span class='ocrx_word' id='word_1_325' title='bbox 813 2362 1228 2427; x_wconf 87' lang='lat' dir='ltr'><strong>comparationem</strong></span> <span class='ocrx_word' id='word_1_326' title='bbox 1256 2361 1567 2428; x_wconf 90' lang='lat' dir='ltr'><strong>plenitudinis</strong></span> <span class='ocrx_word' id='word_1_327' title='bbox 1603 2360 1729 2409; x_wconf 88' lang='lat' dir='ltr'><strong>illius</strong></span> <span class='ocrx_word' id='word_1_328' title='bbox 1751 2358 1927 2406; x_wconf 87' lang='lat' dir='ltr'><strong>summi</strong></span> <span class='ocrx_word' id='word_1_329' title='bbox 1961 2357 2079 2404; x_wconf 90' lang='lat' dir='ltr'><strong>boni</strong></span> <span class='ocrx_word' id='word_1_330' title='bbox 2101 2354 2353 2402; x_wconf 88' lang='lat' dir='ltr'><strong>modicum·</strong></span> <span class='ocrx_word' id='word_1_331' title='bbox 2386 2362 2456 2400; x_wconf 88' lang='lat' dir='ltr'><strong>est</strong></span> 
     </span>
     <span class='ocr_line' id='line_1_29' title="bbox 313 2432 2455 2507; baseline -0.001 -25"><span class='ocrx_word' id='word_1_332' title='bbox 313 2436 548 2500; x_wconf 85' lang='lat' dir='ltr'><strong>quidquid</strong></span> <span class='ocrx_word' id='word_1_333' title='bbox 575 2439 836 2504; x_wconf 88' lang='lat' dir='ltr'><strong>habemus,</strong></span> <span class='ocrx_word' id='word_1_334' title='bbox 871 2453 1246 2507; x_wconf 86' lang='lat' dir='ltr'><strong>quantacunque</strong></span> <span class='ocrx_word' id='word_1_335' title='bbox 1276 2443 1407 2490; x_wconf 90' lang='lat' dir='ltr'><strong>dona</strong></span> <span class='ocrx_word' id='word_1_336' title='bbox 1435 2443 1670 2489; x_wconf 86' lang='lat' dir='ltr'><strong>virtutum</strong></span> <span class='ocrx_word' id='word_1_337' title='bbox 1701 2439 1764 2488; x_wconf 90' lang='lat' dir='ltr'><strong>ab</strong></span> <span class='ocrx_word' id='word_1_338' title='bbox 1798 2432 1903 2504; x_wconf 79' lang='lat' dir='ltr'><strong>ipso</strong></span> <span class='ocrx_word' id='word_1_339' title='bbox 1932 2437 2246 2502; x_wconf 86' lang='lat' dir='ltr'><strong>suscepimus.</strong></span> <span class='ocrx_word' id='word_1_340' title='bbox 2274 2437 2455 2481; x_wconf 88' lang='lat' dir='ltr'><strong>Possu-</strong></span> 
     </span>
     <span class='ocr_line' id='line_1_30' title="bbox 313 2512 2456 2588; baseline -0.001 -27"><span class='ocrx_word' id='word_1_341' title='bbox 313 2532 417 2562; x_wconf 88' lang='lat' dir='ltr'><strong>mus</strong></span> <span class='ocrx_word' id='word_1_342' title='bbox 449 2518 592 2566; x_wconf 83' lang='lat' dir='ltr'><strong>etiam</strong></span> <span class='ocrx_word' id='word_1_343' title='bbox 628 2521 676 2568; x_wconf 91' lang='lat' dir='ltr'><strong>in</strong></span> <span class='ocrx_word' id='word_1_344' title='bbox 715 2539 774 2569; x_wconf 87' lang='lat' dir='ltr'><strong>eo</strong></span> <span class='ocrx_word' id='word_1_345' title='bbox 803 2522 1034 2588; x_wconf 88' lang='lat' dir='ltr'><strong>paulatim</strong></span> <span class='ocrx_word' id='word_1_346' title='bbox 1071 2522 1335 2588; x_wconf 85' lang='lat' dir='ltr'><strong>intelligere</strong></span> <span class='ocrx_word' id='word_1_347' title='bbox 1367 2523 1551 2571; x_wconf 87' lang='lat' dir='ltr'><strong>dictum</strong></span> <span class='ocrx_word' id='word_1_348' title='bbox 1584 2537 1705 2583; x_wconf 90' lang='lat' dir='ltr'><strong>esse,</strong></span> <span class='ocrx_word' id='word_1_349' title='bbox 1737 2518 1873 2583; x_wconf 90' lang='lat' dir='ltr'><strong>quod</strong></span> <span class='ocrx_word' id='word_1_350' title='bbox 1901 2516 2195 2583; x_wconf 86' lang='lat' dir='ltr'><strong>quibusdam</strong></span> <span class='ocrx_word' id='word_1_351' title='bbox 2228 2512 2456 2579; x_wconf 87' lang='lat' dir='ltr'><strong>gradibus</strong></span> 
     </span>
     <span class='ocr_line' id='line_1_31' title="bbox 315 2597 2448 2669; baseline -0 -28"><span class='ocrx_word' id='word_1_352' title='bbox 315 2611 396 2658; x_wconf 90' lang='lat' dir='ltr'><strong>per</strong></span> <span class='ocrx_word' id='word_1_353' title='bbox 412 2599 658 2649; x_wconf 82' lang='lat' dir='ltr'><strong>intervalla</strong></span> <span class='ocrx_word' id='word_1_354' title='bbox 676 2613 969 2669; x_wconf 84' lang='lat' dir='ltr'><strong>temporum,</strong></span> <span class='ocrx_word' id='word_1_355' title='bbox 993 2621 1020 2652; x_wconf 90' lang='lat' dir='ltr'><strong>a</strong></span> <span class='ocrx_word' id='word_1_356' title='bbox 1039 2605 1273 2652; x_wconf 87' lang='lat' dir='ltr'><strong>minimis¹</strong></span> <span class='ocrx_word' id='word_1_357' title='bbox 1299 2605 1360 2652; x_wconf 92' lang='lat' dir='ltr'><strong>ad</strong></span> <span class='ocrx_word' id='word_1_358' title='bbox 1387 2605 1594 2651; x_wconf 87' lang='lat' dir='ltr'><strong>maxima</strong></span> <span class='ocrx_word' id='word_1_359' title='bbox 1606 2601 1808 2668; x_wconf 86' lang='lat' dir='ltr'><strong>Spiritus</strong></span> <span class='ocrx_word' id='word_1_360' title='bbox 1829 2616 1943 2647; x_wconf 85' lang='lat' dir='ltr'><strong>suos</strong></span> <span class='ocrx_word' id='word_1_361' title='bbox 1963 2597 2128 2646; x_wconf 86' lang='lat' dir='ltr'><strong>fideles</strong></span> <span class='ocrx_word' id='word_1_362' title='bbox 2149 2603 2448 2662; x_wconf 80' lang='lat' dir='ltr'><strong>promoveat,</strong></span> 
     </span>
     <span class='ocr_line' id='line_1_32' title="bbox 317 2674 2454 2750; baseline 0.001 -32"><span class='ocrx_word' id='word_1_363' title='bbox 317 2691 402 2720; x_wconf 85' lang='lat' dir='ltr'><strong>nec</strong></span> <span class='ocrx_word' id='word_1_364' title='bbox 427 2692 511 2724; x_wconf 90' lang='lat' dir='ltr'><strong>sua</strong></span> <span class='ocrx_word' id='word_1_365' title='bbox 540 2680 680 2727; x_wconf 85' lang='lat' dir='ltr'><strong>simul</strong></span> <span class='ocrx_word' id='word_1_366' title='bbox 703 2682 917 2731; x_wconf 90' lang='lat' dir='ltr'><strong>conferat</strong></span> <span class='ocrx_word' id='word_1_367' title='bbox 941 2683 1090 2732; x_wconf 90' lang='lat' dir='ltr'><strong>dona.</strong></span> <span class='ocrx_word' id='word_1_368' title='bbox 1114 2688 1416 2750; x_wconf 88' lang='lat' dir='ltr'><strong>Degenerare</strong></span> <span class='ocrx_word' id='word_1_369' title='bbox 1440 2684 1617 2732; x_wconf 89' lang='lat' dir='ltr'><strong>dicitur</strong></span> <span class='ocrx_word' id='word_1_370' title='bbox 1639 2682 1799 2730; x_wconf 86' lang='lat' dir='ltr'><strong>anima</strong></span> <span class='ocrx_word' id='word_1_371' title='bbox 1821 2680 1873 2727; x_wconf 87' lang='lat' dir='ltr'><strong>in</strong></span> <span class='ocrx_word' id='word_1_372' title='bbox 1898 2680 2005 2745; x_wconf 89' lang='lat' dir='ltr'><strong>ipso</strong></span> <span class='ocrx_word' id='word_1_373' title='bbox 2036 2694 2131 2725; x_wconf 88' lang='lat' dir='ltr'><strong>suae</strong></span> <span class='ocrx_word' id='word_1_374' title='bbox 2161 2674 2454 2742; x_wconf 77' lang='lat' dir='ltr'><strong>operationis</strong></span> 
     </span>
     <span class='ocr_line' id='line_1_33' title="bbox 315 2753 2454 2825; baseline 0.001 -27"><span class='ocrx_word' id='word_1_375' title='bbox 315 2753 501 2817; x_wconf 75' lang='lat' dir='ltr'><strong>effectu,</strong></span> <span class='ocrx_word' id='word_1_376' title='bbox 527 2775 583 2805; x_wconf 88' lang='lat' dir='ltr'><strong>ex</strong></span> <span class='ocrx_word' id='word_1_377' title='bbox 606 2778 703 2824; x_wconf 92' lang='lat' dir='ltr'><strong>quo</strong></span> <span class='ocrx_word' id='word_1_378' title='bbox 727 2764 884 2812; x_wconf 80' lang='lat' dir='ltr'><strong>anima</strong></span> <span class='ocrx_word' id='word_1_379' title='bbox 909 2764 1036 2813; x_wconf 89' lang='lat' dir='ltr'><strong>dicta</strong></span> <span class='ocrx_word' id='word_1_380' title='bbox 1067 2760 1155 2825; x_wconf 83' lang='lat' dir='ltr'><strong>est,</strong></span> <span class='ocrx_word' id='word_1_381' title='bbox 1182 2782 1295 2814; x_wconf 89' lang='lat' dir='ltr'><strong>cum</strong></span> <span class='ocrx_word' id='word_1_382' title='bbox 1319 2782 1420 2813; x_wconf 92' lang='lat' dir='ltr'><strong>non</strong></span> <span class='ocrx_word' id='word_1_383' title='bbox 1439 2766 1501 2813; x_wconf 91' lang='lat' dir='ltr'><strong>sit</strong></span> <span class='ocrx_word' id='word_1_384' title='bbox 1518 2765 1616 2812; x_wconf 91' lang='lat' dir='ltr'><strong>hoc</strong></span> <span class='ocrx_word' id='word_1_385' title='bbox 1639 2773 1890 2820; x_wconf 77' lang='lat' dir='ltr'><strong>aeternum,</strong></span> <span class='ocrx_word' id='word_1_386' title='bbox 1919 2759 2005 2808; x_wconf 89' lang='lat' dir='ltr'><strong>sed</strong></span> <span class='ocrx_word' id='word_1_387' title='bbox 2030 2756 2300 2823; x_wconf 88' lang='lat' dir='ltr'><strong>temporale</strong></span> <span class='ocrx_word' id='word_1_388' title='bbox 2321 2753 2454 2818; x_wconf 86' lang='lat' dir='ltr'><strong>quod</strong></span> 
     </span>
     <span class='ocr_line' id='line_1_34' title="bbox 317 2834 2452 2908; baseline 0.001 -28"><span class='ocrx_word' id='word_1_389' title='bbox 317 2846 552 2896; x_wconf 72' lang='lat' dir='ltr'><strong>operatur.</strong></span> <span class='ocrx_word' id='word_1_390' title='bbox 581 2842 650 2887; x_wconf 88' lang='lat' dir='ltr'><strong>De</strong></span> <span class='ocrx_word' id='word_1_391' title='bbox 669 2858 784 2905; x_wconf 80' lang='lat' dir='ltr'><strong>quo,</strong></span> <span class='ocrx_word' id='word_1_392' title='bbox 825 2845 875 2891; x_wconf 91' lang='lat' dir='ltr'><strong>ni</strong></span> <span class='ocrx_word' id='word_1_393' title='bbox 896 2844 1050 2907; x_wconf 84' lang='lat' dir='ltr'><strong>fallo-r,</strong></span> <span class='ocrx_word' id='word_1_394' title='bbox 1077 2841 1196 2894; x_wconf 88' lang='lat' dir='ltr'><strong>illud</strong></span> <span class='ocrx_word' id='word_1_395' title='bbox 1225 2846 1361 2894; x_wconf 88' lang='lat' dir='ltr'><strong>facile</strong></span> <span class='ocrx_word' id='word_1_396' title='bbox 1387 2856 1458 2894; x_wconf 86' lang='lat' dir='ltr'><strong>est</strong></span> <span class='ocrx_word' id='word_1_397' title='bbox 1490 2840 1702 2902; x_wconf 76' lang='lat' dir='ltr'><strong>absolvi,</strong></span> <span class='ocrx_word' id='word_1_398' title='bbox 1729 2841 1864 2908; x_wconf 91' lang='lat' dir='ltr'><strong>quod</strong></span> <span class='ocrx_word' id='word_1_399' title='bbox 1889 2840 2022 2888; x_wconf 86' lang='lat' dir='ltr'><strong>Plato</strong></span> <span class='ocrx_word' id='word_1_400' title='bbox 2047 2839 2258 2887; x_wconf 87' lang='lat' dir='ltr'><strong>animam</strong></span> <span class='ocrx_word' id='word_1_401' title='bbox 2279 2834 2452 2884; x_wconf 76' lang='lat' dir='ltr'><strong>mundi</strong></span> 
     </span>
     <span class='ocr_line' id='line_1_35' title="bbox 315 2913 2453 2985; baseline 0.002 -28"><span class='ocrx_word' id='word_1_402' title='bbox 315 2913 562 2980; x_wconf 75' lang='lat' dir='ltr'><strong>incoepisse</strong></span> <span class='ocrx_word' id='word_1_403' title='bbox 585 2920 827 2982; x_wconf 80' lang='lat' dir='ltr'><strong>voluerit,·</strong></span> <span class='ocrx_word' id='word_1_404' title='bbox 847 2941 937 2972; x_wconf 87' lang='lat' dir='ltr'><strong>nec</strong></span> <span class='ocrx_word' id='word_1_405' title='bbox 960 2937 1248 2974; x_wconf 82' lang='lat' dir='ltr'><strong>coaeternam</strong></span> <span class='ocrx_word' id='word_1_406' title='bbox 1277 2930 1380 2973; x_wconf 88' lang='lat' dir='ltr'><strong>Deo</strong></span> <span class='ocrx_word' id='word_1_407' title='bbox 1412 2938 1458 2974; x_wconf 90' lang='lat' dir='ltr'><strong>et</strong></span> <span class='ocrx_word' id='word_1_408' title='bbox 1486 2926 1652 2974; x_wconf 90' lang='lat' dir='ltr'><strong>menti.</strong></span> <span class='ocrx_word' id='word_1_409' title='bbox 1680 2927 1804 2972; x_wconf 92' lang='lat' dir='ltr'><strong>Cum</strong></span> <span class='ocrx_word' id='word_1_410' title='bbox 1831 2923 1958 2969; x_wconf 89' lang='lat' dir='ltr'><strong>enim</strong></span> <span class='ocrx_word' id='word_1_411' title='bbox 1983 2920 2217 2985; x_wconf 86' lang='lat' dir='ltr'><strong>Spiritum</strong></span> <span class='ocrx_word' id='word_1_412' title='bbox 2236 2925 2453 2964; x_wconf 89' lang='lat' dir='ltr'><strong>sanctum</strong></span> 
     </span>
     <span class='ocr_line' id='line_1_36' title="bbox 315 2993 2455 3072; baseline 0.002 -34"><span class='ocrx_word' id='word_1_413' title='bbox 315 2994 525 3042; x_wconf 85' lang='lat' dir='ltr'><strong>animam</strong></span> <span class='ocrx_word' id='word_1_414' title='bbox 552 3002 707 3063; x_wconf 72' lang='lat' dir='ltr'><strong>&#39;magis</strong></span> <span class='ocrx_word' id='word_1_415' title='bbox 729 3019 875 3065; x_wconf 90' lang='lat' dir='ltr'><strong>quam</strong></span> <span class='ocrx_word' id='word_1_416' title='bbox 897 3006 1127 3069; x_wconf 83' lang='lat' dir='ltr'><strong>Spiritum</strong></span> <span class='ocrx_word' id='word_1_417' title='bbox 1149 3006 1487 3071; x_wconf 87' lang='lat' dir='ltr'><strong>appellaverit,</strong></span> <span class='ocrx_word' id='word_1_418' title='bbox 1514 3007 1650 3072; x_wconf 89' lang='lat' dir='ltr'><strong>quasi</strong></span> <span class='ocrx_word' id='word_1_419' title='bbox 1672 3005 1735 3053; x_wconf 91' lang='lat' dir='ltr'><strong>ab</strong></span> <span class='ocrx_word' id='word_1_420' title='bbox 1766 3001 2059 3065; x_wconf 82' lang='lat' dir='ltr'><strong>animand0‚</strong></span> <span class='ocrx_word' id='word_1_421' title='bbox 2087 3000 2182 3046; x_wconf 91' lang='lat' dir='ltr'><strong>hoc</strong></span> <span class='ocrx_word' id='word_1_422' title='bbox 2210 3007 2280 3045; x_wconf 88' lang='lat' dir='ltr'><strong>est</strong></span> <span class='ocrx_word' id='word_1_423' title='bbox 2303 2993 2455 3045; x_wconf 82' lang='lat' dir='ltr'><strong>vivifi-</strong></span> 
     </span>
     <span class='ocr_line' id='line_1_37' title="bbox 314 3074 2455 3150; baseline 0.001 -31"><span class='ocrx_word' id='word_1_424' title='bbox 314 3074 470 3121; x_wconf 81' lang='lat' dir='ltr'><strong>cando</strong></span> <span class='ocrx_word' id='word_1_425' title='bbox 496 3093 583 3124; x_wconf 91' lang='lat' dir='ltr'><strong>nos</strong></span> <span class='ocrx_word' id='word_1_426' title='bbox 606 3078 746 3126; x_wconf 89' lang='lat' dir='ltr'><strong>donis</strong></span> <span class='ocrx_word' id='word_1_427' title='bbox 769 3098 863 3129; x_wconf 82' lang='lat' dir='ltr'><strong>suae</strong></span> <span class='ocrx_word' id='word_1_428' title='bbox 896 3085 1054 3147; x_wconf 81' lang='lat' dir='ltr'><strong>gratiae</strong></span> <span class='ocrx_word' id='word_1_429' title='bbox 1078 3103 1162 3150; x_wconf 88' lang='lat' dir='ltr'><strong>per</strong></span> <span class='ocrx_word' id='word_1_430' title='bbox 1187 3087 1482 3135; x_wconf 84' lang='lat' dir='ltr'><strong>incrementa</strong></span> <span class='ocrx_word' id='word_1_431' title='bbox 1505 3088 1759 3146; x_wconf 84' lang='lat' dir='ltr'><strong>virtutum,</strong></span> <span class='ocrx_word' id='word_1_432' title='bbox 1797 3100 1896 3132; x_wconf 87' lang='lat' dir='ltr'><strong>non</strong></span> <span class='ocrx_word' id='word_1_433' title='bbox 1933 3097 2122 3146; x_wconf 87' lang='lat' dir='ltr'><strong>semper</strong></span> <span class='ocrx_word' id='word_1_434' title='bbox 2154 3077 2228 3126; x_wconf 83' lang='lat' dir='ltr'><strong>ille</strong></span> <span class='ocrx_word' id='word_1_435' title='bbox 2255 3076 2455 3142; x_wconf 88' lang='lat' dir='ltr'><strong>Spiritus</strong></span> 
     </span>
    </p>
   </div>
   <div class='ocr_carea' id='block_1_3' title="bbox 364 3252 989 3295">
    <p class='ocr_par' dir='ltr' id='par_1_3' title="bbox 364 3252 989 3295">
     <span class='ocr_line' id='line_1_38' title="bbox 364 3252 989 3295; baseline 0.018 -13"><span class='ocrx_word' id='word_1_436' title='bbox 364 3255 369 3271; x_wconf 85' lang='lat'>¹</span> <span class='ocrx_word' id='word_1_437' title='bbox 390 3252 470 3285; x_wconf 84' lang='lat' dir='ltr'><strong>Mate</strong></span> <span class='ocrx_word' id='word_1_438' title='bbox 484 3257 617 3289; x_wconf 84' lang='lat' dir='ltr'><strong>omnino</strong></span> <span class='ocrx_word' id='word_1_439' title='bbox 635 3259 829 3293; x_wconf 82' lang='lat' dir='ltr'><strong>Amboesius</strong></span> <span class='ocrx_word' id='word_1_440' title='bbox 843 3262 989 3295; x_wconf 75' lang='lat' dir='ltr'><strong>animus.</strong></span> 
     </span>
    </p>
   </div>
  </div>
 </body>
</html>
