2638 3866
887 228 945 276 lN
980 226 1311 275 EPISTOLAM
1345 227 1428 276 AD
1462 226 1768 274 ROMANOS.
2310 230 2406 277 263

243 346 292 384 et
315 333 446 383 unde
480 333 633 381 vitare
667 339 921 399 peccatum
946 328 1113 390 debui,
1151 330 1360 396 amplius
1387 330 1587 378 incurri.
1627 332 1687 376 Et
1715 328 1812 377 hoc
1844 339 1916 377 est
1946 330 2083 396 quod
2114 330 2364 396 subjungit
2391 353 2402 380 :

247 436 270 461 α
289 418 408 463 Nam
426 423 697 480 peccatum,
723 420 920 477 accepta
939 411 1214 470 occasione,
1237 430 1260 454 ³>
1285 410 1335 457 id
1357 420 1429 457 est
1443 410 1642 458 inventa
1667 425 1811 457 causa
1833 410 2066 459 incitandi
2090 428 2182 459 nos
2204 411 2267 459 ad
2289 429 2407 460 con·

243 495 590 561 cupiscentiam
611 512 698 560 per
717 492 1015 549 mandatum,
1043 490 1095 538 id
1120 500 1192 538 est
1214 491 1388 555 legem,
1425 491 1487 539 de
1519 490 1657 555 cujus
1684 489 1961 539 obedientia
1996 493 2200 539 nimium
2230 510 2406 558 praesu-

243 575 512 637 mebamus,
538 574 773 623 «seduxit
797 590 892 635 me,
926 593 949 617 >›
982 571 1033 620 id
1061 581 1134 620 est
1169 571 1351 631 fefellit,
1379 581 1609 637 reputans
1640 587 1720 619 me
1754 570 1934 620 scilicet
1966 573 2270 637 singulariter
2301 577 2404 621 Deo

242 673 409 704 carum
434 673 552 718 esse,
581 665 781 722 propter
794 653 1124 702 obedientiam
1146 652 1263 717 legis
1281 669 1428 718 quam
1450 653 1493 700 ei
1509 651 1800 700 exhibebam
1822 671 1834 714 ;
1857 662 1910 700 ut
1935 655 2012 700 vix
2034 664 2117 701 aut
2151 671 2405 718 nunquam

242 737 305 786 de
325 737 639 786 damnatione
661 752 769 784 mea
788 752 995 798 vererer,
1019 732 1260 799 quidquid
1284 733 1511 794 facerem,
1532 743 1581 781 et
1601 733 1810 781 maxime
1828 735 2270 800 concupiscentiam
2292 752 2403 801 pro·

241 819 517 879 missorum,
543 827 916 883 quantacunque
939 825 1079 879 esset,
1106 832 1208 863 non
1234 815 1473 863 arbitrans
1494 831 1600 863 esse
1627 813 1975 876 damnabilem,
2011 832 2124 863 cum
2153 816 2403 882 praeceptis

240 898 567 962 obediremus,
584 916 676 965 pro
686 915 897 965 quorum
908 897 1189 946 obedientia
1202 896 1284 945 illa
1300 907 1437 945 erant
1450 895 1704 963 promissa.
1728 915 1751 940 «
1764 898 1822 943 Et
1839 913 1927 962 per
1938 895 2060 945 illud
2072 914 2150 945 me
2169 897 2362 959 occidit,
2379 917 2400 943 »

239 980 290 1028 id
313 991 385 1030 est
401 981 664 1030 damnavit.
698 999 722 1026 α
738 983 903 1046 Itaque
919 979 995 1027 lex
1018 978 1236 1044 quidem.
1261 997 1285 1024 »
1309 977 1726 1044 Quandoquidem
1752 976 1827 1026 lex
1853 977 1915 1026 ad
1936 979 2265 1044 cognitionem
2292 996 2404 1044 pec-

239 1063 350 1126 cati,
374 1073 423 1111 et
445 1063 509 1111 ad
524 1063 673 1111 vitam
692 1062 804 1111 data
824 1070 898 1110 est
915 1061 1079 1127 potius
1102 1076 1252 1126 quam
1275 1059 1338 1109 ad
1361 1070 1571 1108 mortem
1595 1078 1606 1107 :
1635 1076 1751 1125 ergo
1784 1059 1861 1107 lex
1895 1060 2095 1125 quidem
2125 1069 2290 1109 sancta
2313 1070 2400 1122 est,

237 1143 289 1191 id
316 1145 462 1193 estin
485 1143 621 1192 nullo
645 1144 815 1192 vitiosa
837 1143 936 1191 sive
964 1141 1235 1208 culpabiliS,
1261 1151 1310 1190 et
1345 1141 1632 1190 mandatum
1673 1140 1776 1205 ejus
1811 1151 2053 1201 sanctum,
2080 1141 2202 1190 nihil
2229 1140 2404 1206 jubens

236 1235 382 1291 atque
404 1225 685 1292 prohibens,
710 1225 804 1273 nisi
827 1224 963 1291 quod
985 1233 1198 1290 oportet,
1225 1233 1372 1290 atque
1398 1223 1512 1272 ideo
1539 1224 1728 1288 justum
1758 1223 1808 1270 in
1842 1240 1894 1272 se
1923 1233 1972 1270 et
2009 1223 2215 1286 bonum,
2255 1223 2305 1271 id
2334 1234 2404 1271 est

235 1306 351 1355 utile
373 1323 430 1355 ac
447 1307 640 1356 salubre
659 1305 1022 1355 obedientibus.

304 1407 328 1431 <t
345 1388 492 1447 Quod
512 1406 627 1454 ergo
646 1388 838 1437 bonum
862 1396 950 1436 est.
977 1389 1129 1435 »Duo
1146 1386 1285 1450 dixit,
1309 1387 1492 1435 scilicet
1508 1394 1557 1434 et
1579 1385 1866 1434 mandatum
1893 1386 1996 1451 ejus
2020 1386 2225 1447 bonum,
2253 1396 2300 1434 et
2318 1403 2403 1452 per

233 1466 351 1516 illud
369 1479 532 1519 tamen
546 1480 744 1538 accepta
757 1470 1013 1519 occasione
1029 1486 1079 1516 se
1096 1485 1199 1517 esse
1216 1469 1451 1517 occisum.
1471 1466 1612 1515 Unde
1627 1468 1763 1532 quasi
1778 1467 2128 1516 rationabiliter
2145 1467 2398 1540 objici-ens,

232 1550 401 1612 quaerit
433 1568 549 1615 ergo
581 1551 718 1616 quod
749 1551 955 1598 bonum'
970 1559 1042 1597 est
1074 1550 1124 1597 in
1154 1549 1334 1615 seips0,
1363 1548 1588 1596 videlicet
1612 1558 1908 1614 praeceptum
1929 1569 1952 1592 «
1980 1548 2160 1597 factum
2186 1558 2258 1596 est
2282 1547 2402 1595 mihi

231 1645 382 1693 mors,
407 1649 431 1676 >›
458 1632 508 1680 id
530 1643 601 1680 est
625 1631 892 1680 damnatio.
926 1630 1116 1679 «Absit.
1142 1651 1165 1675 >›
1187 1630 1316 1678 Nulli
1339 1630 1472 1678 enim
1494 1628 1641 1677 debet
1663 1629 1762 1677 dici
1786 1629 2065 1678 damnabile
2088 1638 2397 1695 praeceptum,

230 1711 322 1759 nisi
345 1714 483 1778 cujus
505 1713 782 1762 obedientia
817 1714 1055 1762 damnosa
1087 1723 1175 1775 est,
1213 1713 1335 1760 sicut
1357 1711 1446 1759 fuit
1470 1721 1765 1777 praeceptum
1783 1710 1967 1759 diaboli
1982 1710 2045 1759 ad
2070 1713 2237 1758 Evam.
2265 1730 2287 1754 «
2308 1709 2400 1757 Sed

228 1805 500 1858 peccatum.
524 1816 546 1839 2>
567 1796 678 1843 Dixi
709 1795 822 1860 quia
851 1795 1139 1843 mandatum
1167 1793 1359 1842 bonum
1388 1803 1478 1854 est,
1506 1810 1597 1842 nec
1626 1793 1747 1842 mihi
1778 1810 1869 1842 nec
1897 1793 2041 1842 alicui
2064 1810 2215 1855 mors,
2250 1792 2301 1840 id
2332 1801 2403 1840 est

229 1873 507 1924 damnabile
524 1876 789 1925 dicendum
808 1886 896 1940 est,
918 1875 1006 1924 sed
1025 1886 1188 1930 tamen
1209 1876 1371 1941 ipsum
1387 1891 1533 1924 causa
1545 1875 1918 1941 quodammodo
1938 1875 2059 1923 mihi
2075 1874 2401 1923 damnationis

228 1954 409 2004 factum
433 1967 520 2019 est,
542 1975 600 2006 ex
622 1958 741 2024 ipsa,
762 1967 817 2005 ut
835 1957 1021 2006 dictum
1043 1967 1133 2019 est,
1162 1958 1421 2006 occasione
1443 1957 1852 2023 concupiscentiae
1876 1967 2090 2023 accepta,
2116 1956 2252 2020 juxta
2281 1954 2399 2002 illud

225 2035 605 2106 historiographi
631 2057 641 2085 :
670 2058 694 2084 «
726 2039 909 2087 Omnia
930 2039 1065 2087 enim
1088 2039 1216 2087 mala
1239 2048 1347 2087 orta
1370 2049 1484 2087 sunt
1504 2055 1565 2086 ex
1587 2038 1734 2086 bonis
1765 2038 1929 2085 initiis.
1956 2057 1980 2083 υ
2008 2038 2085 2085 Sic
2111 2037 2231 2101 lege.
2261 2057 2283 2080 α
2305 2036 2399 2084 Sed

226 2129 540 2182 peccatum,»
567 2120 618 2168 id
643 2130 715 2168 est
737 2120 905 2168 fomes¹
925 2120 1024 2182 ille,
1058 2130 1112 2167 ut
1145 2119 1381 2183 diximus,
1420 2120 1607 2186 peccati
1635 2139 1648 2182 ;
1690 2138 1714 2165 «
1755 2134 1841 2184 per
1877 2117 2083 2179 honum,
2125 2136 2149 2163 υ
2194 2117 2399 2165 subaudi

224 2199 512 2248 mandatum
535 2201 669 2266 legiS‚
698 2201 799 2249 sive
822 2218 911 2266 per
933 2201 1090 2265 legem
1110 2201 1285 2267 ipsam,
1315 2211 1369 2248 ut
1390 2217 1537 2266 supra
1569 2200 1965 2263 monstravimus,
1994 2219 2018 2245 «
2042 2209 2295 2266 operatum
2329 2208 2398 2246 est

225 2290 436 2329 mortem
458 2283 647 2343 animae,
668 2302 692 2327 2>
718 2282 770 2330 id
794 2292 868 2330 est
889 2299 1089 2330 omnem
1111 2283 1581 2349 concupiscentiam,
1609 2282 1677 2330 ita
1699 2292 1754 2330 ut
1776 2301 1800 2328 «
1819 2291 2050 2349 appareat
2071 2290 2345 2347 peccatum,
2369 2299 2392 2324 η

223 2359 276 2407 id
314 2372 386 2410 est
428 2364 573 2430 culpa
607 2363 689 2412 illa
723 2365 1129 2430 concupiscentiae
1165 2365 1228 2413 sit
1266 2363 1521 2413 manifesta
1559 2373 1607 2411 et
1642 2361 2011 2426 inexcusabilis,
2050 2372 2098 2412 et
2139 2363 2205 2409 ita
2244 2368 2295 2406 ut
2337 2361 2396 2407 sit

222 2443 451 2492 maxima.
478 2448 537 2492 Et
558 2446 718 2493 statim
741 2444 880 2510 quod
904 2446 1115 2494 maxima
1141 2446 1202 2494 sit
1223 2445 1455 2504 ostendit,
1499 2445 1695 2493 dicens:
1741 2464 1767 2491 «
1803 2454 1858 2492 ut
1890 2454 2145 2510 peccatum
2181 2461 2203 2484 »
2245 2440 2295 2487 id
2324 2450 2394 2488 est

221 2521 377 2573 fomes
399 2525 479 2574 ille
501 2526 810 2592 supradictus
830 2527 1036 2593 peccati,
1059 2546 1083 2573 «
1104 2526 1189 2575 fiat
1212 2544 1422 2593 peccans
1447 2543 1591 2592 supra
1616 2526 1839 2588 modum,
1870 2546 1892 2569 >a
1922 2525 1973 2572 id
1996 2532 2067 2571 est
2097 2521 2159 2569 ad
2185 2537 2392 2586 peccan-

222 2602 343 2651 dum
365 2622 457 2654 nos
478 2609 686 2656 maxime
705 2609 961 2670 inclina-ns,
987 2628 1013 2655 ι(
1033 2626 1119 2675 per
1142 2609 1450 2670 mandatum,
1480 2627 1504 2653 »
1532 2608 1582 2655 id
1610 2617 1681 2654 est
1714 2606 1970 2655 occasione
1992 2613 2204 2668 accepta,
2241 2613 2293 2650 ut
2316 2603 2392 2650 di-

221 2692 353 2732 ctum
372 2695 459 2748 est,
489 2704 544 2736 ex
565 2688 686 2753 lege.

287 2770 430 2815 Forte
452 2780 634 2834 quaerat
657 2771 847 2835 aliquiS,
869 2772 1126 2837 quomodo
1150 2771 1436 2819 mandatum
1460 2769 1595 2833 legis,
1618 2785 1700 2815 seu
1726 2769 1831 2833 ipsa
1853 2767 1946 2823 lex,
1972 2765 2159 2813 bonum
2182 2765 2385 2820 dicatur,

220 2847 296 2893 vel
319 2848 379 2895 ad
404 2850 553 2897 vitam
577 2850 746 2898 datum
769 2870 779 2899 :
807 2853 882 2899 vel
906 2869 1056 2916 quare
1077 2853 1224 2900 etiam
1249 2854 1352 2898 Deo
1375 2850 1561 2907 datum,
1590 2849 1629 2896 si
1653 2848 1837 2896 salvare
1861 2846 2143 2895 obedientes
2169 2861 2269 2892 non
2297 2861 2387 2910 po-

219 2930 374 2976 terat?
397 2930 469 2977 Ad
486 2931 623 2996 quod
644 2933 1014 2998 respondemus,
1034 2932 1191 2998 legem
1214 2933 1264 2980 in
1286 2931 1384 2980 hoc
1407 2948 1510 2979 esse
1533 2930 1697 2978 datam
1712 2928 1776 2977 ad
1790 2930 1957 2987 vitam,
1980 2938 2033 2976 ut
2043 2928 2186 2975 etiam
2202 2925 2385 2992 populo

220 3008 312 3053 Dei
334 3011 439 3054 vitae
462 3022 651 3060 aeternae
675 3014 904 3061 meritum
924 3014 1150 3071 initiaret,
1178 3030 1280 3061 non
1306 3012 1561 3079 perficeret
1588 3030 1599 3059 :
1630 3021 1678 3058 et
1713 3010 1826 3058 ideo
1861 3010 1993 3057 bona
2024 3006 2381 3065 tantummodo,

220 3088 334 3151 quia
354 3089 520 3136 omnia
541 3090 661 3154 ejus,
689 3103 741 3140 ut
766 3094 950 3141 dictum
975 3105 1064 3157 est,
1089 3094 1218 3159 justa
1241 3104 1354 3142 sunt
1379 3102 1639 3159 praecepta,
1671 3091 1859 3140 etiamsi
1885 3090 2155 3138 secundum
2177 3089 2383 3135 litteram

220 3183 323 3214 non
347 3169 572 3234 perfecta,
596 3180 644 3218 et
679 3189 845 3222 causas
871 3174 1054 3223 habent
1089 3173 1401 3222 rationabiles
1424 3189 1727 3238 quaecunque
1757 3171 1999 3218 Dominus
2026 3169 2268 3236 praecepit,
2296 3169 2382 3215 etsi

222 3263 278 3295 ea
298 3249 595 3312 ignoremus.
622 3253 729 3299 Fuit
745 3263 910 3302 autem
943 3272 1128 3320 magnae
1151 3254 1446 3322 dispensatio
1481 3252 1814 3318 providentiae,
1854 3251 1963 3300 rudi
1998 3250 2159 3299 adhuc
2191 3248 2381 3314 penitus

222 3337 269 3374 et
291 3328 646 3396 indisciplinato
666 3334 871 3399 populo,
896 3353 952 3384 ac
973 3336 1106 3384 durae
1130 3336 1328 3385 cervicis
1349 3351 1540 3401 semper
1564 3343 1707 3399 atque
1731 3332 1916 3393 rebelli,
1943 3329 2266 3380 inchoationis
2291 3327 2380 3375 ali-
