2638 3866
287 236 382 284 340
1087 233 1258 279 PETRI
1299 233 1612 281 ABAELARDI

289 334 586 409 voluntatem
619 332 793 392 facere,
825 331 875 378 id
903 340 972 378 est
1002 331 1062 379 ad
1092 340 1279 379 tantum
1301 333 1374 379 vel
1399 333 1638 398 praecipue
1667 348 1829 395 agere,
1859 334 1972 397 quia
1997 335 2086 382 sibi
2109 337 2273 384 credat
2295 337 2412 384 illud

288 431 387 462 esse
420 429 580 470 suave,
616 413 664 459 in
699 412 860 476 seipsis
899 412 1076 459 scilicet
1106 411 1250 475 hujus
1281 414 1498 460 actionis
1520 430 1614 459 suae
1645 412 1792 459 finem
1831 415 2188 464 constituentes.
2212 417 2358 475 Quod
2384 434 2411 464 a

289 495 475 541 Christo
498 493 639 556 longe
663 492 850 557 penitus
874 492 979 539 fuit.
1004 492 1113 539 Tale
1136 501 1205 538 est
1228 509 1359 555 ergo,
1386 493 1602 540 Christus
1627 509 1726 540 non
1752 492 1928 558 placuit
1949 495 2057 555 sibi,
2089 496 2174 544 sed
2193 497 2412 544 videlicet

291 577 392 620 Deo
415 573 558 633 Patri,
582 571 781 636 quia'nil
799 572 947 618 homo
971 571 1049 618 ille
1069 572 1299 637 appetivit
1317 573 1450 636 quod
1473 589 1617 620 suave
1638 573 1728 637 ipsi
1748 583 1888 632 esset,
1910 574 1994 621 sed
2014 575 2127 638 quia
2145 575 2411 623 hoc'Deum

290 652 555 718 approbare
588 653 752 711 sciret,
793 651 868 699 vel
907 652 1006 715 ejus
1046 652 1095 697 in
1132 651 1227 699 hoc
1269 661 1559 717 praeceptum
1595 652 1812 701 haberet.
1848 654 1935 700 Cui
1972 663 2019 700 et
2054 655 2258 719 ipsemet
2292 655 2407 702 ait¹:

291 752 314 776 «
334 735 535 798 Propter
559 732 706 779 verba
738 731 977 779 labiorum
994 742 1188 778 tuorum
1213 748 1301 795 ego
1318 732 1558 780 custodivi
1576 733 1675 780 vias
1695 742 1815 780 tuas.
1837 753 1861 776 2>
1894 736 2051 792 Quam
2075 734 2269 798 quidem
2303 750 2411 799 pas-

286 813 434 859 sionis
473 822 554 859 aut
575 812 751 860 laboris
773 828 966 878 poenam
989 821 1186 877 propter
1217 812 1540 859 obedientiam
1568 814 2112 878 susceptam-Apostolus
2144 815 2302 861 statim
2335 813 2415 860 ad-

281 893 463 955 jungit,
501 901 552 939 ut
573 892 791 940 videlicet
813 909 899 957 per
928 892 1023 939 hoc
1052 892 1272 939 ostendat
1296 909 1405 939 eum
1439 892 1565 939 Patri
1594 893 1741 956 magis
1772 908 1919 956 quam
1941 893 2031 939 sibi
2052 893 2301 958 placuisse,
2325 893 2411 940 sed

285 973 404 1019 sicut
435 973 665 1037 scriptum
695 982 765 1020 est
788 974 837 1019 in
865 972 1058 1018 Psalmo
1081 974 1143 1020 78
1166 975 1209 1018 ἐ
1241 993 1262 1015 κ
1282 974 1645 1038 lmproperium,
1671 982 1761 1020 etc.
1787 991 1809 1017 »
1836 973 2061 1037 Quisquis
2083 974 2212 1020 enim
2241 981 2434 1038 expro-'

284 1052 389 1100 brat
407 1053 577 1100 nuntio
601 1053 813 1116 alicujus,
851 1053 923 1099 vel
947 1068 1058 1099 eum
1079 1053 1128 1098 in
1153 1052 1313 1116 aliquo
1338 1053 1560 1117 deturpat
1581 1069 1664 1099 seu
1688 1051 1975 1113 dehonorat,
2001 1069 2100 1099 non
2125 1063 2224 1100 tam
2259 1053 2303 1099 ei
2327 1052 2410 1115 qui

286 1133 500 1193 mittitur,
540 1149 684 1197 quam
716 1133 755 1178 ei
791 1133 872 1195 qui
910 1132 1070 1192 mittit,
1096 1132 1431 1197 imputandum
1448 1142 1534 1179 est.
1559 1131 1698 1179 Unde
1720 1142 1767 1179 et
1789 1134 1932 1180 Saulo
1958 1132 2182 1180 dicitur³z
2214 1131 2409 1191 «Saule,

285 1214 450 1275 Saule,
489 1212 607 1277 quid
643 1229 720 1259 me
750 1212 1088 1276 persequeris?
1116 1231 1139 1255 »
1179 1229 1272 1269 me,
1311 1212 1527 1276 inquam,
1554 1212 1715 1277 potius
1738 1229 1884 1276 quam
1906 1229 2055 1272 meos,
2083 1213 2193 1276 quia
2219 1220 2415 1277 propter

281 1310 359 1340 me
383 1295 541 1358 potius
564 1309 707 1357 quam
724 1302 920 1357 propter
955 1293 1100 1357 ipsos.
1139 1292 1269 1349 Quid
1305 1301 1464 1339 autem
1497 1292 1771 1358 improbare
1793 1296 1896 1340 Deo
1930 1294 2072 1350 Patri,
2098 1293 2189 1339 nisi
2218 1292 2413 1339 irridere

282 1375 636 1436 generationem
658 1389 758 1420 esse
781 1373 830 1419 in
859 1372 1128 1434 divinitate,
1155 1388 1301 1437 quam
1325 1367 1576 1420 ‘carnaliter
1599 1390 1767 1420 eorum
1790 1372 2098 1437 intelligentia
2123 1388 2293 1438 capere
2313 1380 2415 1419 non

281 1454 499 1517 poterat?
516 1457 624 1500 Haec
660 1469 773 1516 ergo
810 1452 964 1499 irrisio
989 1469 1131 1518 super
1153 1452 1394 1499 Christum
1419 1452 1607 1515 cecidit,
1634 1454 1745 1518 quia
1768 1453 1885 1500 dum
1907 1448 2034 1500 hanc
2056 1453 2422 1517 generationem

281 1536 573 1600 praedicaret,
600 1536 676 1583 vel
699 1553 747 1583 se
770 1535 940 1582 Filium
963 1536 1050 1582 Dei
1069 1535 1265 1595 diceret,
1291 1536 1439 1582 Patris
1459 1536 1507 1582 in
1533 1535 1628 1583 hoc
1651 1537 1868 1599 gloriam,
1898 1552 1997 1582 non
2022 1535 2268 1600 propriam
2290 1550 2415 1598 quae-

282 1616 452 1675 rendo,
471 1633 571 1663 non
595 1616 749 1663 solum
767 1616 973 1662 irrisioni
991 1616 1103 1662 inde
1122 1626 1191 1662 est
1207 1615 1412 1674 habitus,
1434 1616 1517 1663 sed
1539 1616 1601 1663 ad
1624 1625 1826 1664 mortem
1849 1632 2043 1680 quoque
2064 1615 2278 1674 traditus,
2295 1615 2415 1661 sicut

281 1698 507 1761 scriptum
532 1696 640 1756 estb,
672 1715 694 1740 «
716 1698 870 1742 Deum
894 1712 942 1742 se
976 1698 1163 1742 Patrem
1189 1695 1367 1742 habere
1398 1696 1644 1759 gloriatur,
1663 1696 1921 1753 ⁴videamus
1958 1695 1997 1742 si
2016 1711 2268 1742 sermones
2292 1693 2418 1740 illius

284 1777 380 1823 veri
417 1776 527 1837 sint,
560 1785 651 1823 etc.
678 1794 700 1819 »
729 1779 787 1821 Et
810 1776 858 1821 in
885 1776 1179 1839 Evangelio⁵,
1210 1796 1231 1820 «
1252 1775 1462 1822 Confidit
1490 1776 1539 1822 in
1576 1779 1698 1835 De0,
1733 1776 1901 1823 liberet
1930 1791 2043 1822 eum
2072 1774 2269 1822 nuncsi
2293 1773 2411 1820 vult.

261 1879 267 1889 =
282 1856 408 1903 Dixit
430 1857 558 1903 enim
582 1856 693 1920 quia
712 1855 854 1902 Filius
878 1856 967 1902 Dei
989 1873 1114 1902 sum.
1139 1874 1163 1900 »
2385 1902 2388 1906 ,

350 1957 372 1979 <c
390 1939 697 1999 Quaecunque
721 1935 893 2000 scripta
917 1946 1042 1983 sunt.
1065 1954 1087 1979 »
1116 1938 1179 1982 Ac
1202 1935 1241 1982 si
1263 1934 1440 1982 diceret
1456 1934 1610 1992 :Quid
1633 1934 1695 1982 ad
1711 1951 1801 1982 nos
1825 1950 1962 1982 novae
1983 1934 2099 1997 legis
2122 1932 2417 1998 professores

283 2016 607 2064 testimonium
639 2016 811 2062 veteris
829 2016 1135 2076 Testamenti,
1161 2016 1368 2062 maxime
1386 2031 1497 2062 cum
1517 2015 1617 2078 ejus
1638 2031 1785 2079 opera
1807 2013 2120 2080 respuamus?
2145 2010 2417 2077 Respondet

281 2096 392 2160 quia
416 2111 712 2159 quaecunque
734 2096 909 2160 scripta
940 2105 1076 2156 sunt,
1103 2105 1204 2142 tam
1233 2096 1282 2142 in
1305 2095 1454 2142 veteri
1477 2094 1655 2141 scilicet
1685 2110 1831 2158 quam
1853 2094 1903 2141 in
1933 2109 2063 2140 novo
2086 2095 2412 2151 Testamento,

284 2196 306 2220 «
334 2176 396 2223 ad
427 2185 661 2234 nostram,
691 2196 712 2218 >›
739 2175 790 2222 id
813 2185 882 2222 est
905 2174 1304 2235 Christianorum,
1335 2193 1358 2219 «
1373 2174 1646 2222 doctrinam
1668 2175 1841 2239 scripta
1866 2183 1994 2221 sunt.
2018 2194 2040 2217 >³
2068 2174 2175 2220 Non
2196 2171 2326 2218 enim
2350 2170 2416 2218 illi

287 2256 334 2302 in
368 2256 514 2302 veteri
535 2258 836 2302 Testamento
861 2255 1115 2317 docentur,
1143 2255 1228 2302 sed
1261 2265 1575 2314 excaecantur,
1604 2256 1686 2319 qui
1708 2255 1916 2302 litteram
1937 2252 2239 2301 occidentem
2260 2250 2327 2298 ibi
2348 2266 2420 2298 se-

283 2345 512 2399 quuntur,
545 2335 628 2381 sed
657 2335 724 2381 illi
756 2336 960 2382 maxime
982 2337 1066 2398 qui
1096 2335 1366 2399 frangentes
1392 2335 1679 2382 exteriorem
1709 2343 1938 2395 crustam,
1961 2334 2086 2380 mica
2107 2331 2334 2379 interiore
2353 2345 2420 2376 sa-

284 2415 521 2478 ginantur.
558 2415 651 2461 Sed
675 2425 720 2461 et
743 2414 975 2462 seculares
995 2414 1173 2462 litteras
1198 2432 1299 2461 non
1321 2415 1411 2461 nisi
1429 2415 1490 2461 ad
1516 2414 1786 2461 doctrinam
1810 2414 2020 2478 aliquam
2041 2412 2114 2459 vel
2135 2426 2328 2458 morum
2343 2409 2419 2457 vel

283 2494 568 2552 litteraturae,
609 2494 685 2541 vel
723 2505 775 2541 ut
810 2496 859 2541 in
899 2495 1059 2559 aliquo
1094 2511 1237 2542 sacrae
1262 2494 1506 2558 scripturae
1529 2493 1841 2557 opitulentur,
1867 2496 1996 2539 Deus
2017 2491 2158 2538 scribi
2182 2489 2413 2555 permisit,

284 2574 393 2622 licet
408 2575 503 2623 hoc
522 2576 712 2623 illarum
734 2576 987 2640 scriptores
1002 2576 1295 2638 ignorarent.
1321 2594 1343 2617 «
1359 2576 1420 2620 Ut
1441 2590 1542 2638 per.
1565 2593 1587 2618 υ
1616 2573 1687 2620 Ad
1709 2573 1804 2619 hoc
1825 2573 2024 2636 inquam
2051 2571 2118 2618 eis
2141 2569 2418 2616 instruimur

287 2666 332 2702 et
358 2656 607 2719 docemur,
634 2666 686 2703 ut
708 2673 793 2721 per
823 2676 846 2699 c<
873 2655 1150 2721 patientiam
1180 2676 1202 2699 ³>
1224 2654 1447 2702 videlicet
1475 2655 1524 2700 in
1546 2653 1774 2712 adversis,
1804 2672 1826 2698 «
1847 2662 1894 2699 et
1916 2651 2295 2699 consolationem
2319 2666 2343 2693 »
2369 2648 2418 2693 in

286 2737 528 2800 scripturis
549 2736 722 2783 factam
744 2736 803 2782 de
836 2736 1005 2783 bravio
1036 2734 1255 2783 videlicet
1288 2744 1472 2782 aeternae
1498 2732 1826 2791 beatitudinis,
1858 2748 1942 2797 spe
1970 2730 2241 2796 per-omnia
2262 2742 2422 2774 corro-

285 2814 514 2862 boremur
527 2817 576 2862 in
589 2819 712 2878 De0,
739 2817 941 2863 scientes
962 2816 1076 2880 quia
1094 2816 1134 2862 si
1156 2816 1475 2880 compatimur
1492 2824 1539 2862 et
1554 2813 1955 2876 conregnabimus
1965 2813 1996 2869 ⁶,
2015 2821 2062 2858 et
2085 2830 2108 2855 «
2126 2810 2175 2856 in
2193 2806 2420 2873 patientia

288 2903 440 2941 vestra
450 2896 752 2959 possidebitis
765 2897 947 2943 animas
959 2898 988 2942 ⁷.
1010 2915 1031 2938 υ
1055 2898 1165 2942 Haec
1188 2905 1348 2942 autem
1363 2912 1469 2959 spes
1480 2895 1559 2942 illa
1579 2904 1665 2953 est,
1683 2894 1744 2940 de
1759 2909 1855 2958 qua
1867 2892 2086 2957 superius
2100 2889 2283 2936 dictum
2295 2887 2414 2946 ,est⁸,

292 2991 314 3015 «
332 2975 446 3036 Spes
477 2985 637 3022 autem
667 2992 767 3021 non
797 2975 1066 3022 confundit.
1091 2994 1114 3018 »
1150 2979 1275 3022 Bene
1309 2985 1467 3023 autem
1495 2992 1607 3022 cum
1639 2973 1699 3021 de
1729 2969 2092 3020 adversitatibus
2123 2965 2419 3033 praemisisset

288 3050 483 3110 dicens⁹‚
514 3073 536 3099 «
559 3056 855 3119 Improperia
874 3055 1325 3119 improperantium,
1349 3065 1442 3104 etc.
1471 3074 1494 3101 »
1521 3054 1803 3120 patientiam
1829 3060 1997 3099 contra
2027 3049 2107 3096 illa
2135 3046 2310 3093 scilicet
2331 3059 2419 3091 ne-

324 3271 332 3287 ¹
346 3266 478 3299 Psalm.
493 3275 549 3300 xvi
561 3292 568 3308 ,
579 3276 611 3298 v.
627 3270 659 3303 4.
675 3284 715 3291 —·
728 3268 739 3286 ²
751 3266 882 3300 Psalm.
900 3276 1033 3308 mcxviii,
1048 3277 1077 3299 v.
1098 3269 1149 3301 12.
1161 3268 1222 3291 -3
1233 3269 1303 3300 Act.
1379 3275 1540 3308 cap.xxv11
1553 3264 2032 3310 ‚v.43.-⁶11Tim.‚cap.u‚v.
2043 3259 2338 3298 12.-⁷Luc.‚cap.
2349 3265 2416 3296 xxi,

285 3320 411 3363 Apost„
430 3330 502 3362 cap.
519 3329 571 3363 lx,
596 3330 626 3353 v.
643 3321 833 3362 4.—-⁴sap.
852 3329 924 3362 cap.
945 3330 987 3363 υ,
1006 3330 1037 3354 ν.
1056 3322 1150 3355 16.-
1165 3322 1176 3341 ⁵
1191 3319 1303 3353 Matth.
1378 3330 1407 3354 v.
1433 3322 1480 3354 19.
1500 3338 1542 3345 -
1568 3320 1702 3359 ⁸Rom.‚
1717 3327 1790 3358 cap.
1804 3326 1837 3358 v,
1852 3326 1882 3350 v.
1901 3315 1991 3356 5.Z—
2009 3315 2022 3335 ⁹
2036 3314 2145 3352 Rom„
2159 3322 2231 3354 cap.
2250 3320 2307 3351 xv,
2322 3319 2352 3343 v.
2381 3312 2412 3343 3-
