<?xml version="1.0" encoding="UTF-8"?>
<!DOCTYPE html PUBLIC "-//W3C//DTD XHTML 1.0 Transitional//EN"
    "http://www.w3.org/TR/xhtml1/DTD/xhtml1-transitional.dtd">
<html xmlns="http://www.w3.org/1999/xhtml" xml:lang="en" lang="en">
 <head>
  <title>
</title>
<meta http-equiv="Content-Type" content="text/html;charset=utf-8" />
  <meta name='ocr-system' content='tesseract 3.04.00' />
  <meta name='ocr-capabilities' content='ocr_page ocr_carea ocr_par ocr_line ocrx_word'/>
</head>
<body>
  <div class='ocr_page' id='page_1' title='image "./operahactenusseo00abeluoft_0138.png"; bbox 0 0 2638 3866; ppageno 0'>
   <div class='ocr_carea' id='block_1_1' title="bbox 334 201 1662 252">
    <p class='ocr_par' dir='ltr' id='par_1_1' title="bbox 334 201 1662 252">
     <span class='ocr_line' id='line_1_1' title="bbox 334 201 1662 252; baseline -0.002 -1"><span class='ocrx_word' id='word_1_1' title='bbox 334 205 426 252; x_wconf 71' lang='lat'>128</span> <span class='ocrx_word' id='word_1_2' title='bbox 1143 201 1312 249; x_wconf 82' lang='lat' dir='ltr'>PETRI</span> <span class='ocrx_word' id='word_1_3' title='bbox 1348 201 1662 249; x_wconf 85' lang='lat' dir='ltr'><strong>ABAELARDI</strong></span> 
     </span>
    </p>
   </div>
   <div class='ocr_carea' id='block_1_2' title="bbox 316 299 2473 3102">
    <p class='ocr_par' dir='ltr' id='par_1_2' title="bbox 316 299 2473 3102">
     <span class='ocr_line' id='line_1_2' title="bbox 332 299 2469 368; baseline 0 -17"><span class='ocrx_word' id='word_1_4' title='bbox 332 304 499 368; x_wconf 80' lang='lat' dir='ltr'>pluviae</span> <span class='ocrx_word' id='word_1_5' title='bbox 517 304 747 351; x_wconf 91' lang='lat' dir='ltr'>idoneum</span> <span class='ocrx_word' id='word_1_6' title='bbox 764 311 956 364; x_wconf 87' lang='lat' dir='ltr'>censet,</span> <span class='ocrx_word' id='word_1_7' title='bbox 981 301 1194 367; x_wconf 88' lang='lat' dir='ltr'>quadam</span> <span class='ocrx_word' id='word_1_8' title='bbox 1215 301 1378 365; x_wconf 88' lang='lat' dir='ltr'>utique</span> <span class='ocrx_word' id='word_1_9' title='bbox 1396 300 1669 348; x_wconf 87' lang='lat' dir='ltr'>rationabili</span> <span class='ocrx_word' id='word_1_10' title='bbox 1686 299 1746 348; x_wconf 89' lang='lat' dir='ltr'>de</span> <span class='ocrx_word' id='word_1_11' title='bbox 1770 316 1913 349; x_wconf 86' lang='lat' dir='ltr'>causa</span> <span class='ocrx_word' id='word_1_12' title='bbox 1933 337 1946 363; x_wconf 91' lang='lat'>,</span> <span class='ocrx_word' id='word_1_13' title='bbox 1971 302 2081 349; x_wconf 89' lang='lat' dir='ltr'>licet</span> <span class='ocrx_word' id='word_1_14' title='bbox 2102 300 2242 349; x_wconf 90' lang='lat' dir='ltr'>nobis</span> <span class='ocrx_word' id='word_1_15' title='bbox 2258 302 2469 351; x_wconf 73' lang='lat' dir='ltr'>occulta.</span> 
     </span>
     <span class='ocr_line' id='line_1_3' title="bbox 330 376 2463 446; baseline 0 -20"><span class='ocrx_word' id='word_1_16' title='bbox 330 381 378 427; x_wconf 95' lang='lat' dir='ltr'>Si</span> <span class='ocrx_word' id='word_1_17' title='bbox 397 381 538 444; x_wconf 92' lang='lat' dir='ltr'>igitur</span> <span class='ocrx_word' id='word_1_18' title='bbox 554 380 764 446; x_wconf 85' lang='lat' dir='ltr'>pluviam</span> <span class='ocrx_word' id='word_1_19' title='bbox 790 394 919 427; x_wconf 90' lang='lat' dir='ltr'>nunc</span> <span class='ocrx_word' id='word_1_20' title='bbox 941 379 1095 427; x_wconf 89' lang='lat' dir='ltr'>facere</span> <span class='ocrx_word' id='word_1_21' title='bbox 1113 378 1261 444; x_wconf 88' lang='lat' dir='ltr'>possit</span> <span class='ocrx_word' id='word_1_22' title='bbox 1276 386 1358 425; x_wconf 88' lang='lat' dir='ltr'>aut</span> <span class='ocrx_word' id='word_1_23' title='bbox 1381 376 1517 436; x_wconf 89' lang='lat' dir='ltr'>velit,</span> <span class='ocrx_word' id='word_1_24' title='bbox 1544 393 1603 424; x_wconf 92' lang='lat' dir='ltr'>eo</span> <span class='ocrx_word' id='word_1_25' title='bbox 1624 377 1788 442; x_wconf 89' lang='lat' dir='ltr'>utique</span> <span class='ocrx_word' id='word_1_26' title='bbox 1811 386 2029 443; x_wconf 89' lang='lat' dir='ltr'>tempore</span> <span class='ocrx_word' id='word_1_27' title='bbox 2047 377 2098 425; x_wconf 90' lang='lat' dir='ltr'>id</span> <span class='ocrx_word' id='word_1_28' title='bbox 2118 377 2270 426; x_wconf 86' lang='lat' dir='ltr'>facere</span> <span class='ocrx_word' id='word_1_29' title='bbox 2290 389 2463 444; x_wconf 90' lang='lat' dir='ltr'>potest,</span> 
     </span>
     <span class='ocr_line' id='line_1_4' title="bbox 330 457 2469 524; baseline -0.002 -17"><span class='ocrx_word' id='word_1_30' title='bbox 330 470 410 507; x_wconf 91' lang='lat' dir='ltr'>aut</span> <span class='ocrx_word' id='word_1_31' title='bbox 431 461 573 508; x_wconf 89' lang='lat' dir='ltr'>etiam</span> <span class='ocrx_word' id='word_1_32' title='bbox 597 459 720 520; x_wconf 84' lang='lat' dir='ltr'>vult,</span> <span class='ocrx_word' id='word_1_33' title='bbox 738 461 786 507; x_wconf 94' lang='lat' dir='ltr'>in</span> <span class='ocrx_word' id='word_1_34' title='bbox 811 476 910 524; x_wconf 91' lang='lat' dir='ltr'>quo</span> <span class='ocrx_word' id='word_1_35' title='bbox 933 460 984 507; x_wconf 94' lang='lat' dir='ltr'>id</span> <span class='ocrx_word' id='word_1_36' title='bbox 1004 477 1115 507; x_wconf 90' lang='lat' dir='ltr'>eum</span> <span class='ocrx_word' id='word_1_37' title='bbox 1138 459 1291 506; x_wconf 85' lang='lat' dir='ltr'>facere</span> <span class='ocrx_word' id='word_1_38' title='bbox 1308 473 1409 504; x_wconf 92' lang='lat' dir='ltr'>non</span> <span class='ocrx_word' id='word_1_39' title='bbox 1426 468 1618 522; x_wconf 88' lang='lat' dir='ltr'>oportet</span> <span class='ocrx_word' id='word_1_40' title='bbox 1637 457 1769 523; x_wconf 93' lang='lat' dir='ltr'>quod</span> <span class='ocrx_word' id='word_1_41' title='bbox 1787 457 1848 505; x_wconf 90' lang='lat' dir='ltr'>ab</span> <span class='ocrx_word' id='word_1_42' title='bbox 1867 459 2003 506; x_wconf 90' lang='lat' dir='ltr'>omni</span> <span class='ocrx_word' id='word_1_43' title='bbox 2025 458 2239 507; x_wconf 85' lang='lat' dir='ltr'>dissonat</span> <span class='ocrx_word' id='word_1_44' title='bbox 2260 460 2469 507; x_wconf 66' lang='lat' dir='ltr'>ratione.</span> 
     </span>
     <span class='ocr_line' id='line_1_5' title="bbox 330 537 2469 603; baseline 0 -16"><span class='ocrx_word' id='word_1_45' title='bbox 330 543 574 598; x_wconf 88' lang='lat' dir='ltr'>Quantum</span> <span class='ocrx_word' id='word_1_46' title='bbox 595 539 737 603; x_wconf 90' lang='lat' dir='ltr'>igitur</span> <span class='ocrx_word' id='word_1_47' title='bbox 760 540 969 599; x_wconf 84' lang='lat' dir='ltr'>aestimo,</span> <span class='ocrx_word' id='word_1_48' title='bbox 997 556 1107 587; x_wconf 92' lang='lat' dir='ltr'>cum</span> <span class='ocrx_word' id='word_1_49' title='bbox 1126 538 1174 586; x_wconf 92' lang='lat' dir='ltr'>id</span> <span class='ocrx_word' id='word_1_50' title='bbox 1200 547 1383 585; x_wconf 86' lang='lat' dir='ltr'>tantum</span> <span class='ocrx_word' id='word_1_51' title='bbox 1406 539 1535 584; x_wconf 91' lang='lat' dir='ltr'>Deus</span> <span class='ocrx_word' id='word_1_52' title='bbox 1554 537 1708 585; x_wconf 88' lang='lat' dir='ltr'>facere</span> <span class='ocrx_word' id='word_1_53' title='bbox 1724 538 1872 603; x_wconf 88' lang='lat' dir='ltr'>possit</span> <span class='ocrx_word' id='word_1_54' title='bbox 1888 538 2021 603; x_wconf 92' lang='lat' dir='ltr'>quod</span> <span class='ocrx_word' id='word_1_55' title='bbox 2046 555 2158 586; x_wconf 90' lang='lat' dir='ltr'>eum</span> <span class='ocrx_word' id='word_1_56' title='bbox 2181 538 2336 587; x_wconf 87' lang='lat' dir='ltr'>facere</span> <span class='ocrx_word' id='word_1_57' title='bbox 2353 555 2469 587; x_wconf 88' lang='lat' dir='ltr'>con·-</span> 
     </span>
     <span class='ocr_line' id='line_1_6' title="bbox 328 616 2473 684; baseline 0 -19"><span class='ocrx_word' id='word_1_58' title='bbox 328 620 472 679; x_wconf 85' lang='lat' dir='ltr'>venit‚</span> <span class='ocrx_word' id='word_1_59' title='bbox 499 636 586 667; x_wconf 89' lang='lat' dir='ltr'>nec</span> <span class='ocrx_word' id='word_1_60' title='bbox 608 636 721 667; x_wconf 90' lang='lat' dir='ltr'>eum</span> <span class='ocrx_word' id='word_1_61' title='bbox 737 619 1008 684; x_wconf 72' lang='lat' dir='ltr'>‘quidquam</span> <span class='ocrx_word' id='word_1_62' title='bbox 1033 619 1185 666; x_wconf 86' lang='lat' dir='ltr'>facere</span> <span class='ocrx_word' id='word_1_63' title='bbox 1212 617 1439 665; x_wconf 81' lang='lat' dir='ltr'>convenit</span> <span class='ocrx_word' id='word_1_64' title='bbox 1461 616 1596 681; x_wconf 90' lang='lat' dir='ltr'>quod</span> <span class='ocrx_word' id='word_1_65' title='bbox 1619 617 1773 665; x_wconf 85' lang='lat' dir='ltr'>facere</span> <span class='ocrx_word' id='word_1_66' title='bbox 1795 619 2143 684; x_wconf 81' lang='lat' dir='ltr'>praetermittat3</span> <span class='ocrx_word' id='word_1_67' title='bbox 2176 618 2398 684; x_wconf 88' lang='lat' dir='ltr'>profecto·</span> <span class='ocrx_word' id='word_1_68' title='bbox 2417 618 2473 666; x_wconf 93' lang='lat' dir='ltr'>id-</span> 
     </span>
     <span class='ocr_line' id='line_1_7' title="bbox 327 687 2469 765; baseline 0 -19"><span class='ocrx_word' id='word_1_69' title='bbox 327 699 484 746; x_wconf 89' lang='lat' dir='ltr'>solum</span> <span class='ocrx_word' id='word_1_70' title='bbox 507 717 618 747; x_wconf 91' lang='lat' dir='ltr'>eum</span> <span class='ocrx_word' id='word_1_71' title='bbox 641 716 781 765; x_wconf 88' lang='lat' dir='ltr'>posse</span> <span class='ocrx_word' id='word_1_72' title='bbox 801 700 952 748; x_wconf 87' lang='lat' dir='ltr'>facere</span> <span class='ocrx_word' id='word_1_73' title='bbox 970 687 1174 753; x_wconf 76' lang='lat' dir='ltr'>arbitror</span> <span class='ocrx_word' id='word_1_74' title='bbox 1196 697 1331 763; x_wconf 90' lang='lat' dir='ltr'>quod</span> <span class='ocrx_word' id='word_1_75' title='bbox 1350 697 1646 762; x_wconf 85' lang='lat' dir='ltr'>quandoque</span> <span class='ocrx_word' id='word_1_76' title='bbox 1678 698 1810 758; x_wconf 89' lang='lat' dir='ltr'>facit,</span> <span class='ocrx_word' id='word_1_77' title='bbox 1835 698 1944 748; x_wconf 88' lang='lat' dir='ltr'>licet</span> <span class='ocrx_word' id='word_1_78' title='bbox 1970 699 2071 748; x_wconf 89' lang='lat' dir='ltr'>haec</span> <span class='ocrx_word' id='word_1_79' title='bbox 2091 709 2252 748; x_wconf 90' lang='lat' dir='ltr'>nostra</span> <span class='ocrx_word' id='word_1_80' title='bbox 2275 699 2442 765; x_wconf 92' lang='lat' dir='ltr'>opinio</span> <span class='ocrx_word' id='word_1_81' title='bbox 2456 693 2469 714; x_wconf 89' lang='lat'><strong>¹</strong></span> 
     </span>
     <span class='ocr_line' id='line_1_8' title="bbox 328 776 2470 845; baseline 0 -18"><span class='ocrx_word' id='word_1_82' title='bbox 328 796 506 844; x_wconf 88' lang='lat' dir='ltr'>paucos</span> <span class='ocrx_word' id='word_1_83' title='bbox 526 789 608 828; x_wconf 92' lang='lat' dir='ltr'>aut</span> <span class='ocrx_word' id='word_1_84' title='bbox 627 779 786 827; x_wconf 92' lang='lat' dir='ltr'>nullos</span> <span class='ocrx_word' id='word_1_85' title='bbox 804 780 978 828; x_wconf 89' lang='lat' dir='ltr'>habeat</span> <span class='ocrx_word' id='word_1_86' title='bbox 991 788 1305 827; x_wconf 81' lang='lat' dir='ltr'>assentatores</span> <span class='ocrx_word' id='word_1_87' title='bbox 1318 813 1332 838; x_wconf 90' lang='lat'>,</span> <span class='ocrx_word' id='word_1_88' title='bbox 1353 787 1399 825; x_wconf 92' lang='lat' dir='ltr'>et</span> <span class='ocrx_word' id='word_1_89' title='bbox 1413 776 1676 842; x_wconf 77' lang='lat' dir='ltr'>plurimum</span> <span class='ocrx_word' id='word_1_90' title='bbox 1695 778 1832 827; x_wconf 91' lang='lat' dir='ltr'>dictis</span> <span class='ocrx_word' id='word_1_91' title='bbox 1851 782 2139 828; x_wconf 82' lang='lat' dir='ltr'>Sanctorum</span> <span class='ocrx_word' id='word_1_92' title='bbox 2153 815 2166 840; x_wconf 92' lang='lat'>‚</span> <span class='ocrx_word' id='word_1_93' title='bbox 2187 787 2235 828; x_wconf 86' lang='lat' dir='ltr'>et</span> <span class='ocrx_word' id='word_1_94' title='bbox 2252 779 2470 845; x_wconf 85' lang='lat' dir='ltr'>aliquan-</span> 
     </span>
     <span class='ocr_line' id='line_1_9' title="bbox 329 858 2470 925; baseline 0 -19"><span class='ocrx_word' id='word_1_95' title='bbox 329 859 480 907; x_wconf 90' lang='lat' dir='ltr'>tulum</span> <span class='ocrx_word' id='word_1_96' title='bbox 512 877 541 908; x_wconf 89' lang='lat' dir='ltr'>a</span> <span class='ocrx_word' id='word_1_97' title='bbox 573 861 758 908; x_wconf 89' lang='lat' dir='ltr'>ratione</span> <span class='ocrx_word' id='word_1_98' title='bbox 796 859 1044 908; x_wconf 87' lang='lat' dir='ltr'>dissentire</span> <span class='ocrx_word' id='word_1_99' title='bbox 1069 858 1303 906; x_wconf 86' lang='lat' dir='ltr'>videatur.</span> <span class='ocrx_word' id='word_1_100' title='bbox 1334 860 1439 905; x_wconf 89' lang='lat' dir='ltr'>Hoc</span> <span class='ocrx_word' id='word_1_101' title='bbox 1470 858 1679 924; x_wconf 85' lang='lat' dir='ltr'>quippe,</span> <span class='ocrx_word' id='word_1_102' title='bbox 1704 859 1955 925; x_wconf 89' lang='lat' dir='ltr'>inquiunt,</span> <span class='ocrx_word' id='word_1_103' title='bbox 1981 860 2235 922; x_wconf 81' lang='lat' dir='ltr'>aestimare,</span> <span class='ocrx_word' id='word_1_104' title='bbox 2262 860 2470 908; x_wconf 90' lang='lat' dir='ltr'>multum</span> 
     </span>
     <span class='ocr_line' id='line_1_10' title="bbox 328 938 2466 1007; baseline 0 -20"><span class='ocrx_word' id='word_1_105' title='bbox 328 940 524 1005; x_wconf 85' lang='lat' dir='ltr'>derogat</span> <span class='ocrx_word' id='word_1_106' title='bbox 547 941 718 989; x_wconf 86' lang='lat' dir='ltr'>divinae</span> <span class='ocrx_word' id='word_1_107' title='bbox 741 940 1050 1000; x_wconf 73' lang='lat' dir='ltr'>excellentiae,</span> <span class='ocrx_word' id='word_1_108' title='bbox 1069 948 1121 986; x_wconf 90' lang='lat' dir='ltr'>ut</span> <span class='ocrx_word' id='word_1_109' title='bbox 1136 938 1353 986; x_wconf 89' lang='lat' dir='ltr'>videlicet</span> <span class='ocrx_word' id='word_1_110' title='bbox 1365 938 1414 985; x_wconf 93' lang='lat' dir='ltr'>id</span> <span class='ocrx_word' id='word_1_111' title='bbox 1432 938 1744 988; x_wconf 90' lang='lat' dir='ltr'>solummodo</span> <span class='ocrx_word' id='word_1_112' title='bbox 1763 940 1916 989; x_wconf 87' lang='lat' dir='ltr'>facere</span> <span class='ocrx_word' id='word_1_113' title='bbox 1929 942 2079 1007; x_wconf 89' lang='lat' dir='ltr'>possit</span> <span class='ocrx_word' id='word_1_114' title='bbox 2098 940 2231 1006; x_wconf 93' lang='lat' dir='ltr'>quod</span> <span class='ocrx_word' id='word_1_115' title='bbox 2245 940 2466 1006; x_wconf 90' lang='lat' dir='ltr'>quando-</span> 
     </span>
     <span class='ocr_line' id='line_1_11' title="bbox 327 1018 2468 1087; baseline 0 -19"><span class='ocrx_word' id='word_1_116' title='bbox 327 1038 420 1085; x_wconf 91' lang='lat' dir='ltr'>que</span> <span class='ocrx_word' id='word_1_117' title='bbox 449 1021 583 1080; x_wconf 89' lang='lat' dir='ltr'>facit,</span> <span class='ocrx_word' id='word_1_118' title='bbox 611 1031 655 1068; x_wconf 88' lang='lat' dir='ltr'>et</span> <span class='ocrx_word' id='word_1_119' title='bbox 686 1020 736 1067; x_wconf 95' lang='lat' dir='ltr'>id</span> <span class='ocrx_word' id='word_1_120' title='bbox 766 1019 923 1068; x_wconf 92' lang='lat' dir='ltr'>solum</span> <span class='ocrx_word' id='word_1_121' title='bbox 955 1019 1193 1067; x_wconf 86' lang='lat' dir='ltr'>dimittere</span> <span class='ocrx_word' id='word_1_122' title='bbox 1217 1018 1352 1084; x_wconf 93' lang='lat' dir='ltr'>quod</span> <span class='ocrx_word' id='word_1_123' title='bbox 1381 1018 1604 1067; x_wconf 87' lang='lat' dir='ltr'>dimittit:</span> <span class='ocrx_word' id='word_1_124' title='bbox 1640 1037 1752 1068; x_wconf 91' lang='lat' dir='ltr'>cum</span> <span class='ocrx_word' id='word_1_125' title='bbox 1775 1038 1865 1070; x_wconf 90' lang='lat' dir='ltr'>nos</span> <span class='ocrx_word' id='word_1_126' title='bbox 1886 1022 2031 1070; x_wconf 89' lang='lat' dir='ltr'>etiam</span> <span class='ocrx_word' id='word_1_127' title='bbox 2061 1022 2181 1087; x_wconf 86' lang='lat' dir='ltr'>ipsi,</span> <span class='ocrx_word' id='word_1_128' title='bbox 2208 1021 2294 1086; x_wconf 86' lang='lat' dir='ltr'>qui</span> <span class='ocrx_word' id='word_1_129' title='bbox 2325 1020 2468 1084; x_wconf 86' lang='lat' dir='ltr'>longe</span> 
     </span>
     <span class='ocr_line' id='line_1_12' title="bbox 327 1099 2467 1167; baseline 0 -19"><span class='ocrx_word' id='word_1_130' title='bbox 327 1101 687 1165; x_wconf 88' lang='lat' dir='ltr'>impotentiores</span> <span class='ocrx_word' id='word_1_131' title='bbox 706 1116 893 1161; x_wconf 89' lang='lat' dir='ltr'>sumus,</span> <span class='ocrx_word' id='word_1_132' title='bbox 912 1099 1060 1147; x_wconf 86' lang='lat' dir='ltr'>multa</span> <span class='ocrx_word' id='word_1_133' title='bbox 1082 1100 1226 1147; x_wconf 90' lang='lat' dir='ltr'>etiam</span> <span class='ocrx_word' id='word_1_134' title='bbox 1250 1099 1403 1148; x_wconf 88' lang='lat' dir='ltr'>facere</span> <span class='ocrx_word' id='word_1_135' title='bbox 1420 1110 1466 1148; x_wconf 89' lang='lat' dir='ltr'>et</span> <span class='ocrx_word' id='word_1_136' title='bbox 1480 1100 1720 1149; x_wconf 88' lang='lat' dir='ltr'>dimittere</span> <span class='ocrx_word' id='word_1_137' title='bbox 1743 1118 2024 1167; x_wconf 91' lang='lat' dir='ltr'>possumus,</span> <span class='ocrx_word' id='word_1_138' title='bbox 2039 1118 2144 1167; x_wconf 88' lang='lat' dir='ltr'>quae</span> <span class='ocrx_word' id='word_1_139' title='bbox 2161 1117 2467 1167; x_wconf 87' lang='lat' dir='ltr'>nequaquam</span> 
     </span>
     <span class='ocr_line' id='line_1_13' title="bbox 326 1180 2468 1249; baseline 0 -21"><span class='ocrx_word' id='word_1_140' title='bbox 326 1182 520 1229; x_wconf 88' lang='lat' dir='ltr'>facimus</span> <span class='ocrx_word' id='word_1_141' title='bbox 540 1181 614 1229; x_wconf 89' lang='lat' dir='ltr'>vel</span> <span class='ocrx_word' id='word_1_142' title='bbox 637 1181 934 1230; x_wconf 88' lang='lat' dir='ltr'>dimittimus.</span> <span class='ocrx_word' id='word_1_143' title='bbox 962 1180 1149 1239; x_wconf 90' lang='lat' dir='ltr'>Quibus</span> <span class='ocrx_word' id='word_1_144' title='bbox 1171 1181 1368 1246; x_wconf 89' lang='lat' dir='ltr'>quidem</span> <span class='ocrx_word' id='word_1_145' title='bbox 1388 1181 1686 1248; x_wconf 89' lang='lat' dir='ltr'>responde0‚</span> <span class='ocrx_word' id='word_1_146' title='bbox 1711 1199 1812 1229; x_wconf 91' lang='lat' dir='ltr'>non</span> <span class='ocrx_word' id='word_1_147' title='bbox 1836 1182 1947 1230; x_wconf 91' lang='lat' dir='ltr'>ideo</span> <span class='ocrx_word' id='word_1_148' title='bbox 1970 1199 2061 1230; x_wconf 91' lang='lat' dir='ltr'>nos</span> <span class='ocrx_word' id='word_1_149' title='bbox 2081 1182 2377 1249; x_wconf 87' lang='lat' dir='ltr'>potentiores</span> <span class='ocrx_word' id='word_1_150' title='bbox 2390 1180 2468 1229; x_wconf 84' lang='lat' dir='ltr'>vel</span> 
     </span>
     <span class='ocr_line' id='line_1_14' title="bbox 324 1262 2465 1329; baseline 0 -20"><span class='ocrx_word' id='word_1_151' title='bbox 324 1262 542 1310; x_wconf 88' lang='lat' dir='ltr'>meliores</span> <span class='ocrx_word' id='word_1_152' title='bbox 578 1263 796 1310; x_wconf 77' lang='lat' dir='ltr'>aestimari</span> <span class='ocrx_word' id='word_1_153' title='bbox 835 1262 1035 1324; x_wconf 89' lang='lat' dir='ltr'>debere,</span> <span class='ocrx_word' id='word_1_154' title='bbox 1066 1263 1180 1326; x_wconf 89' lang='lat' dir='ltr'>quia</span> <span class='ocrx_word' id='word_1_155' title='bbox 1209 1263 1431 1328; x_wconf 86' lang='lat' dir='ltr'>quaedam</span> <span class='ocrx_word' id='word_1_156' title='bbox 1470 1263 1624 1312; x_wconf 88' lang='lat' dir='ltr'>facere</span> <span class='ocrx_word' id='word_1_157' title='bbox 1657 1280 1916 1329; x_wconf 90' lang='lat' dir='ltr'>possumus</span> <span class='ocrx_word' id='word_1_158' title='bbox 1939 1281 2043 1329; x_wconf 89' lang='lat' dir='ltr'>quae</span> <span class='ocrx_word' id='word_1_159' title='bbox 2075 1262 2154 1312; x_wconf 93' lang='lat' dir='ltr'>ille</span> <span class='ocrx_word' id='word_1_160' title='bbox 2186 1263 2340 1310; x_wconf 86' lang='lat' dir='ltr'>facere</span> <span class='ocrx_word' id='word_1_161' title='bbox 2365 1278 2465 1309; x_wconf 92' lang='lat' dir='ltr'>non</span> 
     </span>
     <span class='ocr_line' id='line_1_15' title="bbox 322 1341 2466 1410; baseline 0 -22"><span class='ocrx_word' id='word_1_162' title='bbox 322 1351 504 1406; x_wconf 86' lang='lat' dir='ltr'>potest,</span> <span class='ocrx_word' id='word_1_163' title='bbox 523 1352 576 1389; x_wconf 91' lang='lat' dir='ltr'>ut</span> <span class='ocrx_word' id='word_1_164' title='bbox 607 1342 861 1391; x_wconf 85' lang='lat' dir='ltr'>comedere</span> <span class='ocrx_word' id='word_1_165' title='bbox 878 1381 890 1405; x_wconf 95' lang='lat'>,</span> <span class='ocrx_word' id='word_1_166' title='bbox 917 1343 992 1391; x_wconf 89' lang='lat' dir='ltr'>vel</span> <span class='ocrx_word' id='word_1_167' title='bbox 1017 1343 1286 1405; x_wconf 89' lang='lat' dir='ltr'>ambulare,</span> <span class='ocrx_word' id='word_1_168' title='bbox 1313 1344 1389 1392; x_wconf 88' lang='lat' dir='ltr'>vel</span> <span class='ocrx_word' id='word_1_169' title='bbox 1410 1343 1620 1409; x_wconf 88' lang='lat' dir='ltr'>denique</span> <span class='ocrx_word' id='word_1_170' title='bbox 1646 1361 1875 1410; x_wconf 82' lang='lat' dir='ltr'>peccare3</span> <span class='ocrx_word' id='word_1_171' title='bbox 1903 1344 2038 1409; x_wconf 93' lang='lat' dir='ltr'>quod</span> <span class='ocrx_word' id='word_1_172' title='bbox 2061 1361 2088 1392; x_wconf 92' lang='lat' dir='ltr'>a</span> <span class='ocrx_word' id='word_1_173' title='bbox 2105 1343 2325 1410; x_wconf 85' lang='lat' dir='ltr'>potentia</span> <span class='ocrx_word' id='word_1_174' title='bbox 2346 1341 2466 1390; x_wconf 89' lang='lat' dir='ltr'>divi-</span> 
     </span>
     <span class='ocr_line' id='line_1_16' title="bbox 322 1422 2466 1491; baseline 0 -22"><span class='ocrx_word' id='word_1_175' title='bbox 322 1422 479 1470; x_wconf 89' lang='lat' dir='ltr'>nitatis</span> <span class='ocrx_word' id='word_1_176' title='bbox 502 1423 690 1487; x_wconf 86' lang='lat' dir='ltr'>penitus</span> <span class='ocrx_word' id='word_1_177' title='bbox 710 1432 780 1471; x_wconf 90' lang='lat' dir='ltr'>est</span> <span class='ocrx_word' id='word_1_178' title='bbox 802 1433 1043 1472; x_wconf 89' lang='lat' dir='ltr'>remotum</span> <span class='ocrx_word' id='word_1_179' title='bbox 1060 1462 1072 1485; x_wconf 87' lang='lat'>,</span> <span class='ocrx_word' id='word_1_180' title='bbox 1091 1435 1139 1473; x_wconf 90' lang='lat' dir='ltr'>et</span> <span class='ocrx_word' id='word_1_181' title='bbox 1162 1424 1223 1473; x_wconf 89' lang='lat' dir='ltr'>ab</span> <span class='ocrx_word' id='word_1_182' title='bbox 1247 1426 1349 1490; x_wconf 87' lang='lat' dir='ltr'>ejus</span> <span class='ocrx_word' id='word_1_183' title='bbox 1371 1425 1600 1490; x_wconf 87' lang='lat' dir='ltr'>dignitate</span> <span class='ocrx_word' id='word_1_184' title='bbox 1622 1442 1820 1491; x_wconf 90' lang='lat' dir='ltr'>prorsus</span> <span class='ocrx_word' id='word_1_185' title='bbox 1843 1425 2080 1488; x_wconf 82' lang='lat' dir='ltr'>alienum3</span> <span class='ocrx_word' id='word_1_186' title='bbox 2100 1423 2236 1490; x_wconf 92' lang='lat' dir='ltr'>quod</span> <span class='ocrx_word' id='word_1_187' title='bbox 2257 1423 2466 1487; x_wconf 88' lang='lat' dir='ltr'>denique</span> 
     </span>
     <span class='ocr_line' id='line_1_17' title="bbox 323 1502 2471 1572; baseline 0 -22"><span class='ocrx_word' id='word_1_188' title='bbox 323 1503 486 1551; x_wconf 89' lang='lat' dir='ltr'>attinet</span> <span class='ocrx_word' id='word_1_189' title='bbox 501 1502 563 1551; x_wconf 90' lang='lat' dir='ltr'>ad</span> <span class='ocrx_word' id='word_1_190' title='bbox 576 1506 753 1564; x_wconf 90' lang='lat' dir='ltr'>Deum,</span> <span class='ocrx_word' id='word_1_191' title='bbox 774 1503 854 1552; x_wconf 91' lang='lat' dir='ltr'>illa</span> <span class='ocrx_word' id='word_1_192' title='bbox 868 1505 1012 1552; x_wconf 88' lang='lat' dir='ltr'>etiam</span> <span class='ocrx_word' id='word_1_193' title='bbox 1033 1522 1175 1571; x_wconf 88' lang='lat' dir='ltr'>posse</span> <span class='ocrx_word' id='word_1_194' title='bbox 1197 1506 1351 1555; x_wconf 90' lang='lat' dir='ltr'>facere</span> <span class='ocrx_word' id='word_1_195' title='bbox 1369 1524 1476 1571; x_wconf 86' lang='lat' dir='ltr'>quae</span> <span class='ocrx_word' id='word_1_196' title='bbox 1492 1522 1744 1572; x_wconf 91' lang='lat' dir='ltr'>nunquam</span> <span class='ocrx_word' id='word_1_197' title='bbox 1764 1506 1922 1568; x_wconf 87' lang='lat' dir='ltr'>faciat,</span> <span class='ocrx_word' id='word_1_198' title='bbox 1942 1506 2018 1554; x_wconf 88' lang='lat' dir='ltr'>vel</span> <span class='ocrx_word' id='word_1_199' title='bbox 2035 1522 2140 1571; x_wconf 86' lang='lat' dir='ltr'>quae</span> <span class='ocrx_word' id='word_1_200' title='bbox 2157 1505 2289 1552; x_wconf 89' lang='lat' dir='ltr'>hunc</span> <span class='ocrx_word' id='word_1_201' title='bbox 2312 1503 2471 1552; x_wconf 87' lang='lat' dir='ltr'>facere·</span> 
     </span>
     <span class='ocr_line' id='line_1_18' title="bbox 323 1583 2467 1653; baseline 0.001 -24"><span class='ocrx_word' id='word_1_202' title='bbox 323 1583 517 1632; x_wconf 91' lang='lat' dir='ltr'>minime</span> <span class='ocrx_word' id='word_1_203' title='bbox 533 1585 804 1634; x_wconf 87' lang='lat' dir='ltr'>conveniat.</span> <span class='ocrx_word' id='word_1_204' title='bbox 826 1588 945 1633; x_wconf 86' lang='lat' dir='ltr'>Nam</span> <span class='ocrx_word' id='word_1_205' title='bbox 970 1595 1016 1633; x_wconf 91' lang='lat' dir='ltr'>et</span> <span class='ocrx_word' id='word_1_206' title='bbox 1040 1587 1174 1651; x_wconf 94' lang='lat' dir='ltr'>quod</span> <span class='ocrx_word' id='word_1_207' title='bbox 1200 1604 1290 1635; x_wconf 94' lang='lat' dir='ltr'>nos</span> <span class='ocrx_word' id='word_1_208' title='bbox 1312 1586 1534 1652; x_wconf 86' lang='lat' dir='ltr'>quaedam</span> <span class='ocrx_word' id='word_1_209' title='bbox 1565 1588 1721 1635; x_wconf 88' lang='lat' dir='ltr'>facere</span> <span class='ocrx_word' id='word_1_210' title='bbox 1750 1604 2006 1653; x_wconf 92' lang='lat' dir='ltr'>possumus</span> <span class='ocrx_word' id='word_1_211' title='bbox 2021 1624 2034 1649; x_wconf 85' lang='lat'><strong><em>‚</em></strong></span> <span class='ocrx_word' id='word_1_212' title='bbox 2054 1603 2160 1651; x_wconf 84' lang='lat' dir='ltr'>quae</span> <span class='ocrx_word' id='word_1_213' title='bbox 2187 1585 2340 1633; x_wconf 87' lang='lat' dir='ltr'>facere</span> <span class='ocrx_word' id='word_1_214' title='bbox 2364 1600 2467 1632; x_wconf 89' lang='lat' dir='ltr'>non</span> 
     </span>
     <span class='ocr_line' id='line_1_19' title="bbox 323 1663 2464 1733; baseline 0 -23"><span class='ocrx_word' id='word_1_215' title='bbox 323 1663 576 1725; x_wconf 89' lang='lat' dir='ltr'>debemus,</span> <span class='ocrx_word' id='word_1_216' title='bbox 595 1664 857 1713; x_wconf 83' lang='lat' dir='ltr'>infirmitati</span> <span class='ocrx_word' id='word_1_217' title='bbox 876 1667 1036 1732; x_wconf 91' lang='lat' dir='ltr'>potius</span> <span class='ocrx_word' id='word_1_218' title='bbox 1066 1677 1240 1715; x_wconf 86' lang='lat' dir='ltr'>nostrae</span> <span class='ocrx_word' id='word_1_219' title='bbox 1265 1684 1412 1733; x_wconf 90' lang='lat' dir='ltr'>quam</span> <span class='ocrx_word' id='word_1_220' title='bbox 1433 1667 1653 1731; x_wconf 83' lang='lat' dir='ltr'>dignitati</span> <span class='ocrx_word' id='word_1_221' title='bbox 1675 1666 2016 1715; x_wconf 86' lang='lat' dir='ltr'>ascribendum</span> <span class='ocrx_word' id='word_1_222' title='bbox 2034 1677 2129 1728; x_wconf 87' lang='lat' dir='ltr'>est,</span> <span class='ocrx_word' id='word_1_223' title='bbox 2157 1666 2240 1731; x_wconf 92' lang='lat' dir='ltr'>qui</span> <span class='ocrx_word' id='word_1_224' title='bbox 2262 1664 2464 1712; x_wconf 90' lang='lat' dir='ltr'>omnino</span> 
     </span>
     <span class='ocr_line' id='line_1_20' title="bbox 322 1743 2465 1813; baseline 0.001 -23"><span class='ocrx_word' id='word_1_225' title='bbox 322 1745 540 1792; x_wconf 89' lang='lat' dir='ltr'>meliores</span> <span class='ocrx_word' id='word_1_226' title='bbox 562 1763 794 1809; x_wconf 80' lang='lat' dir='ltr'>essemuS,</span> <span class='ocrx_word' id='word_1_227' title='bbox 815 1747 854 1794; x_wconf 90' lang='lat' dir='ltr'>si</span> <span class='ocrx_word' id='word_1_228' title='bbox 869 1763 926 1795; x_wconf 90' lang='lat' dir='ltr'>ea</span> <span class='ocrx_word' id='word_1_229' title='bbox 948 1763 1054 1811; x_wconf 88' lang='lat' dir='ltr'>quae</span> <span class='ocrx_word' id='word_1_230' title='bbox 1078 1756 1265 1796; x_wconf 90' lang='lat' dir='ltr'>tantum</span> <span class='ocrx_word' id='word_1_231' title='bbox 1281 1748 1435 1796; x_wconf 88' lang='lat' dir='ltr'>facere</span> <span class='ocrx_word' id='word_1_232' title='bbox 1456 1747 1691 1796; x_wconf 91' lang='lat' dir='ltr'>debemus</span> <span class='ocrx_word' id='word_1_233' title='bbox 1706 1785 1717 1807; x_wconf 86' lang='lat'>,</span> <span class='ocrx_word' id='word_1_234' title='bbox 1738 1747 1892 1795; x_wconf 90' lang='lat' dir='ltr'>facere</span> <span class='ocrx_word' id='word_1_235' title='bbox 1914 1763 2187 1813; x_wconf 90' lang='lat' dir='ltr'>possemus,</span> <span class='ocrx_word' id='word_1_236' title='bbox 2215 1762 2306 1793; x_wconf 90' lang='lat' dir='ltr'>nec</span> <span class='ocrx_word' id='word_1_237' title='bbox 2329 1743 2465 1810; x_wconf 90' lang='lat' dir='ltr'>quid-</span> 
     </span>
     <span class='ocr_line' id='line_1_21' title="bbox 321 1824 2465 1897; baseline 0 -27"><span class='ocrx_word' id='word_1_238' title='bbox 321 1841 465 1888; x_wconf 89' lang='lat' dir='ltr'>quam</span> <span class='ocrx_word' id='word_1_239' title='bbox 499 1825 749 1875; x_wconf 88' lang='lat' dir='ltr'>inhoneste</span> <span class='ocrx_word' id='word_1_240' title='bbox 787 1843 815 1874; x_wconf 91' lang='lat' dir='ltr'>a</span> <span class='ocrx_word' id='word_1_241' title='bbox 852 1826 992 1875; x_wconf 91' lang='lat' dir='ltr'>nobis</span> <span class='ocrx_word' id='word_1_242' title='bbox 1018 1826 1120 1876; x_wconf 84' lang='lat' dir='ltr'>fieri</span> <span class='ocrx_word' id='word_1_243' title='bbox 1153 1838 1332 1894; x_wconf 87' lang='lat' dir='ltr'>posset.</span> <span class='ocrx_word' id='word_1_244' title='bbox 1370 1828 1515 1887; x_wconf 89' lang='lat' dir='ltr'>Quod</span> <span class='ocrx_word' id='word_1_245' title='bbox 1551 1839 1710 1876; x_wconf 86' lang='lat' dir='ltr'>tamen</span> <span class='ocrx_word' id='word_1_246' title='bbox 1743 1828 1867 1876; x_wconf 88' lang='lat' dir='ltr'>male</span> <span class='ocrx_word' id='word_1_247' title='bbox 1897 1827 2103 1875; x_wconf 89' lang='lat' dir='ltr'>faciendi</span> <span class='ocrx_word' id='word_1_248' title='bbox 2133 1825 2209 1874; x_wconf 80' lang='lat' dir='ltr'>vel</span> <span class='ocrx_word' id='word_1_249' title='bbox 2231 1824 2465 1897; x_wconf 81' lang='lat' dir='ltr'>peccandi</span> 
     </span>
     <span class='ocr_line' id='line_1_22' title="bbox 322 1906 2465 1974; baseline 0 -23"><span class='ocrx_word' id='word_1_250' title='bbox 322 1914 601 1968; x_wconf 86' lang='lat' dir='ltr'>potestatem</span> <span class='ocrx_word' id='word_1_251' title='bbox 637 1906 901 1966; x_wconf 84' lang='lat' dir='ltr'>habemus,</span> <span class='ocrx_word' id='word_1_252' title='bbox 929 1925 1030 1956; x_wconf 91' lang='lat' dir='ltr'>non</span> <span class='ocrx_word' id='word_1_253' title='bbox 1062 1908 1245 1974; x_wconf 86' lang='lat' dir='ltr'>absque</span> <span class='ocrx_word' id='word_1_254' title='bbox 1278 1910 1464 1957; x_wconf 87' lang='lat' dir='ltr'>ratione</span> <span class='ocrx_word' id='word_1_255' title='bbox 1500 1908 1603 1956; x_wconf 87' lang='lat' dir='ltr'>haec</span> <span class='ocrx_word' id='word_1_256' title='bbox 1627 1925 1655 1956; x_wconf 86' lang='lat' dir='ltr'>a</span> <span class='ocrx_word' id='word_1_257' title='bbox 1688 1912 1792 1957; x_wconf 92' lang='lat' dir='ltr'>Deo</span> <span class='ocrx_word' id='word_1_258' title='bbox 1824 1908 1967 1956; x_wconf 91' lang='lat' dir='ltr'>nobis</span> <span class='ocrx_word' id='word_1_259' title='bbox 2002 1917 2210 1973; x_wconf 89' lang='lat' dir='ltr'>potestas</span> <span class='ocrx_word' id='word_1_260' title='bbox 2239 1921 2465 1954; x_wconf 90' lang='lat' dir='ltr'>concessa</span> 
     </span>
     <span class='ocr_line' id='line_1_23' title="bbox 319 1985 2464 2055; baseline 0 -23"><span class='ocrx_word' id='word_1_261' title='bbox 319 1995 388 2033; x_wconf 87' lang='lat' dir='ltr'>est</span> <span class='ocrx_word' id='word_1_262' title='bbox 417 2005 427 2032; x_wconf 91' lang='lat'><strong>:</strong></span> <span class='ocrx_word' id='word_1_263' title='bbox 465 1996 517 2034; x_wconf 93' lang='lat' dir='ltr'>ut</span> <span class='ocrx_word' id='word_1_264' title='bbox 557 1988 733 2036; x_wconf 88' lang='lat' dir='ltr'>scilicet</span> <span class='ocrx_word' id='word_1_265' title='bbox 769 1989 1130 2055; x_wconf 88' lang='lat' dir='ltr'>comparatione</span> <span class='ocrx_word' id='word_1_266' title='bbox 1163 1999 1338 2038; x_wconf 86' lang='lat' dir='ltr'>nostrae</span> <span class='ocrx_word' id='word_1_267' title='bbox 1376 1989 1665 2038; x_wconf 85' lang='lat' dir='ltr'>infirmitatis</span> <span class='ocrx_word' id='word_1_268' title='bbox 1696 1989 1773 2037; x_wconf 91' lang='lat' dir='ltr'>ille</span> <span class='ocrx_word' id='word_1_269' title='bbox 1810 1989 2063 2054; x_wconf 83' lang='lat' dir='ltr'>gloriosior</span> <span class='ocrx_word' id='word_1_270' title='bbox 2094 1996 2345 2054; x_wconf 87' lang='lat' dir='ltr'>appareat,</span> <span class='ocrx_word' id='word_1_271' title='bbox 2379 1985 2464 2050; x_wconf 89' lang='lat' dir='ltr'>qui</span> 
     </span>
     <span class='ocr_line' id='line_1_24' title="bbox 319 2068 2459 2138; baseline -0 -23"><span class='ocrx_word' id='word_1_272' title='bbox 319 2068 516 2115; x_wconf 89' lang='lat' dir='ltr'>omnino</span> <span class='ocrx_word' id='word_1_273' title='bbox 539 2086 737 2134; x_wconf 89' lang='lat' dir='ltr'>peccare</span> <span class='ocrx_word' id='word_1_274' title='bbox 759 2087 860 2118; x_wconf 93' lang='lat' dir='ltr'>non</span> <span class='ocrx_word' id='word_1_275' title='bbox 883 2080 1068 2137; x_wconf 84' lang='lat' dir='ltr'>potest;</span> <span class='ocrx_word' id='word_1_276' title='bbox 1095 2081 1143 2119; x_wconf 89' lang='lat' dir='ltr'>et</span> <span class='ocrx_word' id='word_1_277' title='bbox 1158 2087 1271 2119; x_wconf 88' lang='lat' dir='ltr'>cum</span> <span class='ocrx_word' id='word_1_278' title='bbox 1290 2089 1317 2120; x_wconf 88' lang='lat' dir='ltr'>a</span> <span class='ocrx_word' id='word_1_279' title='bbox 1335 2080 1534 2138; x_wconf 87' lang='lat' dir='ltr'>peccato</span> <span class='ocrx_word' id='word_1_280' title='bbox 1547 2087 1811 2131; x_wconf 76' lang='lat' dir='ltr'>cessamuS,</span> <span class='ocrx_word' id='word_1_281' title='bbox 1833 2087 1933 2118; x_wconf 94' lang='lat' dir='ltr'>non</span> <span class='ocrx_word' id='word_1_282' title='bbox 1950 2069 2046 2117; x_wconf 91' lang='lat' dir='ltr'>hoc</span> <span class='ocrx_word' id='word_1_283' title='bbox 2065 2079 2247 2117; x_wconf 85' lang='lat' dir='ltr'>naturae</span> <span class='ocrx_word' id='word_1_284' title='bbox 2268 2076 2459 2128; x_wconf 67' lang='lat' dir='ltr'>nostrae,</span> 
     </span>
     <span class='ocr_line' id='line_1_25' title="bbox 318 2147 2463 2217; baseline 0 -23"><span class='ocrx_word' id='word_1_285' title='bbox 318 2147 400 2195; x_wconf 89' lang='lat' dir='ltr'>sed</span> <span class='ocrx_word' id='word_1_286' title='bbox 427 2149 527 2213; x_wconf 91' lang='lat' dir='ltr'>ejus</span> <span class='ocrx_word' id='word_1_287' title='bbox 563 2150 782 2216; x_wconf 87' lang='lat' dir='ltr'>adjutrici</span> <span class='ocrx_word' id='word_1_288' title='bbox 813 2152 972 2216; x_wconf 87' lang='lat' dir='ltr'>gratiae</span> <span class='ocrx_word' id='word_1_289' title='bbox 1001 2150 1296 2212; x_wconf 81' lang='lat' dir='ltr'>tribuamuS,</span> <span class='ocrx_word' id='word_1_290' title='bbox 1327 2153 1413 2217; x_wconf 92' lang='lat' dir='ltr'>qui</span> <span class='ocrx_word' id='word_1_291' title='bbox 1435 2152 1498 2200; x_wconf 89' lang='lat' dir='ltr'>ad</span> <span class='ocrx_word' id='word_1_292' title='bbox 1521 2152 1724 2217; x_wconf 89' lang='lat' dir='ltr'>gloriam</span> <span class='ocrx_word' id='word_1_293' title='bbox 1760 2152 1835 2200; x_wconf 90' lang='lat' dir='ltr'>sui</span> <span class='ocrx_word' id='word_1_294' title='bbox 1867 2168 1968 2199; x_wconf 90' lang='lat' dir='ltr'>non</span> <span class='ocrx_word' id='word_1_295' title='bbox 2002 2150 2160 2198; x_wconf 88' lang='lat' dir='ltr'>solum</span> <span class='ocrx_word' id='word_1_296' title='bbox 2189 2148 2350 2207; x_wconf 90' lang='lat' dir='ltr'>bona,</span> <span class='ocrx_word' id='word_1_297' title='bbox 2375 2147 2463 2195; x_wconf 90' lang='lat' dir='ltr'>sed</span> 
     </span>
     <span class='ocr_line' id='line_1_26' title="bbox 320 2227 2462 2298; baseline 0 -24"><span class='ocrx_word' id='word_1_298' title='bbox 320 2229 460 2276; x_wconf 86' lang='lat' dir='ltr'>etiam</span> <span class='ocrx_word' id='word_1_299' title='bbox 484 2230 609 2278; x_wconf 88' lang='lat' dir='ltr'>mala</span> <span class='ocrx_word' id='word_1_300' title='bbox 630 2231 859 2297; x_wconf 88' lang='lat' dir='ltr'>disponit.</span> <span class='ocrx_word' id='word_1_301' title='bbox 887 2234 1009 2281; x_wconf 91' lang='lat' dir='ltr'>Sunt</span> <span class='ocrx_word' id='word_1_302' title='bbox 1030 2249 1146 2280; x_wconf 81' lang='lat' dir='ltr'>vero</span> <span class='ocrx_word' id='word_1_303' title='bbox 1170 2233 1254 2298; x_wconf 92' lang='lat' dir='ltr'>qui</span> <span class='ocrx_word' id='word_1_304' title='bbox 1278 2232 1389 2280; x_wconf 92' lang='lat' dir='ltr'>ideo</span> <span class='ocrx_word' id='word_1_305' title='bbox 1411 2235 1571 2280; x_wconf 90' lang='lat' dir='ltr'>Deum</span> <span class='ocrx_word' id='word_1_306' title='bbox 1604 2233 1841 2281; x_wconf 84' lang='lat' dir='ltr'>aestimant</span> <span class='ocrx_word' id='word_1_307' title='bbox 1874 2248 1930 2280; x_wconf 89' lang='lat' dir='ltr'>ea</span> <span class='ocrx_word' id='word_1_308' title='bbox 1959 2232 2103 2279; x_wconf 88' lang='lat' dir='ltr'>etiam</span> <span class='ocrx_word' id='word_1_309' title='bbox 2133 2245 2275 2296; x_wconf 91' lang='lat' dir='ltr'>posse</span> <span class='ocrx_word' id='word_1_310' title='bbox 2307 2227 2462 2276; x_wconf 86' lang='lat' dir='ltr'>facere</span> 
     </span>
     <span class='ocr_line' id='line_1_27' title="bbox 318 2307 2463 2379; baseline 0 -24"><span class='ocrx_word' id='word_1_311' title='bbox 318 2324 421 2371; x_wconf 83' lang='lat' dir='ltr'>quae</span> <span class='ocrx_word' id='word_1_312' title='bbox 441 2326 539 2357; x_wconf 91' lang='lat' dir='ltr'>non</span> <span class='ocrx_word' id='word_1_313' title='bbox 562 2310 694 2374; x_wconf 89' lang='lat' dir='ltr'>facit,</span> <span class='ocrx_word' id='word_1_314' title='bbox 717 2313 851 2377; x_wconf 91' lang='lat' dir='ltr'>quod</span> <span class='ocrx_word' id='word_1_315' title='bbox 871 2323 1055 2361; x_wconf 89' lang='lat' dir='ltr'>certum</span> <span class='ocrx_word' id='word_1_316' title='bbox 1074 2314 1135 2362; x_wconf 88' lang='lat' dir='ltr'>sit</span> <span class='ocrx_word' id='word_1_317' title='bbox 1157 2313 1277 2361; x_wconf 91' lang='lat' dir='ltr'>nihil</span> <span class='ocrx_word' id='word_1_318' title='bbox 1292 2314 1337 2361; x_wconf 89' lang='lat' dir='ltr'>ei</span> <span class='ocrx_word' id='word_1_319' title='bbox 1359 2330 1499 2379; x_wconf 90' lang='lat' dir='ltr'>posse</span> <span class='ocrx_word' id='word_1_320' title='bbox 1519 2313 1737 2362; x_wconf 88' lang='lat' dir='ltr'>resistere</span> <span class='ocrx_word' id='word_1_321' title='bbox 1754 2350 1767 2373; x_wconf 95' lang='lat'>,</span> <span class='ocrx_word' id='word_1_322' title='bbox 1792 2313 1832 2361; x_wconf 91' lang='lat' dir='ltr'>si</span> <span class='ocrx_word' id='word_1_323' title='bbox 1851 2329 1907 2360; x_wconf 91' lang='lat' dir='ltr'>ea</span> <span class='ocrx_word' id='word_1_324' title='bbox 1935 2312 2081 2360; x_wconf 87' lang='lat' dir='ltr'>etiam</span> <span class='ocrx_word' id='word_1_325' title='bbox 2104 2327 2210 2375; x_wconf 88' lang='lat' dir='ltr'>quae</span> <span class='ocrx_word' id='word_1_326' title='bbox 2230 2326 2330 2357; x_wconf 92' lang='lat' dir='ltr'>non</span> <span class='ocrx_word' id='word_1_327' title='bbox 2352 2307 2463 2356; x_wconf 89' lang='lat' dir='ltr'>facit</span> 
     </span>
     <span class='ocr_line' id='line_1_28' title="bbox 317 2388 2466 2458; baseline 0 -24"><span class='ocrx_word' id='word_1_328' title='bbox 317 2388 456 2436; x_wconf 85' lang='lat' dir='ltr'>vellet</span> <span class='ocrx_word' id='word_1_329' title='bbox 482 2390 656 2451; x_wconf 87' lang='lat' dir='ltr'>facere,</span> <span class='ocrx_word' id='word_1_330' title='bbox 679 2393 813 2456; x_wconf 86' lang='lat' dir='ltr'>juxta</span> <span class='ocrx_word' id='word_1_331' title='bbox 834 2393 952 2441; x_wconf 93' lang='lat' dir='ltr'>illud</span> <span class='ocrx_word' id='word_1_332' title='bbox 978 2413 988 2441; x_wconf 91' lang='lat'>:</span> <span class='ocrx_word' id='word_1_333' title='bbox 1017 2414 1041 2439; x_wconf 89' lang='lat'>«</span> <span class='ocrx_word' id='word_1_334' title='bbox 1063 2393 1312 2441; x_wconf 88' lang='lat' dir='ltr'>Voluntati</span> <span class='ocrx_word' id='word_1_335' title='bbox 1334 2394 1464 2441; x_wconf 89' lang='lat' dir='ltr'>enim</span> <span class='ocrx_word' id='word_1_336' title='bbox 1493 2394 1595 2458; x_wconf 83' lang='lat' dir='ltr'>ejus</span> <span class='ocrx_word' id='word_1_337' title='bbox 1617 2394 1725 2458; x_wconf 84' lang='lat' dir='ltr'>quis</span> <span class='ocrx_word' id='word_1_338' title='bbox 1753 2393 1974 2440; x_wconf 79' lang='lat' dir='ltr'>resistit²?</span> <span class='ocrx_word' id='word_1_339' title='bbox 1996 2413 2019 2435; x_wconf 89' lang='lat'>»</span> <span class='ocrx_word' id='word_1_340' title='bbox 2051 2390 2186 2438; x_wconf 90' lang='lat' dir='ltr'>Unde</span> <span class='ocrx_word' id='word_1_341' title='bbox 2213 2398 2259 2437; x_wconf 91' lang='lat' dir='ltr'>et</span> <span class='ocrx_word' id='word_1_342' title='bbox 2293 2388 2466 2436; x_wconf 88' lang='lat' dir='ltr'>beatus</span> 
     </span>
     <span class='ocr_line' id='line_1_29' title="bbox 319 2470 2460 2541; baseline 0 -26"><span class='ocrx_word' id='word_1_343' title='bbox 319 2471 532 2518; x_wconf 88' lang='lat' dir='ltr'>meminit</span> <span class='ocrx_word' id='word_1_344' title='bbox 557 2475 842 2538; x_wconf 87' lang='lat' dir='ltr'>Augustinus</span> <span class='ocrx_word' id='word_1_345' title='bbox 865 2493 875 2521; x_wconf 78' lang='lat' dir='ltr'><em>z</em></span> <span class='ocrx_word' id='word_1_346' title='bbox 908 2495 931 2520; x_wconf 90' lang='lat'>«</span> <span class='ocrx_word' id='word_1_347' title='bbox 951 2476 1274 2541; x_wconf 90' lang='lat' dir='ltr'>Omnipotens</span> <span class='ocrx_word' id='word_1_348' title='bbox 1299 2477 1427 2522; x_wconf 87' lang='lat' dir='ltr'>Deus</span> <span class='ocrx_word' id='word_1_349' title='bbox 1448 2491 1550 2521; x_wconf 91' lang='lat' dir='ltr'>non</span> <span class='ocrx_word' id='word_1_350' title='bbox 1572 2475 1683 2539; x_wconf 89' lang='lat' dir='ltr'>quia</span> <span class='ocrx_word' id='word_1_351' title='bbox 1703 2474 1868 2521; x_wconf 89' lang='lat' dir='ltr'>omnia</span> <span class='ocrx_word' id='word_1_352' title='bbox 1885 2482 2061 2539; x_wconf 89' lang='lat' dir='ltr'>potest,</span> <span class='ocrx_word' id='word_1_353' title='bbox 2088 2470 2174 2519; x_wconf 90' lang='lat' dir='ltr'>sed</span> <span class='ocrx_word' id='word_1_354' title='bbox 2197 2470 2311 2535; x_wconf 91' lang='lat' dir='ltr'>quia</span> <span class='ocrx_word' id='word_1_355' title='bbox 2333 2485 2460 2533; x_wconf 84' lang='lat' dir='ltr'>quae-</span> 
     </span>
     <span class='ocr_line' id='line_1_30' title="bbox 316 2549 2456 2619; baseline -0.001 -23"><span class='ocrx_word' id='word_1_356' title='bbox 316 2565 505 2614; x_wconf 90' lang='lat' dir='ltr'>cunque</span> <span class='ocrx_word' id='word_1_357' title='bbox 539 2553 639 2599; x_wconf 90' lang='lat' dir='ltr'>vult</span> <span class='ocrx_word' id='word_1_358' title='bbox 678 2564 856 2618; x_wconf 88' lang='lat' dir='ltr'>potest,</span> <span class='ocrx_word' id='word_1_359' title='bbox 892 2571 983 2602; x_wconf 90' lang='lat' dir='ltr'>nec</span> <span class='ocrx_word' id='word_1_360' title='bbox 1019 2554 1258 2604; x_wconf 88' lang='lat' dir='ltr'>ullatenus</span> <span class='ocrx_word' id='word_1_361' title='bbox 1284 2555 1543 2602; x_wconf 87' lang='lat' dir='ltr'>voluntatis</span> <span class='ocrx_word' id='word_1_362' title='bbox 1578 2554 1681 2618; x_wconf 89' lang='lat' dir='ltr'>ejus</span> <span class='ocrx_word' id='word_1_363' title='bbox 1718 2553 1971 2619; x_wconf 83' lang='lat' dir='ltr'>praepediri</span> <span class='ocrx_word' id='word_1_364' title='bbox 2002 2560 2159 2617; x_wconf 88' lang='lat' dir='ltr'>potest</span> <span class='ocrx_word' id='word_1_365' title='bbox 2197 2549 2411 2599; x_wconf 85' lang='lat' dir='ltr'>effectus.</span> <span class='ocrx_word' id='word_1_366' title='bbox 2433 2569 2456 2592; x_wconf 74' lang='lat'>»2</span> 
     </span>
     <span class='ocr_line' id='line_1_31' title="bbox 317 2628 2461 2698; baseline 0 -23"><span class='ocrx_word' id='word_1_367' title='bbox 317 2628 525 2695; x_wconf 89' lang='lat' dir='ltr'>Ideoque</span> <span class='ocrx_word' id='word_1_368' title='bbox 552 2633 788 2698; x_wconf 92' lang='lat' dir='ltr'>quidquid</span> <span class='ocrx_word' id='word_1_369' title='bbox 807 2635 945 2683; x_wconf 90' lang='lat' dir='ltr'>vellet</span> <span class='ocrx_word' id='word_1_370' title='bbox 967 2635 1235 2683; x_wconf 89' lang='lat' dir='ltr'>necessario</span> <span class='ocrx_word' id='word_1_371' title='bbox 1256 2633 1392 2682; x_wconf 85' lang='lat' dir='ltr'>fieret</span> <span class='ocrx_word' id='word_1_372' title='bbox 1414 2651 1525 2682; x_wconf 90' lang='lat' dir='ltr'>cum</span> <span class='ocrx_word' id='word_1_373' title='bbox 1547 2634 1704 2693; x_wconf 88' lang='lat' dir='ltr'>vellet,</span> <span class='ocrx_word' id='word_1_374' title='bbox 1730 2633 1843 2698; x_wconf 89' lang='lat' dir='ltr'>quia</span> <span class='ocrx_word' id='word_1_375' title='bbox 1866 2633 2086 2682; x_wconf 83' lang='lat' dir='ltr'>videlicet</span> <span class='ocrx_word' id='word_1_376' title='bbox 2110 2632 2212 2696; x_wconf 83' lang='lat' dir='ltr'>ejus</span> <span class='ocrx_word' id='word_1_377' title='bbox 2237 2630 2461 2678; x_wconf 90' lang='lat' dir='ltr'>voluntas</span> 
     </span>
     <span class='ocr_line' id='line_1_32' title="bbox 318 2708 2459 2781; baseline 0.001 -26"><span class='ocrx_word' id='word_1_378' title='bbox 318 2708 482 2758; x_wconf 85' lang='lat' dir='ltr'>effectu</span> <span class='ocrx_word' id='word_1_379' title='bbox 517 2729 676 2761; x_wconf 89' lang='lat' dir='ltr'>carere</span> <span class='ocrx_word' id='word_1_380' title='bbox 713 2714 984 2763; x_wconf 87' lang='lat' dir='ltr'>nullatenus</span> <span class='ocrx_word' id='word_1_381' title='bbox 1025 2724 1202 2781; x_wconf 85' lang='lat' dir='ltr'>posset.</span> <span class='ocrx_word' id='word_1_382' title='bbox 1248 2714 1343 2763; x_wconf 90' lang='lat' dir='ltr'>Sed</span> <span class='ocrx_word' id='word_1_383' title='bbox 1385 2714 1477 2763; x_wconf 87' lang='lat' dir='ltr'>hac</span> <span class='ocrx_word' id='word_1_384' title='bbox 1513 2715 1735 2780; x_wconf 75' lang='lat' dir='ltr'>prolecto</span> <span class='ocrx_word' id='word_1_385' title='bbox 1781 2730 1952 2762; x_wconf 90' lang='lat' dir='ltr'>eorum</span> <span class='ocrx_word' id='word_1_386' title='bbox 1994 2712 2203 2772; x_wconf 90' lang='lat' dir='ltr'>ratione,</span> <span class='ocrx_word' id='word_1_387' title='bbox 2245 2719 2293 2759; x_wconf 81' lang='lat' dir='ltr'>et</span> <span class='ocrx_word' id='word_1_388' title='bbox 2323 2709 2459 2775; x_wconf 85' lang='lat' dir='ltr'>quasi</span> 
     </span>
     <span class='ocr_line' id='line_1_33' title="bbox 319 2788 2460 2860; baseline 0.001 -25"><span class='ocrx_word' id='word_1_389' title='bbox 319 2788 408 2835; x_wconf 91' lang='lat' dir='ltr'>sub</span> <span class='ocrx_word' id='word_1_390' title='bbox 439 2792 647 2854; x_wconf 87' lang='lat' dir='ltr'>quadam</span> <span class='ocrx_word' id='word_1_391' title='bbox 679 2794 937 2843; x_wconf 85' lang='lat' dir='ltr'>voluntatis</span> <span class='ocrx_word' id='word_1_392' title='bbox 974 2796 1075 2859; x_wconf 90' lang='lat' dir='ltr'>ejus</span> <span class='ocrx_word' id='word_1_393' title='bbox 1114 2795 1419 2854; x_wconf 89' lang='lat' dir='ltr'>conditione,</span> <span class='ocrx_word' id='word_1_394' title='bbox 1451 2812 1564 2843; x_wconf 88' lang='lat' dir='ltr'>eum</span> <span class='ocrx_word' id='word_1_395' title='bbox 1589 2796 1734 2843; x_wconf 90' lang='lat' dir='ltr'>etiam</span> <span class='ocrx_word' id='word_1_396' title='bbox 1761 2811 1902 2860; x_wconf 88' lang='lat' dir='ltr'>posse</span> <span class='ocrx_word' id='word_1_397' title='bbox 1929 2808 2155 2859; x_wconf 87' lang='lat' dir='ltr'>peccare,</span> <span class='ocrx_word' id='word_1_398' title='bbox 2183 2791 2258 2840; x_wconf 86' lang='lat' dir='ltr'>vel</span> <span class='ocrx_word' id='word_1_399' title='bbox 2281 2789 2460 2855; x_wconf 88' lang='lat' dir='ltr'>aliquid</span> 
     </span>
     <span class='ocr_line' id='line_1_34' title="bbox 323 2867 2461 2941; baseline 0.001 -27"><span class='ocrx_word' id='word_1_400' title='bbox 323 2867 570 2918; x_wconf 87' lang='lat' dir='ltr'>inhoneste</span> <span class='ocrx_word' id='word_1_401' title='bbox 606 2889 768 2936; x_wconf 87' lang='lat' dir='ltr'>agere,</span> <span class='ocrx_word' id='word_1_402' title='bbox 797 2875 955 2923; x_wconf 83' lang='lat' dir='ltr'>dicere</span> <span class='ocrx_word' id='word_1_403' title='bbox 981 2892 1258 2941; x_wconf 85' lang='lat' dir='ltr'>possemus;</span> <span class='ocrx_word' id='word_1_404' title='bbox 1293 2893 1406 2924; x_wconf 87' lang='lat' dir='ltr'>cum</span> <span class='ocrx_word' id='word_1_405' title='bbox 1443 2876 1505 2923; x_wconf 91' lang='lat' dir='ltr'>sit</span> <span class='ocrx_word' id='word_1_406' title='bbox 1533 2885 1724 2924; x_wconf 77' lang='lat' dir='ltr'>certum‘</span> <span class='ocrx_word' id='word_1_407' title='bbox 1752 2874 1873 2923; x_wconf 91' lang='lat' dir='ltr'>nihil</span> <span class='ocrx_word' id='word_1_408' title='bbox 1920 2874 2065 2922; x_wconf 89' lang='lat' dir='ltr'>etiam</span> <span class='ocrx_word' id='word_1_409' title='bbox 2095 2874 2140 2920; x_wconf 89' lang='lat' dir='ltr'>ei</span> <span class='ocrx_word' id='word_1_410' title='bbox 2174 2873 2223 2920; x_wconf 91' lang='lat' dir='ltr'>in</span> <span class='ocrx_word' id='word_1_411' title='bbox 2253 2870 2351 2919; x_wconf 85' lang='lat' dir='ltr'>hoc</span> <span class='ocrx_word' id='word_1_412' title='bbox 2389 2886 2461 2917; x_wconf 89' lang='lat' dir='ltr'>re-</span> 
     </span>
     <span class='ocr_line' id='line_1_35' title="bbox 324 2948 2461 3022; baseline 0.001 -28"><span class='ocrx_word' id='word_1_413' title='bbox 324 2948 484 2996; x_wconf 87' lang='lat' dir='ltr'>sistere</span> <span class='ocrx_word' id='word_1_414' title='bbox 516 2968 684 3016; x_wconf 88' lang='lat' dir='ltr'>posse,</span> <span class='ocrx_word' id='word_1_415' title='bbox 716 2955 752 3000; x_wconf 92' lang='lat' dir='ltr'>si</span> <span class='ocrx_word' id='word_1_416' title='bbox 784 2965 831 3002; x_wconf 89' lang='lat' dir='ltr'>et</span> <span class='ocrx_word' id='word_1_417' title='bbox 867 2955 916 3004; x_wconf 94' lang='lat' dir='ltr'>id</span> <span class='ocrx_word' id='word_1_418' title='bbox 952 2955 1107 3005; x_wconf 85' lang='lat' dir='ltr'>facere</span> <span class='ocrx_word' id='word_1_419' title='bbox 1133 2956 1274 3007; x_wconf 89' lang='lat' dir='ltr'>vellet</span> <span class='ocrx_word' id='word_1_420' title='bbox 1304 2955 1436 3021; x_wconf 90' lang='lat' dir='ltr'>quod</span> <span class='ocrx_word' id='word_1_421' title='bbox 1472 2973 1574 3004; x_wconf 92' lang='lat' dir='ltr'>non</span> <span class='ocrx_word' id='word_1_422' title='bbox 1605 2965 1868 3022; x_wconf 86' lang='lat' dir='ltr'>oporteret.</span> <span class='ocrx_word' id='word_1_423' title='bbox 1895 2958 2124 3002; x_wconf 84' lang='lat' dir='ltr'>Praeterea</span> <span class='ocrx_word' id='word_1_424' title='bbox 2153 2969 2266 3000; x_wconf 90' lang='lat' dir='ltr'>cum</span> <span class='ocrx_word' id='word_1_425' title='bbox 2293 2951 2461 2999; x_wconf 88' lang='lat' dir='ltr'>dicunt</span> 
     </span>
     <span class='ocr_line' id='line_1_36' title="bbox 323 3028 2460 3102; baseline 0.001 -28"><span class='ocrx_word' id='word_1_426' title='bbox 323 3028 437 3076; x_wconf 88' lang='lat' dir='ltr'>inde</span> <span class='ocrx_word' id='word_1_427' title='bbox 469 3047 579 3078; x_wconf 88' lang='lat' dir='ltr'>eum</span> <span class='ocrx_word' id='word_1_428' title='bbox 610 3034 991 3097; x_wconf 87' lang='lat' dir='ltr'>omnipotentem</span> <span class='ocrx_word' id='word_1_429' title='bbox 1025 3034 1147 3098; x_wconf 80' lang='lat' dir='ltr'>dici&#39;,</span> <span class='ocrx_word' id='word_1_430' title='bbox 1188 3036 1300 3102; x_wconf 92' lang='lat' dir='ltr'>quia</span> <span class='ocrx_word' id='word_1_431' title='bbox 1331 3036 1570 3101; x_wconf 90' lang='lat' dir='ltr'>quidquid</span> <span class='ocrx_word' id='word_1_432' title='bbox 1604 3036 1709 3085; x_wconf 85' lang='lat' dir='ltr'>vult</span> <span class='ocrx_word' id='word_1_433' title='bbox 1745 3045 1929 3102; x_wconf 83' lang='lat' dir='ltr'>potest,</span> <span class='ocrx_word' id='word_1_434' title='bbox 1959 3033 2206 3082; x_wconf 88' lang='lat' dir='ltr'>manifeste</span> <span class='ocrx_word' id='word_1_435' title='bbox 2250 3032 2314 3079; x_wconf 86' lang='lat' dir='ltr'>ita</span> <span class='ocrx_word' id='word_1_436' title='bbox 2358 3030 2460 3094; x_wconf 86' lang='lat' dir='ltr'>ejus</span> 
     </span>
    </p>
   </div>
   <div class='ocr_carea' id='block_1_3' title="bbox 325 3236 2458 3342">
    <p class='ocr_par' dir='ltr' id='par_1_3' title="bbox 325 3236 2458 3342">
     <span class='ocr_line' id='line_1_37' title="bbox 343 3236 2458 3288; baseline 0 -19"><span class='ocrx_word' id='word_1_437' title='bbox 343 3286 347 3288; x_wconf 9' lang='lat' dir='ltr'>g</span> <span class='ocrx_word' id='word_1_438' title='bbox 366 3236 546 3270; x_wconf 76' lang='lat' dir='ltr'>’Adversus</span> <span class='ocrx_word' id='word_1_439' title='bbox 559 3239 652 3271; x_wconf 85' lang='lat' dir='ltr'>istam</span> <span class='ocrx_word' id='word_1_440' title='bbox 669 3240 855 3280; x_wconf 80' lang='lat' dir='ltr'>opinionem</span> <span class='ocrx_word' id='word_1_441' title='bbox 872 3244 1079 3277; x_wconf 80' lang='lat' dir='ltr'>vehementer</span> <span class='ocrx_word' id='word_1_442' title='bbox 1093 3246 1206 3279; x_wconf 83' lang='lat' dir='ltr'>scribit</span> <span class='ocrx_word' id='word_1_443' title='bbox 1220 3245 1257 3278; x_wconf 94' lang='lat' dir='ltr'>B.</span> <span class='ocrx_word' id='word_1_444' title='bbox 1275 3245 1351 3279; x_wconf 85' lang='lat' dir='ltr'>Ber·</span> <span class='ocrx_word' id='word_1_445' title='bbox 1423 3246 1613 3279; x_wconf 77' lang='lat' dir='ltr'>Abaelardus</span> <span class='ocrx_word' id='word_1_446' title='bbox 1629 3249 1782 3278; x_wconf 82' lang='lat' dir='ltr'>retractat</span> <span class='ocrx_word' id='word_1_447' title='bbox 1798 3245 1832 3277; x_wconf 87' lang='lat' dir='ltr'>in</span> <span class='ocrx_word' id='word_1_448' title='bbox 1847 3243 2058 3277; x_wconf 75' lang='lat' dir='ltr'>Confessione</span> <span class='ocrx_word' id='word_1_449' title='bbox 2079 3250 2144 3275; x_wconf 83' lang='lat' dir='ltr'>suae</span> <span class='ocrx_word' id='word_1_450' title='bbox 2165 3240 2256 3273; x_wconf 85' lang='lat' dir='ltr'>Fidei</span> <span class='ocrx_word' id='word_1_451' title='bbox 2283 3248 2355 3280; x_wconf 73' lang='lat' dir='ltr'>quae</span> <span class='ocrx_word' id='word_1_452' title='bbox 2375 3239 2458 3271; x_wconf 75' lang='lat' dir='ltr'>infra</span> 
     </span>
     <span class='ocr_line' id='line_1_38' title="bbox 325 3292 2022 3342; baseline 0.005 -19"><span class='ocrx_word' id='word_1_453' title='bbox 325 3292 445 3324; x_wconf 80' lang='lat' dir='ltr'>nardus</span> <span class='ocrx_word' id='word_1_454' title='bbox 460 3292 493 3330; x_wconf 81' lang='lat' dir='ltr'>in</span> <span class='ocrx_word' id='word_1_455' title='bbox 512 3292 648 3333; x_wconf 81' lang='lat' dir='ltr'>epistola</span> <span class='ocrx_word' id='word_1_456' title='bbox 669 3294 710 3326; x_wconf 80' lang='lat' dir='ltr'>ad</span> <span class='ocrx_word' id='word_1_457' title='bbox 734 3303 895 3328; x_wconf 85' lang='lat' dir='ltr'>summum</span> <span class='ocrx_word' id='word_1_458' title='bbox 920 3296 1107 3332; x_wconf 80' lang='lat' dir='ltr'>Pontificem</span> <span class='ocrx_word' id='word_1_459' title='bbox 1130 3305 1163 3332; x_wconf 86' lang='lat' dir='ltr'>et</span> <span class='ocrx_word' id='word_1_460' title='bbox 1187 3301 1257 3342; x_wconf 81' lang='lat' dir='ltr'>ipse</span> <span class='ocrx_word' id='word_1_461' title='bbox 1279 3309 1350 3333; x_wconf 82' lang='lat' dir='ltr'>eam</span> <span class='ocrx_word' id='word_1_462' title='bbox 1423 3302 1552 3342; x_wconf 81' lang='lat' dir='ltr'>legitur.</span> <span class='ocrx_word' id='word_1_463' title='bbox 1570 3300 1748 3342; x_wconf 69' lang='lat' dir='ltr'>-2Rom.‚</span> <span class='ocrx_word' id='word_1_464' title='bbox 1764 3308 1836 3342; x_wconf 84' lang='lat' dir='ltr'>cap.</span> <span class='ocrx_word' id='word_1_465' title='bbox 1855 3305 1904 3339; x_wconf 82' lang='lat' dir='ltr'>tx.</span> <span class='ocrx_word' id='word_1_466' title='bbox 1921 3308 1955 3334; x_wconf 87' lang='lat' dir='ltr'>v.</span> <span class='ocrx_word' id='word_1_467' title='bbox 1973 3300 2022 3333; x_wconf 86' lang='lat'>19.</span> 
     </span>
    </p>
   </div>
  </div>
 </body>
</html>
