2638 3866
305 207 402 256 242
1107 201 1280 249 PETRI
1314 200 1630 251 ABAELARm

304 303 634 370 ignorantibus
657 300 895 366 disponit,
930 316 1020 348 nec
1042 299 1308 364 quidquam
1339 299 1465 348 bene
1495 299 1599 348 fieri
1621 298 1884 347 dicendum
1907 310 1989 350 aut
2012 301 2154 364 male,
2191 303 2283 350 nisi
2305 304 2440 368 quod

306 387 406 450 ejus
430 385 620 450 optimae
646 381 881 430 voluntati
904 391 1283 429 consentaneum
1302 389 1473 429 estant
1491 380 1747 429 adversum
1769 399 1780 428 ε
1809 390 1862 429 ut
1882 382 2298 447 quemadmodum
2318 401 2441 449 pro-

303 465 578 531 posuimus,
612 478 919 526 quocumque
942 461 1093 508 modo
1127 464 1257 508 Deus
1284 470 1384 508 tam
1415 461 1642 527 parvulos
1665 478 1813 527 quam
1845 472 2037 510 caeteras
2071 462 2172 527 ejus
2201 473 2441 513 creaturas

305 554 504 592 tractare
538 542 668 604 velit,
708 541 760 589 id
786 542 973 608 optime
1004 540 1108 588 fieri
1137 557 1238 588 non
1262 540 1556 603 dubitemus,
1591 551 1639 589 et
1671 542 1711 589 si
1743 557 1822 590 eas
1854 559 2023 591 omnes
2054 552 2110 590 ut
2141 543 2349 592 voluerit
2378 545 2463 593 ad‘

301 639 493 688 poenam
528 621 737 684 ordinet,
769 638 860 669 nec
889 638 1001 669 eum
1030 621 1213 685 injuriae
1245 621 1380 685 argui
1412 638 1578 688 posse,
1605 638 1898 687 quocunque
1929 622 2079 672 modo
2114 639 2194 671 eas
2229 623 2438 685 ordinet,

303 704 399 752 sive
421 703 482 751 ad
505 703 723 768 gloriam,
749 702 847 750 sive
861 701 923 750 ad
942 718 1153 767 poenam.

366 783 460 831 Sed
497 784 608 847 quia
643 799 816 848 parum
850 791 919 829 est
954 781 1016 829 ad
1049 780 1223 829 divinae
1257 780 1583 847 dispositionis
1615 782 2089 832 commendationem
2125 783 2175 831 in
2213 783 2307 833 hac
2336 799 2442 848 par-

302 863 526 911 vulorum
557 863 867 910 damnatione
889 861 951 910 ab
982 861 1156 926 injuria
1188 864 1346 909 Deum
1370 861 1634 925 absolvere,
1660 863 1752 911 nisi
1773 873 1821 911 et
1851 863 2062 928 aliquam
2085 862 2316 911 bonitatis
2339 863 2441 927 ejus

302 944 501 1006 gratiam
533 943 776 991 valeamus
809 952 1037 1003 astruere,
1078 941 1269 989 videtur
1303 958 1499 1007 quoque
1533 942 1584 989 id
1606 942 1748 991 nobis
1782 943 1858 1009 agi
1891 960 1947 992 ex
1981 943 2257 1009 multiplicis
2282 943 2442 1007 gratiae

301 1023 447 1087 ipsius
470 1023 840 1088 dispensatione,
867 1032 967 1070 tam
991 1022 1041 1069 in
1064 1022 1194 1087 ipsos
1217 1021 1397 1069 scilicet
1425 1022 1667 1087 parvulos,
1699 1040 1847 1089 quam
1875 1024 1926 1071 in
1958 1023 2077 1071 alios
2106 1021 2437 1071 redundantis.

301 1104 485 1151 Scimus
505 1103 683 1169 quippe
700 1103 828 1151 hanc
842 1119 943 1150 esse
954 1102 1255 1150 mitissimam
1271 1118 1484 1168 poenam,
1504 1105 1556 1149 B.
1584 1103 1632 1150 in
1654 1102 1930 1152 Enehiridc'o
1954 1103 2222 1168 Augustino
2246 1103 2314 1150 sic
2330 1111 2444 1150 atte-

302 1187 477 1231 stante¹
507 1202 516 1231 :
551 1204 574 1229 «
596 1184 841 1232 Mitissima
856 1199 970 1231 sane
987 1183 1206 1230 omnium
1227 1199 1372 1248 poena
1387 1184 1475 1231 erit
1493 1200 1682 1247 eorum,
1714 1185 1799 1250 qui
1826 1194 1997 1251 praeter
2012 1193 2282 1250 peccatum,
2308 1182 2444 1248 quod

304 1262 532 1326 originale
566 1273 825 1326 traxerunt,
865 1262 1052 1311 nullum
1081 1263 1278 1328 insuper
1308 1263 1618 1312 addiderunt.
1644 1285 1668 1309 2>
1692 1267 1852 1324 Quam
1879 1264 2078 1329 quidem
2109 1279 2305 1330 poenam
2340 1279 2442 1310 non

303 1341 443 1390 aliam
478 1343 683 1392 arbitror
706 1360 851 1408 quam
881 1345 979 1409 pati
1007 1342 1247 1405 tenebras,
1278 1343 1330 1390 id
1351 1353 1422 1391 est
1453 1359 1614 1392 carere
1638 1345 1824 1393 visione
1857 1343 2030 1392 divinae
2060 1343 2318 1408 majestatis
2341 1343 2445 1390 sine

304 1423 437 1470 omni
466 1440 548 1488 spe
580 1425 974 1490 recuperationis.
1002 1424 1165 1486 Quod,
1189 1423 1240 1471 ni
1258 1423 1414 1484 fallor,
1435 1425 1739 1472 conscientiae
1765 1433 2065 1472 tormentum
2091 1425 2255 1488 ignem
2275 1438 2446 1488 perpe·

303 1511 440 1550 tuum
479 1507 530 1549 B.
572 1505 858 1568 Augustinus
896 1521 1041 1569 supra
1074 1504 1358 1552 nominavit.
1393 1504 1643 1552 Credimus
1679 1505 1825 1552 etiam
1858 1503 1973 1552 huic
1997 1503 2255 1551 mitissimae
2291 1518 2446 1567 poenae

303 1583 546 1630 neminem
583 1583 805 1649 deputari
842 1594 996 1632 morte
1026 1585 1076 1631 in
1114 1584 1313 1632 infantia
1347 1595 1669 1650 praeventum,
1705 1585 1798 1632 nisi
1835 1601 1981 1650 quem
2017 1586 2148 1631 Deus
2182 1583 2446 1649 pessimum

305 1661 518 1710 futurum
551 1664 589 1711 si
619 1664 801 1712 viveret
834 1663 1143 1730 praevidebat,
1176 1675 1222 1712 et
1253 1664 1317 1712 ob
1350 1664 1448 1713 hoc
1480 1665 1745 1730 majoribus
1767 1665 1924 1731 poenis
1947 1663 2279 1712 cruciandum.
2305 1662 2446 1711 Unde

304 1742 590 1791 nonnullam
624 1744 675 1791 in
706 1744 799 1792 hac
834 1745 1113 1792 remissione
1147 1745 1225 1792 vel
1259 1745 1559 1793 alleviatione
1593 1762 1750 1811 poenae
1781 1745 1955 1793 divinae
1994 1743 2222 1791 bonitatis
2245 1743 2446 1806 gratiam

304 1823 547 1888 percipere
579 1824 767 1888 parvuli
795 1841 896 1872 non
930 1825 1172 1872 immerito
1209 1824 1449 1872 videntur.
1488 1828 1614 1873 Bene
1651 1826 1796 1873 etiam
1828 1827 1957 1872 Deus
1989 1822 2052 1871 ad
2086 1822 2447 1887 correptionem

303 1912 512 1951 nostram
547 1903 640 1952 hac
670 1905 920 1952 mitissima
951 1904 1264 1970 parvulorum
1298 1922 1443 1970 poena
1471 1906 1640 1967 utitur,
1674 1915 1728 1952 ut
1749 1904 1971 1953 videlicet
2004 1903 2241 1951 cautiores
2273 1900 2448 1950 efficia-

304 1998 413 2030 mur
438 1983 500 2031 ad
519 1985 798 2033 evitandum
817 1986 1015 2051 propria
1038 1996 1250 2051 peccata,
1277 2003 1390 2035 cum
1413 1987 1531 2035 tales
1555 1995 1600 2033 et
1620 1995 1717 2033 tam
1741 1986 2041 2044 innocentes,
2068 1983 2245 2047 quibus
2263 1998 2355 2030 nec
2377 1997 2447 2030 se·

302 2062 494 2127 pultura
510 2065 586 2112 vel
611 2067 852 2113 orationes
875 2065 1091 2113 fidelium
1115 2066 1467 2128 conceduntur,
1489 2065 1710 2113 damnari
1730 2064 1947 2129 quotidie
1974 2063 2228 2111 credamus
2249 2071 2448 2128 propter

304 2142 475 2207 aliena,
501 2156 548 2192 et
573 2146 828 2212 ampliores
849 2149 953 2194 Deo
981 2147 1152 2211 gratias
1174 2146 1454 2208 referamus,
1478 2163 1591 2194 cum
1618 2162 1708 2193 nos
1738 2144 1800 2192 ab
1834 2145 1918 2192 illo
1939 2153 2176 2211 perpetuo
2202 2143 2313 2206 igne
2336 2152 2448 2208 post

304 2223 454 2272 multa
477 2226 620 2273 etiam
648 2236 919 2292 perpetrata
948 2226 1152 2274 crimina
1179 2243 1266 2292 per
1291 2227 1493 2290 gratiam
1524 2243 1662 2274 suam
1683 2226 1923 2273 immunes
1946 2223 2139 2286 habeat,
2174 2239 2203 2270 a
2236 2238 2338 2288 quo
2361 2223 2448 2269 mi-

305 2304 434 2351 nime
453 2305 559 2353 illos
580 2306 745 2354 salvat.
771 2307 937 2354 Voluit
961 2307 1107 2354 etiam
1127 2308 1285 2354 statim
1312 2305 1565 2354 ostendere
1585 2307 1635 2353 in
1661 2306 1818 2371 prima
1837 2315 1885 2353 et
1905 2305 2104 2352 fortasse
2128 2302 2321 2351 modica
2341 2303 2449 2368 pri-

305 2398 495 2432 morum
526 2397 783 2451 parentum
810 2387 1201 2450 transgressione,
1239 2403 1387 2451 quam
1415 2387 1479 2434 ita
1505 2387 1555 2433 in
1584 2386 1790 2451 posteris
1818 2385 1938 2432 nihil
1961 2383 2121 2433 adhuc
2154 2381 2448 2430 merentibus

303 2464 530 2526 vindicat,
555 2477 789 2532 quantum
813 2485 1010 2515 omnem
1026 2466 1285 2515 abhorreat
1300 2467 1621 2532 iniquitatem,
1650 2475 1698 2513 et
1719 2474 1949 2530 quantam
1965 2479 2159 2529 poenam
2183 2455 2447 2525 majoribus

305 2545 454 2610 culpis
478 2556 525 2594 et
554 2547 881 2613 frequentibus
902 2557 1130 2608 reservet,
1162 2548 1200 2595 si
1221 2547 1317 2595 hoc
1341 2548 1489 2595 semel
1515 2547 1827 2594 commissum
1853 2545 1903 2592 in
1936 2544 2078 2591 unius
2100 2543 2235 2608 pomi
2256 2558 2447 2606 repara·

304 2624 408 2672 bilis
442 2643 524 2674 esu
558 2628 624 2676 ita
654 2629 703 2675 in
734 2629 937 2694 posteris
966 2629 1138 2694 punire
1160 2644 1259 2676 non
1292 2627 1497 2676 differat.
1534 2626 1673 2675 Unde
1704 2626 2025 2689 Hieronymus
2059 2624 2110 2670 in
2133 2622 2352 2687 Epistola
2385 2621 2447 2669 ad

306 2703 451 2754 filiam
481 2709 709 2770 Mauricii,
746 2710 844 2757 sive
872 2709 933 2757 ad
961 2709 1196 2772 virginem
1221 2711 1326 2756 Deo
1349 2717 1677 2756 consecratam
1708 2724 1718 2753 ε
1752 2726 1775 2750 «
1796 2704 1926 2765 Adae,
1953 2703 2127 2769 inquit,
2156 2702 2307 2766 magis
2336 2717 2447 2767 par·

306 2785 514 2833 cendum
538 2788 651 2850 fuit,
677 2790 761 2853 qui
780 2789 939 2837 adhuc
962 2789 1179 2837 novellus
1202 2799 1321 2850 erat,
1348 2798 1395 2836 et
1416 2788 1593 2836 nullius
1614 2797 1724 2835 ante
1746 2785 2015 2853 peccantis,
2042 2793 2090 2832 et
2115 2792 2315 2849 propter
2336 2796 2448 2846 pec-

307 2873 465 2912 catum
493 2883 632 2914 suum
666 2869 914 2916 morientis
938 2868 1270 2916 retrahebatur
1291 2870 1531 2936 exemplo.
1558 2867 1661 2915 Tibi
1686 2883 1802 2915 vero
1826 2875 1938 2932 post
1962 2873 2092 2912 tanta
2122 2862 2443 2928 documenta,

306 2954 415 3007 post
449 2949 648 3009 Legem,
686 2958 796 3012 post
828 2949 1117 3013 Prophetas,
1155 2959 1265 3014 post
1300 2949 1586 3013 Evangelia⁷
1626 2957 1735 3014 post
1769 2945 2054 3012 Apostolos,
2091 2944 2129 2990 si
2167 2941 2448 3003 delinquere

308 3024 529 3086 volueris,
555 3028 803 3090 quomodo
826 3029 1073 3093 indulgere
1090 3030 1241 3094 possit
1260 3030 1448 3093 ignoro.
1471 3050 1494 3073 2>
1523 3031 1643 3076 Sunt
1667 3038 1715 3076 et
1737 3030 1788 3076 in
1812 3025 2111 3090 singulorum
2134 3021 2446 3087 parvulorum

308 3104 615 3153 damnatione
638 3109 842 3172 propriae
873 3118 919 3154 et
950 3109 1201 3157 familiares
1224 3108 1446 3174 quaedam
1478 3126 1648 3170 causae,
1676 3108 1786 3157 licet
1807 3106 1949 3155 nobis
1973 3102 2168 3153 occultae
2184 3139 2196 3163 ,
2223 3116 2344 3166 quas
2368 3099 2448 3148 ille

361 3289 454 3332 ¹Cap.
473 3298 570 3332 xcm3
590 3291 694 3334 Opp„
712 3297 738 3326 t.
754 3292 794 3326 Vl
808 3317 817 3334 ,
845 3293 906 3326 col.
933 3295 1008 3327 230.
