2638 3866
320 245 412 291 528
1123 241 1294 288 PETRI
1331 241 1648 289 ABAELARDI

318 360 417 390 non
450 353 681 407 tempore,
710 341 795 388 sed
824 341 1116 406 proprietate
1138 351 1338 402 naturae,
1366 351 1418 388 ut
1439 340 1512 388 sol
1538 341 1683 389 diem.
1712 344 1816 407 Ipse
1839 341 1983 388 etiam
2007 340 2295 404 Augustinus
2322 339 2446 388 hanc

315 433 503 470 secutus
538 422 773 468 rationem
808 438 1004 468 omnem
1045 437 1238 468 causam
1270 420 1556 469 efficientem
1596 421 1711 469 dicit
1749 421 1959 486 capitulo
1994 438 2112 480 xxx,
2159 419 2269 466 libri
2307 422 2446 479 Quaeru

312 505 518 548 scionum
542 504 807 558 LXXXIII,
832 501 908 548 his
931 501 1116 548 verbis¹
1135 519 1145 548 :
1179 523 1201 545 «
1218 502 1312 559 Qui
1339 505 1508 566 quaerit
1528 519 1614 549 cur
1635 505 1762 550 Deus
1784 501 1991 549 voluerit
2012 500 2250 548 mundum
2270 500 2442 556 facere,

311 597 503 628 causam
532 581 699 644 quaerit
723 580 982 628 voluntatis
1008 581 1111 628 Dei.
1146 581 1239 628 Sed
1273 582 1432 628 omnis
1454 598 1598 630 causa
1622 581 1831 629 efficiens
1862 592 1955 640 est3
1983 597 2127 628 omne
2156 589 2318 629 autem
2343 578 2446 626 effi-

309 662 438 708 ciens
469 661 621 725 majus
643 671 730 720 est,
758 679 906 726 quam
935 662 984 709 id
1013 661 1147 726 quod
1167 661 1386 710 efficitur.
1420 662 1547 709 Nihil
1577 672 1738 709 autem
1762 662 1914 726 majus
1935 661 2182 708 voluntate
2206 660 2311 707 Dei.
2341 662 2447 706 Non

310 757 424 804 ergo
449 741 551 804 ejus
570 757 713 788 causa
736 742 994 806 quaerenda
1024 752 1110 790 est.
1134 761 1156 786 »
1183 745 1289 800 Qua
1316 744 1511 807 quidem
1534 743 1719 790 ratione
1744 742 1989 790 manifeste
2012 740 2332 799 convincitur,
2359 755 2448 790 nec

310 824 464 868 Deum
498 825 684 869 Patrem
718 839 819 869 esse
851 838 1045 869 causam
1074 822 1191 882 Filii,
1229 840 1340 870 cum
1371 823 1594 870 videlicet
1623 839 1712 870 nec
1740 823 1899 887 ipsum
1922 821 2113 879 efficiat,
2143 838 2290 884 quem
2315 818 2447 866 nullo

311 901 459 948 modo
499 901 627 963 facit,
665 902 749 949 sed
786 902 1126 950 tantummodo
1169 903 1342 966 gignit3
1381 920 1471 950 nec
1505 903 1659 966 major
1694 919 1753 950 eo
1788 903 1865 957 sit,
1903 902 1993 948 nisi
2030 901 2151 948 forte
2181 898 2449 947 secundum

310 982 466 1029 carnis
489 983 860 1047 susceptionem.
889 983 1152 1040 Quomodo
1178 984 1321 1030 etiam
1356 983 1571 1030 dicemus
1592 983 1882 1047 principium
1906 983 1982 1029 vel
2007 981 2241 1044 originem
2270 978 2450 1026 habere

310 1061 359 1108 id
386 1062 518 1126 quod
549 1072 779 1110 aeternum
813 1064 908 1110 est?
929 1066 1147 1110 AEternas
1167 1080 1284 1110 vero
1303 1073 1350 1110 et
1372 1073 1632 1111 coaeternas
1654 1062 1746 1110 sibi
1774 1080 1873 1110 esse
1895 1072 1990 1110 tres
2015 1077 2245 1126 personas
2264 1069 2448 1110 certum

310 1153 396 1189 est.
436 1145 542 1189 Non
578 1152 648 1189 est
683 1144 842 1208 itaque
873 1143 1021 1191 altera
1057 1145 1250 1191 alterius
1287 1144 1601 1209 principium,
1633 1143 1718 1191 sed
1751 1159 2049 1207 unaquaeque
2081 1140 2449 1205 sineprincipio

310 1232 407 1282 est,
448 1223 560 1286 quia
598 1233 773 1271 aeterna
814 1234 911 1283 est,
956 1234 1003 1271 et
1041 1224 1261 1271 omnium
1300 1224 1501 1271 aliarum
1542 1240 1703 1270 rerum
1743 1224 2050 1288 principium.
2090 1221 2280 1286 Quippe
2317 1218 2452 1284 quod

311 1312 560 1362 aeternum,
587 1303 710 1350 sicut
733 1303 782 1349 in
816 1304 953 1350 tertio
983 1305 1264 1367 Topicorum
1289 1304 1479 1350 Boetius
1508 1302 1692 1364 definit,
1731 1303 1915 1366 origine
1937 1312 2083 1363 caret,
2112 1302 2208 1349 hoc
2231 1310 2302 1347 est
2323 1300 2453 1364 prin-

310 1383 454 1447 cipio.
496 1385 591 1430 Nec
624 1382 741 1429 illud
777 1383 974 1446 quidem
1011 1382 1166 1441 obest,
1201 1383 1337 1447 quod
1374 1383 1579 1430 dicimus
1611 1386 1767 1430 Deum
1802 1386 1988 1430 Patrem
2022 1381 2316 1447 principium
2337 1380 2453 1429 :sine

313 1463 566 1528 principio,
593 1473 640 1510 et
650 1463 824 1510 Filium
842 1464 1138 1529 principium
1158 1463 1218 1510 de
1240 1464 1500 1528 principio,
1526 1464 1623 1510 -hoc
1646 1474 1717 1510 est
1735 1463 1796 1510 de
1815 1466 1951 1511 Patre
1969 1463 2057 1527 qui
2070 1472 2139 1509 est
2161 1460 2452 1526 principium

311 1544 530 1590 omnium
562 1553 922 1603 creaturarum3
952 1545 1130 1610 quippe
1161 1560 1272 1590 cum
1300 1543 1504 1592 dicimus
1528 1544 1589 1591 de
1614 1544 1870 1609 principio,
1899 1560 2000 1590 non
2024 1542 2247 1590 addimus
2268 1557 2376 1600 suo,
2401 1550 2454 1586 ut

312 1640 410 1670 non
447 1623 549 1670 Filii
597 1624 888 1689 principium
929 1625 1220 1688 intelligatur
1252 1627 1408 1684 Pater,
1453 1625 1538 1672 sed
1575 1632 1903 1672 creaturarum
1946 1624 2193 1683 omnium,
2243 1622 2365 1668 sicut
2408 1630 2456 1667 et

313 1703 455 1750 Filius
480 1704 600 1768 ipse,
633 1705 717 1768 qui
741 1704 801 1751 de
822 1714 972 1752 semet
1001 1705 1091 1752 ait²
1115 1723 1124 1750 :
1159 1725 1180 1747 «
1207 1705 1499 1768 Principium
1523 1705 1606 1769 qui
1630 1714 1676 1751 et
1697 1705 1872 1769 loquor
1896 1704 2053 1752 vobis.
2074 1724 2096 1747 >›
2125 1702 2220 1749 Sed
2246 1701 2455 1749 fortassis

313 1782 431 1830 dicis
465 1783 598 1831 nulla
629 1785 815 1831 ratione
840 1784 1103 1831 dicendum
1131 1801 1232 1832 esse
1264 1784 1391 1831 hanc
1414 1801 1671 1849 personam
1703 1802 1805 1832 esse
1834 1802 1887 1832 ex
1923 1785 2019 1845 illa,
2055 1784 2139 1831 sed
2169 1799 2268 1830 non
2294 1799 2320 1829 e
2341 1798 2456 1829 con-

313 1880 469 1925 verso,
511 1865 602 1911 nisi
636 1864 716 1912 illa
747 1864 890 1928 hujus
917 1865 1135 1929 quaedam
1161 1881 1305 1912 causa
1337 1865 1395 1912 sit
1420 1874 1562 1928 atque
1583 1866 1719 1928 origo
1744 1866 1841 1911 sive
1861 1865 2169 1929 principium,
2196 1865 2454 1927 praesertim

313 1960 425 1991 cum
459 1945 587 1992 hanc
617 1962 674 1992 ex
709 1945 788 1992 illa
824 1946 955 1993 nasci
990 1945 1234 2004 dicamus,
1272 1945 1404 2009 quod
1438 1955 1508 1992 est
1542 1945 1682 2000 oriri,
1718 1962 1747 1992 a
1779 1961 1877 2008 quo
1910 1945 2045 2008 origo
2082 1942 2210 1991 dicta
2243 1953 2329 1990 est.
2368 1944 2456 1990 Cui

313 2024 510 2088 quidem
545 2025 719 2072 rationi
755 2026 846 2090 ipsi
880 2042 1075 2090 quoque
1107 2026 1331 2073 doctores
1366 2025 1590 2073 catholici
1624 2025 1887 2091 plurimum
1923 2025 2170 2088 suffragari
2209 2023 2452 2083 videntur,

315 2103 398 2151 ubi
420 2121 793 2170 nonnumquam
822 2106 981 2170 ipsum
1014 2109 1205 2154 Patrem
1229 2122 1423 2153 causam
1446 2106 1576 2166 Filii,
1602 2122 1686 2153 seu
1711 2106 2003 2171 principium
2024 2105 2233 2152 duarum
2254 2103 2454 2151 aliarum

313 2201 630 2248 personarum
665 2185 852 2246 dicunt,
891 2203 1083 2234 necnon
1119 2196 1216 2233 tam
1250 2189 1439 2233 Patrem
1473 2188 1631 2251 ipsum
1663 2202 1808 2250 quam
1838 2185 2009 2233 Filium
2037 2201 2138 2232 esse
2166 2184 2456 2249 principium

313 2266 515 2329 Spiritus
550 2267 727 2325 Sancti,
759 2267 940 2332 quippe
969 2267 1053 2330 qui
1085 2283 1141 2314 ex
1177 2267 1289 2332 ipsis
1321 2278 1409 2324 est,
1438 2283 1538 2313 non
1570 2283 1656 2331 per
1696 2266 2071 2330 generationem,
2097 2264 2181 2312 sed
2212 2281 2299 2330 per
2339 2281 2455 2329 pro-

314 2346 580 2393 cessionem
597 2383 609 2407 ,
640 2355 687 2393 et
710 2356 806 2393 tam
830 2350 1020 2394 Patrem
1045 2347 1178 2404 Filii,
1206 2364 1353 2411 quam
1377 2347 1549 2394 Filium
1577 2347 1779 2411 Spiritus
1802 2346 1964 2393 Sancti
1986 2355 2131 2410 caput
2162 2361 2280 2392 esse.
2310 2344 2456 2394 ,Unde

246 2473 253 2476 ,
316 2426 602 2488 Augustinus
624 2426 749 2473 libro
778 2429 1100 2487 (Jaaestc'onam
1131 2430 1401 2488 LXXXIII,
1429 2427 1638 2492 capitulo
1663 2428 1796 2487 xvi1³,
1833 2426 1895 2473 de
1918 2426 2035 2473 Filio
2062 2426 2150 2472 Dei
2183 2425 2451 2472 disserens:

320 2525 342 2549 «
359 2509 505 2567 Deus,
526 2506 706 2571 inquit,
736 2507 955 2554 omnium
979 2524 1085 2571 quae
1107 2517 1242 2568 sunt,
1269 2524 1412 2554 causa
1436 2507 1680 2564 est.Quod
1705 2516 1866 2554 autem
1889 2507 2289 2555 omniumrerum
2315 2520 2456 2551 causa

315 2596 402 2646 est,
440 2587 582 2634 etiam
618 2587 869 2652 Sapientiae
903 2605 999 2635 suae
1033 2604 1173 2634 causa
1213 2598 1283 2634 est
1319 2605 1329 2633 ι
1373 2604 1462 2634 nec
1497 2604 1727 2651 umquam
1761 2589 1890 2633 Deus
1921 2586 2024 2633 sine
2057 2585 2304 2651 sapientia.
2349 2587 2456 2631 Suae

316 2666 458 2729 igitur
483 2668 782 2732 sempiternae
805 2668 1057 2733 Sapientiae
1077 2684 1225 2715 causa
1260 2677 1329 2714 est
1350 2668 1640 2733 sempiterna
1655 2705 1667 2727 ,
1694 2683 1784 2714 nec
1811 2676 2029 2731 tempore
2052 2666 2185 2731 prior
2215 2675 2287 2712 est
2311 2681 2458 2729 quam

316 2763 401 2793 sua
430 2747 687 2811 Sapientia.
715 2769 737 2791 2>
768 2752 849 2796 De,
869 2747 1146 2796 Orfiodooea
1169 2747 1286 2795 Fide
1307 2748 1518 2813 capitulo
1547 2750 1607 2794 1⁴.-
1640 2769 1661 2790 «
1683 2747 1951 2808 Credimus„
1975 2747 2149 2811 inquit,
2180 2762 2458 2795 unum-esse

318 2829 474 2873 Deum
503 2830 690 2874 Patrem
720 2838 768 2875 et
795 2829 966 2875 Filium
992 2839 1040 2876 et
1064 2829 1292 2893 Spiritum
1315 2831 1561 2876 Sanctum.
1598 2832 1785 2875 Patrem
1814 2844 1872 2875 eo
1896 2827 2032 2892 quod
2054 2827 2230 2875 habeat
2254 2825 2422 2872 Filium
2439 2861 2454 2884 ,

323 2906 487 2952 Filium
527 2924 586 2953 eo
623 2908 757 2971 quod
794 2908 969 2956 habeat
994 2912 1207 2970 Patrem;
1252 2909 1479 2974 Spiritum
1515 2911 1747 2956 Sanctum
1786 2925 1845 2954 eo
1884 2908 2019 2971 quod
2051 2909 2113 2954 sit
2149 2923 2206 2954 ex
2243 2910 2376 2953 Patre
2411 2914 2457 2952 et

320 2984 454 3031 Filio.
488 2989 626 3033 Pater
649 3005 762 3051 ergo
789 2990 1079 3054 principium
1102 2990 1318 3050 Deitatis,
1346 3007 1375 3037 a
1397 3006 1496 3053 quo
1520 2989 1662 3036 Filius
1686 2997 1842 3045 natus,
1870 3005 1899 3036 a
1918 3005 2019 3052 quo
2045 2988 2244 3052 Spiritus
2266 2995 2457 3034 sanctus

322 3079 421 3110 non
457 3076 614 3126 natus,
649 3068 762 3130 quia
793 3085 893 3115 non
928 3079 997 3117 est
1022 3069 1188 3127 Filius,
1226 3087 1384 3134 neque
1433 3071 1693 3133 ingenitus,
1725 3070 1838 3133 quia
1870 3086 1969 3116 non
2005 3077 2073 3116 est
2107 3071 2259 3125 Pater,
2298 3082 2457 3129 neque

364 3272 370 3289 ¹
396 3269 474 3310 Cap.
503 3279 619 3310 xxviii,
644 3271 726 3313 Opp.
749 3278 772 3304 t.
798 3272 851 3304 Vl.
867 3291 906 3296 —-—
923 3275 932 3292 ²
950 3272 1056 3312 Joan.,
1080 3284 1153 3315 cap.
1180 3284 1248 3315 vm,
1274 3285 1302 3308 v.
1328 3278 1379 3308 25.
1400 3255 1435 3298 ζ-
1457 3277 1468 3295 ³
1491 3275 1569 3315 Cap.
1595 3283 1666 3312 xvt,
1696 3275 1779 3315 Opp.
1816 3279 1839 3305 t.
1872 3272 1923 3304 Vl.
1946 3290 1983 3295 -
2011 3275 2020 3292 ⁴
2036 3271 2202 3311 Gennad„
2234 3272 2272 3303 de
2303 3271 2457 3311 Dominae,

320 3323 456 3356 flectes..
474 3332 546 3364 cap.
568 3333 590 3355 ι.
