2638 3866
822 185 881 234 IN
916 184 1248 233 EPISTOLAM
1283 184 1364 233 AD
1398 183 1704 233 ROMANOS.
2245 185 2339 233 157

883 514 1170 596 LIBER
1227 513 1632 597 PRIMUS.

256 758 455 818 Paulus,
492 772 628 804 more
666 754 982 804 scribentium
1020 753 1268 820 epistolas,
1295 752 1634 801 salutationem
1667 752 1940 819 praemittit,
1965 752 2049 816 qui
2085 750 2148 799 ad
2176 767 2341 800 veram

186 854 270 886 eos
292 836 493 887 salutem
525 837 829 885 adhortatur.
856 837 1016 894 Quam
1038 833 1238 899 quidem
1275 833 1615 882 salutationem
1645 850 1760 882 cum
1798 831 2089 898 quibusdam
2113 849 2218 897 quae
2255 849 2341 881 an·

186 920 357 979 nectit,
387 919 524 984 quasi
546 917 657 966 loco
678 915 901 982 prooemii
923 914 1217 981 praescribit,
1246 914 1331 962 ubi
1354 930 1439 963 eos
1469 914 1693 962 videlicet
1716 922 1926 962 attentos
1949 923 2032 961 aut
2054 912 2236 961 dociles
2258 929 2342 961 seu

185 997 451 1047 benevolos
484 998 697 1047 breviter
737 996 932 1045 efficiat.
959 988 1177 1044 Attentos
1211 995 1410 1061 quidem
1447 994 1559 1042 facit
1596 1004 1696 1043 tam
1717 1008 1747 1042 a
1771 1008 1980 1060 persona
2007 1009 2093 1041 sua
2110 1030 2123 1055 ,
2146 1010 2294 1058 quam
2317 1010 2345 1042 a

184 1097 392 1146 persona
427 1080 604 1128 Christi
635 1096 748 1128 eum
771 1078 1025 1140 mittentis,
1051 1094 1200 1143 quam
1228 1078 1374 1126 etiam
1409 1075 1471 1125 ab
1495 1077 1599 1142 ipsa
1621 1093 1674 1124 re
1690 1113 1703 1137 ,
1730 1075 1828 1123 hoc
1849 1085 1921 1124 est
1942 1075 2218 1139 evangelica
2253 1075 2345 1123 do·

185 1162 338 1209 ctrina
355 1198 367 1222 ,
390 1161 454 1209 ad
468 1177 617 1227 quam
628 1159 986 1209 observandam
1005 1176 1091 1207 eos
1113 1159 1418 1208 adhortatur.
1447 1162 1484 1206 A
1507 1173 1715 1224 persona
1737 1156 1936 1222 quidem
1958 1172 2067 1219 sua,
2092 1156 2211 1204 dum
2235 1172 2341 1205 eam

183 1241 494 1290 commendat
516 1252 748 1307 tanquam
764 1242 814 1289 in
828 1240 1155 1307 apostolatum
1171 1250 1464 1305 segregatam
1477 1275 1489 1299 ‚
1506 1248 1554 1287 et
1573 1238 1635 1287 ad
1652 1237 2014 1304 praedicandum
2030 1236 2343 1302 Evangelium

183 1339 213 1371 a
238 1325 343 1371 Deo
366 1332 606 1371 vocatam.
633 1322 957 1371 Commendat
981 1332 1144 1371 autem
1170 1332 1218 1370 et
1240 1321 1439 1370 Domini
1463 1323 1571 1368 Jesu
1599 1319 1775 1368 Christi
1803 1335 2062 1385 personam
2078 1357 2091 1381 ‚
2117 1335 2266 1384 quem
2299 1328 2346 1366 et

184 1403 354 1452 Filium
383 1404 474 1452 Dei
504 1403 748 1463 nominat,
770 1396 821 1451 'et
843 1420 958 1451 eum
990 1420 1093 1451 esse
1125 1385 1317 1463 asserit,
1337 1402 1419 1467 qui
1449 1400 1668 1449 Patribus
1700 1401 1966 1467 promissus
1991 1407 2091 1448 erat
2114 1410 2345 1465 tanquam

183 1483 386 1533 humani
403 1484 589 1550 generis
605 1484 911 1550 redemptor,
935 1493 982 1532 et
1001 1484 1085 1549 qui
1105 1499 1164 1530 ex
1187 1483 1369 1549 Spiritu
1394 1492 1561 1543 sancto
1579 1491 1844 1547 conceptus
1861 1482 1945 1541 sit,
1970 1490 2019 1528 et
2039 1490 2346 1529 mortuorum

187 1566 444 1613 suscitator
475 1564 758 1628 magnificus
780 1565 1030 1613 exstiterit.
1066 1563 1159 1612 Sed
1195 1575 1284 1612 nec
1323 1562 1568 1627 Evangelii
1605 1562 2086 1611 commendationem
2108 1561 2342 1627 praeterit,

184 1645 304 1695 dum
327 1646 487 1711 ipsum
510 1662 599 1711 per
621 1646 890 1711 Scripturas
907 1652 1094 1694 sanctas
1112 1644 1465 1710 Prophetarum
1489 1644 1578 1691 Dei
1601 1643 1894 1709 promissum
1919 1659 2021 1690 esse
2045 1658 2345 1690 commemo-

184 1736 274 1774 rat.
303 1725 535 1774 Docilitas
560 1743 678 1774 vero
700 1726 749 1774 in
774 1726 870 1774 hoc
891 1726 998 1791 ipso
1021 1735 1245 1785 notatur,
1270 1724 1407 1789 quod
1428 1741 1516 1791 per
1537 1724 1635 1773 hoc
1658 1723 1792 1788 quod
1818 1722 1909 1772 sibi
1932 1722 2050 1771 dicit
2074 1723 2346 1787 injunctum

183 1806 469 1870 evangelicae
492 1806 847 1873 praedicationis
869 1806 1082 1855 officium
1097 1843 1110 1868 ,
1132 1805 1196 1854 de
1218 1805 1294 1853 his
1314 1822 1422 1870 quae
1440 1805 1502 1853 ad
1529 1804 1774 1869 Evangelii
1797 1804 2070 1852 doctrinam
2103 1804 2347 1870 pertinent

183 1902 234 1934 se
258 1887 551 1952 scripturum
576 1905 680 1936 esse
702 1887 930 1936 insinuat.
958 1887 1054 1947 Qui
1077 1887 1222 1936 etiam
1246 1904 1359 1936 cum
1380 1903 1432 1934 se
1451 1903 1646 1935 servum
1669 1885 1875 1946 Christi,
1902 1894 1949 1933 et
1977 1902 2027 1933 se
2051 1901 2223 1933 eorum
2247 1901 2346 1934 ser-

183 1983 301 2015 vum
322 1984 426 2016 esse
445 1967 726 2029 confitetur,
746 1979 846 2017 tam
864 1985 923 2017 ex
938 1968 1210 2017 humilitate
1224 1984 1311 2017 sua
1324 2005 1337 2030 ,
1355 1984 1503 2033 quam
1522 1984 1579 2016 ex
1592 1983 1760 2016 amore
1777 1983 1925 2032 quem
1941 1966 2008 2015 illi
2031 1966 2081 2013 in
2102 1965 2347 2014 Christum

184 2047 455 2107 habebant,
479 2066 673 2098 necnon
697 2059 745 2098 et
772 2066 831 2099 ex
863 2048 938 2097 his
961 2066 1066 2114 quae
1090 2049 1339 2114 subjungit
1368 2049 1429 2097 de
1452 2065 1618 2098 amore
1652 2065 1800 2114 quem
1826 2047 1974 2096 habet
1995 2049 2046 2095 in
2071 2064 2181 2109 eos,
2213 2046 2348 2112 quod

182 2127 407 2177 videlicet
424 2146 512 2195 per
540 2131 911 2178 conversionem
947 2147 1119 2178 eorum
1160 2132 1368 2179 maxime
1394 2131 1567 2194 gratias
1588 2132 1694 2178 Deo
1725 2139 1860 2193 agat,
1887 2139 1935 2177 et
1972 2129 2035 2177 ad
2069 2146 2154 2177 eos
2181 2128 2346 2176 venire

181 2208 444 2267 desideret,
464 2221 517 2258 ut
539 2227 624 2258 eos
641 2210 848 2277 amplius
866 2212 1070 2258 instruat
1091 2220 1176 2259 aut
1200 2211 1486 2273 confirmet,
1505 2210 1596 2259 sibi
1613 2210 1702 2277 ipsi
1721 2210 1990 2258 benevolos
2011 2209 2188 2257 reddit.
2209 2212 2347 2257 Nunc

183 2288 471 2337 litterarum¹
494 2291 781 2339 insistamus.
811 2291 1091 2339 Notandum
1115 2308 1229 2340 vero
1255 2292 1370 2357 quia
1388 2292 1525 2356 juxta
1549 2291 1904 2357 expositionem
1939 2289 2099 2338 Rufini
2132 2291 2182 2338 in
2217 2288 2345 2337 hanc

185 2369 466 2435 epistolam,
493 2388 599 2436 quae
624 2371 826 2437 quidem
848 2372 1086 2438 expositio
1124 2373 1372 2420 translatio
1412 2372 1727 2438 expositionis
1753 2371 1972 2436 Origenis
1994 2370 2205 2419 creditur
2223 2407 2236 2431 ,
2260 2371 2347 2418 iste

184 2451 430 2515 apostolus
449 2461 592 2500 antea
607 2453 754 2501 etiam
777 2469 928 2518 quam
944 2462 1327 2513 converteretur,
1346 2452 1593 2502 binomius
1611 2462 1738 2513 erat;
1754 2462 1808 2501 ut
1820 2462 1922 2501 tam
1935 2452 2156 2500 videlicet
2173 2450 2347 2499 Paulus

185 2546 332 2595 quam
367 2532 538 2581 Saulus
572 2543 714 2581 antea
735 2544 1015 2595 vocaretur3
1041 2534 1165 2582 sicut
1194 2535 1431 2600 scriptum
1463 2543 1558 2596 est,
1584 2534 1770 2598 iuquit,
1798 2533 1847 2580 in
1881 2532 2074 2581 Actibus
2098 2532 2343 2597 apostolo-

185 2629 294 2660 rum
313 2616 352 2660 ¹:
377 2633 399 2658 α
420 2614 592 2662 Saulus
615 2616 699 2679 qui
720 2625 767 2662 et
788 2615 981 2663 Paulus.
1006 2636 1028 2660 >³
1053 2619 1194 2663 Juxta
1220 2617 1572 2680 Hieronymum
1596 2624 1645 2662 et
1668 2613 1990 2678 Augustinum
2011 2629 2094 2660 seu
2118 2619 2340 2673 cancros,

186 2692 287 2757 ipse
317 2693 408 2741 sibi
430 2694 684 2759 Apostolus
706 2712 889 2744 nomen
922 2697 1127 2745 mutavit
1162 2713 1189 2744 a
1231 2696 1381 2743 Paulo
1420 2694 1739 2761 proconsule,
1762 2710 1908 2758 quem
1936 2710 2025 2759 per
2058 2693 2346 2740 miraculum

186 2772 399 2837 primum
425 2776 688 2836 convertit,
722 2786 777 2823 ut
809 2777 859 2824 in
883 2775 1079 2824 Actibus
1113 2776 1439 2841 apostolorum
1472 2776 1704 2840 scriptum
1733 2767 1827 2834 est,
1856 2789 2105 2822 assumens
2134 2772 2230 2821 hoc
2254 2789 2345 2820 no·

185 2869 325 2915 men,
367 2864 421 2900 ut
457 2871 588 2902 nunc
618 2855 794 2903 Paulus
829 2857 951 2904 sicut
987 2866 1099 2904 ante
1130 2856 1301 2903 Saulus
1324 2864 1602 2916 vocaretur,
1630 2864 1684 2902 ut
1705 2864 1818 2920 post
1851 2854 1954 2919 ejus
1978 2853 2348 2902 conversionem

184 2933 308 2980 sicut
331 2949 511 2982 novam
536 2935 682 2982 vitam
703 2935 779 2983 vel
802 2953 987 2984 novum
1008 2936 1364 3002 praedicationis
1400 2935 1659 3001 assumpsit
1695 2933 1941 2995 officium,
1982 2935 2048 2983 ita
2085 2944 2134 2982 et
2163 2950 2348 2982 novum

186 3013 440 3061 sortiretur
462 3014 786 3074 vocabulum3
815 3016 937 3064 sicut
961 3026 1009 3065 et
1030 3016 1091 3064 de
1111 3015 1335 3081 apostolo
1354 3019 1492 3078 Petro
1515 3015 1756 3063 Dominus
1778 3015 1911 3076 fecit,
1938 3031 1966 3063 a
1990 3031 2089 3080 quo
2112 3015 2214 3080 ipse
2239 3023 2351 3079 post

188 3094 557 3143 conversionem
579 3099 747 3143 Petrus
769 3106 841 3144 est
867 3106 1063 3144 vocatus
1081 3134 1094 3159 ,
1122 3097 1206 3161 qui
1228 3106 1369 3144 antea
1391 3097 1559 3145 Simon
1583 3095 1864 3145 vocabatur.
1896 3095 2035 3145 Unde
2055 3105 2102 3144 et
2136 3097 2349 3144 Romana

235 3299 241 3316 ¹
259 3296 317 3330 nic
334 3299 458 3340 aliquid
474 3302 588 3334 deesse
607 3302 743 3335 videtur.
761 3321 797 3326 -
811 3303 822 3321 ²
834 3303 906 3336 Act.
922 3303 1052 3344 Apost„
1063 3311 1136 3345 cap.
1152 3311 1224 3344 xm,
1241 3312 1271 3336 v.
1283 3306 1313 3337 9.
