2638 3866
297 209 360 254 32
1103 205 1272 252 PETRI
1307 202 1617 252 ABAELARDI

300 326 323 351 ι(
347 323 477 364 mus,
502 307 724 353 invocare
745 305 958 353 divinam
979 321 1123 371 opem
1138 342 1149 364 ,
1177 305 1268 352 nisi
1286 304 1428 369 plane
1450 319 1574 351 saevo
1598 300 1811 366 quodam
1828 300 1990 349 furore
2018 310 2160 366 atque
2188 302 2415 366 implaca·

301 405 323 430 α
345 385 430 432 bili
449 394 690 449 raptemur
710 385 934 432 amentia.
968 404 992 429 »
1018 386 1139 431 Ecce
1162 392 1323 449 aperte
1339 393 1413 430 'ex
1448 382 1524 430 his
1559 381 1716 429 verbis
1741 380 1949 428 Platonis
1977 380 2197 428 asseritur
2228 397 2415 429 morem

295 465 427 511 hunc
447 481 547 511 esse
569 464 894 529 Philosophis,
923 473 975 511 ut
997 473 1094 511 tam
1116 464 1163 510 in
1192 462 1409 510 maximis
1424 477 1570 527 quam
1592 461 1800 507 minimis
1827 477 1932 525 quae
1955 459 2140 524 agenda
2153 468 2269 508 sunt
2293 459 2416 507 divi-

296 560 413 590 num
433 543 656 590 invocent
686 543 938 604 auxilium,
979 552 1025 590 et
1046 559 1135 608 pro
1164 558 1352 589 summo
1376 541 1539 588 furore
1560 551 1702 605 atque
1733 540 2023 606 implacabili
2044 540 2275 600 amentia,
2302 538 2353 587 id
2377 541 2415 586 si

294 622 576 682 dimittatur,
597 623 726 688 apud
741 639 824 670 eos
841 623 1025 670 haberi.
1047 623 1190 680 Quod
1210 622 1367 685 itaque
1387 621 1453 669 ait
1469 620 1738 686 Apostolus,
1759 620 1994 684 quosdam
2011 618 2416 684 Philosophorum

296 713 341 748 et
372 702 616 765 gentilium
641 703 932 767 sapientum,
969 702 1065 749 hoc
1094 701 1225 766 quod
1249 700 1310 748 de
1335 703 1439 748 Deo
1462 700 1538 747 vel
1560 700 1728 748 ceteris
1746 699 2097 764 intelligebant,
2133 698 2222 745 sibi
2258 699 2419 763 potius

296 799 441 845 quam
460 785 562 828 Deo
579 782 846 847 ascripsisse
860 818 872 839 ‚
902 791 1043 845 atque
1066 781 1179 828 hinc
1202 781 1424 827 excaecari
1446 780 1695 840 meruisse,
1726 780 1891 844 paucis
1909 779 2069 844 potius
2092 794 2240 842 quam
2262 776 2421 824 multis

296 860 630 924 imputandum
650 861 858 921 videtur,
887 861 1007 907 sicut
1029 870 1076 907 et
1096 861 1195 924 ipsa
1219 858 1526 924 turpitudinis
1548 875 1691 924 poena
1712 874 1858 923 quam
1881 867 2230 923 consequenter
2248 856 2419 920 adjun-

298 941 360 1001 git
393 940 575 986 dicens¹
601 956 613 986 :
646 962 667 984 «
700 943 952 1005 Propterea
975 940 1168 987 tradidit
1199 939 1305 986 illos
1345 942 1473 986 Deus
1506 939 1552 986 in
1597 939 1836 1004 passiones
1867 939 2157 1002 ignominiae.
2187 939 2292 984 »Et
2314 953 2418 984 rur-

297 1022 421 1066 sum²
447 1037 458 1066 :
490 1039 513 1062 «
536 1019 752 1079 Masculi,
777 1040 798 1063 ι)
825 1020 1004 1083 inquit,
1036 1040 1059 1063 ε(
1084 1019 1133 1065 in
1159 1018 1398 1066 masculos
1422 1018 1767 1083 turpitudinem
1802 1028 2080 1084 operantes,
2114 1028 2207 1065 ete.
2239 1036 2263 1062 υ
2285 1019 2417 1065 Con-

297 1108 387 1145 stat
422 1099 599 1163 quippe
638 1098 955 1163 Philosophos
990 1099 1195 1146 maxime
1232 1099 1536 1145 continenter
1568 1098 1767 1160 vixisse,
1807 1108 1953 1163 atque
1983 1098 2045 1145 ad
2072 1097 2419 1145 continentiam

297 1187 394 1224 tam
415 1178 599 1242 scriptis
622 1194 767 1242 quam
790 1179 1014 1243 exemplis
1045 1179 1217 1225 multas
1250 1177 1392 1225 nobis
1426 1177 1781 1225 exhortationes
1806 1177 2068 1243 reliquisse.
2113 1177 2208 1224 Sed
2241 1177 2280 1223 si
2313 1177 2420 1242 quis

295 1257 395 1303 sine
419 1256 513 1302 fide
539 1257 726 1303 venturi
749 1273 831 1304 eos
854 1257 1022 1304 salvari
1040 1274 1179 1322 posse
1196 1257 1514 1319 contradicat,
1539 1256 1789 1322 quomodo
1814 1256 1863 1304 id
1885 1255 2204 1322 comprobare
2225 1256 2417 1322 poterit,

296 1335 427 1398 quod
452 1336 499 1381 in
525 1352 635 1381 eum
653 1336 830 1383 scilicet
849 1353 947 1383 non
971 1337 1287 1397 crediderint,
1308 1354 1453 1400 quem
1477 1337 1620 1385 etiam
1642 1354 1730 1402 per
1751 1336 1976 1400 gentilem
2000 1336 2244 1395 feminam,
2271 1335 2322 1383 id
2351 1344 2422 1383 est

297 1414 540 1478 Sibyllam,
562 1415 713 1461 multo
733 1415 828 1462 fere
851 1416 1060 1480 apertius
1084 1432 1229 1479 quam
1248 1433 1334 1480 per
1357 1433 1525 1463 omnes
1549 1416 1829 1480 ProphetaS,
1856 1416 2165 1463 vaticinatum
2185 1415 2419 1462 viderint?

298 1496 460 1557 Neque
483 1494 611 1540 enim
630 1494 740 1541 ideo
766 1495 1074 1541 astruendum
1097 1505 1167 1542 est
1192 1512 1274 1542 eos
1291 1496 1667 1542 incarnationem
1684 1496 1878 1542 Domini
1898 1495 2107 1543 futuram
2131 1511 2232 1543 non
2257 1511 2423 1560 expec-

296 1583 433 1633 tasse,
463 1583 543 1619 aut
565 1590 665 1620 non
687 1575 967 1633 credidisse,
1003 1576 1115 1638 quia
1141 1575 1235 1622 hoc
1261 1576 1310 1622 in
1338 1576 1583 1640 scripturis
1604 1591 1773 1622 eorum
1794 1575 1992 1622 minime
2014 1575 2274 1640 reperitur,
2310 1591 2422 1621 cum

298 1662 385 1692 nec
405 1646 600 1693 fortasse
619 1648 670 1693 in
693 1648 917 1695 omnibus
940 1664 1107 1695 eorum
1131 1649 1479 1714 prophetarum
1495 1649 1680 1713 scriptis
1698 1649 1761 1695 ita
1777 1649 1888 1696 satis
1913 1649 1972 1695 sit
1993 1664 2228 1714 expressa,
2256 1647 2422 1695 divino

297 1725 345 1772 id
360 1726 642 1790 disponente
661 1728 879 1789 consilio,
906 1738 1073 1775 utnon
1094 1728 1408 1792 quibuslibet,
1429 1738 1510 1776 aut
1533 1745 1618 1793 per
1633 1728 1894 1792 quoslibet,
1920 1737 2107 1775 tantum
2136 1728 2424 1775 revelaretur

297 1820 553 1864 arcanum,
585 1821 696 1852 cum
735 1807 874 1854 etiam
908 1807 1108 1871 provida
1135 1807 1505 1872 dispensatione,
1541 1807 1838 1871 septuaginta
1865 1808 2161 1871 interpretes,
2187 1807 2236 1853 in
2264 1806 2424 1854 multis

298 1884 638 1948 scripturaruum
656 1886 774 1932 locis
788 1902 905 1950 quas
923 1886 1287 1948 transferebant,
1315 1888 1544 1951 scriptum
1566 1888 1654 1934 Dei
1671 1886 1821 1933 filium
1837 1887 2143 1951 reperienteS,
2169 1885 2265 1933 hoc
2286 1888 2425 1952 peni-

299 1973 372 2009 tus
395 1964 652 2027 praeterisse
674 1981 728 2012 ac
745 1965 987 2012 reticuisse
1011 1966 1251 2026 dicuntur,
1272 1983 1334 2013 ne
1356 1967 1627 2014 scandalum
1653 1967 1830 2014 scilicet
1854 1965 2127 2013 infidelibus
2145 1966 2424 2014 auctoribus

300 2043 446 2105 magis
468 2055 827 2092 commoverent
859 2061 1003 2109 quam
1040 2045 1187 2093 fidem
1219 2056 1497 2094 astruerent.
1528 2047 1712 2095 Scimus
1740 2047 1918 2111 quippe
1951 2045 2285 2111 Philosophos,
2313 2062 2423 2093 cum

300 2122 359 2169 de
382 2122 471 2169 diis
502 2140 623 2187 quos
646 2125 853 2189 populus
872 2125 1212 2184 venerabatur,
1250 2126 1439 2174 diversa
1463 2142 1492 2174 a
1520 2127 1686 2174 ceteris
1707 2127 1960 2187 sentirent,
1988 2134 2035 2173 et
2059 2125 2170 2173 ideo
2190 2142 2218 2173 a
2240 2124 2423 2191 populo

299 2202 347 2247 in
371 2201 464 2248 fide
486 2202 813 2265 dissentirent,
840 2214 971 2252 metu
993 2214 1153 2252 tamen
1174 2206 1472 2270 compuISOS,
1495 2206 1770 2254 communia
1791 2221 1902 2252 cum
1925 2205 2016 2252 illis
2034 2204 2212 2270 templa
2234 2215 2422 2265 tenere,

299 2289 345 2326 et
369 2282 651 2329 caerimoniis
682 2299 850 2330 eorum
876 2285 1127 2346 interesse,
1152 2302 1208 2333 ac
1230 2303 1280 2333 se
1306 2286 1480 2351 pariter
1504 2285 1781 2333 idololatras
1813 2285 2073 2332 simulasse.
2100 2284 2239 2331 Unde
2268 2288 2426 2349 Augu·

299 2361 447 2406 stinus
468 2360 525 2407 de
547 2378 652 2408 vera
679 2363 935 2428 Relz‘agz‘one³
962 2384 974 2410 ε
1004 2384 1028 2405 «c
1053 2366 1315 2430 Sapientes,
1341 2365 1513 2429 inquit,
1540 2382 1662 2429 quos
1681 2365 1999 2430 philosophos
2019 2374 2213 2425 vocant,
2240 2363 2425 2414 scholas

299 2439 539 2487 habebant
558 2441 855 2504 dissidentes,
880 2454 928 2490 et
950 2445 1124 2510 templa
1143 2446 1435 2506 communia,
1461 2462 1560 2492 non
1590 2446 1719 2492 enim
1740 2445 1815 2492 vel
1834 2445 2042 2509 populos
2061 2444 2134 2491 vel
2156 2443 2426 2491 sacerdotes

299 2518 474 2566 latebat
495 2519 556 2566 de
579 2520 794 2584 ipsorum
813 2530 983 2570 natura
1005 2523 1205 2570 deorum
1230 2516 1373 2588 quam
1399 2524 1586 2571 diversa
1616 2525 1862 2571 sentirent.
1905 2526 2086 2571 Omnes
2120 2532 2281 2570 tamen
2312 2539 2425 2570 cum

300 2598 606 2645 sectatoribus
650 2602 747 2648 suis
788 2601 974 2649 diversa
1014 2611 1062 2649 et
1103 2603 1302 2651 adversa
1339 2603 1650 2650 sentientibus
1689 2604 1752 2652 ad
1795 2619 1930 2651 sacra
1960 2603 2254 2663 communia,
2290 2601 2425 2649 nullo

302 2676 603 2738 prohibente,
628 2679 900 2727 veniebant.
944 2681 1038 2728 Sed
1075 2691 1201 2728 certe
1238 2681 1355 2729 illud
1398 2683 1531 2743 satis,
1566 2694 1800 2747 quantum
1833 2682 1952 2730 mihi
1980 2681 2195 2742 videtur,
2228 2691 2424 2746 apparet

301 2754 428 2801 aliud
451 2772 532 2803 eos
557 2758 604 2803 in
630 2758 856 2823 religione
880 2761 1139 2826 suscepisse
1161 2778 1273 2808 cum
1297 2762 1507 2827 populo,
1547 2772 1593 2810 et
1619 2763 1750 2810 aliud
1773 2762 1968 2810 eosdem
1995 2763 2100 2827 ipso
2123 2761 2309 2827 populo
2339 2777 2425 2808 au-

301 2831 460 2880 diente
479 2835 742 2884 defendisse
767 2839 1004 2903 privatim.
1034 2842 1250 2888 Socrates
1277 2851 1438 2889 tamen
1474 2843 1704 2890 audacior
1735 2843 1902 2890 ceteris
1940 2842 2082 2888 fuisse
2112 2840 2421 2907 perhibetur,

297 2912 502 2973 jurando
525 2931 610 2979 per
626 2932 792 2963 canem
809 2919 1086 2981 quemlibet,
1109 2930 1187 2967 aut
1204 2921 1432 2985 lapidem,
1450 2931 1496 2968 et
1512 2922 1747 2987 quidquid
1759 2923 1978 2986 juraturo
1995 2921 2132 2985 quasi
2149 2921 2211 2968 ad
2229 2935 2425 2967 manum

304 2991 601 3040 occurrisset.
623 2995 778 3042 Credo
793 2996 1085 3060 intelligebat
1119 2999 1467 3063 qualiacunque
1495 3017 1643 3065 opera
1678 3012 1857 3049 naturae
1875 3039 1888 3062 ,
1926 3017 2031 3064 quae
2065 2999 2427 3047 administrante

306 3068 467 3117 divina
490 3073 788 3136 providentia
810 3079 1133 3138 generentu1·'‘,
1166 3079 1318 3126 multo
1343 3095 1488 3142 quam
1510 3079 1763 3127 hominum
1787 3080 2013 3139 meliora,
2049 3088 2096 3125 et
2117 3079 2227 3125 ideo
2252 3078 2427 3125 divinis

352 3246 356 3261 ⁸
377 3245 487 3283 Rom-⁹
505 3256 575 3287 ⁰⁸1).
596 3257 618 3288 1,
642 3258 670 3280 v.
690 3252 741 3282 26.
756 3268 791 3275 --
807 3253 931 3292 ’1bid.,
955 3263 981 3285 v.
1002 3257 1049 3287 27*
1070 3273 1102 3277 —-
1125 3257 1135 3275 ²·
1151 3231 1248 3295 opp,
1272 3262 1292 3287 t.
1319 3256 1346 3288 1.
1366 3257 1426 3287 col.
1445 3256 1515 3287 7117.
1539 3273 1579 3278 —
1599 3259 1608 3275 ⁴
1626 3254 1709 3293 Lege
1728 3267 1735 3286 :
1755 3255 1982 3295 aigyna-entur.
