2638 3866
383 198 445 245 76
1178 205 1339 253 PETRI
1372 204 1680 254 ABAELARDI

383 313 695 362 nihilominus
718 326 930 364 errarent
954 336 965 364 ε
991 335 1105 366 cum
1133 331 1292 369 autem
1333 321 1445 369 foris
1482 332 1619 384 sunt,
1655 322 1917 387 plurimum
1940 330 2167 387 prosunt,
2203 337 2304 370 non
2337 339 2503 371 verum

383 393 589 442 dicendo
621 395 754 459 quod
786 397 1027 460 nesciunt,
1054 399 1139 447 sed
1162 400 1223 448 ad
1244 417 1410 448 verum
1432 400 1743 465 quaerendum
1768 401 2006 462 carnales,
2039 411 2087 448 et
2110 399 2171 449 ad
2198 418 2365 450 verum
2388 403 2505 451 acci·

381 473 611 537 piendum
633 475 896 540 spirituales
920 478 1193 527 Catholicos
1213 480 1484 528 excitando.
1506 484 1706 528 Utamur
1728 498 1841 545 ergo
1864 481 2113 541 haereticis,
2138 498 2238 529 non
2262 491 2315 529 ut
2336 499 2504 530 eorum

382 553 703 618 approbemus
716 572 918 618 errores,
933 559 1016 606 sed
1038 569 1089 607 ut
1105 560 1390 608 catholicam
1409 560 1712 627 disciplinam
1732 561 1961 609 adversus
1981 577 2151 608 eorum
2170 561 2365 609 insidias
2379 578 2504 610 asse-

381 642 552 694 rentes,
576 635 897 698 vigilantiores
923 649 969 685 et
993 640 1229 687 cautiores
1251 641 1416 702 simus,
1443 641 1529 688 etsi
1551 657 1633 688 eos
1657 640 1718 688 ad
1741 641 1942 689 salutem
1967 657 2193 689 revocare
2216 657 2315 688 non
2334 657 2505 706 possu-

381 729 502 761 mus.
530 732 553 759 »
579 714 815 776 Isidorus,
843 717 900 764 de
923 721 1118 766 Summo
1140 719 1287 780 bono,
1313 719 1396 766 lib.
1418 722 1456 781 Ι,
1485 737 1592 786 cap.
1620 723 1719 768 xvr¹
1745 739 1756 767 :
1786 740 1810 766 «
1836 723 2010 769 Sancta
2029 719 2237 768 Ecclesia
2261 731 2506 769 exercetur

383 793 632 858 sapientia,
657 812 769 843 cum
791 806 1002 845 tentatur
1027 798 1207 859 verbis3
1234 808 1480 846 exercetur
1502 800 1752 864 patientia,
1777 816 1889 848 cum
1913 809 2120 848 tentatur
2141 800 2323 864 gladiis.
2353 803 2506 850 Causa

381 873 621 936 pravitatis
643 874 874 924 haereticae
897 876 1114 925 doctrina
1138 887 1208 925 est
1229 888 1492 944 propagata
1517 880 1757 941 Ecclesiae3
1785 896 1900 927 nam
1922 889 2065 928 antea
2087 880 2292 945 simplici
2317 890 2506 928 tantum

379 950 473 999 fide
495 952 700 1017 vigebat.
725 956 1068 1004 Haereticorum
1091 974 1203 1022 ergo
1226 958 1478 1006 occasione
1494 960 1744 1024 propagati
1763 969 1875 1006 sunt
1897 958 2119 1006 doctores
2138 959 2188 1006 in
2211 958 2325 1022 fide,
2350 969 2398 1007 et
2418 975 2506 1026 per

378 1047 579 1080 acumen
600 1033 851 1083 haeresium
873 1035 1018 1084 hodie
1040 1047 1294 1085 creverunt
1323 1038 1550 1101 magistri.
1581 1058 1604 1084 »
1641 1037 1778 1085 Unde
1813 1048 1861 1085 et
1883 1038 2040 1101 ‚sancti
2069 1037 2291 1086 doctores
2311 1054 2424 1086 cum
2442 1038 2506 1088 ad

378 1113 781 1177 exercitationem,
811 1124 862 1162 ut
889 1113 1071 1163 dictum
1098 1127 1185 1178 est,
1215 1116 1445 1176 fidelium,
1475 1117 1595 1165 adeo
1620 1118 1907 1166 necessarias
1931 1134 2031 1165 esse
2055 1116 2389 1165 haereticorum
2410 1115 2506 1166 dis-

377 1193 647 1255 putationes
670 1195 743 1242 vel
768 1195 1098 1259 inquisitiones
1120 1196 1445 1259 attenderent,
1473 1198 1658 1245 ratione
1680 1198 1840 1263 potius
1863 1213 2008 1261 quam
2023 1205 2257 1263 potestate
2275 1213 2360 1245 eos
2374 1213 2509 1245 coer-

376 1272 473 1319 ceri
499 1284 785 1335 sanxerunt,
812 1284 859 1321 et
880 1291 970 1322 nos
998 1277 1133 1339 quasi
1159 1286 1299 1325 tantae
1322 1277 1527 1324 victoriae
1550 1276 1787 1325 desiderio
1803 1313 1816 1338 ,
1844 1277 1906 1325 ad
1938 1293 2080 1324 sacrae
2110 1276 2323 1324 studium
2346 1276 2509 1325 erudi-

373 1351 516 1398 tionis
537 1362 647 1399 sunt
668 1353 969 1418 potissimum
1005 1354 1261 1403 adhortati.
1297 1355 1450 1414 Quale
1479 1366 1550 1404 est
1583 1356 1703 1404 illud
1732 1357 2014 1421 Hieronymi
2032 1357 2100 1404 ad
2116 1358 2465 1423 Nepotl'anum'
2491 1375 2502 1402 :

377 1450 400 1472 «
420 1430 582 1493 Disce,
617 1432 773 1496 inquit
788 1469 801 1494 ,
830 1433 948 1496 quid
970 1419 1142 1482 doceas
1162 1470 1174 1495 ,
1202 1444 1255 1482 ut
1276 1435 1427 1500 possis
1451 1435 1697 1483 adhortari
1721 1436 1771 1483 in
1808 1435 2031 1484 doctrina
2053 1452 2211 1497 sacra,
2249 1446 2299 1484 et
2315 1445 2508 1489 contra-

372 1509 581 1558 dicentes
599 1512 842 1561 revincere
856 1550 869 1575 ,
892 1524 1086 1579 paratus
1103 1531 1293 1580 semper
1315 1514 1376 1563 ad
1399 1515 1772 1563 satisfactionem
1796 1517 1930 1564 omni
1953 1517 2170 1582 poscenti
2192 1517 2430 1565 rationem
2446 1517 2508 1566 de

374 1605 431 1637 ea
451 1606 557 1654 quae
576 1591 624 1638 in
648 1602 694 1639 te
713 1602 784 1640 est
805 1609 904 1658 spe.
937 1612 960 1638 »
986 1595 1244 1659 Gregorius
1266 1584 1537 1643 Bonil'acio⁸
1562 1614 1573 1643 ε
1609 1615 1630 1641 α
1658 1596 1706 1642 Si
1729 1596 1817 1658 ita,
1842 1606 1896 1644 ut
1920 1595 2194 1660 audieram,
2224 1596 2506 1662 magnitudo

372 1679 529 1718 vestra
557 1671 824 1719 intentione
852 1673 1051 1721 sollicita
1074 1673 1135 1721 de
1163 1675 1333 1722 animae
1358 1691 1455 1722 suae
1472 1675 1566 1723 vita
1588 1676 1836 1741 cogitaret,
1860 1693 2166 1742 nequaquam
2189 1676 2308 1724 mihi
2329 1676 2390 1725 de
2411 1675 2508 1724 fide

373 1765 458 1797 sua
480 1767 565 1815 per
587 1752 808 1816 epistolas
823 1791 836 1816 ,
863 1753 948 1802 sed
971 1771 1058 1820 per
1076 1755 1380 1822 semetipsam
1399 1764 1618 1821 posceret
1641 1755 1957 1821 respondere,
1992 1766 2045 1803 ut
2073 1766 2121 1803 et
2143 1773 2230 1803 vos
2247 1755 2308 1804 de
2344 1768 2508 1805 nostra

372 1829 584 1892 ratione,
625 1841 671 1878 et
709 1849 798 1880 nos
837 1833 898 1881 de
932 1844 1082 1883 vestra
1121 1835 1400 1883 credulitate
1435 1835 1767 1899 gauderemus.
1813 1837 1934 1883 Nam
1957 1851 2046 1883 nos
2075 1834 2184 1883 licet
2207 1835 2255 1882 in
2280 1835 2507 1884 omnibus

373 1910 557 1972 causis,
583 1911 631 1957 in
653 1910 728 1958 his
749 1913 985 1979 praecipue
1010 1932 1117 1980 quae
1137 1915 1225 1963 Dei
1244 1915 1356 1977 sint,
1391 1915 1578 1963 ratione
1602 1916 1750 1979 magis
1773 1915 2101 1979 constringere
2121 1915 2346 1964 homines
2362 1932 2508 1981 quam

373 1991 656 2037 auctoritate
686 1991 978 2040 festinamus.
1004 2013 1027 2039 »
1049 1994 1182 2042 Idem
1202 1996 1459 2042 Dominico
1492 1996 1747 2061 episcopo‘
1770 2014 1782 2043 :
1808 2016 1830 2039 «
1857 1998 2147 2060 Quanquam
2180 1994 2508 2044 desideremus

372 2084 540 2117 omnes
559 2069 805 2119 haereticos
826 2088 853 2120 a
873 2074 1124 2122 catholicis»
1143 2074 1472 2123 sacerdotibus
1494 2075 1656 2139 vigore
1679 2091 1869 2140 semper
1891 2075 2175 2139 rationeque
2196 2077 2456 2142 compesci.
2481 2098 2504 2121 ι»

371 2147 529 2211 Idem,
552 2152 599 2197 in
620 2154 890 2216 Pastoralc',
916 2171 1022 2220 cap.
1050 2159 1167 2202 xxx⁵
1192 2174 1204 2204 :
1231 2172 1257 2201 (ι
1281 2156 1426 2204 Aliter
1449 2156 1744 2204 admonendi
1766 2166 1878 2203 sunt
1899 2155 2043 2220 hujus
2066 2156 2213 2204 seculi
2235 2157 2504 2222 sapientes,

370 2239 512 2293 atque
530 2231 664 2279 aliter
682 2232 894 2281 hebetes.
920 2233 1030 2282 Illos
1049 2236 1331 2300 plerumque
1347 2237 1546 2284 rationis
1561 2245 1863 2300 argumenta,
1887 2237 2002 2283 istos
2019 2252 2374 2300 nonnunquam
2407 2253 2509 2285 me·

370 2308 462 2356 lius
505 2312 722 2377 exempla
751 2324 1052 2361 convertunt.
1076 2315 1170 2362 Illi-s
1200 2316 1424 2366 nimirum
1461 2316 1657 2382 prodest
1685 2327 1739 2363 ut
1770 2317 1819 2363 in
1845 2317 1942 2363 suis
1966 2315 2335 2380 allegationibus
2372 2316 2508 2363 victi⁶

369 2402 701 2454 permaneant,
728 2393 825 2440 istis
845 2410 958 2441 vero
982 2395 1239 2459 aliquando
1263 2396 1437 2443 sufficit
1455 2405 1506 2443 ut
1519 2395 1775 2444 laudabilia
1795 2395 2002 2443 aliorum
2022 2395 2141 2443 facta
2160 2405 2469 2459 cognoscant.
2482 2415 2504 2440 υ

298 2474 301 2476 ’
370 2470 593 2518 Nicolaus
625 2475 776 2538 Papa,
809 2474 870 2521 ad
903 2476 1121 2522 consulta
1154 2475 1492 2540 Bulgarorum,
1519 2492 1626 2540 cap.
1655 2493 1730 2522 xm
1755 2493 1767 2521 x
1798 2495 1820 2519 «
1846 2478 1918 2522 De
1942 2475 2008 2522 eis
2031 2475 2114 2539 qui
2142 2474 2508 2524 Christianitatis

369 2549 557 2597 bonum
581 2553 819 2618 suscipere
841 2564 1070 2616 renuunt,
1093 2572 1193 2603 non
1218 2555 1347 2604 aliud
1365 2572 1618 2621 possumus
1639 2555 1845 2602 scribere
1868 2554 2007 2602 vobis
2025 2592 2037 2615 ‚
2076 2554 2166 2601 nisi
2189 2564 2242 2602 ut
2274 2554 2338 2603 ad
2361 2554 2508 2604 fidem

371 2631 645 2678 necessariis
668 2634 863 2681 monitis
881 2671 893 2695 ‚
935 2645 982 2682 et
1006 2634 1436 2697 exhortationibus,
1465 2645 1511 2683 et
1534 2635 1720 2683 ratione
1753 2651 1836 2682 eos
1868 2634 2029 2700 potius
2060 2650 2207 2698 quam
2229 2634 2278 2681 vi
2308 2635 2508 2682 convin-

374 2711 507 2757 catis.
523 2730 544 2755 »
563 2711 790 2774 Isidorus,
816 2713 873 2760 de
894 2716 1091 2762 Summo
1108 2719 1243 2762 Bono
1263 2715 1350 2764 lib.
1373 2718 1456 2762 11⁷:
1478 2735 1503 2761 «
1519 2714 1657 2764 Fides
1680 2729 1990 2779 nequaquam
2010 2714 2055 2760 vi
2072 2723 2400 2778 extorquetur,
2424 2713 2509 2762 sed

372 2790 553 2837 ratione
593 2802 734 2855 atque
776 2794 1001 2860 exemplis
1031 2795 1273 2844 suadetur.
1311 2797 1346 2843 A
1388 2795 1565 2861 quibus
1610 2805 1772 2843 autem
1812 2794 2013 2858 exigitur
2052 2793 2304 2854 violenter,
2343 2809 2507 2860 perse-

373 2884 534 2916 verare
569 2872 616 2916 in
651 2872 717 2918 eis
752 2890 850 2920 non
886 2885 1072 2939 potest,
1116 2875 1366 2941 exemplo,
1398 2886 1452 2923 ut
1488 2877 1553 2924 ait
1585 2875 1810 2940 quidam,
1837 2872 2047 2922 novellae·
2071 2874 2256 2922 arboris
2294 2874 2430 2937 quus
2467 2874 2507 2920 si

376 2950 480 3012 quis
502 2965 733 2998 cacumen
754 2954 987 3001 violenter
1010 2956 1317 3020 impresserit,
1345 2956 1526 3014 denuo,
1550 2956 1668 3003 dum
1692 2955 1894 3013 laxatur,
1923 2955 1971 3001 in
2000 2954 2050 3001 id
2073 2953 2207 3018 quod
2225 2954 2376 3001 fuerat
2396 2969 2508 3000 con·

374 3028 532 3075 festim
563 3032 826 3079 revertitur.
853 3052 875 3077 »
902 3034 1105 3082 Hilarius
1139 3034 1197 3082 de
1224 3037 1474 3096 Trinitate,
1502 3035 1586 3083 lib.
1615 3038 1698 3082 XII
1727 3054 1736 3081 :
1768 3056 1791 3080 α
1809 3037 2014 3099 Oportet
2037 3049 2119 3079 eos
2149 3033 2232 3096 qui
2264 3031 2504 3080 Christum

412 3240 531 3283 ‘Opp.‚
543 3245 567 3274 t.
577 3240 633 3281 vl,
645 3250 677 3282 p.
692 3242 847 3283 155,15s.
860 3245 1021 3285 —²epist.
1043 3253 1158 3284 xxxiv,
1177 3245 1282 3287 Opp.‚
1298 3250 1323 3278 t.
1341 3244 1397 3287 IV,
1469 3244 1527 3278 lib.
1543 3244 1582 3284 V,
1599 3246 1695 3286 epist.
1710 3252 1744 3279 v.
1762 3260 1799 3268 —
1818 3246 1829 3265 ⁵
1844 3244 1919 3285 Leo.
1936 3244 1972 3276 P.
1993 3252 2049 3284 ιιι,
2071 3251 2142 3284 cap.
2162 3251 2206 3275 vi.
2231 3258 2268 3266 -
2283 3241 2296 3262 ⁶
2312 3240 2503 3273 Amboesius

369 3303 401 3333 p.
417 3294 466 3334 11,
480 3294 541 3328 eol·
557 3296 630 3328 261.
643 3313 680 3319 -
696 3295 822 3336 ³Epist.
841 3297 897 3330 lib.
917 3296 970 3336 lv,
989 3298 1083 3338 epist.
1107 3307 1195 3332 xmn.
1217 3316 1253 3322 -
1272 3297 1396 3339 ⁴1bid.,
1467 3297 1588 3339 juncti.
1610 3315 1646 3323 -
1665 3301 1675 3319 ⁷
1690 3298 1792 3340 Opp„
1808 3301 1831 3330 t'.
1848 3296 1904 3337 VI,
1921 3306 1954 3338 p.
1972 3298 2042 3331 192.
