2638 3866
297 234 394 283 228
1099 230 1271 278 PETRI
1305 199 1618 279 ABAELARm

298 344 344 382 et
377 335 524 399 igneae
561 340 674 379 sunt
705 340 752 378 et
781 318 968 390 lucidae,
994 330 1116 379 duos
1152 325 1472 392 sublimiores,
1507 331 1859 379 continentium
1896 331 2090 395 scilicet,
2118 333 2164 382 id
2201 343 2289 396 est,
2312 351 2428 383 con-

297 414 700 479 templativorum,
735 411 818 475 qui
846 411 992 458 divini
1025 411 1202 458 amoris
1235 411 1344 474 igne
1370 409 1700 458 vehementius
1728 411 1928 472 fervent,
1962 422 2010 460 et
2034 413 2423 478 praedicatorum,

297 495 379 558 qui
413 494 530 541 alios
566 491 785 539 doctrina
818 507 904 539 sua
932 490 1202 538 illuminant
1226 507 1236 535 :
1264 506 1351 554 per
1381 505 1578 538 arenam
1599 507 1714 539 vero
1743 492 1888 539 maris
1918 493 2312 558 conjugatorum,
2345 495 2429 559 qui

298 573 432 637 quasi
456 573 504 619 in
524 572 646 619 mari
668 581 714 619 et
738 571 787 618 in
810 570 1021 618 humidis
1044 569 1280 630 habitant,
1296 569 1494 618 luxuriae
1512 569 1832 635 indulgenteS‚
1848 582 1896 620 et
1918 573 2277 622 mundanarum
2299 574 2428 622 solli—

296 652 565 700 citudinum
599 653 725 699 curis
761 652 1012 713 fluctuant,
1045 659 1092 697 et
1128 665 1293 696 earum
1321 651 1693 699 amaritudinem
1712 653 1916 717 graviter
1945 653 2171 702 tolerant.
2197 653 2426 716 Credidit,

296 734 493 798 inquam
509 771 521 795 ,
553 754 575 779 «
603 743 649 781 et
674 750 774 780 non
798 742 867 780 est
889 731 1155 779 infirmatus
1177 731 1226 778 in
1259 729 1375 794 fide,
1400 750 1423 776 »
1452 731 1503 780 id
1527 742 1615 794 est,
1641 750 1743 781 non
1769 733 1858 781 fuit
1879 735 2076 783 remissa
2095 735 2145 782 in
2168 734 2329 800 aliquo
2354 736 2429 783 vel

296 813 464 862 debilis
497 814 616 862 fides
646 814 747 878 ejus
777 822 1221 878 quantumcumque
1251 811 1524 861 differretur
1557 813 1829 879 promissio,
1853 814 1928 862 vel
1958 814 2266 880 impossibilis
2301 814 2428 864 vide-

297 904 425 958 retur
434 914 446 956 3
482 895 565 943 sed
593 911 725 959 aeque
751 893 947 940 firmiter
969 891 1173 939 credidit
1201 891 1252 940 id
1273 893 1407 957 quod
1429 904 1597 942 contra
1618 903 1841 943 naturam
1871 911 1974 943 esse
2003 896 2194 961 penitus
2226 895 2424 958 sciebat,

297 974 418 1022 sicut
440 975 559 1023 illud
581 974 714 1039 quod
736 990 822 1039 per
844 982 1067 1020 naturam
1089 971 1193 1020 fieri
1216 973 1349 1039 prius
1371 983 1744 1041 exspectaverat.

364 1075 387 1100 α
404 1058 499 1103 Nec
521 1054 840 1103 consideravit
863 1069 1040 1118 corpus
1062 1070 1204 1102 suum
1220 1064 1516 1115 emortuum,
1540 1074 1563 1100 »
1588 1054 1637 1103 id
1666 1064 1752 1117 est,
1779 1072 1879 1103 non
1898 1055 2101 1104 attendit
2122 1056 2429 1122 impossibili-

293 1145 437 1183 tatem
469 1153 563 1183 suae
598 1145 776 1182 naturae
813 1133 888 1181 vel
919 1134 1098 1196 uxoris,
1137 1135 1223 1182 sed
1255 1137 1523 1201 potentiam
1557 1136 1898 1202 promittentis.
1931 1138 2119 1202 Corpus
2153 1147 2428 1187 emortuum

291 1215 421 1276 dicit,
448 1217 498 1264 id
518 1226 605 1276 est,
635 1215 836 1262 omnino
857 1214 957 1278 jam
979 1231 1066 1280 per
1086 1224 1310 1263 naturam
1331 1216 1575 1282 impotens
1599 1215 1662 1264 ad
1678 1217 2037 1281 generationem
2057 1235 2163 1283 quae
2174 1219 2428 1284 promitte—

288 1296 445 1344 batur.
482 1317 504 1341 «
524 1298 660 1357 Cum,
683 1315 705 1340 »
732 1295 783 1342 id
814 1305 901 1355 est,
935 1296 1154 1360 quamvis
1182 1296 1283 1361 jam
1306 1297 1407 1362 ipse
1432 1295 1700 1356 Abraham,
1733 1316 1758 1342 «
1777 1295 1875 1344 fere
1906 1307 2030 1345 esset
2052 1307 2248 1346 centum
2271 1313 2426 1347 anno·

288 1393 418 1437 rum,
444 1396 465 1421 »
492 1376 542 1423 id
566 1386 634 1424 est
662 1377 927 1441 nonaginta
954 1393 1150 1424 novem.
1185 1396 1206 1423 α
1234 1379 1293 1423 Et
1317 1386 1588 1424 emortuam
1613 1376 1807 1425 vulvam
1831 1379 1979 1438 Sarae,
2007 1397 2032 1424 »
2059 1378 2122 1426 ad
2147 1395 2270 1444 opus
2297 1379 2427 1426 simi·

286 1458 395 1504 liter
424 1458 759 1521 generationis,
795 1467 892 1504 tam
921 1466 1120 1523 propter
1147 1466 1442 1506 senectutem
1476 1456 1656 1505 scilicet
1687 1473 1835 1522 quam
1877 1467 2079 1523 propter
2111 1458 2422 1508 sterilitatem.

285 1541 343 1584 Et
375 1538 569 1586 attende
601 1555 714 1586 cum
747 1538 813 1585 ait
841 1537 902 1585 de
931 1537 1189 1598 Abraham,
1225 1555 1337 1586 eum
1369 1537 1464 1585 fere
1494 1547 1690 1585 centum
1719 1554 1821 1586 esse
1851 1554 2111 1600 annorum,
2137 1539 2295 1586 innuit
2317 1556 2428 1587 eum

286 1629 481 1685 propter
499 1627 684 1668 aetatem
706 1629 911 1681 tantum,
942 1635 1042 1667 non
1062 1629 1261 1685 propter
1280 1619 1574 1667 sterilitatem
1594 1618 1655 1667 ad
1677 1618 2007 1683 generandum
2026 1619 2226 1667 minime
2249 1620 2424 1683 valere,

288 1717 370 1748 nec
403 1711 559 1749 tamen
594 1711 694 1748 tam
718 1701 960 1766 impotens
989 1699 1050 1747 ad
1080 1699 1410 1765 generandum
1433 1699 1675 1748 Abraham
1698 1699 1969 1747 credendus
2001 1709 2094 1762 est,
2120 1700 2205 1764 qui
2234 1710 2428 1748 mortua

285 1784 400 1829 Sara
433 1791 599 1847 postea
629 1781 892 1829 Cethuram
921 1780 1079 1841 duxit,
1116 1779 1176 1828 de
1209 1797 1304 1845 qua
1329 1779 1454 1828 filios
1485 1781 1742 1844 generavit.
1782 1781 1972 1845 Quippe
1999 1780 2161 1845 potuit
2183 1780 2234 1827 in
2254 1780 2428 1844 juven-

284 1862 390 1909 cula
421 1862 468 1911 id
503 1872 674 1930 natura
707 1863 851 1923 senis,
887 1861 1022 1927 quod
1054 1877 1155 1908 non
1188 1861 1347 1925 potuit
1376 1861 1426 1908 in
1459 1861 1618 1909 vetula
1650 1870 1697 1908 et
1731 1860 1895 1908 sterili.
1933 1860 2081 1918 Quod
2116 1871 2164 1908 et
2190 1861 2302 1908 satis
2323 1861 2427 1926 ipsa

286 1942 430 1991 verba
452 1943 663 2008 Apostoli
682 1943 1022 1991 determinant.
1042 1944 1148 1988 Non
1174 1940 1304 1988 enim
1328 1941 1393 1988 ait
1411 1939 1988 2007 simpliciteremortuum
2011 1957 2188 2006 corpus
2206 1940 2423 2002 Abrahae,

283 2023 366 2070 sed
399 2024 556 2071 statim
587 2024 820 2089 adjunxit,
850 2043 873 2069 ι(
900 2033 947 2070 et
970 2031 1242 2070 emortuam
1268 2021 1461 2070 vulvam
1485 2023 1625 2082 Sarae,
1656 2040 1680 2067 »
1713 2031 1767 2068 ut
1780 2035 1878 2087 *per
1899 2021 2265 2086 adjunctionem
2300 2023 2428 2070 Sarae

284 2104 522 2153 Abraham
554 2105 991 2171 impossibilitatem
1025 2102 1270 2165 ostendat,
1303 2113 1350 2150 et
1386 2120 1499 2150 cum
1528 2103 1644 2150 Sara
1667 2101 1864 2164 scilicet,
1898 2119 1999 2149 non
2036 2119 2149 2149 cum
2183 2102 2292 2150 alia.
2319 2105 2426 2150 Non

282 2186 469 2250 repetiit
503 2187 772 2251 negativam
797 2185 1218 2250 conjunctionem,
1253 2183 1337 2231 sed
1369 2182 1693 2249 copulativam
1721 2183 2026 2249 interposuit.
2060 2186 2169 2231 Non
2202 2183 2428 2234 enimita

283 2266 402 2313 dixit
429 2287 439 2313 z
467 2271 571 2315 Non
598 2268 920 2316 consideravit
942 2283 1120 2332 corpus
1154 2282 1295 2313 suum
1318 2275 1622 2327 emortuum,
1650 2281 1740 2314 nec
1766 2273 2036 2313 emortuam
2059 2264 2255 2312 vulvam
2282 2266 2423 2312 Sarae.

283 2347 378 2393 Sed
403 2349 560 2412 potius
588 2350 653 2397 ita
681 2349 916 2413 adjunxit,
947 2368 970 2393 «
1005 2357 1051 2395 et
1082 2357 1353 2396 emortuam
1376 2347 1571 2395 vulvam
1595 2349 1735 2395 Sarae.
1763 2366 1784 2390 ›>
1812 2349 1880 2393 Ex
1906 2362 2006 2410 quo
2029 2345 2227 2409 intelligi
2249 2346 2424 2404 innuit,

288 2443 375 2474 nec
406 2446 800 2494 unumquemque
829 2447 915 2495 per
944 2445 994 2476 se
1021 2428 1084 2475 ad
1107 2428 1436 2493 generandum
1464 2428 1657 2494 penitus
1693 2443 1793 2474 esse
1825 2427 2143 2491 impotentem
2165 2462 2177 2484 ‚
2205 2424 2291 2472 sed
2312 2437 2428 2473 con-

280 2507 499 2569 junctum
527 2510 750 2558 invicem.
780 2509 1060 2558 Notandum
1082 2525 1200 2556 vero
1227 2508 1362 2573 quod
1395 2509 1497 2556 haec
1521 2507 1779 2573 promissio
1807 2524 1817 2552 ε
1849 2526 1872 2550 ι(
1891 2506 1967 2553 Sic
1992 2507 2082 2553 erit
2104 2521 2269 2552 semen
2292 2514 2429 2553 tuum

285 2589 403 2635 sicut
425 2590 567 2637 stellae
586 2591 692 2638 coeli
710 2601 758 2639 et
777 2592 897 2639 sicut
913 2607 1060 2639 arena
1083 2591 1247 2649 maris,
1270 2608 1293 2634 »
1321 2606 1421 2636 non
1444 2589 1687 2636 invenitur
1706 2587 1829 2634 facta
1852 2586 1995 2633 fuisse
2011 2585 2213 2633 Abrahae
2231 2585 2428 2650 quando

285 2669 327 2714 ei
350 2672 612 2732 promissus
635 2682 705 2719 est
736 2675 882 2732 Isaac,
917 2671 1001 2720 sed
1031 2681 1290 2737 postquam
1312 2671 1448 2734 juxta
1477 2678 1771 2735 praeceptum
1799 2666 1998 2713 Domini
2028 2665 2180 2713 voluit
2203 2682 2315 2713 eum
2338 2667 2427 2713 im·-

286 2749 464 2795 molare
500 2752 726 2799 Domino.
754 2753 830 2799 Sic
858 2753 988 2813 enim
1018 2752 1252 2817 scriptum
1285 2752 1407 2798 est¹:
1437 2769 1461 2795 «
1484 2753 1573 2797 Per
1598 2757 1776 2796 memet
1805 2747 1965 2812 ipsum
1984 2746 2159 2810 juravi,
2186 2745 2302 2793 dicit
2332 2749 2430 2793 Do·

290 2828 463 2887 minus,
502 2832 614 2894 quia
645 2832 795 2879 fecisti
830 2850 932 2880 rem
964 2832 1110 2895 hanc,
1151 2849 1241 2879 nec
1271 2831 1528 2897 pepercisti
1558 2829 1658 2876 filio
1695 2838 1781 2875 tuo
1808 2826 2056 2891 unigenito
2086 2836 2286 2892 propter
2321 2843 2424 2886 me;

288 2905 571 2956 benedicam
594 2910 698 2970 tibi,
722 2922 768 2958 et
793 2911 1123 2978 multiplicabo
1151 2929 1314 2960 semen
1342 2922 1480 2959 tuum
1513 2911 1635 2958 sicut
1659 2909 1816 2957 stellas
1838 2906 1945 2955 coeli
1960 2942 1974 2966 ,
2008 2917 2056 2954 et
2077 2906 2209 2954 velut
2231 2923 2427 2954 arenam

288 3002 391 3048 quae
425 2997 496 3034 est
518 2989 565 3034 in
595 2990 753 3037 littore
778 2992 936 3040 maris.
960 3011 983 3036 »
1010 2993 1197 3039 Scimus
1230 2991 1428 3057 quidem
1462 3001 1724 3055 antequam
1761 2987 1931 3037 Ismael
1952 2987 2097 3034 etiam
2122 2996 2262 3034 natus
2285 2996 2421 3046 esset,

288 3068 443 3112 Deum
484 3067 681 3116 Abrahae
733 3072 1004 3134 promisisse
1040 3073 1107 3119 sic
1144 3072 1246 3119 fore
1284 3088 1448 3119 semen
1487 3072 1589 3135 ejus
1627 3067 1980 3117 innumerabile
2021 3067 2142 3114 sicut
2180 3066 2426 3131 pulverem

285 3155 441 3205 terrae,
470 3157 515 3193 et
536 3148 625 3195 alia
647 3149 749 3195 vice
774 3160 939 3213 postea
962 3151 1083 3198 sicut
1108 3152 1265 3200 stellas
1299 3152 1422 3199 coeli.
1463 3151 1557 3199 Sed
1580 3150 1700 3198 nihil
1724 3150 1785 3197 de
1808 3163 1955 3196 arena
1977 3148 2121 3194 maris
2147 3156 2263 3194 tunc
2286 3144 2423 3193 addi—

355 3324 482 3371 Gen'es.,
499 3340 568 3371 cap.
591 3340 670 3370 xxn,
691 3341 719 3363 ν.
744 3334 792 3365 16.
