2638 3866
245 184 308 231 34
1049 185 1218 232 PETRI
1255 180 1568 232 ABAELARDI

244 281 378 342 dixit,
400 290 565 347 postea
577 283 871 346 unigenitum
886 284 1157 349 appellavit.
1176 286 1422 340 Quantum
1438 280 1738 346 plenissimus
1754 280 1830 340 sit,
1847 281 2055 325 Joannes
2072 275 2368 340 Evangelista

244 362 362 408 ait¹:
396 380 420 407 ι(
445 365 516 408 De
537 362 833 426 plenitudine
865 364 966 410 eius
998 380 1166 411 omnes
1193 361 1480 426 accepimus,
1510 379 1533 404 »
1567 363 1693 407 Deos
1720 369 1898 420 autem,
1923 358 2018 404 hoc
2048 365 2117 403 est
2145 356 2368 404 animalia

243 440 491 488 rationalia
518 440 830 502 immortalia,
858 442 1138 507 Philosophi
1167 441 1406 506 planetas,
1448 457 1529 488 seu
1560 440 1704 487 etiam
1734 438 1970 486 mundum
2003 438 2161 502 ipsum
2195 451 2368 482 vocare

243 530 619 581 consueverunt,
644 520 773 567 unde
796 531 843 568 et
870 522 1109 587 Propheta
1131 520 1283 567 solem
1308 528 1356 566 et
1379 519 1543 566 lunam
1564 529 1612 566 et
1633 528 1807 575 cetera,
1831 517 2047 564 militiam
2078 514 2184 563 coeli
2206 523 2362 573 vocat,

245 616 426 647 morem
446 600 691 662 gentilium
710 611 915 661 secutus,
936 603 1017 665 qui
1037 602 1102 649 eis
1119 611 1348 664 tanquam
1368 599 1633 646 rectoribus
1648 609 1695 646 et
1711 596 2063 664 protectoribus
2081 596 2176 643 suis
2192 595 2365 642 immo-

241 679 416 726 labant.
443 682 629 727 Horum
658 691 819 728 autem
849 685 1060 729 Deorum
1094 679 1474 740 excellentiores,
1505 680 1639 743 juxta
1670 678 1941 737 Platonem,
1973 691 2187 723 summus
2211 677 2362 733 Deus,

241 775 350 805 cum
376 759 437 806 de
459 760 699 807 creatione
727 760 939 808 hominis
963 760 1180 808 facienda
1203 758 1478 822 alloquitur,
1509 758 1645 821 quasi
1667 758 1830 805 omnia
1857 774 1962 821 quae
1985 751 2035 803 in
2058 755 2194 802 terris
2220 752 2367 801 deor-

239 855 345 885 sum
367 839 488 886 fiunt
510 856 538 885 a
559 839 883 903 superioribus
897 877 908 899 ,
936 857 1022 905 per
1051 840 1259 886 occultas
1287 837 1587 902 planetarum
1610 853 1665 885 ac
1687 837 1899 884 siderum
1921 846 2114 882 naturas
2136 833 2365 881 adminis-

238 927 437 965 trentur.
451 921 516 964 lta
531 919 659 965 enim
677 918 836 966 dicit²:
859 923 1020 966 «Dum
1038 922 1249 965 Deorum
1266 917 1492 980 quaeritur
1508 915 1684 981 opifex,
1696 916 1824 963 idem
1839 925 2068 980 paterque
2082 931 2198 977 ego:
2217 929 2364 978 opera

238 998 471 1061 siquidem
497 1014 603 1045 mea
624 998 918 1046 dissolubilia
939 1009 1125 1055 natura,
1147 1014 1226 1044 me
1248 1006 1408 1043 tamen
1431 997 1497 1044 ita
1520 996 1711 1043 volente
1734 995 2100 1054 indissolubilia,
2129 1003 2221 1040 etc.
2243 1013 2266 1037 »
2292 993 2364 1040 Ad

238 1077 332 1126 hoc
360 1088 407 1125 et
442 1079 559 1126 illud
595 1079 815 1143 pertinet,
851 1079 983 1142 quod
1023 1079 1071 1126 in
1104 1089 1275 1125 octavo
1310 1077 1366 1123 de
1400 1079 1598 1125 Ciuitate
1633 1080 1727 1124 Dei
1755 1077 1816 1124 de
1850 1076 2105 1124 Platonicis
2139 1074 2361 1124 dicitur⁸z

241 1178 261 1200 α
291 1159 538 1219 Omnium,
553 1159 791 1222 inquiunt,
819 1159 1095 1206 animalium
1118 1159 1164 1204 in
1190 1157 1366 1221 quibus
1382 1167 1452 1205 est
1474 1158 1632 1205 anima
1656 1157 1917 1218 rationalis,
1942 1155 2175 1221 tripartita
2194 1154 2366 1201 divisio

237 1247 322 1298 est,
343 1239 391 1284 in
412 1238 551 1299 deos,
581 1238 828 1301 homines,
855 1239 1114 1286 daemones.
1141 1241 1356 1286 Deorum
1379 1237 1514 1285 sedes
1537 1239 1673 1285 estin
1699 1238 1845 1298 coelo,
1871 1236 2126 1283 hominum
2147 1236 2194 1282 in
2221 1245 2360 1291 terra,

236 1316 283 1362 in
313 1333 421 1364 aere
447 1317 739 1365 daemonum.
764 1335 786 1361 »
812 1323 870 1366 Et
900 1319 1122 1366 Boethius
1146 1336 1287 1383 super
1307 1318 1634 1382 Porphyrium
1655 1337 1669 1364 .·
1700 1336 1723 1362 «
1740 1316 2160 1380 Quandocunque,
2187 1314 2360 1378 inquit,

233 1397 549 1462 supponimus
583 1401 738 1445 Deum
775 1401 997 1461 animali,
1030 1399 1296 1447 secundum
1332 1415 1435 1447 eam
1468 1399 1750 1464 opinionem
1783 1397 2012 1458 facimus,
2049 1413 2153 1461 quae
2189 1395 2364 1443 coelum

231 1477 482 1541 stellasque
511 1487 653 1542 atque
684 1478 814 1526 hunc
850 1480 1086 1527 mundum
1119 1490 1274 1527 totum
1310 1480 1574 1527 animatum
1610 1495 1712 1526 esse
1746 1477 2028 1539 confirmat,
2067 1493 2190 1541 quos
2220 1477 2364 1524 etiam

232 1555 434 1602 deorum
462 1559 657 1604 nomine
685 1559 1061 1623 appellaverunt.
1087 1580 1110 1603 »
1138 1563 1309 1607 Beatus
1328 1576 1442 1607 vero
1466 1560 1755 1623 Augustinus
1769 1557 1901 1624 quod
1925 1557 2098 1604 dicitur
2117 1556 2178 1604 de
2197 1555 2297 1603 sole
2318 1566 2365 1603 et

230 1636 397 1683 ceteris
421 1637 690 1685 coelestibus
726 1639 1068 1701 luminaribus,
1099 1656 1404 1704 nequaquam
1440 1640 1654 1688 refellere
1688 1640 1858 1701 audet,
1897 1638 1980 1686 sed
2009 1636 2101 1685 sibi
2128 1637 2364 1684 incertum

232 1731 331 1762 esse
356 1715 636 1780 profitetur,
662 1728 826 1764 utrum
847 1719 1069 1766 videlicet
1097 1719 1294 1783 quidam
1324 1729 1532 1767 rectores
1568 1720 1761 1784 spiritus
1797 1719 1888 1766 illis
1920 1719 2096 1779 insint,
2128 1734 2214 1782 per
2241 1734 2365 1782 quos

231 1795 375 1841 etiam
396 1795 710 1858 vivificentur,
733 1808 778 1844 et
797 1798 930 1860 quod
954 1798 1171 1846 mirabile
1191 1799 1321 1846 dictu
1339 1784 1545 1860 videtur,
1573 1799 1688 1846 dicit
1713 1799 1854 1845 etiam
1873 1815 1922 1844 se
1939 1797 2175 1861 ignorare,
2203 1806 2364 1844 utrum

230 1873 329 1921 haec
361 1891 553 1939 quoque
588 1877 857 1941 pertineant
884 1878 946 1925 ad
978 1879 1254 1925 societatem
1292 1895 1462 1926 eorum
1494 1895 1616 1942 quos
1646 1895 1737 1925 nos
1765 1875 2020 1925 Christiani
2059 1877 2255 1940 angelos
2291 1876 2365 1924 vel

231 1954 442 2001 coelestes
472 1956 664 2020 spiritus
695 1957 912 2004 dicimus.
949 1957 1087 2004 Unde
1116 1959 1164 2004 in
1189 1957 1496 2005 Enchiridion
1530 1959 1596 2005 ita
1623 1957 1799 2005 dicit⁴:
1835 1976 1858 2002 κ
1890 1960 2061 2003 Utrum
2094 1956 2364 2021 archangeli

231 2034 527 2098 appellentur
560 2037 755 2084 virtutes
776 2075 788 2099 ,
826 2048 872 2085 et
904 2038 1021 2102 quid
1069 2039 1192 2085 intra
1222 2040 1303 2084 se⁵
1336 2037 1514 2085 distent
1549 2037 1685 2084 sedes
1716 2037 1814 2084 sive
1849 2036 2232 2095 dominationes,
2265 2036 2365 2083 sive

230 2113 538 2179 principatus,
562 2116 659 2163 sive
676 2127 934 2182 potestates
960 2134 971 2163 ε
995 2117 1157 2165 dicant
1180 2118 1263 2182 qui
1287 2127 1504 2182 possunt,
1534 2118 1573 2164 si
1595 2127 1757 2164 tamen
1776 2125 1978 2181 possunt
2000 2115 2209 2181 probare
2231 2116 2364 2180 quod

229 2192 413 2240 dicunt.
441 2197 541 2258 Ego
570 2213 647 2243 me
673 2197 762 2244 ista
794 2198 1013 2262 ignorare
1034 2197 1285 2263 profiteor.
1312 2198 1406 2245 Sed
1431 2214 1521 2245 nec
1543 2197 1670 2244 istud
1695 2206 1878 2243 certum
1903 2195 2059 2243 habeo
2075 2233 2087 2256 ,
2118 2205 2280 2242 utrum
2302 2195 2364 2243 ad

231 2273 446 2321 eamdem
471 2277 742 2324 societatem
768 2262 1035 2342 pertineant
1065 2279 1136 2325 sol
1160 2288 1206 2325 et
1227 2279 1360 2339 luna,
1387 2287 1433 2325 et
1463 2287 1619 2325 cetera
1650 2277 1834 2339 sidera,
1870 2276 2088 2340 quamvis
2118 2275 2364 2323 nonnullis

229 2353 387 2400 lucida
415 2371 515 2402 esse
537 2372 769 2421 corpora,
790 2374 889 2405 non
914 2375 1025 2405 cum
1050 2375 1189 2405 sensu
1219 2358 1294 2405 vel
1310 2360 1322 2383 Β
1343 2358 1652 2420 intelligentia
1676 2357 1946 2404 videantur.
1974 2375 1997 2400 ›>
2023 2359 2090 2403 Ne
2114 2356 2220 2419 quis
2242 2354 2365 2403 forte

230 2433 371 2480 sacris
394 2435 608 2482 eruditus
631 2436 796 2484 litteris
819 2437 1077 2485 abhorreat
1098 2438 1332 2484 Hermetis
1362 2438 1640 2503 philosophi
1668 2436 1833 2497 verba,
1861 2435 2038 2500 quibus
2059 2435 2280 2483 videlicet
2302 2437 2365 2483 ait

230 2512 290 2560 de
308 2516 409 2561 Deo
433 2524 566 2579 patre
584 2533 594 2561 :
626 2535 646 2560 «
667 2517 762 2574 Qui
784 2518 1049 2565 secundum
1069 2517 1230 2564 fecerit
1246 2518 1529 2578 Dominum,
1549 2517 1646 2564 hoc
1671 2526 1741 2564 est
1760 2517 1976 2579 genuerit
1995 2514 2145 2562 filium
2165 2534 2178 2573 3
2201 2535 2224 2559 ιο
2251 2531 2363 2563 cum

231 2592 441 2655 profecto
464 2596 592 2642 Deus
616 2594 792 2643 filius⁴a
816 2600 919 2644 Deo
946 2607 1081 2662 patre
1109 2614 1200 2644 nec
1224 2597 1372 2644 factus
1398 2613 1488 2644 nec
1513 2607 1718 2658 creatus,
1747 2595 1832 2643 sed
1857 2605 2042 2643 tantum
2069 2596 2128 2642 sit
2150 2596 2360 2659 genitus;

233 2672 346 2718 sciat
386 2674 528 2720 etiam
576 2690 603 2721 a
651 2675 897 2724 catholicis
938 2687 985 2724 et
1021 2678 1195 2725 sanctis
1232 2677 1514 2724 docto-ribus
1556 2677 1706 2723 multa
1745 2676 1805 2722 de
1848 2675 2017 2723 eadem
2059 2675 2363 2738 generatione

233 2752 444 2799 similiter
475 2753 667 2819 abusive
700 2756 911 2820 prolata,
962 2773 1073 2804 cum
1108 2773 1464 2821 nonnunquam
1490 2759 1679 2804 Patrem
1711 2765 1955 2803 auctorem
1989 2755 2108 2815 Filii,
2141 2754 2216 2802 vel
2251 2771 2364 2803 eum

235 2847 521 2894 procreasse,
547 2833 621 2880 vel
646 2835 813 2882 Filium
833 2854 859 2883 a
883 2839 1019 2884 Patre
1039 2837 1314 2895 formatum,
1341 2837 1489 2902 ipsius
1503 2837 1653 2883 Patris
1676 2852 1777 2883 esse
1796 2835 2020 2882 effectum
2036 2835 2234 2882 abusive
2251 2850 2365 2900 pro·

234 2912 467 2958 nuntient.
496 2912 634 2960 Unde
663 2916 865 2963 Hilarius
894 2916 951 2963 de
979 2919 1239 2975 Trz'nz'tace,
1268 2916 1354 2964 lib.
1384 2919 1470 2963 111⁷
1496 2935 1505 2963 :
1539 2937 1561 2960 α
1589 2916 1867 2964 Secundum
1902 2916 2187 2981 Apostolum
2229 2916 2365 2979 quia'

237 3011 258 3032 «
282 2992 330 3038 in
353 2991 540 3038 Christo
562 2991 796 3041 inhabitat
819 2996 978 3042 omnis
1000 2992 1248 3060 plenitudo
1272 2996 1533 3044 divinitatis
1557 2996 1906 3062 corporaliter⁹‚
1927 3016 1950 3039 ι)
1977 2995 2063 3042 sed
2087 2996 2363 3058 incompre-

277 3142 402 3183 ¹Joan.‚
431 3153 501 3185 cap.
533 3153 556 3184 1,
582 3154 611 3177 v.
642 3147 691 3178 16.
707 3147 764 3169 —2
779 3146 818 3178 In
848 3146 980 3179 Timaeo.
1000 3148 1064 3170 —³
1079 3147 1150 3180 Lib.
1172 3146 1257 3187 VIII,
1331 3146 1426 3179 Amb.
1449 3147 1525 3178 Νοη
1548 3156 1707 3179 consensu
1736 3147 1800 3181 rel.
1820 3165 1858 3171 —
1875 3148 1884 3167 ⁷
1904 3145 1981 3186 Cap.
2015 3153 2069 3185 ιιι,
2091 3144 2193 3185 Ορρ..
2220 3144 2360 3181 Parisiis,

232 3205 301 3237 cap.
320 3204 388 3228 xiv.
416 3196 518 3238 Opp.,
541 3202 565 3229 t.
586 3197 659 3239 Vll,
678 3199 738 3230 cot.
759 3199 832 3231 202.
851 3215 891 3221 —-
906 3197 1003 3239 ‘Can
1028 3206 1125 3236 ινιιι,
1157 3199 1258 3240 Opp.,
1332 3201 1424 3239 1695,
1443 3200 1566 3240 in-l'ol.,
1582 3200 1643 3232 col.
1663 3202 1735 3233 809.
1755 3217 1795 3224 —
1813 3201 1825 3221 ⁸
1843 3199 1933 3238 Quia
1948 3199 2041 3231 deest
2062 3206 2115 3238 ap.
2141 3197 2309 3230 Hilarium.
2322 3214 2363 3220 —

236 3258 259 3285 t.
290 3250 348 3291 vl,
379 3252 440 3284 col.
472 3253 545 3285 218.
563 3270 600 3276 ..„
627 3253 638 3272 ⁵
651 3252 734 3292 Lege
754 3262 762 3283 ε
783 3253 874 3285 Inter
893 3262 938 3287 se.
957 3271 992 3277 —
1016 3254 1029 3274 ⁶
1043 3253 1123 3286 Male
1137 3254 1259 3294 legerat
1330 3255 1341 3273 ⁹
1354 3251 1491 3286 coloss„
1509 3262 1580 3294 cap.
1600 3263 1635 3293 ιι,
1652 3263 1682 3286 v.
1708 3254 1739 3287 9.
