2638 3866
327 195 392 240 92
1136 188 1305 236 PETRI
1340 186 1657 235 ABAELARDI

325 293 609 341 secularium
632 292 896 338 litterarum
929 287 1219 354 disciplinae3
1247 303 1336 334 nec
1366 296 1596 350 tanquam
1625 286 1865 333 temerarii
1882 285 2069 350 judices
2099 291 2322 353 arguatis,
2351 308 2462 355 cum

323 372 433 421 talia
454 371 573 419 fides
597 369 742 418 verba
757 368 1027 434 protulerit,
1066 384 1275 432 quorum
1293 365 1602 430 intelligentia
1624 365 1789 413 vestris
1818 365 2065 430 incognita
2086 368 2148 416 sit
2177 368 2459 436 disciplinis.

322 456 516 500 Certum
538 452 717 516 quippe
736 459 806 496 est
822 485 834 509 ‚
865 450 1096 513 quoniam
1118 462 1414 511 unaquaeque
1435 445 1634 494 scientia
1658 455 1802 510 atque
1824 447 2078 511 cujuslibet
2099 450 2212 498 artis
2236 459 2464 500 tractatus

320 532 539 597 propriis
565 530 713 577 utitur
747 529 922 590 verbis,
963 538 1010 577 et
1049 541 1352 591 unaquaeque
1388 524 1609 572 doctrina
1647 527 1855 592 propriis
1892 527 2220 578 locutionibus
2255 531 2457 595 gaudet,

320 622 367 658 et
398 628 521 676 saepe
553 610 768 674 ejusdem
799 611 911 657 artis
946 618 1224 655 tractatores
1258 605 1404 653 verba
1429 605 1614 653 variare
1648 606 1871 667 delectat,
1900 609 2013 674 quia
2050 625 2241 675 semper
2274 610 2323 658 in
2359 628 2462 660 om-

320 690 479 751 nibus,
512 701 629 738 teste
665 690 818 737 Tullio
836 693 863 747 ¹,
907 688 1128 736 identitas
1158 696 1312 733 mater
1346 694 1416 733 est
1446 686 1689 749 satietatis,
1716 687 1814 736 hoc
1839 698 1910 737 est
1938 688 2180 738 fastidium
2205 706 2455 754 generans,

318 781 460 835 atque
483 771 531 817 in
571 781 758 818 tantum
783 770 926 817 etiam
958 768 1155 827 variare,
1192 775 1245 813 ut
1274 782 1397 831 saepe
1427 782 1597 814 vocem
1626 768 1850 816 eamdem
1886 769 1948 817 de
1979 785 2076 818 una
2110 769 2459 834 significatione

318 852 383 898 sic
412 851 474 898 ad
498 851 640 898 aliam
663 850 971 908 transferant,
1004 856 1057 894 ut
1082 847 1121 894 si
1153 845 1284 893 vocis
1312 845 1610 895 identitatem
1645 849 1794 914 magis
1825 865 1972 914 quam
2004 867 2233 899 sensuum
2268 851 2461 900 diversi-

320 941 463 978 tatem
504 948 777 996 sequamur,
813 931 942 995 ipsos
977 927 1067 975 sibi
1102 927 1372 975 contrarios
1411 929 1726 994 reperiamus.
1773 932 1967 988 Quanto
2005 932 2156 996 magis
2179 948 2294 996 ergo
2332 931 2458 981 illius

318 1011 568 1075 singularis
592 1022 639 1059 et
671 1010 847 1058 summi
878 1009 993 1056 boni
1013 1017 1290 1056 tractatores
1316 1008 1573 1072 singularia
1596 1009 1742 1057 verba
1766 1009 1986 1075 quaedam
2007 1011 2187 1060 habere
2213 1014 2451 1078 oportuit,

315 1101 397 1139 aut
415 1091 476 1138 ad
493 1091 750 1156 quamdam
770 1090 849 1137 illa
868 1090 1154 1152 detorquere
1168 1087 1584 1152 significationem,
1606 1089 1780 1155 quibus
1795 1090 1847 1138 id
1865 1091 1997 1155 quod
2017 1092 2256 1157 singulare
2275 1101 2346 1140 est
2357 1093 2455 1140 sin·

314 1173 536 1234 gulariter
558 1172 795 1238 profertur
810 1209 822 1232 ‚
859 1187 947 1218 nec
968 1169 1175 1235 publicis
1203 1179 1250 1217 et
1273 1169 1550 1233 vulgaribus
1573 1170 1901 1220 locutionibus
1915 1173 2034 1221 illud
2056 1173 2314 1234 ineffabile,
2334 1174 2455 1223 illud

312 1251 797 1317 incomprehensibile
823 1261 1086 1298 coercetur.
1121 1253 1194 1298 De'
1209 1268 1309 1316 quo
1330 1251 1591 1315 siquidem'
1619 1252 1780 1317 aliqua
1801 1252 2113 1302 similitudine
2141 1254 2202 1303 de
2223 1257 2454 1303 creaturis

312 1331 372 1377 ad
390 1342 652 1379 creatorem
677 1331 914 1380 vocabula
930 1331 1277 1391 transferimus,
1300 1347 1406 1396 quae
1425 1331 1624 1396 quidem
1641 1332 1879 1381 vocabula
1902 1333 2125 1382 homines
2144 1335 2454 1383 instituerunt

310 1411 369 1458 ad
394 1423 633 1460 creaturas
651 1411 967 1477 designandas
990 1427 1109 1476 quas
1137 1411 1399 1475 intelligere
1426 1421 1713 1477 potuerunt,
1736 1430 1848 1462 cum
1872 1414 2094 1463 videlicet
2122 1432 2209 1481 per
2236 1416 2317 1464 illa
2339 1433 2452 1464 suos

308 1492 573 1540 intellectus
605 1493 906 1541 manifestare
945 1492 1307 1550 vellent‘SiCum
1340 1493 1506 1558 itaque
1534 1493 1686 1542 homo
1708 1511 1894 1543 .vocem
1926 1495 2177 1543 invenerit·
2200 1495 2263 1543 ad
2301 1498 2453 1545 mani-

310 1572 547 1621 festandos
576 1573 841 1621 intellectus
863 1590 1001 1635 suos,
1029 1575 1187 1620 Deum
1214 1582 1375 1621 autem
1405 1574 1603 1622 minime
1630 1574 1892 1640 intelligere
1921 1575 2154 1638 sufficiat,
2180 1585 2308 1624 recte
2331 1575 2452 1624 illud

308 1653 548 1702 ineffabile
575 1655 761 1703 bonum
791 1653 924 1702 effari
952 1654 1152 1702 nomine
1182 1670 1282 1701 non
1320 1664 1390 1701 est
1415 1670 1576 1704 ausus.
1605 1654 1745 1704 Unde
1774 1657 1823 1703 in
1848 1658 1951 1704 Deo
1981 1656 2170 1704 nullum
2202 1657 2450 1722 propriam

308 1733 631 1783 inventionem
671 1735 963 1783 vocabulum
1001 1750 1190 1783 servare
1229 1734 1437 1796 videtur,
1474 1735 1559 1784 sed
1595 1737 1760 1784 omnia
1799 1753 1903 1801 quae
1943 1736 2005 1784 de
2052 1740 2157 1784 Deo
2202 1737 2446 1799 dicuntur,

306 1815 693 1864 translationibus
719 1827 765 1865 et
798 1816 1088 1883 parabolicis
1116 1815 1446 1881 aenigmatibus
1480 1815 1701 1865 involuta
1731 1827 1861 1879 sunt,
1893 1828 1940 1865 et
1972 1835 2059 1883 per
2088 1817 2450 1866 similitudinem

306 1898 611 1962 vestigantur,
639 1909 850 1965 exparte
869 1898 1029 1963 aliqua
1045 1897 1313 1959 inductam,
1335 1907 1387 1946 ut
1405 1898 1586 1963 aliquid
1608 1897 1669 1946 de
1689 1898 1919 1947 ineffabili
1939 1900 2184 1963 majestate
2202 1898 2448 1947 credendo

304 1994 435 2026 nunc
456 1982 604 2044 magis
627 1997 776 2045 quam
804 1979 1117 2045 intelligendo
1143 1979 1467 2044 degustemus.
1497 1983 1554 2026 Et
1572 1979 1806 2044 quoniam
1835 1980 1994 2028 minus
2018 1980 2257 2045 plenarias
2281 1979 2453 2051 simili-¹

304 2059 493 2107 tudines
514 2061 782 2108 invenimus
805 2061 866 2108 ad
889 2060 1008 2108 illud
1038 2060 1171 2126 quod
1197 2059 1437 2124 singulare
1464 2069 1534 2107 est
1558 2059 1876 2120 inducendaS,
1902 2061 2061 2108 minus
2090 2059 2151 2108 de
2179 2076 2238 2108 eo
2264 2060 2446 2108 satisfa—

305 2138 457 2188 facere
487 2158 741 2207 possumus
771 2160 858 2207 per
891 2141 1244 2190 similitudines.
1274 2140 1421 2200 Quod
1452 2141 1706 2206 diligenter
1733 2141 1902 2189 beatus
1942 2141 2193 2190 attendens
2225 2142 2446 2206 Augusti-

304 2235 394 2266 nus
415 2222 464 2267 in
490 2221 613 2269 libro
639 2234 806 2270 contra
833 2223 1125 2271 Felicianum
1153 2224 1413 2283 Arianam,
1436 2222 1498 2270 de
1518 2221 1615 2270 hoc
1637 2223 1743 2288 ipso
1769 2231 2082 2288 quaerentem,
2107 2223 2173 2270 ita
2196 2222 2405 2288 scripsit³
2429 2232 2449 2268 τ’

306 2318 329 2343 α
351 2300 630 2350 Felicianus.
655 2305 823 2351 Nescio
843 2321 941 2368 quo
960 2314 1103 2369 pacto
1121 2321 1218 2351 una
1234 2302 1446 2351 creditur
1465 2319 1566 2351 esse
1583 2302 1867 2364 substantia,
1887 2321 1999 2351 cum
2019 2319 2118 2350 non
2140 2303 2326 2350 dicatur
2349 2319 2444 2350 una

301 2395 403 2427 esse
421 2399 640 2446 persona,
659 2385 819 2443 velim,
847 2402 1027 2450 quaeso,
1054 2385 1274 2450 exemplo
1295 2383 1412 2431 mihi
1432 2383 1641 2432 faciliore
1659 2384 1788 2432 dicta
1803 2384 2055 2432 dilucides.
2069 2384 2374 2447 Augustinus.
2389 2385 2441 2430 In

300 2460 444 2509 rebus
467 2464 662 2527 quidem
686 2465 1251 2531 incomprehensibilibus
1274 2465 1492 2531 exempla
1526 2482 1626 2513 non
1659 2473 1923 2530 suppetunt
1953 2464 2234 2529 disputanti.
2260 2466 2439 2511 Tamen

300 2542 348 2588 in
371 2554 607 2606 quantum
635 2545 731 2593 fieri
766 2557 941 2611 potest,
971 2548 1117 2594 etiam
1140 2546 1190 2594 in
1215 2545 1308 2593 hac
1334 2554 1469 2611 parte
1500 2562 1599 2593 non
1623 2535 1786 2592 deero.
1815 2547 1938 2592 Ecce
1957 2544 2109 2591 homo
2132 2553 2269 2609 pater
2291 2543 2440 2592 habet

299 2620 546 2671 hominem
572 2624 743 2686 filium,
771 2637 841 2674 est
864 2644 1126 2675 commune
1151 2627 1365 2690 utrisque
1390 2625 1526 2690 quod
1547 2625 1699 2673 homo
1723 2636 1816 2685 est,
1843 2625 1926 2672 uni
1949 2634 2110 2672 tamen
2127 2624 2262 2689 quod
2287 2623 2435 2684 filius,

302 2702 431 2749 alteri
452 2706 702 2769 proprium
730 2708 916 2756 videtur
939 2725 1040 2756 esse
1059 2707 1194 2773 quod
1210 2717 1347 2773 pater
1368 2718 1495 2754 est.»
1518 2710 1636 2754 Item
1650 2709 1664 2731 ¹·
1686 2724 1696 2752 :
1725 2726 1745 2752 «
1766 2705 2438 2769 Patremingenitum,⁴Filium

301 2783 511 2842 genitum
549 2784 676 2844 dico,
718 2805 776 2835 eo
809 2799 994 2836 tantum
1027 2789 1208 2837 docens
1240 2789 1508 2853 ingenitum
1547 2790 1760 2850 Patrem,
1804 2786 1939 2852 quod
1979 2803 2080 2833 non
2118 2787 2350 2852 processit
2381 2803 2438 2834 ex

301 2861 466 2923 altero,
496 2881 552 2910 eo
582 2869 790 2928 genitum
816 2869 1007 2929 Filium,
1037 2869 1172 2934 quod
1196 2870 1340 2917 etiam
1371 2868 1530 2916 existit
1552 2885 1609 2915 ex
1631 2868 1906 2933 semetipso.
1936 2870 2099 2932 Itaque
2121 2868 2159 2915 si
2184 2867 2435 2932 proprium

302 2945 426 2990 Patri
448 2948 719 3009 quaerimus,
747 2948 936 3010 sufficit,
964 2952 1075 3014 quia
1099 2950 1230 2998 solus
1252 2966 1353 2996 non
1376 2949 1521 2996 habet
1542 2958 1745 3014 patrem,
1773 2949 1812 2995 si
1831 2947 1934 2995 Filii
1957 2948 2068 2996 satis
2094 2958 2181 3009 est,
2204 2948 2318 3011 quia
2334 2962 2434 2993 non

299 3021 445 3070 habet
464 3026 665 3088 prolem.
684 3047 704 3070 »
725 3028 870 3084 Quod
888 3039 1065 3091 tamen,
1091 3040 1143 3077 ut
1161 3046 1436 3095 possumus,
1458 3029 1812 3092 aggrediamur,
1837 3029 2041 3076 maxime
2071 3038 2122 3075 ut
2142 3026 2432 3093 pseudodia—

339 3232 410 3264 *De
438 3232 587 3268 Invenr„
613 3232 669 3267 lib.
700 3235 731 3274 1,
762 3243 832 3275 cap.
857 3244 919 3269 xu.
940 3254 979 3259 —-
999 3237 1217 3272 ²Amhoesius
1249 3240 1287 3272 Si
1312 3240 1396 3280 quid
1429 3237 1482 3270 de.
1506 3255 1542 3261 -
1567 3236 1696 3279 ³0pp..
1722 3243 1743 3269 t.
1769 3236 1854 3273 vm.
1884 3238 1914 3268 in
1944 3238 2029 3277 App.
2059 3236 2110 3269 col
2158 3237 2208 3269 40.
2235 3255 2251 3261 —
2303 3234 2429 3275 ⁴1bid.,

290 3283 377 3315 ibid.
717 3307 719 3311 .

2495 1133 2582 1226 s
