2638 3866
237 290 330 337 576
1041 287 1213 334 PETRI
1248 287 1564 335 ABAELARDI

234 401 401 432 motum
425 388 458 443 ⁵,
487 389 585 447 quia
608 403 687 430 nec
710 388 839 430 etiam
867 388 1049 448 digitum
1070 404 1245 432 movere
1266 400 1458 448 poterat,
1483 389 1564 432 nisi
1586 400 1797 448 quantum
1819 390 1859 432 ei
1887 388 2136 448 inspirabat.
2171 389 2239 431 Sic
2271 405 2375 448 ergo

232 470 380 497 omnes
418 453 706 512 oppositiones
745 464 977 508 cassantur,
1013 470 1108 513 quae
1137 465 1261 497 erant
1288 470 1298 498 z
1324 454 1447 498 aliter
1467 455 1538 498 hic
1564 466 1652 506 est,
1678 454 1799 498 aliter
1821 465 1884 498 est
1905 454 2003 496 ibi-2
2027 454 2111 497 hoc
2133 465 2220 508 est,
2244 453 2376 501 hic’?

234 520 402 572 unitur,
427 519 488 560 ibi
511 534 600 561 non
622 529 686 561 est
708 519 894 573 unitum,
922 530 965 562 et
989 530 1146 563 cetera.

1024 762 1271 822 CAPUT
1317 764 1582 825 XXVIII.

1026 910 1085 946 De
1121 916 1360 947 sacramento
1394 906 1590 960 baptismi.

294 1033 475 1074 Ostenso
498 1033 717 1092 hucusque
741 1033 794 1077 de
817 1049 984 1077 summo
1007 1032 1331 1084 beneficiorum,
1361 1033 1416 1076 ad
1437 1032 1693 1076 beneficium
1716 1044 2080 1076 sacramentorum
2104 1031 2377 1077 divertamus.

236 1097 354 1139 Sicut
383 1098 499 1140 enim
534 1100 792 1142 necessarius
824 1100 905 1142 fuit
936 1100 1025 1156 ejus
1054 1098 1282 1153 adventus,
1320 1099 1378 1142 sic
1411 1115 1582 1158 quoque
1611 1099 1847 1141 necessaria
1881 1109 1976 1158 post
2008 1114 2134 1141 suum
2159 1099 2384 1141 transitum

237 1173 500 1206 sacramenta
522 1163 706 1222 reliquit.
728 1166 921 1208 Decebat
938 1165 1069 1219 enim,
1089 1180 1248 1207 novum
1270 1180 1418 1224 regem
1438 1179 1550 1207 nova
1567 1165 1664 1221 jura
1680 1163 1760 1206 sibi
1781 1164 2038 1223 relinquere,
2056 1164 2164 1206 sicut
2185 1174 2228 1207 et
2244 1164 2384 1207 adhuc

238 1226 328 1269 fieri
351 1229 474 1284 solet,
497 1245 595 1271 cum
616 1245 738 1290 reges
754 1229 1082 1273 substituuntur.
1104 1231 1272 1274 Horum
1292 1240 1658 1273 sacramentorum
1683 1227 1764 1272 alia
1780 1242 1878 1273 sunt
1899 1229 2148 1290 spiritualia,
2172 1219 2254 1272 alfa
2275 1245 2381 1272 non.

240 1292 480 1351 Spiritualia
511 1305 609 1336 sunt
634 1295 707 1337 illa
738 1301 899 1353 majora
913 1330 924 1351 ,
953 1313 1048 1356 quae
1079 1297 1238 1340 scilicet
1270 1295 1325 1339 ad
1348 1295 1528 1338 salutem
1549 1295 1691 1339 valent
1717 1310 1727 1338 z
1753 1311 1936 1355 quorum
1967 1306 2111 1338 tamen
2132 1311 2268 1338 unum
2299 1306 2382 1349 est,

240 1358 358 1415 quod
380 1374 470 1401 non
493 1359 549 1402 ad
565 1360 747 1404 salutem
769 1373 945 1422 spectat,
970 1362 1047 1405 sed
1064 1378 1231 1422 magnae
1255 1362 1318 1404 rei
1339 1372 1652 1404 sacramentum
1666 1371 1743 1416 est,
1763 1361 1921 1405 scilicet
1936 1361 2198 1421 conjugium.
2221 1361 2386 1403 Ducere

240 1424 453 1476 siquidem
479 1442 662 1469 uxorem
691 1443 779 1470 non
810 1439 873 1470 est
904 1428 1079 1485 alicujus
1110 1428 1254 1471 meriti
1282 1427 1338 1470 ad
1361 1427 1565 1480 salutem,
1597 1426 1675 1470 sed
1705 1438 1880 1487 propter
1906 1426 2295 1470 inconvenientiam
2331 1426 2387 1469 ad

241 1489 421 1532 salutem
454 1502 518 1534 est
556 1507 819 1536 concessum.
857 1494 931 1536 Est
967 1505 1110 1537 autem
1142 1503 1458 1537 sacramentum
1485 1493 1708 1536 invisibilis
1737 1493 1882 1553 gratiae
1914 1492 2089 1535 visibilis
2117 1491 2300 1551 species,
2320 1491 2387 1534 vel

243 1570 370 1597 sacrae
392 1557 455 1599 rei
479 1558 647 1617 signum
661 1592 671 1612 ,
696 1559 743 1602 id
765 1570 849 1614 est,
876 1560 1053 1617 alicujus
1075 1559 1242 1602 secreti.
1268 1559 1462 1601 Primum
1494 1559 1654 1601 horum
1676 1569 1739 1602 est
1759 1559 2023 1619 baptismus,
2055 1558 2130 1617 qui
2159 1557 2385 1601 circumci-

244 1620 371 1662 sionis
403 1622 571 1665 obtinet
597 1624 757 1667 locum.
785 1626 844 1666 Ut
867 1627 983 1668 enim
1015 1626 1075 1668 ait
1103 1625 1253 1668 beatus
1282 1625 1513 1684 Gregorius
1538 1640 1549 1668 z
1575 1625 1661 1668 hoc
1699 1624 1801 1667 facit
1825 1625 1951 1667 nobis
1980 1623 2245 1683 baptismus,
2272 1621 2389 1682 quod

246 1684 349 1727 olim
371 1687 457 1741 his,
491 1689 564 1746 qui
593 1689 647 1731 de
670 1706 826 1749 genere
851 1692 1038 1734 Abrahae
1067 1701 1204 1740 erant,
1230 1691 1493 1734 circumcisio
1508 1723 1520 1746 ,
1547 1691 1638 1733 aliis
1667 1689 1870 1733 sacrificia
1895 1689 1963 1733 vel
1985 1705 2063 1749 pro
2081 1687 2267 1748 parvulis
2286 1686 2391 1730 fides

244 1763 486 1808 parentum.
514 1755 671 1797 Dicunt
698 1766 843 1798 tamen
866 1756 1058 1815 quidam,
1084 1756 1203 1815 quod
1230 1756 1275 1798 in
1297 1757 1382 1798 hoc
1406 1756 1634 1811 differunt,
1670 1755 1789 1814 quod
1820 1755 1960 1798 aditus
1988 1754 2083 1797 coeli
2110 1753 2243 1796 modo
2274 1763 2392 1812 patet

245 1816 492 1874 baptizatis,
527 1831 629 1862 tunc
651 1836 753 1863 vero
776 1837 884 1866 non.
917 1822 1003 1865 Sed
1025 1837 1104 1864 nos
1128 1821 1331 1875 dicimus,
1363 1822 1482 1880 quod
1511 1822 1595 1865 hoc
1624 1837 1714 1864 non
1740 1821 1841 1864 facit
1867 1821 2127 1880 baptismus,
2156 1819 2232 1862 sed
2253 1819 2391 1878 passio

245 1881 472 1939 adjuncta3
508 1901 602 1943 quae
624 1886 658 1928 si
681 1887 992 1930 circumcisioni
1021 1886 1169 1929 addita
1192 1898 1324 1940 esset,
1357 1897 1401 1929 et
1422 1886 1604 1940 faceret,
1637 1887 1746 1929 sicut
1768 1886 1822 1929 de
1845 1886 2014 1929 duobus
2037 1885 2222 1927 nummis
2244 1883 2392 1926 videre

248 1963 487 2005 possumus.
521 1952 630 1994 Cum
657 1953 773 1995 enim
801 1954 898 2013 plus
922 1953 1178 2012 accipiamus
1198 1968 1278 2012 pro
1301 1951 1470 1994 duobus
1493 1968 1622 2011 quam
1647 1969 1727 2012 pro
1749 1968 1838 1994 uno
1852 1984 1863 2005 ,
1886 1967 1976 1994 non
1997 1962 2144 1993 tamen
2165 1949 2261 2009 plus
2280 1948 2394 1991 valet

248 2029 356 2056 unus
378 2031 508 2073 quam
537 2017 658 2060 alter.
689 2018 775 2061 Sed
799 2018 913 2062 dicet
942 2018 1092 2077 aliquis
1118 2033 1128 2060 ε
1156 2019 1243 2060 Cur
1265 2018 1323 2060 ita
1352 2028 1517 2060 mutata
1539 2029 1601 2061 est
1628 2016 1917 2060 circumcisio?
1945 2017 2126 2076 Propter
2154 2015 2257 2058 novi
2283 2014 2394 2074 regis

248 2094 405 2122 novam
439 2080 579 2141 legem
608 2084 939 2138 instituendam,
976 2094 1152 2143 propter
1179 2083 1421 2126 inimicitias
1446 2084 1559 2126 inter
1591 2083 1766 2126 Judaeos
1794 2093 1839 2125 et
1870 2081 2060 2125 Gentiles
2085 2078 2390 2130 dissolvendas,

248 2155 421 2204 propter
443 2148 686 2206 superbiam
704 2149 952 2193 Judaeorum
974 2149 1308 2192 retundendam.
1330 2150 1440 2191 Cum
1463 2149 1578 2191 enim
1596 2159 1774 2209 propter
1793 2148 1947 2208 legalia
1968 2145 2126 2189 Judaeis
2140 2144 2330 2189 Gentiles
2353 2154 2395 2188 et

248 2224 271 2250 e
287 2225 495 2254 converso
517 2214 857 2269 inimicarentur,
877 2231 1099 2280 nunquam
1115 2215 1306 2258 Gentiles
1320 2214 1393 2257 illa
1409 2215 1664 2274 reciperent.
1690 2216 1801 2258 Item
1821 2215 1856 2256 si
1871 2213 2126 2272 reciperent,
2142 2210 2281 2254 Judaei
2294 2209 2396 2253 inde

249 2277 517 2333 superbirent
539 2290 581 2322 et
604 2282 722 2338 quasi
744 2281 848 2324 inde
871 2297 915 2324 se
934 2283 1161 2338 jactarent,
1187 2281 1261 2339 qui
1284 2280 1476 2324 dicerent
1503 2296 1512 2324 ε
1537 2281 1686 2324 Velitis
1706 2279 1865 2332 nolitis,
1885 2278 1942 2322 ad
1962 2289 2109 2321 nostra
2131 2286 2395 2320 sacramenta

250 2341 420 2384 venistis
436 2343 587 2387 modo.
605 2345 796 2405 Ideoque
814 2347 1072 2390 conveniens
1086 2346 1180 2400 fuit,
1204 2342 1277 2388 illa
1301 2346 1497 2389 evacuari
1510 2357 1553 2390 et
1575 2346 1673 2400 alia,
1693 2362 1788 2405 quae
1804 2346 1950 2403 utique
1970 2344 2111 2386 forent
2132 2341 2394 2394 communia,

252 2408 467 2451 constitui.
501 2410 683 2470 Propter
703 2412 788 2454 hoc
808 2429 979 2472 quoque
1001 2413 1240 2472 baptismus
1260 2412 1358 2455 loco
1382 2412 1715 2455 circumcisionis
1735 2411 1879 2465 subiit,
1905 2410 2004 2469 quia
2026 2408 2288 2451 circumcisio
2309 2407 2395 2449 im—

251 2471 488 2527 perfectum
511 2487 603 2518 erat
625 2489 956 2533 sacramentum,
974 2489 1124 2537 utpote
1145 2477 1244 2520 solis
1264 2478 1446 2520 attinens
1467 2478 1674 2520 maribus.
1701 2477 1940 2536 Baptismus
1959 2491 2064 2518 vero
2080 2473 2318 2533 perfectum
2334 2482 2398 2514 est

254 2551 583 2591 sacramentum,
602 2543 702 2601 quia
720 2544 888 2603 utrique
911 2544 1030 2586 sexui
1052 2543 1419 2586 accommodatur.
1437 2543 1554 2586 Solet
1576 2543 1724 2602 quaeri,
1748 2558 1824 2584 cur
1845 2541 1980 2601 magis
2001 2540 2047 2581 in
2071 2554 2179 2596 aqua
2202 2552 2330 2596 quam
2352 2537 2397 2580 in

253 2601 336 2645 alio
364 2603 530 2663 liquore
560 2607 796 2667 baptismus
820 2609 1085 2652 conficiatur.
1119 2609 1190 2652 Ad
1220 2609 1339 2667 quod
1361 2608 1536 2668 quidem
1566 2609 1689 2668 plura
1719 2606 1971 2667 responderi
2000 2615 2179 2665 possunt
2204 2619 2213 2646 :
2238 2603 2394 2662 primo,

253 2669 352 2725 quia
386 2683 564 2731 propter
601 2674 803 2718 decorem
838 2675 1092 2718 sacramenti
1126 2675 1211 2717 hoc
1235 2674 1393 2717 factum
1428 2685 1506 2718 est.
1547 2674 1699 2717 Nullus
1734 2674 1851 2716 enim
1882 2672 2023 2730 liquor
2053 2669 2164 2712 adeo
2196 2667 2310 2710 valet
2343 2666 2399 2710 ad

255 2734 518 2780 abluendum
540 2750 588 2780 ut
610 2755 721 2798 aqua
735 2774 745 2794 ,
771 2752 815 2783 et
834 2742 935 2784 ideo
960 2741 1216 2784 conveniens
1239 2751 1331 2782 erat
1355 2751 1399 2783 et
1423 2740 1630 2784 decorum
1652 2750 1716 2793 ut,
1743 2739 1851 2782 sicut
1875 2737 2039 2780 ablutio
2069 2735 2223 2778 animae
2247 2732 2400 2776 melior

255 2810 316 2840 est
347 2802 546 2846 omnibus
575 2805 690 2860 aliis,
717 2807 776 2849 sic
806 2823 884 2866 per
909 2809 999 2864 ejus
1026 2806 1203 2865 liquoris
1233 2806 1500 2849 ablutionem
1529 2804 1852 2865 significaretur,
1887 2802 2006 2862 quod
2028 2801 2164 2860 magis
2196 2799 2309 2842 valet
2344 2797 2399 2840 ad

256 2863 534 2912 abluendum.
548 2871 657 2913 Item
678 2883 857 2932 propter
879 2874 1088 2929 majorem
1111 2872 1360 2915 facultatem
1379 2872 1647 2925 habendam,
1673 2882 1720 2913 ut
1743 2885 1891 2913 omnes
1911 2879 2000 2911 tam
2021 2880 2245 2927 pauperes,
2271 2878 2401 2924 quam

258 2927 406 2972 divites
434 2933 517 2975 hoc
543 2947 714 2994 possent
742 2938 920 2992 habere,
967 2954 1047 2981 nec
1075 2949 1251 2997 propter
1281 2937 1472 2996 inopiam
1506 2946 1821 2986 excusarentur.
1853 2935 1896 2976 Si
1934 2933 2050 2976 enim
2091 2931 2213 2974 fieret
2239 2930 2284 2971 in
2317 2927 2400 2970 alio

259 2991 437 3050 liquore,
462 3014 551 3041 non
574 3011 663 3043 tam
694 3002 817 3045 facile
840 3003 1019 3061 quilibet
1041 3014 1185 3062 posset
1213 3003 1390 3046 habere.
1422 3004 1474 3045 In
1495 3004 1580 3045 hoc
1602 3011 1887 3054 sacramentO,
1914 3000 2020 3042 sicut
2041 3009 2084 3041 et
2104 2998 2149 3039 in
2173 2995 2287 3047 aliis,
2313 2991 2400 3065 duo

259 3069 379 3112 sunt,
411 3061 550 3119 ipsum
585 3067 743 3109 scilicet
765 3079 1079 3110 sacramentum
1100 3079 1142 3110 et
1163 3068 1293 3126 ipsius
1319 3084 1403 3111 reS.
1433 3069 1757 3114 Sacramentum
1786 3077 1850 3109 est
1870 3066 1960 3125 ipsa
1984 3063 2170 3107 exterior
2199 3058 2359 3129 ablutio
2386 3072 2396 3098 ι

261 3136 327 3164 res
341 3124 466 3180 hujus
488 3133 741 3173 sacramenti
763 3133 940 3174 interior
962 3144 1025 3175 est
1041 3133 1220 3175 ablutio.
1245 3134 1341 3176 Hoc
1364 3145 1692 3188 sacramentum,
1718 3133 1825 3175 sicut
1847 3142 1889 3174 et
1912 3137 2223 3173 sacramentum
2241 3122 2398 3173 altaris,

262 3186 331 3229 alii
348 3188 405 3231 ad
426 3192 573 3247 vitam,
599 3195 669 3237 alii
693 3196 749 3238 ad
770 3207 955 3240 mortem
978 3198 1207 3256 accipiunt.
1234 3199 1319 3252 Qui
1341 3200 1456 3241 enim
1477 3214 1576 3241 vere
1602 3197 1826 3249 accedunt,
1853 3206 1895 3238 et
1912 3209 2005 3237 rem
2027 3203 2069 3236 et
2088 3197 2402 3234 sacramentum

306 3375 312 3393 ¹
330 3372 384 3406 Sic
399 3372 602 3410 Rheinwald.
618 3377 667 3410 An
683 3386 750 3411 non
765 3382 898 3412 motam
918 3379 1086 3413 habebat?
1099 3399 1137 3405 -
1153 3382 1163 3400 ²
1177 3380 1366 3416 Rheinwald
1381 3383 1501 3414 omittit
1517 3381 1582 3414 hic.
