2638 3866
209 248 304 295 378
1016 246 1189 295 PETm
1223 246 1565 318 ABAELARDr

209 348 358 396 edidit
377 365 434 395 ex
457 366 506 396 se
531 349 665 412 quasi
690 347 892 396 alterum
920 364 988 396 se.
1013 367 1035 393 »
1059 347 1191 395 Idem
1213 347 1262 395 in
1285 348 1457 396 eodem
1497 367 1507 394 :
1539 365 1564 393 «
1581 347 1759 397 Habuit
1782 349 1944 414 itaque
1977 357 2087 396 ante
2110 350 2348 398 mundum

207 439 374 476 creatae
408 429 588 475 sobolis
621 428 963 493 principatum,
1006 438 1058 475 ut
1092 438 1228 493 pater
1261 445 1425 476 rerum
1460 429 1649 476 futurus
1683 439 1792 476 ante
1827 446 1928 477 esse
1962 428 2182 478 debuerit
2215 441 2350 496 pater

207 510 450 574 proprius,
478 509 574 556 hoc
599 519 670 556 est
692 510 878 575 proprii
900 510 973 556 sui
997 509 1147 556 faetus.
1172 528 1195 551 >2
1224 509 1353 567 Quid
1376 510 1536 574 itaque
1562 510 1738 557 mirum
1762 528 1873 558 cum
1898 512 1948 557 in
1972 510 2129 558 verbis
2155 528 2350 575 quoque

209 589 641 654 ecclesiasticorum
678 606 734 637 ac
772 600 1050 638 sanctorum
1091 589 1350 637 doctorum
1388 588 1624 637 nonnulla
1666 598 1766 638 tam
1802 590 2000 638 abusive
2046 590 2352 656 proferantur

207 668 269 715 ad
297 671 655 732 generationem
677 670 821 718 Verbi
858 670 1314 730 demonstrandam,
1342 679 1396 717 ut
1418 673 1548 718 Deus
1581 674 1715 718 Pater
1750 681 1919 719 auctor
1943 688 2043 718 esse
2072 671 2171 718 Filii
2201 673 2273 719 sui
2304 682 2351 718 et

207 765 318 796 eum
354 767 649 815 procreasse,
676 753 751 800 vel
782 752 926 799 Filius
958 751 1020 799 ab
1053 767 1111 799 eo
1137 761 1341 808 creatus,
1368 750 1443 798 vel
1470 751 1571 815 ejus
1585 768 1693 798 esse
1722 751 1907 799 dicatur
1935 751 2148 812 effectus,
2182 768 2350 799 secun-

207 829 325 876 dum
350 830 400 877 id
423 830 603 878 scilicet
626 831 761 896 quod
795 831 856 879 ab
889 848 947 879 eo
980 842 1050 879 est
1080 832 1264 894 genitus
1298 832 1459 897 potius
1493 848 1637 895 quam
1664 841 1848 879 creatus
1870 831 1947 879 vel
1981 832 2155 892 factus,
2193 842 2240 878 et
2272 832 2350 879 ille

206 919 393 957 tantum
427 912 614 974 genitor
646 913 805 976 potius
837 929 984 977 quam
1008 922 1196 959 creator
1230 913 1303 959 vel
1327 922 1520 973 auctor;
1550 912 1684 977 quid,
1712 913 1935 977 inquam,
1970 912 2145 960 mirum
2167 913 2206 958 si
2231 929 2352 977 prae-

208 993 364 1041 dictus
400 993 721 1060 philosophus
761 999 960 1043 Hermes
996 995 1218 1042 videlicet
1252 995 1395 1043 nullis
1441 996 1767 1043 ecclesiasticis
1804 995 2017 1043 imbutus
2053 995 2314 1060 disciplinis
2335 1035 2347 1057 ‚

208 1073 526 1122 abusitionem
548 1074 810 1122 verborum
843 1093 942 1122 non
967 1076 1159 1134 caverit,
1193 1075 1402 1123 dicendo
1427 1076 1605 1123 scilicet
1626 1076 1790 1124 fecisse
1819 1093 1908 1142 pro
1933 1076 2182 1140 genuisse?
2207 1076 2352 1133 Quod

208 1155 351 1201 etiam
375 1172 487 1201 eum
509 1155 775 1203 secundum
800 1158 828 1204 a
854 1160 990 1203 Patre
1017 1155 1185 1202 Filium
1210 1156 1401 1216 dixerit,
1431 1173 1458 1203 a
1481 1156 1640 1204 verbis
1659 1173 1854 1221 quoque
1874 1150 2151 1204 sanctorum
2172 1155 2353 1203 alienus

208 1251 308 1281 non
333 1236 502 1282 extitit.
530 1235 669 1283 Unde
690 1246 736 1283 et
758 1236 965 1284 Hilarius
990 1236 1048 1283 cle
1080 1238 1315 1283 Trinitate
1339 1238 1387 1283 in
1411 1240 1495 1283 ΧΠ
1530 1256 1540 1284 :
1574 1258 1596 1281 α
1613 1238 1756 1285 Filius
1780 1254 1836 1285 ex
1863 1247 1908 1285 te
1933 1240 2036 1285 Deo
2061 1240 2200 1284 Patre
2227 1239 2354 1284 Deus

209 1332 365 1375 verus,
393 1326 439 1362 et
468 1332 495 1362 a
519 1325 564 1362 te
589 1317 775 1380 genitus
798 1328 909 1382 post
932 1328 979 1364 te
1004 1318 1068 1364 ita
1100 1316 1402 1364 confitendus
1425 1327 1476 1364 ut
1507 1328 1686 1379 tecum,
1720 1318 1803 1382 qui
1825 1328 2010 1365 aeternae
2041 1318 2236 1381 originis
2260 1334 2354 1364 suae

212 1406 379 1442 auctor
394 1405 598 1443 aeternus
615 1413 683 1443 es.
702 1398 820 1446 Nam
855 1397 974 1444 dum
999 1414 1057 1444 ex
1084 1407 1129 1444 te
1160 1407 1246 1459 est,
1280 1397 1522 1444 secundus
1552 1415 1579 1445 a
1599 1407 1645 1445 te
1665 1407 1752 1459 est,
1781 1398 2023 1446 secundus
2046 1398 2265 1461 inquam,
2298 1415 2353 1444 ex

210 1475 358 1523 modo
386 1475 704 1538 subsistendi,
734 1494 835 1523 non
870 1494 924 1524 ex
950 1477 1220 1525 differentia
1251 1478 1509 1542 dignitatis.
1541 1479 1628 1525 Hic
1659 1479 1838 1543 quippe
1868 1495 1897 1526 a
1923 1481 2027 1526 Deo
2058 1481 2195 1524 Patre
2220 1479 2356 1542 quasi

209 1557 365 1621 primo
379 1557 489 1603 loco
501 1556 730 1615 subsistit,
752 1574 863 1605 cum
887 1558 1090 1622 Spiritus
1115 1565 1345 1623 tanquam
1373 1560 1513 1606 tertio
1538 1559 1647 1606 loco
1671 1557 1732 1605 ab
1756 1559 1971 1623 utrisque
1994 1559 2070 1604 sit.
2097 1578 2118 1601 n
2146 1557 2286 1604 Unde
2309 1568 2356 1604 et

211 1640 396 1684 Patrem
420 1638 742 1702 Hieronymus
766 1639 1080 1704 principalem
1116 1640 1345 1705 Spiritum
1369 1640 1431 1688 ad
1455 1640 1627 1687 Filium
1651 1640 1872 1687 nominat
1893 1655 2039 1705 opere
2071 1638 2154 1686 illo
2179 1655 2266 1686 suo
2300 1638 2358 1686 de

218 1717 383 1764 Tribus
407 1718 652 1765 virtutibus
675 1719 740 1765 ita
762 1719 990 1783 loquens¹
1010 1738 1018 1765 :
1051 1739 1068 1765 α
1089 1721 1239 1768 David
1261 1721 1305 1767 in
1335 1722 1520 1785 psalmo
1545 1731 1638 1768 tres
1659 1721 1861 1786 Spiritus
1884 1720 2109 1786 postulat,
2136 1720 2323 1767 dicens²
2342 1738 2351 1764 :

217 1817 236 1842 a
258 1798 436 1863 Spiritu
472 1798 726 1863 principali
761 1799 995 1847 confirma
1029 1817 1122 1846 me.
1162 1801 1391 1865 Spiritum
1419 1811 1604 1848 rectum
1637 1802 1815 1847 innova
1851 1801 1898 1846 in
1936 1799 2193 1847 visceribus
2217 1799 2352 1846 meis.

216 1898 236 1922 «
264 1879 494 1943 Spiritum
518 1889 738 1927 sanctum
763 1890 901 1927 tuum
924 1897 986 1928 ne
1009 1881 1195 1928 auferas
1216 1898 1244 1929 a
1267 1899 1361 1944 me,
1384 1901 1407 1926 »
1435 1882 1532 1939 Qui
1565 1892 1674 1929 suut
1711 1881 1787 1928 isti
1826 1890 1924 1927 tres
1953 1880 2188 1946 Spiritus?
2224 1880 2354 1925 Prin·
2410 1930 2417 1936 ,

212 1959 375 2025 cipalis
404 1960 634 2024 Spiritus,
667 1963 803 2007 Pater
829 1971 925 2023 est3
959 1971 1117 2009 rectus
1143 1962 1371 2027 Spiritus,
1402 1962 1616 2010 Christus
1636 1972 1733 2020 est;
1769 1961 1971 2027 Spiritus
2001 1970 2223 2019 sanctUS,
2257 1960 2359 2025 Spi-

212 2039 327 2086 ritus
348 2049 538 2086 sanctus
555 2050 676 2087 est.»
698 2043 987 2105 Augustinus
1009 2044 1194 2088 Veteris
1214 2053 1259 2088 et
1277 2043 1532 2108 novaelegis
1551 2059 1658 2108 cap.
1672 2044 1833 2089 Lvui³:
1856 2062 1877 2086 (ι
1893 2042 2121 2107 Spiritum
2140 2049 2359 2087 sanctum

211 2121 294 2183 qui
330 2120 495 2166 tertius
525 2120 583 2166 sit
606 2136 634 2167 a
658 2123 812 2179 Patre,
853 2122 1091 2169 secundus
1118 2132 1278 2169 autem
1302 2139 1328 2169 a
1351 2123 1540 2170 Christo
1561 2122 1828 2171 secundum
1853 2122 2041 2169 numeri
2069 2121 2306 2168 ordinem.
2331 2141 2354 2164 »

280 2200 570 2247 Revolvatur
591 2210 638 2247 et
659 2200 738 2248 ille
768 2202 1004 2249 maximus
1026 2202 1437 2267 Philosophorum
1463 2203 1596 2251 Plato
1626 2204 1823 2268 ejusque
1844 2218 2088 2268 sequaces,
2114 2201 2199 2265 qui
2229 2201 2360 2249 testi-

161 2278 164 2281 *
214 2281 381 2327 monio
422 2290 699 2328 sanctorum
735 2285 948 2343 Patrum,
988 2301 1084 2349 prae
1121 2285 1288 2331 ceteris
1323 2285 1571 2348 gentilium
1609 2284 1910 2350 philosophis
1948 2283 2057 2330 fidei
2095 2282 2361 2330 christianae

215 2360 534 2422 attendenteS,
572 2363 719 2408 totius
751 2364 989 2411 Trinitatis
1020 2381 1258 2412 summam
1286 2375 1396 2430 post
1430 2366 1692 2431 prophetas
1725 2375 1944 2431 patenter
1978 2364 2250 2424 ediderunt,
2280 2361 2362 2409 ubi

215 2441 434 2488 videlicet
454 2443 682 2503 Mentem,
709 2460 855 2507 quam
880 2448 1035 2508 Noym
1058 2455 1252 2505 vocant,
1280 2462 1338 2491 ex
1360 2448 1464 2491 Deo
1488 2455 1650 2492 natam
1671 2456 1814 2509 atque
1839 2446 1929 2510 ipsi
1951 2453 2236 2491 coaeternam
2261 2459 2360 2489 esse

216 2520 489 2585 perhibent,
518 2521 568 2568 id
595 2532 665 2569 est
687 2523 859 2570 Filium
882 2541 1028 2588 quem
1051 2525 1344 2589 Sapientiam
1376 2526 1463 2571 Dei
1487 2525 1691 2571 dicimus
1715 2542 1772 2572 ex
1795 2528 1897 2571 Deo
1920 2527 2056 2571 Patre
2079 2521 2361 2569 aeternaliter

217 2602 456 2664 genitum;
484 2602 565 2666 qui
590 2619 679 2650 nec
697 2604 898 2668 Spiritus
922 2605 1071 2652 sancti
1095 2621 1352 2669 personam
1373 2606 1723 2671 praetermisisse
1746 2604 1987 2663 videntur,
2014 2620 2124 2650 cum
2149 2603 2361 2649 animam

219 2681 389 2728 mundi
412 2699 513 2730 esse
537 2684 793 2732 astruerint
819 2685 1004 2732 tertiam
1028 2701 1054 2732 a
1078 2687 1182 2732 Deo
1206 2694 1252 2732 et
1276 2688 1379 2750 Noy
1402 2700 1679 2751 personam.
1707 2688 1773 2732 Ac
1798 2685 2009 2750 primum
2032 2700 2089 2731 ea
2111 2682 2362 2746 diligenter

221 2762 581 2810 consideremus
606 2780 710 2828 quae
733 2781 761 2812 a
783 2765 983 2814 Platone
1013 2765 1073 2813 de
1095 2765 1188 2812 hac
1218 2766 1378 2813 anima
1408 2766 1535 2813 dicta
1559 2775 1688 2825 sunt,
1716 2782 1742 2813 a
1766 2783 1864 2830 quo
1891 2765 2035 2812 ceteri
2057 2762 2359 2829 philosophi,

221 2841 328 2903 qui'⁶
350 2842 410 2889 de
434 2844 593 2891 anima
619 2845 722 2910 ipsa
750 2845 990 2907 dixerunt,
1022 2845 1246 2894 habuisse
1277 2846 1559 2894 creduntur.
1593 2849 1728 2893 Hanc
1760 2847 1925 2911 itaque
1956 2843 2124 2892 mundi
2146 2842 2365 2890 videlicet

221 2920 429 2968 animam
463 2925 599 2986 quasi
635 2926 825 2973 tertiam
848 2943 876 2974 a
906 2930 1010 2974 Deo
1045 2937 1091 2974 et
1116 2930 1221 2991 Noy
1253 2943 1512 2992 personam
1546 2926 1860 2990 distinguens,
1888 2925 2138 2991 prolixiori
2169 2940 2224 2971 ac
2256 2921 2362 2969 dili-

221 3000 422 3061 gentiori
447 3002 768 3068 descriptione
790 3023 1104 3071 prosequens,
1135 3024 1241 3055 eam
1267 3017 1366 3055 tam
1396 3009 1446 3054 in
1474 3024 1523 3055 se
1546 3008 1649 3073 ipsa
1669 3023 1816 3070 quam
1847 3008 1896 3054 in
1926 3005 2104 3053 effectis
2128 3005 2223 3052 suis
2246 3003 2364 3048 inte-

221 3081 421 3141 gerrima
473 3082 800 3146 designatione
837 3086 1065 3135 declarat.
1119 3091 1259 3136 Juxta
1293 3088 1428 3152 quod
1465 3097 1510 3135 et
1547 3105 1637 3135 nos
1674 3088 1905 3152 Spiritum
1955 3095 2176 3134 sanctum
2214 3081 2363 3129 modo

265 3269 271 3306 t
297 3286 385 3320 luter
409 3296 509 3330 opera
532 3287 567 3321 S.
589 3287 775 3330 Hieronymi
801 3291 926 3323 nullum
949 3296 1039 3325 extat
1062 3301 1147 3333 opus
1169 3294 1210 3327 de
1235 3295 1339 3328 tribus
1364 3295 1549 3328 virtutibus.
1573 3310 1612 3318 -
1633 3293 1644 3312 ²
1659 3292 1789 3327 Psalm.
1809 3300 1840 3334 ι,
1859 3301 1888 3325 v.
1907 3292 1956 3325 14.
1978 3308 2016 3315 -
2033 3292 2044 3311 ³
2063 3291 2185 3330 Quaest.
2204 3298 2364 3323 Lxxxvm.

222 3341 322 3383 opp„
346 3346 370 3375 t.
389 3341 445 3383 111,
469 3342 531 3376 col.
550 3344 602 3377 80.
617 3361 657 3368 —
673 3344 683 3364 ⁴
701 3343 823 3378 Forsan
839 3346 1012 3385 legendum
1031 3346 1125 3385 Quae.
1658 3362 1660 3364 >
