2638 3866
1162 167 1474 216 DIALOGUS.
2300 171 2396 219 697

252 268 479 315 intumuit
509 276 556 314 et
587 267 770 331 majora
795 283 940 332 quam
966 268 1114 332 possit
1144 285 1335 335 sperare
1367 270 1652 336 praesumsit,
1682 280 1733 318 ut
1756 269 1992 330 videlicet,
2018 272 2129 336 quia
2153 289 2202 318 se
2227 274 2393 319 ceteris

251 346 497 413 praelatum
522 347 677 406 novit,
704 363 753 394 se
779 345 878 394 fleri
903 347 1134 412 aequalem
1162 353 1264 397 Deo
1286 351 1530 398 aestimarit
1552 360 1598 398 et
1624 360 1674 397 ut
1703 352 1803 416 ipse
1830 350 2064 410 videlicet,
2099 352 2219 399 sicut
2245 355 2388 413 Deus,

250 444 451 492 regnum
478 427 733 475 obtineret.

318 511 504 557 PmLos.
535 508 655 556 lllud
682 524 878 573 quoque
899 507 1101 556 obsecro
1124 509 1341 572 definias,
1373 522 1532 559 utrum
1556 511 1651 559 hoc
1674 511 1884 559 hominis
1907 529 2149 559 summum
2176 513 2357 561 bonum
2375 553 2387 573 ‚

249 588 380 637 illam
409 588 520 637 dico
543 588 765 637 videlicet
792 604 1031 636 summam
1062 590 1150 636 Dei
1175 590 1482 640 dilectionem
1513 608 1659 657 quam
1689 608 1746 640 ex
1773 592 1954 640 visione
1987 593 2073 639 Dei
2105 592 2255 642 homo
2285 611 2391 660 per-

248 669 382 735 cipit,
419 669 642 717 accidens
673 667 883 716 hominis
901 668 1105 717 dicenda
1128 670 1202 730 sit,
1232 681 1279 719 et
1301 672 1474 719 iterum
1495 672 1718 720 accidens
1740 671 1833 719 dici
1861 673 2117 720 conveniat
2148 691 2388 722 summum

247 748 453 811 bonum,
480 759 712 813 tanquam
736 748 892 814 ipsum
915 748 1188 797 substantiae
1210 752 1267 798 sit
1296 752 1663 817 praeferendum.

315 832 587 878 CHmsnAN.
624 831 746 876 Cum
778 829 1039 878 accidentia
1070 831 1235 895 eisque
1265 832 1501 896 subjectas
1533 831 1821 880 substantias
1845 848 1901 880 ac
1924 832 2214 898 propheticae
2244 835 2389 883 verba

246 910 477 959 doctrinae
508 911 820 972 converteris,
859 920 905 958 et
940 927 997 959 ea
1020 920 1226 973 tantum,
1262 930 1368 977 quae
1397 913 1510 960 vitae.
1526 923 1742 975 terrenae,
1770 929 1867 959 non
1901 912 2104 960 coelestis
2131 924 2258 974 sunt,
2293 932 2390 962 me·

246 993 364 1053 tiris,
403 992 504 1040 haec
541 992 722 1058 quippe
745 991 998 1058 disciplina
1030 992 1265 1040 saecularis
1294 1003 1339 1040 et
1365 1003 1561 1042 terrenae
1596 994 1670 1041 his
1705 1002 1892 1041 tantum
1925 993 2230 1042 documentis
2267 1012 2390 1043 con-

247 1082 378 1120 tenta
415 1074 606 1130 exstitit,
647 1090 752 1137 quae
785 1072 848 1119 ad
870 1073 1113 1138 praesentis
1138 1073 1243 1120 vitae
1277 1083 1450 1121 statum
1482 1074 1847 1122 accommodata
1884 1084 2012 1135 sunt,
2051 1091 2139 1122 nec
2174 1074 2233 1122 ad
2267 1075 2391 1124 illius

248 1153 416 1201 futurae
459 1155 566 1201 vitae
602 1152 904 1218 qualitatem,
947 1154 996 1200 in
1033 1170 1128 1218 qua
1175 1170 1264 1201 nec
1302 1153 1448 1202 verba
1488 1155 1576 1202 ista
1611 1171 1700 1202 nec
1735 1154 1830 1201 ulla
1873 1153 2128 1201 homiuum
2169 1155 2388 1203 doctrina

244 1234 421 1281 artium
453 1251 646 1282 suarum
685 1234 871 1299 regulas
893 1234 1271 1300 applicaverunt,
1304 1251 1413 1282 cum
1447 1251 1610 1282 rerum
1639 1235 2043 1299 investigaverunt
2068 1245 2277 1294 naturas,
2307 1237 2388 1284 sed

243 1314 366 1361 sicut
393 1315 626 1380 scriptum
647 1324 717 1362 est
745 1333 754 1361 :
787 1335 809 1357 «
832 1315 925 1373 Qui
957 1313 1018 1361 de
1042 1323 1167 1362 terra
1193 1324 1264 1361 est
1293 1314 1355 1361 de
1388 1325 1510 1363 terra
1535 1315 1782 1380 loquitur¹.
1803 1335 1823 1359 n
1853 1315 1900 1362 Si
1930 1332 2042 1380 ergo
2065 1315 2127 1363 ad
2156 1316 2272 1363 illud
2299 1333 2393 1364 coe·

246 1393 372 1442 lestis
390 1395 495 1442 vitae
515 1394 752 1459 fastigium
783 1393 1108 1442 conscendere
1134 1394 1297 1441 niteris
1320 1411 1424 1459 quae
1449 1411 1644 1443 omnem
1674 1406 1910 1443 terrenam
1935 1395 2076 1459 longe
2099 1397 2391 1444 transcendit

246 1474 578 1540 disciplinam,
624 1493 686 1523 ne
726 1475 987 1540 plurimum
1034 1475 1252 1522 innitaris
1288 1484 1488 1523 terrenae
1536 1475 1802 1541 prophetiae
1843 1475 2041 1540 regulis,
2092 1475 2266 1540 quibus
2303 1493 2392 1524 nec

244 1555 405 1602 adhuc
439 1555 499 1603 ad
527 1555 724 1621 plenum
748 1554 1097 1622 comprehendi
1131 1572 1185 1604 ac
1210 1555 1399 1603 definiri
1431 1565 1617 1604 terrena
1641 1565 1926 1621 potuerunt,
1955 1556 2137 1603 nedum
2163 1556 2388 1606 coelestia.

246 1639 419 1684 Utrum
447 1647 608 1685 autem
639 1636 831 1685 dilectio
862 1636 941 1685 illa
966 1653 1072 1701 quae
1093 1637 1142 1683 in
1170 1636 1348 1684 coelesti
1371 1637 1492 1696 vita,
1519 1635 1742 1685 habenda
1769 1636 1965 1697 dicitnr,
1995 1636 2216 1684 accidens
2249 1637 2307 1684 sit
2331 1653 2391 1684 an

243 1716 591 1782 qualiscunque
619 1718 837 1783 qualitaS,
875 1716 993 1764 nihil
1030 1715 1245 1764 utilitatis
1282 1716 1420 1764 affert
1450 1716 1669 1778 definire,
1705 1733 1811 1782 quae
1844 1716 1934 1763 nisi
1958 1717 2287 1781 experimento
2321 1718 2391 1764 sui

241 1815 355 1846 vere
390 1800 619 1863 cognosci
651 1816 750 1847 non
784 1808 965 1864 potest,
1001 1814 1112 1845 cum
1137 1814 1335 1845 omnem
1368 1807 1566 1845 terrenae
1595 1797 1803 1844 scientiae
1834 1812 2028 1844 sensum
2056 1796 2200 1861 longe
2235 1807 2393 1844 trans-

242 1879 432 1928 cendat.
461 1879 590 1938 Quid
626 1890 787 1927 autem
820 1879 882 1927 ad
906 1878 1254 1927 beatitudinem
1289 1878 1454 1939 refert,
1482 1888 1644 1925 utrum
1680 1894 1785 1926 eam
1814 1876 2054 1939 accidens,
2084 1894 2144 1925 an
2171 1877 2392 1925 substan·

244 1961 388 2022 tiam,
422 1961 521 2008 sive
547 1970 772 2008 neutrum
801 1977 902 2008 esse
928 1977 1194 2026 ponamuS,
1221 1976 1332 2007 cum
1356 1958 1589 2024 quicquid
1619 1958 1836 2006 dicamus
1860 1958 1933 2005 vel
1957 1957 2262 2016 arbitremur,
2290 1959 2394 2024 ipsa

241 2040 352 2088 ideo
376 2058 475 2088 non
502 2050 715 2088 mutetur
729 2040 800 2088 vel
820 2041 1169 2089 beatitudinem
1194 2049 1409 2087 nostram
1433 2038 1651 2086 minuat?
1678 2042 1760 2098 Ac,
1790 2039 1829 2085 si
1852 2054 1957 2103 quae
1980 2037 2040 2085 de
2064 2037 2392 2086 accidentibus

241 2131 286 2168 et
314 2120 708 2168 substantialibus
740 2121 908 2168 formis
942 2119 1220 2185 philosophi
1242 2119 1384 2166 vestri
1410 2118 1661 2179 dixerunt,
1689 2117 1941 2182 diligenter
1976 2117 2274 2177 consideres,
2304 2136 2392 2166 nec

242 2201 605 2251 substantialem
637 2201 766 2247 illam
801 2199 940 2248 nobis
972 2199 1174 2260 videbis,
1207 2216 1312 2264 quae
1338 2215 1438 2245 non
1471 2199 1593 2245 inest
1625 2197 1868 2255 omnibuS,
1904 2214 1991 2245 nec
2023 2197 2386 2257 accidentalem,

241 2299 348 2346 quae
383 2292 640 2347 postquam
674 2281 886 2338 affuerit,
912 2280 1078 2328 abesse
1111 2296 1212 2326 non
1235 2288 1410 2344 potest.
1438 2278 1576 2325 Unde
1608 2277 1829 2326 accidens
1859 2278 2003 2325 etiam
2034 2288 2191 2325 vestra
2226 2279 2390 2343 opinio

244 2362 494 2424 describit,
531 2361 664 2426 quod
698 2361 865 2409 adesse
895 2370 1054 2427 potest
1083 2370 1130 2408 et
1158 2359 1337 2407 abesse.
1366 2358 1513 2417 Quod
1542 2359 1686 2407 etiam
1718 2358 1943 2424 impedit,
1974 2359 2012 2405 si
2042 2358 2171 2406 illam
2197 2374 2391 2422 quoque

245 2443 557 2491 dilectionem
594 2441 660 2488 ibi
699 2442 933 2501 futuram,
972 2442 1094 2489 sicut
1129 2450 1177 2488 et
1212 2449 1523 2506 praesentem,
1563 2455 1711 2504 quam
1750 2438 1987 2487 habemus
2026 2438 2131 2497 hic,
2171 2438 2392 2486 accidens

244 2522 601 2573 concedamus?
633 2522 865 2580 Quamvis
902 2522 1033 2569 enim
1069 2531 1233 2568 nostra
1268 2519 1532 2568 substantia
1569 2519 1788 2585 quolibet
1821 2518 2055 2567 accidenti
2089 2535 2178 2565 sno
2220 2518 2390 2565 melior

243 2614 512 2662 censeatur,
555 2612 637 2650 aut
676 2602 886 2667 dignior,
927 2618 1172 2649 summum
1205 2610 1366 2648 tamen
1408 2600 1621 2648 hominis
1664 2599 1850 2647 bonum
1897 2598 1945 2645 id
1984 2614 2083 2645 non
2125 2598 2388 2660 incongrue

243 2684 505 2732 dicendum
546 2683 752 2742 videtur,
791 2683 927 2748 quod
962 2683 1120 2749 ipsum
1154 2681 1404 2728 hominem
1445 2680 1806 2746 participatione
1841 2679 1913 2726 sui
1950 2671 2189 2744 optimum
2232 2678 2390 2726 reddit

243 2775 387 2829 atque
427 2763 792 2827 dignissimum,
832 2772 1003 2827 atque,
1039 2772 1091 2810 ut
1124 2761 1280 2808 verius
1305 2777 1360 2808 ac
1395 2759 1693 2825 probabilius
1725 2759 1998 2823 loquamur,
2036 2759 2194 2823 ipsum
2233 2761 2387 2805 Deum

242 2846 326 2910 qui
360 2845 491 2892 solus
517 2843 714 2908 proprie
735 2852 781 2890 et
805 2841 1026 2890 absolute
1053 2857 1297 2889 summum
1320 2840 1504 2887 bonum
1527 2839 1719 2899 dicitur,
1746 2855 1986 2886 summum
2009 2839 2151 2885 etiam
2177 2837 2388 2885 hominis

244 2927 431 2973 bonum
473 2940 576 2971 esse
614 2922 979 2970 constituamus.
1021 2921 1167 2985 Cujus
1203 2920 1423 2967 videlicet
1461 2919 1562 2978 illa,
1602 2935 1749 2984 quam
1787 2918 2015 2978 diximus,
2059 2917 2256 2965 visionis
2292 2933 2388 2964 suae

243 3005 635 3072 participatione,
675 3003 758 3069 qui
795 3002 1014 3064 fruimur,
1049 3000 1286 3067 efficimur
1323 3017 1431 3049 vere
1461 2999 1604 3047 beati.
1638 3002 1705 3046 Ex
1736 3015 1836 3064 quo
1868 2999 1972 3063 ipso
2004 2998 2207 3063 quippe,
2242 3013 2386 3061 quem

242 3089 290 3134 in
330 3088 436 3153 ipso
476 3085 695 3134 videmus
726 3082 786 3131 ad
816 3099 907 3130 nos
936 3082 1038 3146 ejus
1071 3081 1147 3130 illa
1181 3097 1367 3129 summa
1393 3080 1585 3128 dilectio
1616 3089 1800 3139 manat,
1835 3078 2042 3143 ideoque
2071 3078 2243 3126 rectius
2266 3078 2381 3143 ipse,

286 3273 292 3290 ¹
309 3269 417 3311 Joan„
436 3279 508 3312 cap.
523 3279 573 3313 ιιι,
595 3281 625 3304 v.
642 3274 691 3305 31.

469 3346 500 3369 11

2120 3324 2170 3360 88
