2638 3866
923 219 1263 268 THEOLOGIA
1297 219 1519 268 CHRISTl
1529 218 1641 268 ΑΝΑ
1653 254 1664 266 .
2274 225 2367 271 477

228 321 451 370 videlicet
484 319 653 368 eadem
687 320 877 386 penitus
911 320 1178 371 substantia
1217 324 1363 370 Patris
1391 340 1496 389 quae
1525 323 1627 371 Filii
1657 323 1715 371 sit
1750 333 1796 371 et
1827 323 2029 390 Spiritus
2066 325 2234 386 sancti,
2274 326 2373 391 ipsc

223 402 367 451 Filius
397 411 585 451 tantum
614 418 669 449 ex
694 400 960 449 substantia
986 403 1134 450 Patris
1157 420 1262 468 quae
1285 404 1386 451 Filii
1413 405 1472 452 sit
1494 414 1541 452 et
1563 405 1766 470 Spiritus
1786 405 1952 465 sancti,
1980 404 2154 454 dicitur
2182 423 2299 466 esse,
2328 418 2372 455 et

225 500 325 531 non
349 500 406 531 ex
429 481 697 530 substantia
716 481 918 547 Spiritus
939 484 1099 530 Sancti
1125 484 1199 531 vel
1221 501 1305 532 sua
1323 483 1333 530 ἲ

297 567 389 611 Aut
425 580 535 611 cum
574 561 791 610 similiter
825 578 923 609 una
957 563 1225 629 eademque
1266 564 1324 611 sit
1359 565 1589 630 sapientia
1629 565 1774 612 trium
1816 582 2131 630 personarum
2167 585 2371 632 quarum

229 660 528 710 unaquaeque
562 643 751 709 sapiens
784 659 920 709 aeque
951 653 1022 691 est
1052 654 1106 691 ut
1139 645 1257 703 aliae,
1293 645 1560 710 eademque
1591 646 1759 693 caritas
1793 646 2117 710 singularum
2152 665 2239 697 cur
2272 667 2371 696 nou

227 741 362 790 aeque
385 724 562 773 dicitur
593 723 737 771 Filius
759 724 992 790 sapientia
1017 725 1220 789 Spiritus
1244 726 1413 786 sancti,
1444 725 1515 773 vel
1538 727 1609 773 sui
1633 727 1797 792 ipsius,
1832 727 1953 773 sicut
1974 726 2146 775 dicitur
2176 730 2373 795 Sapien-

228 805 292 862 tia
325 804 512 853 Patris?
536 804 610 851 vel
644 803 744 870 ipse
768 804 971 870 Spiritus
1002 821 1140 852 amor
1163 805 1236 852 sui
1264 806 1429 870 ipsiuS‚
1458 807 1579 854 sicut
1611 823 1749 854 amor
1774 807 1922 855 Patris
1950 808 2020 855 vel
2059 808 2198 856 Filii?
2224 812 2371 857 Num-

228 885 346 950 quid
368 886 499 933 enim
521 884 595 933 vel
625 885 766 933 Filius
789 884 863 933 vel
887 886 1089 951 Spiritus
1114 895 1307 934 sanctus
1330 887 1522 953 sapiens
1541 898 1636 949 est,
1663 898 1710 935 et
1731 905 1830 935 non
1855 905 1942 953 per
1964 890 2243 954 sapientiam
2269 892 2339 938 sui
2360 911 2370 949 ;

229 979 312 1017 aut
343 970 534 1036 sapiens
563 979 658 1029 est,
695 978 742 1017 et
771 986 871 1017 non
899 979 970 1018 est
991 987 1077 1018 sua
1101 970 1360 1035 sapientia,
1393 970 1478 1018 sed
1508 971 1633 1019 alia?
1667 980 1749 1018 aut
1772 970 1971 1034 diligens
1993 981 2082 1030 est,
2108 982 2153 1019 et
2178 989 2276 1019 non
2307 983 2374 1020 est

228 1067 316 1098 sua
346 1050 565 1112 dilectio;
602 1050 845 1116 sicutipse
868 1052 937 1098 e‘st
959 1051 1171 1116 potentia
1195 1067 1299 1113 sua,
1328 1051 1610 1116 magnitudo
1637 1067 1739 1113 sua,
1762 1052 1943 1116 justitia
1968 1069 2070 1113 sua,
2099 1053 2248 1118 pietas
2271 1070 2372 1112 sua,

230 1140 276 1178 et
297 1130 556 1179 voluntas?
1064 1181 1068 1188 ,

296 1211 560 1270 Quomodo
585 1212 728 1260 etiam
760 1222 920 1278 potest
951 1229 1069 1275 esse,
1105 1223 1158 1260 ut
1189 1213 1332 1260 Filius
1358 1230 1415 1261 ex
1439 1215 1574 1260 Patre
1598 1213 1656 1260 sit
1688 1213 1891 1277 genitus,
1924 1212 1999 1261 vel
2031 1230 2086 1260 ex
2114 1217 2245 1262 Patre
2277 1233 2377 1263 esse

228 1290 404 1340 habeat
431 1301 530 1341 tam
554 1291 699 1340 Filius
731 1310 878 1358 quam
911 1293 1114 1358 Spiritus
1144 1304 1360 1356 sanctus,
1395 1310 1494 1341 non
1525 1295 1663 1341 Pater
1698 1310 1753 1340 ex
1790 1294 1908 1353 illis;
1943 1304 1989 1341 et
2024 1311 2122 1342 non
2160 1295 2218 1342 sit
2245 1298 2379 1344 Pater

230 1371 363 1436 prior
385 1371 511 1420 illis?

297 1453 380 1500 His
413 1463 462 1501 et
494 1454 829 1503 consimilibus
861 1455 1060 1520 objectis
1092 1455 1387 1522 respondere
1424 1471 1523 1502 non
1558 1454 1855 1515 differamus,
1901 1456 1947 1503 in
1984 1456 2089 1521 ipso
2120 1456 2287 1504 confisi
2322 1458 2381 1504 de

233 1550 332 1597 quo
360 1534 625 1600 loquimur;
658 1537 706 1583 in
731 1538 836 1603 ipso
865 1537 1021 1585 securi
1055 1553 1144 1602 pro
1175 1553 1274 1602 quo
1299 1536 1602 1584 dimicamus.

300 1616 524 1677 Summa,
564 1626 617 1665 ut
654 1617 878 1678 arbitror,
926 1617 1149 1665 omnium
1182 1618 1502 1682 quaestionum
1538 1616 1640 1664 haec
1684 1626 1782 1678 est,
1821 1617 2074 1681 quomodo
2122 1617 2302 1665 scilicet
2337 1619 2383 1664 in

235 1704 366 1743 tanta
401 1697 582 1744 unitate
621 1697 881 1746 individuae
914 1714 970 1745 ac
1000 1698 1193 1763 penitus
1226 1714 1366 1745 merae
1398 1696 1674 1744 substantiae
1708 1695 2033 1744 diversitatem
2069 1713 2384 1762 personarum

234 1776 613 1840 consideremus,
646 1795 759 1826 cum
794 1778 955 1826 nullus
986 1778 1266 1826 differentiae
1287 1768 1465 1826 modus
1495 1794 1522 1825 a
1553 1775 1855 1842 philosophis
1888 1777 2141 1826 distinctus
2170 1779 2386 1826 videatur

233 1857 490 1922 hicposse
521 1860 768 1924 assignari,
806 1859 1075 1908 secundum
1110 1876 1257 1924 quem
1287 1859 1537 1906 diversitas
1569 1874 1889 1924 personarum
1922 1859 2077 1908 valeat
2110 1860 2315 1908 ostendi.

299 1937 373 1984 Ad
407 1938 542 2002 quod
580 1939 701 1986 illud
740 1940 952 2005 primum
989 1938 1387 2005 respondendum
1432 1956 1534 1986 esse
1569 1938 1794 1998 arbitror,
1833 1939 1970 2003 quod
2019 1940 2235 1988 mirabile
2287 1959 2385 1988 non

233 2017 379 2066 debet
396 2019 567 2079 videri,
594 2022 632 2067 si
650 2021 730 2069 illa
754 2021 1015 2069 divinitatis
1043 2030 1216 2069 natura
1243 2021 1364 2068 sicut
1390 2019 1640 2083 singularis
1667 2028 1753 2081 est,
1783 2020 1848 2067 ita
1871 2021 2160 2084 singularem
2185 2022 2387 2069 modum

234 2098 467 2162 loquendi
507 2099 700 2149 habeat.
738 2104 948 2166 AEquum
983 2101 1212 2166 equidem
1244 2110 1340 2161 est,
1374 2110 1429 2147 ut
1466 2099 1602 2164 quod
1634 2099 1696 2147 ab
1728 2099 1953 2147 omnibus
1984 2100 2212 2148 creaturis
2246 2101 2387 2165 longe

234 2189 477 2227 remotum
513 2191 600 2243 est,
626 2181 770 2246 longe
801 2182 991 2229 diverso
1024 2197 1196 2246 genere
1228 2180 1461 2244 loquendi
1492 2180 1733 2239 efferatur,
1761 2196 1850 2227 nec
1882 2180 1960 2228 illa
1994 2182 2137 2230 unica
2171 2181 2387 2246 maJestas

235 2261 484 2308 communi
506 2278 562 2309 ac
587 2261 780 2328 publica
810 2262 1059 2310 locutione
1082 2271 1379 2323 coerceatur,
1410 2278 1500 2308 nec
1519 2260 1656 2326 quod
1675 2261 1879 2308 omniuo
1903 2261 2387 2328 incomprehensibile

235 2351 307 2389 est
335 2351 478 2406 atque
507 2342 765 2402 ineffabile,
802 2342 910 2390 ullis
942 2342 1184 2407 subJaceat
1219 2342 1413 2407 regulis,
1450 2342 1527 2390 cui
1554 2351 1662 2389 sunt
1696 2341 1861 2388 omnia
1884 2342 2112 2406 subjecta,
2133 2342 2266 2408 quod
2300 2360 2387 2390 nec

236 2421 298 2468 ab
323 2421 522 2470 homine
550 2422 747 2487 intelligi
771 2433 947 2489 potest,
977 2422 1148 2488 qui‘ad
1171 2421 1550 2470 manifestandos
1578 2421 1848 2469 intellectus
1869 2439 1982 2471 suos
2003 2440 2143 2471 voces
2168 2424 2384 2471 instituit.

237 2505 341 2550 Hoc
379 2513 541 2550 autem
573 2520 664 2551 nec
696 2499 1102 2570 philosophorum
1135 2503 1274 2551 latuit
1312 2503 1654 2562 reverentiam,
1690 2502 1772 2566 qui
1808 2512 2042 2567 quantum
2077 2505 2266 2551 reveriti
2299 2505 2390 2550 sint

238 2599 429 2648 semper
459 2601 705 2631 summum
742 2584 862 2632 illud
894 2584 1082 2633 bonum
1121 2583 1279 2631 verbis
1313 2584 1457 2632 etiam
1495 2583 1752 2646 attingere,
1792 2583 1926 2648 quod
1963 2584 2164 2630 omnino
2207 2585 2389 2630 incom-

238 2663 560 2727 prehensibile
595 2675 739 2731 atque
780 2665 1019 2715 ineffabile
1057 2665 1366 2731 profitentur,
1419 2681 1476 2712 ex
1512 2664 1827 2730 suprapositis
1861 2664 2096 2728 liquidum
2144 2675 2230 2723 est,
2279 2681 2389 2711 cum

239 2759 458 2790 summus
482 2744 890 2811 philosophorum
916 2763 1006 2794 nec
1027 2745 1144 2811 quid
1164 2746 1224 2792 sit
1247 2744 1407 2791 dicere
1435 2760 1578 2791 ausus
1601 2744 1659 2791 sit
1682 2761 1691 2789 ε
1726 2744 1823 2791 hoc
1856 2744 2013 2792 solum
2037 2743 2099 2792 de
2130 2761 2188 2792 eo
2214 2744 2386 2804 sciens,

241 2822 376 2887 quod
399 2824 508 2871 sciri
533 2841 633 2871 non
665 2827 815 2890 possit
843 2826 904 2873 ab
935 2827 1152 2873 homine.
1189 2828 1292 2873 Hoc
1327 2824 1456 2871 enim
1493 2824 1668 2871 docere
1703 2828 1841 2871 rectae
1875 2823 2065 2889 Sophiae
2084 2825 2389 2873 incarnandae

242 2904 584 2951 reservandum
619 2915 751 2966 erat,
790 2916 843 2952 ut
880 2907 982 2971 ipse
1019 2923 1107 2971 per
1148 2905 1357 2970 seipsum
1392 2904 1464 2951 sui
1502 2904 1722 2951 notitiam
1762 2904 1949 2952 afferret
1985 2907 2146 2965 Deus,
2182 2923 2295 2954 cum
2330 2906 2389 2954 ad

242 2982 344 3047 ejus
375 2984 595 3032 notitiam
627 2985 758 3033 nulla
793 3002 1038 3051 assurgere
1060 2994 1278 3033 creatura
1310 2984 1529 3033 sufficiat.
1567 2987 1672 3050 Ipse
1700 2984 1861 3049 itaque
1891 2984 2022 3033 solus
2053 2985 2172 3050 quid
2201 2987 2302 3052 ipse
2333 2988 2393 3034 sit

244 3063 492 3112 manifeste
523 3065 736 3130 aperuit,
773 3083 885 3113 cum
922 3065 1087 3131 gentili
1126 3066 1193 3113 illi
1232 3075 1278 3113 et
1314 3066 1622 3114 Samaritanae
1654 3065 1839 3112 mulieri
1876 3066 1964 3113 ait¹
1996 3085 2007 3114 ε
2038 3067 2285 3133 «Spiritus
2321 3078 2390 3115 est

245 3146 401 3206 Deus,
423 3163 446 3190 »
478 3144 573 3192 hoc
611 3156 679 3193 est
712 3146 944 3194 Divinitas
979 3146 1236 3213 spiritualis
1275 3145 1539 3195 substantia
1576 3154 1673 3207 est,
1717 3162 1816 3193 non
1855 3147 2134 3212 corporalis.
2182 3151 2237 3195 At
2278 3164 2391 3195 vero

301 3326 431 3368 donn„
452 3338 525 3371 cap.
544 3339 590 3372 iv,
616 3339 645 3363 v.
666 3333 721 3365 24.
