2638 3866
918 249 1265 299 THEOLOGIA
1303 251 1676 300 CHRISTIANA.
2275 255 2362 302 401

1075 630 1359 710 LIBER
1428 630 1529 711 II.

291 872 463 938 Operis
494 879 628 937 parte
659 868 896 936 superiori
926 868 1201 917 testimonia
1234 868 1455 934 quaedam
1487 880 1585 918 tam
1614 869 1959 936 prophetarum
1991 885 2136 934 quam
2163 869 2376 935 philoso-

227 950 438 1017 phorum
472 950 770 1016 collegimus,
808 951 985 1016 quibus
1019 960 1195 998 sanctae
1227 951 1468 999 Trinitatis
1505 951 1653 1000 fidem
1688 961 2027 999 astrueremus.
2058 950 2150 998 Ubi
2182 951 2377 1016 quidem

226 1033 346 1082 dum
374 1033 781 1101 philosophorum
810 1032 1079 1081 infidelium
1109 1032 1397 1081 assertiones
1425 1034 1547 1082 sicut
1573 1044 1621 1082 et
1649 1043 1929 1081 sanctorum
1957 1043 2148 1099 patrum
2171 1034 2308 1098 quasi
2331 1034 2378 1081 in

225 1116 562 1164 auctoritatem
584 1114 861 1163 induximus
878 1153 891 1178 ,
921 1115 1185 1162 multorum
1210 1112 1593 1163 detractionibus
1613 1113 1949 1163 corrodendos
1980 1124 2141 1180 patere
2175 1130 2382 1179 praesen-

225 1198 393 1257 simus,
422 1206 567 1262 atque
595 1213 625 1244 a
651 1196 896 1244 nonnullis
915 1199 927 1222 ¹
949 1195 1092 1244 nobis
1124 1195 1174 1243 id
1200 1196 1632 1263 improperandum
1666 1196 1798 1261 quod
1834 1195 1979 1244 beato
2026 1196 2323 1261 Hieronymo
2354 1213 2382 1244 a

228 1277 390 1326 multis
419 1277 538 1325 olim
569 1276 771 1343 legimus
807 1277 1072 1343 objectum,
1113 1293 1225 1324 cum
1257 1294 1360 1324 non
1386 1277 1544 1325 solum
1580 1276 1658 1324 ille
1685 1276 2012 1336 ethnicorum,
2046 1293 2214 1323 verum
2239 1277 2381 1324 etiam

224 1357 559 1406 haereticorum
608 1358 884 1406 testimonia
931 1358 1027 1406 suis
1064 1358 1297 1406 insereret
1337 1358 1542 1424 scriptis.
1588 1359 1726 1407 Unde
1766 1368 1814 1405 et
1851 1357 2079 1405 adversus
2118 1357 2382 1405 calumnias

227 1439 388 1504 magni
413 1440 619 1487 oratoris
642 1438 775 1487 urbis
798 1441 960 1486 Romae
983 1438 1238 1505 epistolam
1261 1438 1496 1499 scribens,
1520 1439 1585 1486 ita
1608 1455 1806 1486 exorsus
1829 1439 1920 1486 ait²
1944 1456 1954 1484 :
1989 1460 2011 1482 «
2035 1438 2181 1496 Quod
2212 1438 2382 1503 quaeris

226 1536 314 1567 cur
357 1520 406 1567 in
443 1520 689 1586 opusculis
726 1521 902 1568 nostris
949 1520 1245 1568 scholarium
1280 1519 1545 1568 litterarum
1583 1519 1826 1567 interdum
1864 1536 2102 1586 ponamus
2137 1518 2380 1584 exempla,

226 1609 273 1646 et
304 1599 570 1649 candorem
605 1600 827 1648 Ecclesiae
861 1601 1170 1649 ethnicorum
1206 1600 1432 1648 sordibus
1467 1600 1742 1667 polluamus
1784 1618 1794 1647 :
1835 1616 2087 1665 nunquam
2125 1599 2220 1647 hoc
2255 1615 2387 1663 quae-

227 1697 375 1741 reres,
414 1681 453 1728 si
488 1682 750 1747 scripturas
783 1698 942 1730 sacras
974 1681 1173 1747 legeres,
1212 1682 1251 1729 si
1283 1682 1568 1748 interpretes
1600 1697 1769 1729 earum
1803 1680 2065 1729 evolveres.
2103 1681 2221 1739 Quis
2255 1680 2386 1728 enim

228 1762 410 1810 nesciat
432 1763 544 1810 etin
558 1765 723 1827 Moyse
746 1779 802 1811 ac
817 1762 1169 1829 Prophetarum
1185 1761 1514 1810 voluminibus
1537 1761 1759 1827 quaedam
1782 1771 2024 1828 assumpta
2046 1761 2107 1809 de
2120 1761 2385 1809 Gentilium

228 1842 380 1903 libris,
407 1853 455 1890 et
477 1843 790 1891 Salomonem
809 1842 1114 1910 philosophis
1135 1843 1245 1908 Tyri
1268 1853 1316 1891 et
1340 1844 1652 1910 proposuisse
1674 1841 1912 1891 nonnulla
1936 1853 1984 1891 et
2004 1843 2164 1908 aliqua
2186 1859 2387 1909 respon·

228 1921 398 1971 disse?
441 1923 581 1971 Unde
622 1924 670 1971 in
721 1924 922 1973 exordio
959 1923 1330 1972 Proverbiorum
1368 1934 1650 1973 commonet
1689 1934 1742 1972 ut
1781 1924 2103 1989 intelligamus
2142 1939 2388 1971 sermones

228 2003 512 2069 prudentiae,
553 2005 878 2071 versutiasque
911 2005 1196 2064 verborum,
1235 2005 1508 2072 parabolas,
1548 2015 1596 2054 et
1623 2005 1884 2053 obscurum
1918 2021 2221 2065 sermonem,
2260 2004 2387 2051 dicta

226 2085 518 2151 sapientium
552 2096 600 2133 et
633 2088 904 2150 aenigmata,
943 2104 1050 2153 quae
1080 2088 1278 2154 proprie
1322 2087 1686 2135 dialecticorum
1723 2096 1771 2134 et
1808 2085 2214 2153 philosophorum
2252 2094 2383 2132 sunt.

227 2167 305 2215 Sic
342 2177 391 2215 et
427 2167 601 2215 Paulus
635 2168 884 2233 apostolus
919 2169 1217 2235 Epimenidis
1262 2179 1417 2236 poetae
1459 2169 1639 2216 abusus
1683 2169 1921 2217 versiculo
1964 2178 2036 2216 est
2075 2166 2291 2215 scribens
2325 2165 2387 2213 ad

225 2248 383 2295 Titum
404 2250 455 2295 ¹:
489 2269 512 2293 (ε
534 2250 785 2297 Cretenses
821 2266 1013 2317 semper
1050 2250 1326 2313 mendaces,
1363 2249 1499 2298 malae
1531 2249 1713 2310 bestiae,
1756 2259 1944 2298 ventres
1980 2249 2169 2315 pigri.»
2207 2250 2259 2294 In
2296 2246 2388 2295 alia

228 2345 427 2393 quoque
450 2328 653 2395 epistola
680 2330 941 2379 Menandri
976 2331 1114 2396 ponit
1143 2332 1414 2379 senarium*
1440 2350 1451 2379 :
1487 2333 1861 2397 «Corrumpunt
1885 2347 2045 2378 mores
2077 2329 2237 2378 bonos
2271 2332 2388 2376 con·

230 2407 550 2458 fabulationes
584 2410 780 2459 malae.»
820 2415 877 2459 Et
914 2413 1046 2479 apud
1090 2413 1406 2461 Athenienses
1444 2413 1494 2460 in
1528 2413 1691 2460 Martis
1734 2412 1867 2460 curia
1905 2411 2155 2477 disputans
2193 2414 2387 2457 Aratum

229 2498 401 2538 testem
423 2493 622 2539 vocat⁸2
645 2512 667 2535 α
692 2493 846 2558 Ipsius
865 2494 998 2541 enim
1021 2504 1066 2542 et
1086 2511 1237 2559 genus
1256 2511 1440 2541 sumus.
1462 2515 1485 2538 22
1512 2496 1688 2542 Parum
1712 2493 1808 2541 hoc
1831 2502 1918 2554 est,
1945 2492 2119 2540 ductor
2141 2491 2389 2539 christiani

230 2571 467 2619 exercitus
505 2581 553 2619 et
592 2582 760 2620 orator
794 2573 1002 2622 invictus
1037 2592 1127 2641 pro
1170 2575 1360 2622 Christo
1398 2590 1593 2621 causam
1630 2590 1806 2639 agens,
1847 2573 1989 2620 etiam
2026 2572 2389 2637 inscriptionem

233 2650 503 2714 fortuitam,
545 2662 648 2700 arte
684 2663 878 2719 torquet
911 2655 959 2702 in
1001 2665 1342 2720 argumentum
1382 2654 1515 2703 fidei.
1551 2653 1795 2701 Didicerat
1831 2653 1961 2700 enim
1995 2668 2023 2700 a
2060 2668 2174 2700 vero
2211 2650 2390 2698 David‘

233 2741 518 2796 extorquere
546 2733 607 2781 de
633 2734 859 2782 manibus
885 2735 1100 2783 hostium
1129 2735 1361 2801 gladium,
1400 2745 1448 2782 et
1475 2734 1626 2781 Goliae
1656 2733 1986 2800 superbissimi
2017 2742 2163 2798 caput
2191 2731 2390 2797 proprio

234 2829 468 2860 mucrone
489 2823 730 2862 truncare.
758 2818 957 2881 Legerat
978 2817 1029 2864 in
1050 2816 1419 2864 Deuteronomio
1437 2817 1451 2839 ⁷
1472 2814 1686 2862 mulieris
1708 2814 1907 2880 captivae
1931 2813 2203 2862 radendum
2224 2821 2387 2878 caput,

235 2893 505 2958 supercilia,
537 2910 708 2942 omnes
731 2895 871 2960 pilos,
909 2906 957 2944 et
987 2913 1173 2960 ungues
1202 2895 1421 2961 corporis
1443 2894 1786 2960 amputandos,
1814 2904 1863 2942 et
1893 2894 1960 2942 sic
1982 2910 2089 2942 eam
2112 2891 2391 2941 habendam

235 2973 482 3037 conjugio.
510 2974 640 3033 Quid
660 2992 776 3039 ergo
801 2976 839 3023 si
859 2974 1018 3039 et'ego
1038 2976 1323 3042 sapientiam
1342 2975 1616 3023 saecularem
1644 2983 1842 3041 propter
1863 2975 2043 3040 eloquii
2071 2983 2387 3031 venustatem,

237 3062 286 3100 et
306 3053 640 3102 membrorum
666 3056 1095 3121 pulchritudinem,
1111 3056 1174 3105 de
1196 3056 1371 3105 ancilla
1397 3043 1543 3121 atque
1562 3056 1753 3122 captiva
1767 3056 2027 3104 Israelitam
2043 3055 2199 3104 facere
2213 3055 2392 3120 cupio?

238 3134 286 3180 Si
313 3134 447 3199 quod
472 3136 522 3187 in
553 3152 610 3184 ea
636 3147 883 3185 mortuum
908 3148 979 3186 est
1003 3137 1306 3197 idololatriae,
1340 3136 1620 3203 voluptatis,
1647 3136 1840 3198 erroris,
1867 3136 2143 3196 libidinum,
2181 3135 2252 3184 vel
2277 3152 2395 3201 piae·

287 3327 293 3345 ¹
308 3324 344 3359 ln
361 3326 459 3360 editis
473 3331 550 3361 ante
566 3328 603 3361 in
618 3328 691 3362 illis
706 3338 768 3371 pro
784 3339 805 3364 a
822 3330 1007 3364 nonnullis.
1032 3349 1068 3355 —
1084 3331 1095 3350 ²
1108 3330 1214 3372 Epist.
1229 3333 1282 3371 83,
1359 3332 1367 3351 ⁴
1386 3330 1540 3365 Corinth.
1564 3329 1591 3371 l,
1611 3340 1685 3372 cap.
1709 3339 1765 3371 xv,
1783 3339 1813 3363 v.
1832 3332 1884 3364 33.
1906 3347 1943 3354 -—
1959 3331 1970 3350 ⁵
1985 3332 2056 3363 Act.
2074 3330 2205 3370 Apost.,
2222 3336 2295 3369 cap.
2314 3336 2395 3367 xvxi,

243 3379 344 3423 Opp„
371 3388 395 3415 t.
424 3382 481 3422 IV,
505 3393 538 3425 p.
559 3392 596 3424 ιι,
622 3385 683 3416 col.
705 3386 778 3419 654.
800 3403 838 3409 -
854 3387 865 3406 ³
881 3386 959 3425 Tit„
985 3395 1056 3427 cap.
1076 3394 1098 3426 i,
1116 3395 1145 3418 v.
1167 3389 1215 3420 12.
1246 3404 1283 3410 —
1359 3396 1388 3420 v.
1406 3388 1517 3429 28„—
1534 3387 1546 3407 ⁶
1561 3386 1642 3426 Reg.
1659 3385 1695 3427 l,
1713 3395 1786 3427 cap.
1805 3393 1884 3419 xvu.
1904 3402 1944 3409 ·—
1960 3385 1970 3405 ⁷
1987 3384 2143 3424 Deuter„
2161 3391 2233 3423 cap.
2253 3390 2321 3414 xxi.

405 3456 436 3480 ιι
2186 3444 2231 3481 51
