2638 3866
1145 196 1465 245 APPENDlX.
2290 202 2378 252 78⁴

229 293 464 339 Pulchrum
486 294 662 355 quidem
686 306 749 340 est
769 306 814 340 et
835 296 1055 341 tinnulum
1079 297 1199 358 quod
1222 299 1463 344 Bernardus
1484 299 1701 359 loquitur;
1725 300 1800 345 sed
1823 300 1879 345 de
1900 301 1985 346 alio
2010 301 2169 348 sudore
2189 305 2382 365 precium

230 389 478 435 nomenque
511 387 709 420 venatur.
738 375 997 421 Ambrosius
1034 379 1151 422 enim
1183 380 1277 423 haec
1309 381 1440 424 verba
1470 380 1711 441 syllabatim
1743 383 1789 425 in
1824 383 2091 442 querimonia
2123 385 2194 429 illa
2227 387 2383 446 posuit,

226 470 358 514 quam
381 454 436 498 de
460 470 634 498 excessu
656 454 796 514 Satyri
819 455 949 499 amici
969 456 1034 499 sui
1056 457 1265 502 mulcebri
1288 458 1577 519 dealbatoque
1598 459 1709 521 stylo
1732 461 1949 522 procudit.
1973 463 2122 523 Itaque
2147 464 2386 508 Beruardus

230 534 275 578 in
294 535 380 579 hoc
402 535 577 596 planctu
600 534 711 578 adeo
737 545 801 578 est
815 535 1072 591 vehemens,
1100 537 1210 581 adeo
1233 538 1446 599 pertinax,
1472 540 1582 584 adeo
1598 541 1736 595 vivus,
1757 553 1803 584 ut
1816 541 1972 602 legenti
1996 543 2172 587 cuilibet
2191 556 2390 589 constans

230 617 299 671 sit,
332 632 432 661 eum
458 632 549 660 non
571 631 696 659 veros
719 614 842 659 fletus
874 615 1030 672 edere,
1060 618 1135 662 sed
1159 619 1291 663 verba
1321 621 1474 680 quibus
1502 622 1593 665 veri
1621 633 1792 682 questus
1821 624 2116 684 exprimantur
2141 625 2383 671 effundere.

228 698 365 742 Aiunt
392 709 539 742 tamen
570 697 747 757 quidam
781 698 958 755 insulsi,
992 698 1236 743 seductorio
1264 703 1353 759 ejus
1380 701 1538 762 linguae
1569 703 1866 748 moderamine
1903 705 2091 761 seducti,
2127 707 2200 767 qui
2233 723 2388 767 corpus

225 779 460 823 verborum
495 778 704 839 diligunt,
746 779 936 823 animam
975 790 1121 824 autem
1157 782 1336 825 rationis
1371 794 1607 843 spernunt,
1644 800 1744 827 eum
1778 794 1865 827 tam
1900 786 2099 829 facundia
2130 788 2303 831 sublimi
2340 788 2386 832 in

223 858 427 908 lamentis
449 859 532 904 illis
547 860 627 916 uti,
647 871 696 904 ut
718 859 836 903 nulla
856 859 1080 904 modernae
1102 861 1360 921 eloquentiae
1384 863 1560 908 facultas
1579 865 1620 907 ei
1640 865 1781 909 valeat
1802 868 2031 926 exaequari.
2056 868 2095 910 O
2114 867 2204 911 falsi
2218 868 2385 926 judices

226 940 510 1001 eloquentiae,
538 957 646 1001 quos
678 942 852 1001 projicit
880 941 998 985 vocis
1020 953 1172 986 ventus
1203 954 1252 986 ut
1283 943 1504 1004 pulverem
1531 962 1555 988 a
1588 945 1695 989 facie
1725 948 1863 990 terrae!
1889 948 2098 1003 Quaenam
2123 949 2183 991 ibi
2211 960 2386 992 senten-

224 1023 386 1066 tiarum
405 1021 496 1067 vis?
529 1039 626 1083 quae
654 1023 810 1083 pocula
834 1022 1077 1065 rationum?
1099 1024 1236 1067 Totus
1265 1025 1311 1067 in
1340 1026 1483 1069 verbis
1511 1025 1712 1083 fluctuat,
1747 1037 1790 1070 et
1810 1044 1927 1072 mors
1955 1028 2125 1073 ridiculi
2153 1029 2385 1090 syllogismi

176 1163 179 1165 Α
226 1114 394 1148 rotatur
414 1104 460 1147 in
485 1104 665 1148 circulo.
691 1104 820 1148 Unde
837 1114 985 1166 poeta,
1009 1104 1295 1161 Citharoedus,
1320 1105 1510 1166 inquit¹,

659 1239 825 1280 Ridetur
842 1241 962 1281 corda
986 1241 1054 1295 qui
1073 1244 1227 1293 semper
1245 1239 1403 1280 oberrat
1421 1240 1573 1282 eadem.

223 1366 344 1409 Laeta
371 1366 608 1410 verborum
639 1368 833 1428 gramina
867 1378 959 1411 sata
994 1367 1310 1428 instrangulant
1340 1368 1666 1412 sententiarum.
1699 1369 1788 1411 Aut
1828 1369 2005 1413 fortasse
2045 1369 2159 1413 idem
2193 1368 2384 1414 dicendo

223 1447 533 1508 multipliciter,
564 1448 740 1492 Ulixem
773 1448 977 1491 simulare
1005 1447 1193 1492 volebat.
1228 1449 1293 1492 De
1327 1466 1413 1509 quo
1442 1449 1646 1508 scriptum
1677 1460 1741 1492 est
1775 1465 1786 1493 :

656 1594 728 1634 Ille
744 1594 891 1633 referre
909 1593 975 1632 alii
994 1606 1097 1647 saepe
1115 1593 1264 1633 solebat
1281 1593 1400 1637 idem.

221 1732 309 1777 Sed
331 1749 423 1778 non
443 1733 601 1778 talibus
628 1735 920 1783 instrumentis
950 1752 1147 1785 mortuus
1176 1740 1416 1794 suscitatur,
1448 1755 1530 1783 nec
1561 1735 1817 1798 eloquentiae
1846 1734 2068 1795 praestigiis
2092 1734 2179 1777 vita
2205 1744 2383 1776 mortuo

222 1827 511 1876 comparatur.
534 1817 664 1861 Unde
694 1819 918 1876 cujusdam
949 1822 1181 1866 distichum
1209 1821 1379 1882 egregie
1410 1831 1536 1864 sonat
1561 1835 1571 1863 ε

654 1958 734 1997 Cur
752 1957 896 1997 dantur
918 1959 1063 1999 frustra
1082 1973 1154 2012 pro
1174 1958 1336 1997 Psalmis
1354 1957 1528 1996 carmina
1550 1956 1737 2009 pulchra?

764 2021 857 2060 Plus
873 2022 1075 2073 prodesset
1090 2021 1126 2060 ei
1145 2030 1218 2070 ter,
1238 2021 1421 2059 miserere
1441 2019 1532 2058 mei.

218 2156 352 2212 Quod
380 2157 415 2200 si
446 2157 643 2202 dolorem
671 2175 798 2203 suum
827 2160 1118 2205 delinimentis
1140 2158 1353 2202 facundiae
1381 2157 1659 2216 remedioque
1682 2155 1880 2199 carminis
1910 2169 2145 2215 evaporare
2175 2153 2373 2212 nolebat;

218 2254 296 2281 cur
332 2254 423 2281 non
454 2238 606 2282 saltem
638 2256 767 2301 super
796 2242 882 2285 hoc
917 2242 1142 2302 proprium
1171 2239 1399 2300 separatim
1431 2237 1683 2298 opusculum
1712 2234 1956 2280 condebat?
1988 2235 2079 2279 Nec
2111 2234 2312 2289 deerant,
2353 2250 2379 2278 a

217 2319 375 2378 quibus
403 2320 500 2364 talis
527 2322 719 2365 materiae
747 2324 937 2366 mutuari
964 2333 1106 2383 posset
1133 2320 1369 2381 exemplar.
1400 2319 1595 2362 Socrates
1621 2330 1806 2362 mortem
1835 2317 1900 2360 sui
1927 2315 2160 2359 Alcibiadis
2182 2315 2377 2375 philoso-

212 2401 331 2461 phici
363 2402 522 2463 vigoris
544 2403 741 2447 ubertate
769 2416 964 2448 testatur.
992 2405 1118 2447 Plato
1147 2403 1318 2446 Alexim
1339 2416 1524 2461 puerum
1559 2402 1629 2444 cui
1669 2399 1898 2443 amatorias
1927 2396 2223 2441 cantiunculas
2249 2410 2375 2439 com-

215 2493 436 2542 posuerat,
466 2483 623 2544 insigni
646 2484 773 2528 titulo
801 2484 922 2529 ducit
945 2484 1001 2528 ad
1023 2483 1254 2531 tumulum.
1277 2483 1418 2525 Taceo
1439 2482 1750 2542 Pythagoram,
1774 2479 2064 2532 Demetrium,
2090 2476 2375 2530 Carneadem,

216 2561 526 2619 Posidonium,
559 2563 853 2625 reliquosque,
885 2582 1072 2626 quorum
1104 2563 1357 2608 excellentia
1385 2562 1550 2605 Graecia
1579 2561 1794 2621 superbit,
1825 2561 1920 2619 qui,
1954 2567 2060 2601 teste
2090 2557 2374 2615 Hieronymo,

218 2642 394 2687 diversis
416 2645 585 2700 seculis,
609 2645 785 2690 diversis
807 2647 926 2690 libris
951 2646 1219 2690 diversorum
1242 2644 1432 2687 lamenta
1455 2644 1648 2687 minuere
1677 2653 1776 2685 sunt
1795 2641 1954 2683 conati.
1973 2640 2185 2682 Praetereo
2206 2638 2377 2679 Anaxa-

216 2741 334 2785 gorae
354 2725 576 2768 laudatam
602 2742 772 2787 semper
797 2728 1070 2781 sententiam,
1098 2727 1171 2786 qui
1193 2742 1292 2769 cum
1312 2725 1354 2767 ei
1378 2724 1655 2768 nunciaretur
1679 2721 1814 2765 filium
1839 2721 1996 2774 obisse,
2027 2718 2129 2762 fletu
2150 2732 2341 2777 represso
2361 2732 2372 2761 ι

215 2805 443 2859 Sciebam,
467 2806 635 2865 inquit,
667 2823 738 2850 me
765 2810 961 2869 genuisse
995 2807 1239 2851 mortalem.
1272 2807 1328 2849 Et
1353 2816 1401 2848 ut
1429 2805 1656 2865 peregrina
1685 2803 1890 2846 omittens
1924 2800 1979 2843 ad
2010 2811 2155 2842 nostra
2184 2798 2374 2853 veniam,

214 2886 394 2940 Tullius,
425 2886 587 2947 eloquii
613 2888 784 2931 romani
806 2889 1019 2932 maximus
1051 2899 1216 2942 auctor,
1244 2885 1580 2930 consolatorium
1611 2884 1666 2928 de
1684 2894 1823 2927 morte
1853 2881 1928 2925 filii
1950 2881 2015 2924 sui
2033 2880 2192 2923 librum
2217 2877 2372 2934 edidit,

215 2967 285 3011 cui
311 2968 519 3028 praeclara,
542 2985 803 3030 magnorum
822 2970 1016 3013 virorum
1044 2978 1330 3012 monumenta
1354 2967 1474 3027 quasi
1499 2965 1639 3009 stellas
1662 2965 1870 3008 micantes
1901 2961 2127 3022 impressit.
2155 2960 2375 3018 Hierony-

214 3064 311 3092 mus
342 3049 485 3092 dolori
511 3066 642 3109 quem
676 3050 731 3094 de
757 3062 898 3095 morte
929 3050 1163 3111 Nepotiani
1186 3059 1462 3109 conceperat,
1495 3046 1709 3107 plausibili
1730 3044 1927 3088 medetur
1957 3042 2148 3102 eloquio.
2178 3040 2372 3083 Ambro-

215 3127 323 3183 sius,
347 3127 401 3172 de
424 3144 511 3188 quo
531 3128 735 3189 praefatus
758 3145 878 3184 sum,
905 3128 1014 3173 duos
1035 3128 1169 3172 libros
1191 3126 1246 3171 de
1269 3142 1443 3171 excessu
1466 3125 1611 3169 dilecti
1639 3124 1705 3168 sui
1727 3123 1866 3184 Satyri
1889 3120 2009 3165 suavi
2029 3118 2140 3181 stylo
2159 3117 2369 3163 edisserit.

264 3291 460 3337 ¹florastus,
480 3294 520 3328 de
534 3296 608 3329 Art.
625 3295 738 3337 Poct,
759 3304 791 3329 v.
814 3297 888 3330 356.
