2638 3866
357 200 447 246 104
1155 194 1323 241 PETRI
1365 193 1679 241 ABAELARDI

351 298 571 362 symbolo
605 297 705 362 ipse
737 311 933 360 quoque
955 296 1002 341 in
1028 295 1335 360 processione
1369 293 1571 357 Spiritus
1605 293 1762 340 solum
1795 303 2144 341 commemorat
2170 297 2381 358 Patrem,
2411 295 2487 343 his

350 378 545 443 quidem
569 376 726 424 verbis
756 393 766 422 ε
813 394 836 419 «
865 377 922 422 Et
951 375 1000 421 in
1028 374 1257 439 Spiritum
1291 381 1510 420 sanctum
1535 373 1798 420 Dominum
1821 382 1868 420 et
1894 372 2237 424 vivificatorem
2263 393 2321 423 ex
2347 379 2486 425 Patre

350 457 709 523 procedentem,
747 472 859 502 cum
882 458 1019 502 Patre
1048 465 1094 502 et
1117 453 1234 500 Filio
1272 452 1638 500 coadorandum
1666 462 1715 500 et
1748 452 2230 517 conglorificandum,
2259 458 2351 504 etc.
2383 478 2405 500 »
2431 460 2484 504 ln

349 546 527 601 quanta
550 545 710 582 autem
729 535 997 582 reverentia
1027 534 1106 581 illa
1142 532 1420 599 principalia
1447 533 1658 580 Concilia
1683 533 1895 582 tenenda
1927 534 2022 582 sint
2040 534 2211 583 beatus
2234 535 2486 601 diligenter

348 617 498 681 aperit
531 616 805 679 Gregorius,
844 615 927 679 qui
958 630 1007 661 se
1045 630 1098 661 ea
1134 624 1363 676 tanquam
1393 622 1602 677 quatuor
1633 614 1888 679 Evangelia
1917 616 2158 681 suscipere
2191 626 2238 663 et
2268 618 2485 664 venerari

346 695 616 761 profitetur,
641 695 771 743 unde
796 705 844 743 et
865 711 1033 742 eorum
1058 694 1232 753 verbiS,
1256 709 1356 739 non
1381 694 1529 758 magis
1550 710 1694 758 quam
1722 695 2022 760 evangelicis,
2049 695 2124 743 vel
2146 695 2325 744 addere
2357 696 2487 745 aliud

347 777 419 824 vel
442 775 745 823 substrahere
770 776 1025 841 permittit,
1055 775 1121 821 ita
1143 774 1459 821 Constantino
1475 774 1716 841 Episcopo
1735 774 2086 824 Mediolanensi
2102 776 2163 824 de
2187 794 2286 825 uno
2311 794 2482 825 eorum

344 856 578 905 scribens¹
593 875 602 903 :
622 876 644 902 «
662 858 760 905 Nos
775 866 968 903 auctore
982 855 1199 916 veritate,
1219 864 1265 901 et
1285 863 1404 902 teste
1418 855 1728 915 couscientia,
1749 851 1952 904 fatemur
1963 855 2109 904 fidem
2123 857 2487 906 Chalcedonen-

345 939 405 984 sis
429 937 636 1002 symboli
661 937 888 984 illibatam
911 952 998 1001 per
1020 935 1183 982 omnia
1206 934 1468 995 custodire,
1491 935 1708 1001 nihilque
1732 942 1834 1002 eJus
1853 936 2124 985 definitioni
2147 938 2341 998 addere,
2367 938 2485 986 nihil

346 1016 624 1064 subtrahere
658 1016 852 1063 audere.
890 1015 984 1062 Sed
1022 1016 1061 1061 si
1102 1015 1210 1078 quis
1246 1024 1415 1062 contra
1446 1032 1551 1063 eam
1585 1016 1801 1080 ejusdem
1832 1017 2006 1081 synodi
2032 1017 2203 1080 fidem,
2247 1019 2346 1067 sive
2378 1018 2486 1085 plus

345 1098 563 1145 minusve
586 1097 647 1144 ad
668 1096 952 1162 sapiendum
983 1111 1214 1161 usurpare
1242 1096 1441 1161 appetit,
1470 1112 1598 1156 eum,
1634 1098 1770 1145 omni
1798 1097 2026 1146 dilatione
2050 1100 2333 1165 postposita,
2372 1115 2484 1148 ana-

349 1178 771 1239 thematizavimus,
790 1186 931 1240 atque
949 1193 974 1223 a
989 1176 1098 1223 sinu
1111 1177 1332 1224 Ecclesiae
1352 1178 1515 1225 matris
1527 1177 1736 1226 alienum
1754 1195 1855 1226 esse
1869 1179 2186 1227 decrevimus.
2214 1201 2237 1224 »
2261 1181 2356 1229 Sed
2376 1197 2489 1246 pro-

345 1259 467 1305 fecto
486 1274 596 1305 curn
613 1257 928 1317 interdicitur,
948 1274 1009 1304 ne
1029 1257 1136 1321 quis
1153 1256 1290 1304 aliter
1308 1257 1482 1307 doceat
1498 1268 1580 1307 aut
1596 1258 1820 1325 praedicet
1844 1259 2141 1308 Catholicam
2171 1260 2316 1309 fidem
2337 1273 2483 1327 quam

345 1339 392 1383 in
415 1337 651 1403 praedictis
685 1339 958 1386 continetur
979 1337 1224 1400 Conciliis,
1253 1338 1390 1387 aliter
1425 1339 1610 1388 dictum
1633 1351 1770 1406 puto,
1798 1357 1898 1389 non
1928 1343 2196 1390 secundum
2220 1342 2482 1390 verborum

344 1417 683 1481 diversitatem,
729 1419 814 1467 sed
852 1418 1121 1467 secundum
1150 1418 1263 1467 fidei
1298 1420 1642 1469 diversitatem.
1685 1424 1750 1469 Ac
1778 1422 1818 1470 si
1855 1422 2040 1471 dicatur
2066 1423 2268 1483 :Aliter-3
2294 1424 2391 1471 hoc
2413 1433 2485 1471 est

345 1499 584 1546 contrario
609 1499 776 1560 modo,
802 1516 904 1547 non
930 1500 1120 1548 diverso
1140 1500 1402 1549 verborum
1426 1518 1567 1565 sono,
1595 1503 1708 1568 quia
1733 1512 1780 1550 et
1815 1520 1906 1551 nos
1929 1504 2094 1551 Latine
2118 1503 2324 1552 dicimus
2352 1502 2485 1567 quod

346 1578 412 1626 illi
431 1582 608 1627 Graece.
630 1581 759 1628 Sicut
783 1598 897 1646 ergo
921 1581 1168 1635 diversum
1190 1600 1278 1649 pro
1302 1584 1527 1649 opposito
1545 1583 1738 1645 dicitur,
1766 1586 1830 1632 ita
1854 1584 2046 1632 diverso
2069 1584 2220 1633 modo
2251 1583 2388 1650 quod
2419 1593 2488 1632 est

345 1659 478 1707 aliter
501 1678 588 1725 pro
614 1662 836 1727 opposito
862 1663 1013 1711 modo
1037 1680 1138 1712 non
1168 1665 1435 1729 incongrue
1457 1666 1679 1712 sumitur.
1710 1666 1933 1731 Alioquin
1963 1684 2077 1714 cum
2100 1653 2488 1732 unumquodque

345 1740 534 1788 illorum
557 1742 884 1790 Conciliorum
906 1745 1160 1810 proprium
1175 1746 1504 1811 composuerit
1526 1755 1670 1812 atque
1697 1746 1952 1794 instituerit
1977 1746 2271 1811 symbolum,
2299 1747 2490 1810 sintque

345 1822 445 1884 ipsa
469 1821 682 1885 symbola
709 1822 769 1870 ab
793 1824 1001 1872 invicem
1018 1825 1175 1873 verbis
1192 1825 1398 1887 diversa,
1438 1843 1493 1875 ac
1519 1827 1717 1874 fortasse
1748 1826 2039 1891 quibusdam
2079 1827 2341 1887 sententiis,
2378 1842 2490 1873 cum

349 1916 497 1948 unum
517 1919 870 1968 nonnunquam
902 1906 1148 1953 contineat
1171 1907 1306 1970 quod
1336 1908 1540 1955 alterum
1570 1924 1672 1955 non
1707 1907 1912 1974 habeat,
1931 1908 2149 1973 profecto
2171 1906 2490 1959 anathematis

342 1996 450 2028 reus
473 1993 610 2043 esset,
637 1985 720 2048 qui
754 2002 853 2032 uno
877 1996 1073 2051 recepto
1089 2025 1101 2047 ,
1127 1997 1298 2035 caetera
1331 1987 1550 2053 symbola
1573 1987 1855 2036 confitendo
1881 1989 2102 2036 recitaret
2130 1988 2207 2035 vel
2231 1989 2484 2053 reciperet.

343 2061 523 2110 Eadem
548 2064 733 2113 ratione
758 2067 827 2113 rei
846 2076 1124 2115 teneremur
1145 2085 1203 2115 ex
1224 2070 1564 2134 supplemento
1581 2069 1826 2132 Evangelii
1847 2068 2016 2131 additi,
2042 2085 2155 2116 cum
2179 2070 2227 2115 in
2259 2071 2488 2115 Deutero-

341 2144 504 2189 nomio
546 2147 732 2209 Moyses
764 2146 949 2195 dicat2:
988 2169 1011 2192 «
1043 2149 1187 2207 Quod
1223 2150 1450 2215 praecipio
1491 2149 1576 2198 tibi
1611 2150 1708 2197 hoc
1739 2159 1926 2198 tantum
1968 2151 2180 2197 Domino
2213 2149 2373 2208 facias,
2401 2164 2492 2196 nec

342 2224 602 2289 quidquam
637 2226 785 2275 addas
815 2229 890 2276 vel
927 2230 1132 2278 minuas.
1157 2249 1180 2275 »
1208 2230 1332 2278 Addi
1355 2232 1518 2296 itaque
1541 2230 1792 2296 prohibuit
1822 2231 2120 2278 contrarium
2150 2230 2349 2295 aliquid,
2391 2245 2490 2276 non

343 2304 473 2364 quod
496 2306 778 2370 perfectioni
803 2309 1006 2373 deesset,
1028 2310 1260 2377 suppleri.
1278 2312 1511 2370 Quamvis
1532 2313 1676 2359 etiam
1693 2312 1843 2377 possit
1859 2310 2072 2374 intelligi,
2093 2320 2146 2358 ut
2163 2311 2365 2358 omnino
2382 2325 2494 2376 pro-

340 2380 563 2431 hibeatur
586 2387 735 2436 homo
758 2406 813 2436 ex
833 2407 882 2439 se
900 2391 1006 2456 ipso
1034 2392 1192 2439 verbis
1215 2392 1397 2456 aliquid
1423 2392 1662 2456 supplere.
1687 2396 1821 2439 Tunc
1844 2409 1959 2439 vero
1983 2392 2134 2438 homo
2159 2408 2219 2438 ex
2241 2408 2290 2439 se
2310 2388 2491 2454 aliquid

343 2462 565 2527 adderet,
594 2468 632 2513 si
653 2468 747 2516 hoc
779 2487 835 2517 ex
868 2487 1009 2518 sensu
1032 2489 1139 2532 suo,
1165 2488 1267 2519 non
1299 2489 1356 2519 ex
1380 2472 1693 2538 inspiratione
1716 2473 1919 2537 Spiritus
1941 2480 2273 2538 praesumeret,
2305 2470 2366 2517 de
2393 2486 2490 2533 quo

342 2543 536 2606 quidem
555 2547 734 2613 Spiritu
755 2560 826 2597 est
850 2552 1135 2617 scriptum³:
1167 2574 1190 2597 «
1218 2555 1324 2600 Non
1356 2552 1486 2600 enim
1516 2569 1604 2600 vos
1630 2554 1740 2599 estis
1772 2553 1857 2617 qui
1875 2552 2150 2616 loquimini,
2178 2550 2265 2598 sed
2287 2550 2491 2615 Spiritus

343 2625 487 2685 patris
503 2627 644 2674 vestri
667 2630 750 2693 qui
783 2630 1000 2694 loquitur
1021 2633 1071 2679 in
1103 2632 1257 2680 vobis.
1284 2654 1306 2676 »
1341 2632 1488 2680 Multa
1504 2634 1650 2679 etiam
1674 2632 1736 2680 de
1759 2633 2000 2680 miraculis
2033 2640 2335 2691 sanctorum,
2361 2639 2409 2677 et
2432 2629 2492 2677 de

342 2700 417 2747 his
439 2721 541 2766 quae
570 2710 720 2756 sancti
740 2713 900 2759 Patres
921 2723 1031 2778 post
1057 2712 1315 2778 Apostolos
1341 2714 1651 2778 scripserunt,
1677 2712 2012 2779 praedicamus,
2034 2729 2147 2759 cum
2169 2721 2332 2759 tamen
2361 2713 2491 2776 Apo-

346 2783 492 2830 stolus
516 2785 640 2834 dicat
663 2789 725 2836 ad
749 2791 940 2839 Galatas
963 2794 1225 2842 scribens⁴z
1253 2813 1276 2839 α
1297 2795 1426 2841 Licet
1450 2809 1541 2841 nos
1564 2803 1648 2841 aut
1671 2793 1876 2857 Angelus
1911 2792 1972 2840 de
2005 2792 2128 2840 coelo
2151 2791 2497 2855 evangelizaret

345 2861 481 2909 vobis
503 2876 672 2928 praeter
697 2869 746 2915 id
770 2873 904 2934 quod
926 2875 1309 2940 evangelizamus
1334 2874 1490 2937 vobis,
1518 2874 1776 2922 anathema
1800 2873 1876 2931 sit,
1907 2873 2028 2921 sicut
2051 2872 2266 2938 praedixi,
2292 2880 2340 2919 et
2361 2886 2492 2922 nunc

349 2941 521 2989 iterum
554 2944 682 3007 dico,
714 2949 752 2994 si
783 2952 890 3013 quis
917 2953 1056 3002 vobis
1079 2955 1473 3019 evangelizaverit
1496 2965 1667 3020 praeter
1690 2954 1740 3001 id
1776 2953 1910 3018 quod
1945 2953 2211 3018 accepistis,
2237 2949 2496 2999 anathema

348 3020 422 3066 sit.
452 3041 475 3066 »
514 3026 659 3081 Quod
683 3038 841 3076 autem
863 3044 1122 3097 opponunt
1149 3035 1302 3082 Graeci
1325 3035 1652 3098 evangelicam
1674 3034 1987 3082 traditionem
2021 3033 2085 3080 ad
2119 3033 2353 3095 integram
2379 3027 2492 3076 fidei

348 3098 647 3166 disciplinam
671 3107 902 3171 sufficere,
926 3129 1016 3160 nec
1038 3114 1306 3179 quidquam
1330 3114 1527 3162 ulterius
1554 3113 1837 3162 addendum
1857 3129 1982 3172 esse,
2024 3121 2193 3177 praeter
2225 3127 2282 3158 ea
2313 3125 2419 3173 quae
2443 3108 2492 3156 in

394 3286 535 3328 ‘Epist-2
555 3288 612 3321 lib.
629 3287 684 3330 IV,
701 3292 794 3331 epist.
814 3301 859 3326 11¹.
879 3311 915 3317 -
928 3295 939 3313 ²
952 3294 1050 3328 Deut.
1063 3319 1072 3337 ,
1087 3306 1159 3338 cap.
1186 3308 1245 3341 xu,
1265 3310 1296 3333 v.
1314 3300 1564 3342 32.·-³Matth.‚
1594 3310 1667 3342 cap.
1699 3308 1740 3337 x.
1764 3308 1795 3333 v.
1820 3302 1873 3333 20.
1899 3317 1936 3323 —
1954 3300 1965 3320 ⁴
1988 3298 2114 3339 Galat„
2131 3306 2203 3338 cap.
2230 3305 2255 3338 1,
2269 3304 2299 3329 v.
2320 3298 2351 3329 8.
