2638 3866
816 234 1156 284 TRACTATUS
1189 234 1269 282 DE
1305 234 1766 285 lNTELLECTlBUS.
2270 240 2366 287 755

228 331 420 398 Quippe
449 348 562 380 cum
597 334 761 383 omnia
784 351 1098 403 quaecumque
1126 347 1239 386 sunt
1263 337 1596 386 similitudines
1623 337 1831 387 habeant
1855 347 1903 385 et
1930 338 2149 399 unitates,
2177 349 2368 404 oportet

227 429 329 461 esse
352 422 425 460 tot
453 413 658 462 unitates
680 426 802 480 quot
823 417 1157 466 similitudines
1176 428 1311 478 sunt3
1337 427 1506 484 praeter
1529 418 1623 466 lioc
1643 419 1786 466 etiam
1819 419 2022 467 unitates
2046 418 2366 483 subjectarum

229 492 603 542 substantiarum
627 495 842 543 similiter
873 508 1066 563 oportet
1093 515 1212 558 esse,
1245 508 1293 547 et
1316 499 1384 546 sic
1416 499 1621 547 unitates
1647 499 1806 565 plures
1833 509 1945 547 sunt
1978 499 2209 548 similiter.
2250 503 2365 549 ltem

229 590 342 622 cum
378 575 765 640 unumquodque
802 577 1035 625 unitatem
1066 594 1202 625 suam
1227 588 1273 626 et
1311 579 1672 626 similitudinem
1704 577 1904 637 habeat,
1942 589 2133 645 oportet
2162 597 2263 628 esse
2296 591 2367 629 tot

229 654 565 708 similitudines
603 666 722 721 quot
761 658 965 706 unitates
1001 658 1206 718 fuerint,
1249 669 1296 706 et
1334 669 1505 725 praeter
1537 659 1633 707 hoc
1674 659 2007 707 similitudines
2044 660 2365 724 subjectarum

229 734 605 784 substantiarum
629 736 906 799 unitatibus,
933 747 979 785 et
1000 739 1068 786 sic
1099 738 1433 787 similitudines
1466 739 1634 803 plures·
1645 756 1746 787 esse
1768 739 2047 788 unitatibus.
2078 740 2205 788 Licet
2230 741 2370 804 igitur

231 814 521 864 concludere
539 815 700 883 plures
723 835 824 866 esse
849 819 1052 866 unitates
1075 817 1336 866 unitatibus
1361 828 1409 866 et
1430 819 1765 867 similitudines
1790 818 2197 867 similitudinibus.
2224 823 2370 879 Quae-

231 913 441 962 cumque
477 898 606 945 enim
642 909 754 947 sunt
790 899 927 965 plura
959 899 1196 965 aliquibus
1228 908 1276 947 et
1306 899 1387 946 illa
1426 910 1537 948 sunt
1567 902 1707 966 plura
1742 901 1873 960 aliis,
1907 900 2062 966 prima
2091 900 2229 965 plura
2261 912 2371 949 sunt

231 976 372 1043 plura
403 978 599 1026 eisdem.
645 982 700 1028 Et
734 980 808 1028 hae
843 990 955 1028 sunt
985 981 1194 1029 rationes
1230 996 1379 1045 quare
1417 997 1586 1029 omnes
1623 981 1787 1028 formae
1823 997 1921 1028 non
1959 979 2136 1027 debent
2171 981 2370 1029 concedi

231 1058 446 1106 essentiae
468 1075 569 1107 esse
591 1060 690 1108 sive
713 1077 804 1108 res.

295 1137 368 1186 Illi
404 1149 566 1187 autem
608 1141 691 1205 qui
724 1157 826 1189 non
866 1151 1084 1189 asserunt
1123 1141 1377 1190 essentiam
1411 1159 1512 1190 esse
1548 1142 1638 1189 nisi
1672 1141 1984 1204 substantias,
2030 1142 2228 1189 fortasse
2263 1158 2373 1190 vere

232 1219 432 1267 virtutes
466 1230 514 1268 et
540 1221 656 1269 vitia
687 1232 733 1270 et
755 1222 943 1271 colores
966 1222 1146 1288 aliquid
1168 1239 1269 1271 esse
1298 1223 1622 1287 denegabunt.
1664 1223 1759 1271 Sed
1789 1239 1935 1287 quam
1960 1233 2087 1271 recte
2119 1222 2168 1270 id
2201 1222 2373 1271 saciant

233 1300 470 1365 sapientes
486 1301 723 1366 judicent.

310 1380 400 1428 Alii
422 1391 583 1429 autem
607 1383 691 1448 qui
712 1383 950 1448 quasdam
980 1384 1159 1432 formas
1181 1385 1407 1432 essentias
1428 1399 1530 1432 esse
1547 1419 1559 1443 ‚
1594 1383 1827 1448 quasdam
1861 1383 2058 1431 minime
2087 1381 2369 1449 perhibent,

233 1460 356 1508 sicut
374 1461 648 1511 Abaelardus
682 1474 730 1512 et
760 1464 834 1512 sui
857 1465 942 1530 qui
963 1474 1116 1513 artem
1141 1464 1437 1512 dialecticam
1462 1480 1562 1511 non
1588 1463 1888 1512 obfuscando
1911 1462 1996 1511 sed
2019 1462 2374 1526 diligentissime

236 1543 580 1607 perscrutando
604 1543 871 1593 dilucidant
888 1581 910 1605 ‚,
927 1545 1082 1593 nullas
1116 1545 1294 1592 formas
1318 1545 1542 1592 essentias
1566 1560 1667 1591 esse
1688 1543 1961 1610 approbant
1977 1581 1989 1604 ,
2025 1543 2115 1590 nisi
2142 1540 2375 1607 quasdam

234 1622 486 1687 qualitates
511 1641 617 1689 quae
639 1626 707 1673 sic
732 1626 899 1673 insunt
926 1626 975 1673 in
1006 1626 1242 1691 subjecto,
1279 1624 1412 1690 quod
1435 1624 1703 1688 subjectum
1734 1624 1795 1671 ad
1820 1640 1922 1672 esse
1955 1639 2120 1671 earum
2155 1638 2255 1670 non
2289 1621 2378 1668 suf·

234 1702 362 1763 ficit,
390 1704 511 1752 sicut
538 1705 598 1753 ad
623 1723 724 1753 esse
747 1708 1070 1770 quantitatum
1095 1707 1253 1772 ipsum
1276 1705 1545 1769 subjectum
1567 1704 1767 1763 sufficit,
1789 1704 1865 1751 vel
1891 1704 2099 1769 partium
2131 1702 2378 1767 dispositio

236 1783 299 1831 ad
328 1784 534 1833 invicem
561 1785 635 1833 vel
662 1803 773 1834 cum
797 1786 891 1835 alio
923 1803 1025 1833 non
1056 1796 1127 1834 est
1157 1786 1437 1843 necessaria,
1467 1786 1589 1832 sicut
1619 1785 1680 1833 ad
1718 1794 2020 1832 curvaturam
2056 1782 2188 1846 digiti
2218 1798 2378 1829 neces-

235 1865 357 1912 saria
379 1875 450 1912 est
471 1866 723 1931 dispositio
747 1867 956 1932 partium
979 1866 1041 1914 ad
1064 1866 1291 1927 invicem,
1319 1876 1366 1913 et
1392 1865 1453 1913 ad
1474 1882 1576 1913 esse
1602 1865 1822 1912 sessionis
1843 1863 2108 1912 necessaria
2130 1871 2199 1910 est
2222 1861 2380 1927 dispo-

235 1944 343 1992 sitio
376 1946 584 2011 partium
611 1946 814 2011 subjecti
840 1957 887 1995 et
908 1946 1039 1995 aliud
1061 1946 1144 1994 ubi
1170 1945 1439 2010 subjectum
1472 1946 1653 2005 sedeat,
1685 1945 1761 1993 vel
1793 1962 1897 2009 quae
1920 1961 2018 1991 non
2045 1943 2209 1990 insunt
2232 1941 2380 2006 gratia

235 2024 436 2090 alicujus
469 2027 722 2074 extrinseci
752 2028 818 2076 ita
841 2028 974 2093 quod
1005 2028 1108 2075 sine
1138 2026 1221 2074 illo
1247 2043 1348 2074 esse
1381 2042 1480 2073 non
1514 2035 1735 2091 possent,
1773 2025 1895 2072 sicut
1922 2023 2186 2094 proprietas
2220 2021 2379 2086 aliqua

237 2106 361 2154 inest
393 2107 443 2153 in
476 2106 639 2171 aliquo
674 2108 787 2172 quia
816 2125 997 2173 equum
1027 2107 1104 2155 vel
1131 2106 1307 2154 bovem
1343 2105 1569 2170 possidet,
1597 2122 1702 2170 qnae
1739 2104 1875 2151 nullo
1914 2103 2063 2150 modo
2092 2110 2376 2161 remaneret,

237 2186 483 2234 destructo
514 2187 597 2235 illo
627 2189 912 2247 extrinseco,
947 2187 1022 2236 vel
1053 2187 1114 2235 ad
1148 2187 1284 2251 cujus
1306 2202 1545 2235 recessum
1570 2202 1671 2233 non
1696 2194 1768 2234 est
1790 2184 2110 2232 necessarium
2131 2181 2243 2229 addi
2267 2180 2377 2229 sub-

238 2268 460 2317 stantiam
490 2268 726 2334 subjecto,
754 2270 876 2318 sicut
907 2268 970 2317 ad
1002 2285 1244 2317 recessum
1278 2267 1637 2316 inanimationis
1673 2265 1994 2313 necessarium
2030 2272 2101 2311 est
2130 2261 2244 2310 addi
2269 2260 2382 2309 sub-

238 2351 463 2399 stantiam
482 2350 714 2415 subjecto,
737 2350 915 2398 scilicet
933 2350 1161 2397 animam.
1185 2348 1374 2397 Nullam
1393 2347 1522 2396 enim
1548 2347 1754 2395 formam
1774 2345 2027 2393 essentiam
2045 2359 2145 2391 esse
2164 2350 2381 2389 asserunt

239 2431 318 2478 cui
347 2430 531 2494 aliquid
559 2432 762 2478 istorum
785 2431 961 2496 poterit
984 2429 1214 2492 assignari
1236 2428 1366 2477 velut
1391 2427 1662 2493 subjectum
1688 2425 1751 2474 ad
1773 2442 1876 2474 esse
1898 2425 2023 2473 illius
2046 2422 2281 2479 sufficere,
2306 2420 2381 2469 vel

240 2511 607 2578 dispositionem
632 2512 841 2577 partium
866 2510 924 2559 ad
961 2510 1168 2558 invicem
1198 2509 1296 2557 sive
1319 2508 1559 2557 cum'al10
1575 2544 1588 2568 ‚
1617 2508 1690 2555 vel
1726 2523 1833 2571 quae
1860 2503 2176 2568 inerit‘gratia
2202 2501 2381 2549 extrin-

241 2593 355 2652 seci,
387 2586 454 2641 ita
477 2592 612 2658 quod
641 2594 742 2641 sine
765 2591 847 2643 illo
870 2609 972 2645 esse
995 2608 1095 2640 non
1120 2601 1310 2659 posset,
1335 2591 1413 2639 vel
1435 2589 1498 2638 ad
1521 2589 1655 2653 cujus
1678 2603 1918 2636 recessum
1951 2600 2144 2634 necesse
2176 2591 2246 2631 est
2268 2579 2382 2629 addi

242 2673 573 2724 substantiam.
