2638 3866
288 152 350 198 54
1099 145 1262 193 PETRI
1294 142 1600 191 ABAELARDI

285 250 349 296 ita
371 264 428 296 ex
450 262 546 294 una
567 246 819 310 Scripturae
847 260 992 293 sacrae
1013 246 1250 294 sententia
1274 245 1597 310 expositiones
1620 243 1764 291 etiam
1790 258 1876 308 per
1897 241 2181 289 innumeros
2202 241 2418 289 intellec-

286 338 381 389 tus,
406 328 542 392 quasi
560 326 690 374 varia
717 335 1000 373 ornamenta
1023 334 1349 394 componunt3
1378 341 1483 388 quae
1506 333 1668 372 tamen
1689 322 1854 371 omnia
1875 321 1938 369 ad
1961 322 2189 369 decorem
2215 322 2420 370 coelestis

284 425 470 474 sponsae
491 405 765 472 proficiunt.
786 424 810 450 »
839 408 945 471 Ipse
967 392 1193 471 praeterea
1223 403 1511 466 Macrobius,
1538 421 1595 452 ea
1616 420 1722 469 quae
1752 403 1813 450 de
1834 403 1997 450 anima
2019 401 2192 449 mundi
2209 417 2238 449 a
2262 402 2424 467 philo-

290 488 453 553 sophis
476 486 601 534 dicta
620 495 747 545 sunt,
773 486 968 550 mystice
992 484 1347 550 interpretanda
1368 500 1469 531 esse
1493 483 1726 532 meminit.
1751 482 1898 541 Quod
1916 483 2062 531 etiam
2079 481 2214 545 juxta
2234 482 2423 530 literam

289 568 463 633 exponi
484 567 713 614 'veraciter
735 575 818 612 aut
845 566 1186 613 convenienter
1207 564 1480 612 nullatenus
1502 573 1699 629 queant,
1726 573 1782 610 ut
1803 579 1947 628 supra
1967 562 2293 623 meminimus,
2319 562 2424 627 ipsa

287 664 377 695 nos
412 647 547 693 litera
570 647 632 694 ad
667 646 1014 711 expositionem
1053 646 1299 709 mysticam
1336 644 1597 710 compellit.
1642 643 1863 691 Pluribus
1900 659 2096 707 quoque
2135 642 2423 690 testimoniis

287 736 563 776 sanctorum
593 726 846 773 didicimus
876 725 1167 772 Platonicam
1191 734 1369 771 sectam
1401 725 1646 773 catholicae
1678 722 1791 770 fidei
1814 722 2077 788 plurimum
2100 721 2420 770 concordare.

290 806 427 854 Unde
451 823 551 854 non
576 806 677 853 sine
706 821 847 854 causa
869 805 1101 852 maximus
1133 804 1266 851 Plato
1294 804 1696 870 philosophorum
1727 819 1825 868 prae
1852 803 2030 850 caeteris
2055 802 2426 851 commendatur

289 886 351 934 ab
370 886 612 946 omnibus,
641 902 738 933 non
763 885 919 932 solum
946 901 974 931 a
1001 884 1162 949 peritis
1183 884 1469 932 secularium
1492 885 1695 946 artium,
1733 900 1903 930 verum
1923 883 2067 930 etiam
2089 899 2118 930 a
2139 883 2330 931 sanctis.
2354 885 2427 930 De

289 983 387 1031 quo
410 977 547 1032 pater
567 966 855 1030 Augustinus
870 965 919 1011 in
942 964 1027 1011 lib.
1054 964 1115 1011 de
1140 966 1341 1012 Ciuitate
1361 967 1476 1012 Dei¹
1499 983 1509 1012 :
1542 985 1565 1008 t(
1581 965 1832 1025 Mirantur,
1857 963 2034 1028 inquit,
2062 963 2260 1027 quidam
2282 962 2428 1012 nobis

289 1048 337 1094 in
363 1047 537 1094 Christi
559 1047 707 1111 gratia
730 1047 909 1107 sociati,
936 1063 1049 1094 cum
1070 1046 1274 1095 audiunt
1291 1047 1366 1094 vel
1390 1046 1554 1110 legunt
1577 1047 1847 1107 Platonem,
1870 1062 1984 1093 eum
2004 1043 2065 1092 de
2080 1047 2186 1092 Deo
2206 1045 2295 1092 ista
2316 1061 2427 1092 sen-

290 1128 402 1175 sisse
428 1144 533 1192 quae
564 1127 768 1174 multum
792 1143 1053 1191 congruere
1075 1128 1261 1175 veritati
1283 1138 1455 1176 nostrae
1479 1128 1724 1192 religionis
1756 1135 2099 1192 agnoscuntur.
2127 1126 2268 1174 Unde
2301 1142 2428 1175 non-

291 1205 409 1254 nulli
427 1211 720 1272 puta'verunt
743 1222 877 1268 eum,
904 1206 1099 1271 quando
1133 1208 1340 1273 perrexit
1362 1208 1412 1255 in
1444 1210 1727 1274 AEgyptum,
1763 1207 2054 1255 Hieremiam
2084 1205 2317 1269 audiisse,
2352 1204 2430 1254 vel

289 1287 553 1352 Scripturas
577 1288 883 1352 propheticas
900 1288 948 1334 in
972 1287 1141 1336 eadem
1163 1290 1549 1354 peregrinatione
1572 1289 1755 1354 legisse.
1782 1289 1831 1335 Si
1850 1274 2102 1352 diligenter
2120 1295 2431 1353 computetur

287 1376 560 1431 temporum
583 1368 722 1425 ratio,
757 1384 862 1432 quae
887 1367 1115 1416 chronica
1137 1369 1336 1416 historia
1360 1370 1651 1431 continetur,
1678 1369 1928 1417 Platonem
1951 1367 2134 1415 indicat
2157 1384 2184 1415 a
2209 1376 2429 1433 tempore

286 1463 383 1510 quo
415 1446 721 1512 prophetavit
750 1448 1038 1507 HieremiaS‚
1072 1459 1267 1518 cen-tum
1302 1449 1400 1496 fere
1423 1465 1578 1497 annos
1603 1458 1769 1515 postea
1801 1458 1972 1496 natum
2000 1448 2159 1495 fuisse.
2192 1448 2290 1506 Qui
2316 1463 2431 1496 cum

288 1527 529 1589 octoginta
551 1537 598 1574 et
617 1545 771 1575 unum
796 1529 1002 1590 vixisset,
1029 1528 1090 1576 ab
1114 1546 1244 1576 anno
1262 1530 1433 1577 mortis
1451 1530 1552 1594 ejus
1566 1545 1820 1594 usquequo
1835 1527 2118 1576 Ptolemaeus
2135 1543 2219 1575 rex
2238 1528 2431 1594 AEgypti

288 1606 551 1670 Scripturas
574 1607 878 1672 propheticas
901 1625 985 1673 per
1014 1609 1314 1674 septuaginta
1337 1610 1561 1657 Hebraeos
1584 1611 1667 1675 qui
1690 1612 1907 1657 Graecam
1927 1608 2140 1673 linguam
2162 1616 2426 1671 noverant,

289 1686 669 1751 interpretandas
693 1687 940 1738 habendas
962 1690 1165 1749 curavit,
1192 1690 1308 1737 anni
1330 1691 1636 1755 reperiuntur
1662 1690 1811 1738 ferme
1832 1705 2029 1737 novem.
2058 1688 2431 1754 Quapropterin

289 1765 370 1813 illa
400 1767 780 1831 peregrinatione
812 1785 897 1816 sua
929 1769 1063 1817 Plato
1092 1787 1182 1818 nec
1215 1771 1504 1819 Hieremiam
1537 1771 1699 1819 videre
1733 1771 1912 1837 potuit,
1949 1778 2084 1817 tanto
2115 1778 2227 1817 ante
2259 1768 2431 1817 defun-

290 1855 447 1905 ctum,
475 1864 565 1895 nec
588 1848 782 1896 easdem
804 1851 1068 1915 Scripturas
1099 1851 1208 1916 legit
1234 1852 1283 1898 in
1312 1854 1496 1913 Graeco,
1532 1869 1636 1917 quae
1665 1852 1890 1900 nondum
1919 1851 2110 1899 fuerant
2134 1850 2184 1897 in
2210 1851 2434 1898 Graecum

291 1927 550 1987 translatae3
580 1930 688 1991 nisi,
716 1931 828 1994 quia
851 1931 937 1978 fuit
958 1933 1179 1979 acerrimi
1201 1933 1360 1990 studii,
1390 1934 1513 1981 sicut
1535 1935 1862 1999 AEgyptiacas‚
1890 1934 1956 1981 ita
1977 1942 2025 1980 et
2045 1932 2158 1979 istas
2182 1947 2270 1997 per
2290 1931 2433 1979 inter-

290 2016 475 2070 pretem
496 2008 679 2056 didicit.
704 2029 725 2054 υ
750 2010 879 2058 Adeo
907 2021 1068 2060 autem
1098 2014 1200 2078 ipsa
1225 2014 1436 2061 Platonis
1468 2015 1595 2063 dicta
1623 2014 1782 2062 verbis
1810 2013 2009 2062 Domini
2032 2021 2174 2078 atque
2198 2011 2432 2078 praedica-

290 2086 410 2133 tioni
427 2088 527 2151 ejus
545 2094 811 2138 consonare
830 2091 1071 2152 videntur,
1092 2102 1161 2155 ut,
1188 2094 1311 2141 sicut
1332 2095 1462 2143 idem
1482 2095 1738 2161 praedictus
1757 2095 1932 2144 doctor
1946 2095 1997 2142 in
2014 2092 2230 2142 secundo
2243 2092 2434 2141 deDoc-

292 2169 420 2213 trina
446 2169 747 2218 Clzrzlrtiana’
768 2172 1036 2237 profitetur,
1064 2174 1260 2239 quidam
1286 2176 1487 2225 lectores
1509 2187 1558 2225 et
1582 2167 1836 2225 dilectores
1866 2176 2078 2224 Platonis
2104 2174 2208 2223 ausi
2240 2183 2353 2222 sunt
2381 2174 2433 2222 in

290 2256 472 2296 tantam
495 2266 810 2317 prorumpere
832 2253 1083 2316 insaniam,
1111 2255 1245 2319 quod
1276 2257 1492 2305 dicerent
1513 2258 1712 2305 Domini
1737 2257 1894 2305 nostri
1915 2259 2026 2304 Jesu
2046 2255 2221 2303 Christi
2244 2264 2435 2303 senten-

292 2327 378 2374 tias
405 2344 523 2392 quas
551 2330 714 2393 mirari
745 2343 792 2380 et
815 2333 1071 2398 praedicare
1104 2346 1361 2401 coguntur,
1397 2338 1458 2386 de
1484 2337 1695 2386 Platonis
1730 2337 1865 2384 libris
1900 2353 2013 2383 eum
2045 2335 2284 2383 didicisse.
2310 2335 2435 2382 Hinc

291 2406 432 2454 etiarn
455 2409 738 2459 Ptolemaeus
764 2430 845 2460 rex
868 2415 916 2461 in
942 2415 1151 2462 Platonis
1171 2415 1351 2480 dogma
1373 2417 1545 2465 eadem
1566 2418 1748 2478 videre,
1773 2418 1824 2464 ni
1841 2416 1995 2474 fallor,
2018 2415 2174 2462 dictus
2192 2423 2278 2476 est,
2301 2413 2435 2479 quod

291 2487 444 2534 Deum
461 2499 507 2536 et
527 2502 756 2554 mentem,
783 2494 834 2541 id
846 2505 917 2542 est
936 2498 1126 2544 Patrem
1141 2506 1188 2543 et
1204 2496 1439 2560 Verbum,
1464 2515 1522 2545 ex
1541 2497 1799 2546 Platonicis
1818 2497 2004 2562 scriptis
2023 2495 2272 2543 didicerat.
2294 2493 2435 2543 Unde

292 2570 590 2634 septuaginta
612 2572 890 2639 interpretes
912 2592 1024 2623 cum
1047 2577 1091 2623 ei
1118 2576 1275 2640 legem
1297 2578 1634 2641 transferrent,
1662 2594 1894 2627 arcanum
1916 2577 2089 2625 divinae
2113 2575 2434 2641 generationis

292 2648 531 2712 prudenti,
552 2662 605 2699 ut
626 2654 800 2701 Judaei³
823 2655 1017 2719 dicunt,
1043 2658 1245 2705 consilio
1263 2659 1458 2724 penitus
1474 2668 1746 2720 tacuerunt,
1767 2675 1830 2706 ne
1847 2659 1887 2706 si
1908 2657 1960 2706 id
1976 2674 2172 2723 quoque
2197 2656 2327 2723 apud
2343 2658 2434 2705 He·-

292 2723 446 2774 braeos
468 2731 712 2793 praedicari
733 2735 936 2796 audiret,
960 2735 1204 2803 duplicem
1230 2738 1532 2788 divinitatem
1554 2756 1657 2787 esse
1681 2738 2083 2806 deprehenderet,
2109 2737 2273 2803 quod⁴
2293 2745 2435 2785 antea

293 2813 479 2854 tantum
497 2811 636 2858 unius
651 2815 739 2860 Dei
758 2815 913 2864 cultor
932 2818 1190 2881 exstiterat,
1210 2836 1300 2867 nec
1313 2829 1514 2887 propter
1529 2819 1835 2870 Platonicum
1854 2819 2032 2885 dogma
2048 2818 2110 2867 ab
2126 2818 2308 2866 unitate
2322 2817 2434 2865 Dei-

291 2885 398 2932 tatis
416 2887 702 2954 deviaverat,
729 2893 837 2942 licet
855 2896 924 2943 ibi
946 2897 1106 2961 plures
1125 2898 1356 2964 distingui
1372 2917 1604 2965 personas
1632 2900 1853 2964 audierit,
1880 2901 2028 2948 unius
2049 2909 2212 2948 tamen
2234 2897 2433 2946 Deitatis

290 2964 612 3030 singularitate
644 2982 843 3021 servata.
872 2976 993 3023 Hinc
1025 2978 1345 3042 Hieronymus
1374 2980 1581 3047 Prologo
1611 2983 1899 3030 Pentateuci
1926 2980 2147 3028 meminit
2177 2978 2369 3037 dicens,
2404 2993 2433 3025 a

334 3159 418 3192 ¹Lib.
437 3160 517 3203 vlll,
534 3172 607 3204 cap.
621 3173 658 3205 u,
679 3166 760 3208 Opp.
774 3172 815 3208 ,t.
835 3168 909 3211 Vll,
927 3172 989 3203 col.
1013 3173 1082 3207 199.
1101 3190 1142 3197 -
1157 3176 1169 3195 ²
1181 3174 1249 3207 Lib.
1268 3174 1317 3217 11,
1393 3177 1480 3216 gitur
1497 3177 1530 3208 in
1546 3176 1629 3210 Cod.
1645 3176 1727 3210 Vict.
1748 3181 1782 3209 et
1797 3176 1881 3209 Edit.
1902 3175 1998 3208 Amb.
2018 3175 2059 3207 Ut
2074 3174 2188 3207 videri
2210 3173 2433 3216 dicunaquae

288 3222 361 3255 cap.
375 3224 488 3249 xxviii.
507 3218 604 3260 Opp..
622 3222 635 3251 t
659 3217 718 3261 111,
733 3221 794 3254 col.
810 3225 979 3258 36.—³Sic
997 3226 1106 3260 Theol.
1124 3228 1248 3262 Christ.
1260 3229 1320 3261 Le·
1394 3229 1518 3262 nullum
1534 3239 1663 3263 sensum
1682 3231 1814 3263 habent.
1832 3228 2020 3262 —⁴Forsan
2039 3228 2114 3268 Qui-
