2638 3866
902 205 1249 258 THEOLOGIA
1295 206 1650 255 CHRISTIANA
1659 240 1670 253 .
2274 210 2327 256 54
2339 209 2369 256 9

207 322 310 355 non
353 304 596 353 immerito
642 303 941 368 tribuuntur,
989 323 1080 355 nec
1114 317 1277 357 tamen
1317 309 1483 357 omnia
1515 307 1664 357 verba
1706 308 1954 356 actionum
1990 307 2285 373 designativa
2320 310 2370 359 in

207 385 551 451 praedicatione
576 402 664 433 sua
684 385 749 434 ad
770 386 984 434 animam
1011 387 1298 437 referuntur.
1326 392 1492 454 Neque
1514 389 1646 436 enim
1670 405 1841 436 omnes
1864 389 2078 450 animam
2099 389 2368 452 ambulare,

209 467 288 531 vel
326 465 614 532 comedere,
656 466 743 529 sed
784 466 944 532 ipsum
982 468 1188 531 animal,
1225 479 1273 518 et
1307 479 1471 534 tamen
1506 469 1663 534 ipsam
1700 470 1942 518 actionem
1978 486 2075 535 qua
2107 471 2176 519 sic
2210 471 2373 531 anima

207 563 386 613 corpus
424 547 571 611 agitat
612 547 663 594 in
698 546 998 604 ambulando
1033 548 1110 596 vel
1144 540 1476 612 comedendo,
1520 558 1707 597 certum
1738 560 1807 598 est
1844 550 1935 598 soli
1969 551 2140 599 animae
2174 551 2328 601 inesse
2355 571 2367 600 z

208 645 314 693 quae
348 627 546 692 quidem
579 644 667 694 per
690 628 905 677 actiones
936 628 1152 677 ambulat
1184 640 1232 678 et
1253 631 1484 679 comedit.
1511 634 1621 679 Haec
1645 629 1796 679 verba
1826 630 2158 695 significantur
2188 632 2237 680 in
2270 634 2372 699 ipsa

211 710 391 768 anima,
415 707 532 756 dum
559 708 621 756 de
644 709 750 774 ipso
777 708 973 762 animali
992 709 1169 757 dicitur
1190 711 1325 775 quod
1349 711 1565 759 ambulat
1593 721 1641 759 et
1663 711 1876 775 comedit
1902 730 1913 759 τ
1937 712 2071 777 quod
2098 722 2168 761 est
2190 712 2367 776 dicere,

210 789 278 836 sic
310 789 470 855 ipsum
497 788 559 837 ab
592 789 754 836 anima
786 805 874 837 sua
905 790 1091 837 moveri
1124 801 1270 855 atque
1301 792 1494 856 agitari,
1527 802 1581 839 ut
1610 791 1764 840 solam
1795 792 2009 840 animam
2041 793 2091 839 in
2117 793 2212 840 hoc
2234 810 2374 859 agere

209 867 563 933 intelligamus,
607 879 653 923 et
693 885 872 936 corpus
912 871 1070 936 ipsum
1113 872 1298 935 agitari.
1339 875 1559 937 Cumque
1597 873 1761 938 itaque
1799 872 1900 920 haec
1937 871 2087 920 verba
2125 874 2374 926 actionum

210 950 383 998 animae
405 945 721 1015 significativa
747 950 884 999 nullo
906 951 1057 999 modo
1088 951 1150 1000 de
1183 968 1242 1000 ea
1270 952 1349 1000 cui
1384 952 1475 1000 soli
1503 953 1670 1000 insunt
1697 953 1771 1000 hae
1797 950 2028 1011 actiones,
2054 952 2375 1019 praedicabilia

211 1029 339 1091 sint;
377 1040 587 1096 nonest
622 1031 903 1080 mirandum
934 1032 973 1079 si
1002 1033 1053 1079 in
1090 1032 1243 1081 tribus
1275 1033 1451 1082 divinis
1486 1033 1724 1099 personis,
1759 1049 1873 1080 cum
1908 1033 1968 1079 sit
1999 1034 2272 1081 communis
2308 1035 2375 1083 eis

215 1110 341 1167 actio
359 1147 375 1172 ,
420 1111 481 1159 de
525 1128 622 1160 una
662 1129 830 1166 earum
875 1122 1038 1160 tamen
1079 1112 1294 1162 Verbum
1332 1114 1492 1180 ipsum
1538 1111 1807 1179 specialiter
1853 1112 2057 1176 dicatur,
2106 1115 2374 1162 secundum

210 1191 498 1256 quamdam,
537 1203 590 1241 ut
625 1192 859 1256 diximus,
897 1194 1206 1259 proprietatis
1238 1195 1389 1261 ipsius
1419 1211 1637 1260 personae
1675 1196 2052 1259 expressionem.
2077 1195 2224 1253 Quod
2259 1212 2374 1243 vero

211 1273 546 1337 opposuimus,
583 1283 785 1340 propter
821 1274 1188 1327 conclusionem
1224 1276 1385 1341 operis
1421 1273 1863 1342 comprobandam,
1891 1273 2052 1322 solum
2077 1278 2268 1324 Patrem
2291 1293 2374 1340 ge-

210 1368 380 1400 nerare
399 1390 411 1411 ‚
446 1353 568 1401 nihil
605 1354 806 1418 attinere
838 1354 1048 1415 videtur,
1088 1372 1201 1403 cum
1229 1355 1332 1404 haec
1358 1356 1623 1420 generatio,
1661 1371 1767 1420 quae
1793 1364 1971 1403 aeterna
2001 1364 2089 1417 est,
2118 1372 2241 1422 opus
2272 1373 2375 1404 non

209 1432 271 1480 sit
292 1432 492 1499 aliquod
515 1444 599 1482 aut
622 1434 784 1499 aliqua
809 1436 987 1483 creatio
1010 1436 1115 1484 Dei.

276 1515 504 1581 Superest
541 1525 756 1578 extrema
789 1515 1019 1582 objectio,
1050 1532 1147 1581 qua
1180 1516 1360 1564 scilicet
1391 1517 1675 1584 opponitur,
1702 1515 1834 1564 idem
1861 1532 1891 1564 a
1913 1532 1962 1563 se
1986 1517 2094 1581 ipso
2122 1516 2272 1575 nasci,
2300 1517 2375 1564 vel

209 1608 239 1641 a
269 1611 320 1642 se
343 1595 625 1659 procedere,
659 1596 796 1661 quod
828 1606 958 1645 recte
982 1597 1155 1662 discuti
1181 1614 1284 1645 non
1318 1597 1464 1658 valet,
1493 1597 1584 1644 nisi
1608 1613 1715 1661 quae
1740 1597 1800 1644 sit
1823 1595 2103 1661 hujusmodi
2133 1597 2376 1660 generatio

212 1674 289 1722 vel
312 1676 557 1740 processio
582 1676 979 1727 determinemus.

276 1757 341 1821 Ac
364 1757 580 1822 primum
608 1757 670 1806 de
696 1758 1007 1823 generatione
1030 1758 1337 1819 disseramus,
1367 1756 1491 1805 nihil
1520 1756 1721 1822 quidem
1749 1755 1839 1804 sub
1859 1757 2119 1805 assertione
2147 1756 2379 1805 docendae

209 1836 421 1886 veritatis
452 1847 748 1901 astruentes,
783 1848 838 1887 ut
872 1838 985 1887 satis
1015 1855 1161 1904 supra
1191 1838 1527 1905 meminimus;
1563 1837 1648 1886 sed
1683 1836 1773 1885 sub
1806 1836 2021 1907 quadam
2053 1838 2134 1904 pia
2165 1837 2381 1885 similitu·

210 1915 336 1965 dinis
369 1916 563 1977 umbra,
603 1935 753 1983 quam
787 1935 881 1967 nos
902 1919 1085 1967 Veritas
1112 1917 1298 1980 docuit,
1334 1918 1667 1966 defendentes.
1706 1919 1815 1968 Non
1852 1918 1983 1965 enim
2013 1917 2111 1965 hoc
2143 1918 2378 1984 opusculo

208 1997 460 2054 veritatem
493 1999 689 2062 docere,
725 2000 810 2048 sed
843 1999 1107 2048 defendere
1135 1999 1451 2061 intendimus,
1485 2000 1693 2047 maxime
1724 1999 1953 2047 adversus
1974 1998 2378 2064 pseudophiloso-

210 2076 363 2146 phos,
396 2080 482 2143 qui
512 2096 603 2128 nos
627 2080 980 2146 philosophicis
1008 2081 1221 2128 maxime
1249 2079 1520 2128 rationibus
1549 2079 1910 2145 aggrediuntur.
1942 2077 2082 2125 Unde
2104 2087 2151 2125 et
2179 2094 2269 2126 nos
2292 2095 2380 2143 per

209 2158 432 2221 easdem,
460 2161 640 2207 scilicet
657 2160 1022 2227 philosophicas
1045 2161 1257 2209 rationes
1271 2198 1285 2221 ,
1310 2176 1430 2225 quas
1453 2159 1580 2209 solas
1603 2160 1844 2225 recipiunt
1861 2195 1873 2218 ,
1901 2168 1949 2206 et
1971 2157 2149 2223 quibus
2171 2174 2263 2226 nos
2289 2159 2379 2206 im·

210 2248 403 2303 petunt,
430 2241 497 2287 eis
521 2241 764 2306 praecipue
786 2241 1055 2289 satisfacere
1079 2240 1400 2303 decrevimus,
1418 2240 1730 2289 defendendo
1756 2239 2007 2287 veritatem
2026 2239 2204 2304 potius,
2231 2255 2378 2304 quam

212 2321 457 2371 docendo.
482 2324 630 2383 Quod
661 2325 701 2372 si
727 2325 847 2373 mihi
879 2324 1098 2373 fidelium
1123 2325 1380 2390 quisquam
1414 2325 1626 2390 objiciat,
1658 2326 1759 2389 jam
1789 2340 1882 2372 nec
1915 2323 2190 2371 doctrinam
2223 2338 2379 2370 meam

213 2419 304 2465 nec
330 2403 664 2453 defensionem
697 2407 1016 2467 necessariam
1048 2422 1167 2468 esse,
1198 2416 1310 2472 post
1339 2415 1413 2454 tot
1433 2406 1659 2454 videlicet
1680 2415 1728 2453 et
1756 2414 1890 2469 tanta
1918 2413 2197 2452 sanctorum
2225 2403 2381 2451 docu-

213 2493 378 2533 menta
404 2502 415 2532 :
442 2501 615 2534 verum
643 2486 856 2534 fortassis
885 2486 1004 2534 dicit
1032 2496 1272 2551 quantum
1292 2486 1358 2534 ad
1386 2486 1658 2534 doctrinam
1674 2524 1687 2548 ,
1721 2502 1824 2534 non
1855 2493 2095 2551 quantum
2119 2483 2183 2530 ad
2211 2483 2378 2531 defen-

214 2563 404 2627 sionem
422 2602 433 2613 .
487 2568 612 2615 Cum
658 2567 790 2614 enim
830 2568 1163 2632 unusquisque
1201 2568 1251 2615 in
1292 2584 1434 2615 sensu
1474 2583 1563 2615 suo
1605 2564 1848 2626 abundet,
1889 2574 1937 2612 et
1976 2580 2066 2630 pro
2107 2563 2378 2611 diversitate

214 2642 475 2695 hominum
492 2647 571 2694 vel
588 2657 885 2713 temporum,
914 2665 1054 2696 novae
1074 2648 1294 2713 quotidie
1318 2648 1607 2713 quaestiones
1626 2646 1704 2695 vel
1722 2645 2113 2711 impugnationes
2138 2644 2375 2703 oriantur,

217 2725 356 2771 novis
381 2727 599 2790 quotidie
628 2727 898 2776 rationibus
925 2728 1245 2776 resistendum
1272 2737 1412 2792 puto,
1450 2738 1497 2776 et
1533 2728 1672 2774 novis
1694 2724 2022 2774 exorientibus
2045 2723 2228 2772 morbis
2249 2739 2378 2771 nova

216 2807 475 2869 quaerenda
502 2807 735 2855 remedia.
765 2809 929 2856 Potuit
951 2818 1116 2871 autem
1150 2806 1273 2867 fieri,
1310 2808 1434 2854 utin
1464 2807 1676 2871 antiquis
1709 2804 2010 2870 temporibus
2037 2803 2193 2851 sancti
2220 2806 2380 2851 Patres

217 2901 275 2933 ea
297 2902 405 2950 quae
428 2895 544 2933 tunc
571 2886 804 2934 adversus
827 2886 1118 2935 catholicam
1147 2885 1296 2934 fidem
1328 2887 1514 2952 opponi
1543 2885 1785 2945 audirent,
1812 2885 1952 2933 rectis
1975 2883 2212 2931 diluerent
2234 2883 2378 2931 ratio·

217 2966 379 3029 nibus,
413 2976 462 3014 et
489 2967 581 3015 illis
603 2984 728 3032 quos
751 2978 867 3016 tunc
896 2968 1188 3016 invenerunt
1214 2966 1398 3030 morbis
1418 2966 1753 3026 mederentur3
1781 2981 1878 3014 non
1906 2965 1983 3013 his
2016 2980 2140 3030 quos
2163 2963 2381 3029 quotidie

217 3057 568 3103 succrescentes
603 3047 828 3096 nondum
862 3048 1075 3139 fortassis
1109 3046 1548 3113 deprehenderant.
1584 3049 1873 3113 Quousque
1895 3046 2027 3093 enim
2066 3044 2229 3110 paleas
2267 3060 2378 3091 cum

219 3206 372 3256 homo
404 3209 790 3276 superseminare
823 3209 1004 3257 zizania
1038 3209 1257 3270 cessabit,
1290 3209 1447 3256 donec
1483 3208 1637 3257 inde
1625 3226 1676 3255 1n
1710 3208 1806 3255 fine
1836 3207 1995 3255 saeculi
2023 3222 2257 3254 messores
2291 3208 2379 3250 An-

222 3288 314 3351 geli
339 3291 428 3337 Dei
453 3290 634 3359 zizania
651 3290 896 3355 colligant,
920 3299 969 3338 et
990 3290 1040 3338 in
1065 3289 1315 3338 fasciculos
1337 3290 1388 3337 in
1411 3290 1574 3354 ignem
1597 3305 1790 3338 arsuros
1812 3289 2026 3347 mittant3
2053 3303 2154 3334 non
2177 3292 2378 3352 possunt
