2638 3866
215 289 312 338 322
1016 289 1183 337 PETffl
1220 289 1532 339 ABAELARDI

216 389 289 436 vel
313 389 528 454 operatio
551 403 786 454 perversa.
817 391 1104 436 Potestatem
1126 389 1305 454 quippe
1324 406 1352 436 a
1371 392 1473 437 Deo
1498 391 1755 455 accipiunt,
1781 406 1810 436 a
1833 406 1883 436 se
1907 405 2021 437 vero
2048 390 2343 437 voluntatem

216 468 390 517 malam
410 468 607 516 habent.
635 466 774 515 Unde
795 476 842 516 et
856 468 1023 533 iniquo
1044 468 1194 516 Pilato
1212 469 1397 517 Veritas
1414 470 1501 517 ait1
1525 488 1536 517 z
1567 489 1588 514 «
1612 471 1714 519 Non
1736 469 1936 518 haberes
1959 470 2009 517 in
2034 485 2111 517 me
2137 465 2342 534 potesta-

215 558 327 608 tem,
365 550 455 596 nisi
486 548 652 596 datum
682 547 768 596 tibi
791 558 914 598 esset
940 549 1162 615 desuper.
1185 551 1209 595 ›'›
1236 553 1294 598 Et
1320 549 1544 598 diabolus
1575 551 1625 599 in
1649 549 1783 599 nullo
1804 550 1998 616 aggredi
2024 548 2115 597 Job
2137 558 2342 615 poterat,

213 626 369 676 donec
392 627 533 692 hujus
555 629 801 694 potestatis
826 630 1020 678 licentia
1039 629 1131 678 sibi
1159 646 1188 678 a
1207 630 1311 678 Deo
1334 646 1579 679 concessa.
1616 649 1640 677 «
1662 633 1779 690 Quae
1800 640 1962 680 autem
1984 639 2095 678 sunt
2118 639 2145 678 a
2170 622 2292 688 Deo,
2317 649 2339 672 ι,

213 707 389 755 50111001
422 708 654 772 instituta,
680 709 762 758 sed
789 727 890 758 non
915 720 1078 759 tamen
1108 710 1355 776 permissa.
1384 714 1505 760 Nam
1527 721 1575 760 et
1597 721 1793 778 peccata
1813 714 1943 760 Deus
1965 712 2066 776 ipse
2086 703 2340 776 permittit,

211 802 308 833 non
328 787 548 837 instituit.
570 809 592 834 κ
611 789 846 839 Ordinata
865 801 1028 854 sunt,»
1048 791 1099 839 id
1114 801 1185 839 est
1198 792 1544 842 rationabiliter
1556 793 1784 841 instituta.
1807 794 2005 858 «Itaque
2021 790 2121 856 qui.
2137 809 2161 835 »
2177 792 2346 848 Quan-

211 866 474 932 doquidem
504 871 662 918 omnis
684 881 895 937 potestas
917 889 946 921 a
966 875 1070 920 Deo
1099 882 1171 920 est
1199 874 1427 922 instituta.
1460 893 1484 920 «
1498 875 1873 922 Damnationem
1900 864 2120 938 acquirit,
2146 891 2170 916 x>
2196 870 2248 918 id
2276 881 2346 918 est

212 945 305 994 hoc
327 948 547 998 faciendo
571 950 789 999 damnari
811 962 1074 1015 merentur,
1098 954 1211 1018 quia
1235 957 1338 1002 Deo
1362 954 1521 1020 potius
1546 970 1694 1018 quam
1714 953 1907 1002 homini
1929 952 2168 1000 resistunt.
2203 950 2343 997 Aliud

210 1036 279 1074 est
300 1038 461 1077 autern
485 1032 702 1079 resistere
724 1032 968 1096 tyrannidi
989 1033 1101 1081 mali
1126 1033 1321 1099 praelati,
1341 1034 1474 1082 aliud
1494 1035 1630 1098 justae
1654 1034 1755 1098 ejus
1773 1033 1998 1100 potestati
2019 1047 2166 1097 quam
2189 1045 2218 1078 a
2240 1032 2343 1077 Deo

209 1111 430 1174 suscepit.
468 1113 589 1160 Cum
621 1113 749 1160 enim
790 1113 972 1178 aliquid
1006 1131 1092 1180 per
1124 1115 1405 1163 violentiam
1442 1116 1539 1179 agit
1572 1114 1707 1179 quod
1737 1113 1802 1162 ad
1837 1114 1939 1179 ejus
1975 1121 2260 1179 potestatem
2297 1120 2345 1158 et

208 1188 562 1240 institutionem
584 1210 685 1241 non
715 1194 939 1260 pertinet,
969 1194 1188 1260 profecto
1211 1212 1324 1243 cum
1346 1196 1390 1243 ei
1413 1196 1462 1243 in
1487 1194 1585 1243 1100
1616 1195 1897 1254 resistimus,
1924 1191 2170 1258 tyrannidi
2194 1191 2343 1255 magis

208 1286 352 1334 quam
375 1277 598 1338 potestati
621 1276 891 1340 obviamus,
918 1277 1108 1325 homini
1132 1278 1292 1344 potius
1316 1294 1463 1343 quam
1492 1280 1596 1326 Deo
1623 1295 1634 1324 :
1663 1277 1777 1342 quia
1802 1271 1898 1324 hoc
1923 1293 1981 1324 ex
2005 1292 2055 1323 se
2079 1274 2340 1341 praesumit,

206 1367 304 1398 non
328 1369 384 1400 ex
409 1357 512 1404 Deo
536 1358 646 1421 agit.
674 1358 882 1417 Quando
905 1375 1020 1405 vero
1045 1359 1094 1406 in
1124 1357 1201 1406 bis
1224 1357 1289 1407 ad
1311 1375 1416 1423 quae
1432 1356 1649 1421 ‘legitime
1670 1357 1956 1405 constitutus
1987 1366 2058 1404 est
2089 1356 2132 1402 ei
2168 1355 2342 1402 resisti-

204 1447 330 1494 mus,
355 1443 468 1483 tunc
493 1440 716 1503 potestati
746 1439 1055 1487 centraimus.
1088 1459 1112 1483 c
1133 1441 1254 1487 Nam
1288 1439 1547 1505 Principes,
1571 1459 1594 1482 n
1625 1437 1675 1485 id
1711 1448 1782 1485 est
1810 1453 1981 1485 eorum
2007 1444 2218 1502 potestas
2241 1450 2341 1481 non

204 1521 275 1558 est
309 1514 522 1565 timenda
554 1518 629 1566 his
657 1520 740 1583 qui
769 1520 892 1568 bene
920 1529 1199 1586 operantur,
1229 1519 1313 1567 sed
1345 1519 1486 1568 male.
1519 1517 1665 1577 Quod
1699 1518 1858 1566 statim
1891 1515 2100 1564 ostendit
2135 1515 2300 1563 dicens
2328 1532 2337 1558 :

209 1613 229 1634 «
250 1594 331 1641 Vis
350 1614 371 1640 »
402 1606 454 1644 tu
477 1599 662 1664 aliquis,
690 1619 712 1646 «
730 1617 830 1648 non
854 1601 1021 1648 timere
1042 1611 1366 1666 potestatem»
1394 1601 1555 1666 potius
1580 1616 1730 1664 quam
1754 1598 2007 1646 hominem
2024 1632 2038 1658 ,
2063 1596 2191 1645 bene
2227 1610 2342 1660 ope—

206 1689 325 1736 rare,
357 1686 405 1724 et
431 1679 677 1742 parcendo
714 1680 799 1728 tibi
834 1680 1124 1747 approbabit
1162 1698 1310 1747 opera
1344 1691 1444 1743 tua,
1483 1692 1531 1728 et
1570 1690 1615 1728 te
1653 1679 1778 1727 bene
1815 1695 1955 1743 agere
1994 1675 2338 1726 testificabitur.

210 1773 230 1796 <r
252 1755 477 1805 Gladium
505 1762 689 1824 portat,
711 1780 735 1804 >›
772 1761 823 1809 id
858 1771 926 1809 est
958 1778 1059 1809 non
1096 1761 1483 1809 irrationabiliter
1520 1760 1584 1808 ad
1621 1759 1944 1807 occidendum
1983 1758 2128 1806 etiam
2163 1766 2235 1804 est
2269 1757 2344 1819 in-

203 1844 426 1900 structus,
464 1840 576 1903 quia
604 1840 825 1889 videlicet
846 1840 906 1889 ‘in
942 1841 1036 1889 hoc
1069 1844 1173 1888 Deo
1206 1840 1431 1902 deservit,
1466 1841 1551 1905 qui
1582 1856 1726 1905 super
1754 1839 1851 1886 hoc
1884 1833 1999 1886 eum
2033 1837 2253 1895 instituit,
2292 1846 2344 1883 ut

202 1915 413 1967 vinceret
442 1921 584 1969 mala.
622 1924 681 1969 Et
711 1922 806 1970 hoc
841 1932 911 1970 est
944 1941 954 1970 :
988 1942 1011 1967 «
1031 1923 1120 1970 Dei
1142 1920 1299 1983 enim,
1338 1918 1430 1969 010.
1471 1920 1647 1969 vindex
1682 1921 1734 1967 111
1771 1913 1911 1978 iram,
1934 1918 2034 1966 »id
2071 1910 2141 1965 est
2162 1916 2343 1964 'vindex

200 1996 452 2047 irascendo
486 2001 611 2050 male
638 2003 796 2066 agenti
829 2004 991 2068 potius
1027 2018 1173 2067 quam
1205 2002 1410 2063 homini,
1447 2001 1498 2049 id
1534 2010 1606 2048 est
1640 1999 1831 2048 malitiae
1862 1999 2024 2064 potius
2058 1998 2159 2061 ejus
2183 2001 2342 2061 'quam

199 2075 489 2128 substantiae.
523 2081 637 2130 Ideo
669 2083 782 2147 quia
815 2083 995 2130 scilicet
1025 2083 1243 2130 minister
1272 2091 1343 2129 est
1375 2083 1485 2143 Dei,
1521 2079 1802 2128 obedientes
1841 2079 1883 2126 ei
1921 2088 2074 2126 estote
2112 2086 2342 2141 tanquam

201 2158 321 2217 Dee,
353 2166 400 2206 et
433 2160 528 2209 hoc
562 2164 899 2223 «necessitate,
920 2164 943 2207 ’1)
977 2163 1028 2210 id
1055 2172 1127 2211 est
1151 2160 1242 2228 pro
1266 2162 1526 2210 vmanifesta
1553 2161 1769 2221 utilitate,
1802 2154 1949 2224 quarn
1983 2174 2041 2205 ex
2076 2157 2341 2205 ministerio

202 2238 472 2304 principum
495 2245 754 2309 percipitis,
784 2261 918 2292 «non
942 2244 1100 2292 solum
1125 2253 1325 2310 propter
1341 2244 1500 2290 iram»
1530 2247 1699 2289 eorum
1719 2239 1966 2300 scilicet,‘«
1978 2237 2064 2286 sed
2080 2232 2341 2303 et'propter

201 2320 541 2370 conscientiam
564 2324 798 2384 vestram,
823 2344 846 2370 »
873 2325 923 2372 id
951 2334 1021 2373 est
1050 2341 1150 2372 non
1174 2325 1333 2372 solum
1362 2333 1560 2389 propter
1590 2321 1923 2370 fortitudinem
1956 2318 2178 2367 vindictae
2211 2318 2341 2382 ipso-

199 2414 308 2445 rum
332 2402 415 2464 qui
440 2419 528 2450 nos
551 2404 883 2453 inobedientes
913 2405 1002 2452 sibi
1032 2406 1189 2452 statim
1220 2402 1464 2470 punirent,
1490 2419 1658 2450 verum
1680 2402 1825 2449 etiam
1852 2402 1964 2465 quia
1979 2394 2339 2462 'vobismetipsis

199 2482 379 2528 conscii
394 2483 612 2532 estis'eos
637 2485 775 2533 vobis
799 2482 1091 2534 necessarios
1108 2502 1210 2533 esse
1236 2485 1298 2532 ad
1328 2484 1559 2531 malitiam
1584 2480 1958 2546 reprimendam.
1983 2478 2134 2525 «Ideo
2153 2478 2335 2524 enim.»

200 2561 322 2616 Quia
354 2563 575 2612 videlicet
607 2567 671 2614 ita
706 2567 845 2614 vobis
881 2566 1135 2614 necessarii
1165 2574 1307 2625 sunt,
1347 2561 1639 2610 vindicando
1676 2560 1854 2609 seilicet
1892 2559 1952 2607 de
1983 2559 2058 2605 his
2095 2558 2177 2622 qui
2215 2556 2339 2603 male

200 2652 361 2702 agunt,
399 2654 450 2691 ut
483 2645 666 2694 dictum
694 2657 798 2709 est,
841 2643 1101 2694 «tributa»
1145 2645 1212 2693 eis
1244 2643 1538 2710 persolvitis,
1577 2662 1599 2685 (ι
1622 2643 1672 2688 111
1702 2641 1798 2688 1100
1828 2640 1936 2705 ipsi,
1959 2658 1983 2683 »
2023 2637 2203 2686 scilicet
2237 2638 2339 2683 Deo

202 2725 471 2788 servientes,
507 2727 641 2791 quod
671 2727 918 2775 vindicant
953 2726 1097 2787 mala,
1129 2736 1182 2773 ut
1203 2725 1267 2772 de
1295 2724 1392 2772 hoc
1417 2720 1690 2789 ipsoquod
1726 2720 1902 2768 tributa
1935 2718 2201 2782 suscipiunt
2237 2715 2339 2762 offi-

202 2803 328 2849 cium
359 2822 498 2853 suum
530 2808 729 2873 implere
761 2809 987 2867 valeant²,
1015 2806 1482 2872 quod'nequaquam
1504 2804 1605 2850 sine
1632 2801 1709 2849 his
1736 2799 1954 2865 expensis
1976 2806 2172 2863 possent
2203 2798 2339 2842 exer—

204 2886 328 2943 cere,
352 2894 396 2930 et
419 2886 526 2932 ideo
551 2887 662 2950 quia
678 2890 744 2934 sie
767 2888 947 2935 conscii
971 2888 1099 2949 estiS,
1124 2886 1201 2933 vel
1225 2877 1440 2949 quia‘hic
1466 2885 1529 2930 ita
1549 2886 1654 2930 Deo
1678 2881 1911 2928 militant.

274 2981 297 3005 «
318 2964 514 3011 Reddite
545 2967 636 3013 illis
668 2968 895 3014 omnibus
914 2975 1071 3031 »quae
1100 2983 1190 3031 pro
1219 2965 1315 3012 1100
1348 2964 1551 3012 debetis.
1581 2963 1712 3009 «Cui
1745 2960 2020 3008 tributum»
2046 2957 2224 3005 scilicet
2256 2955 2339 3002 de-

205 3042 339 3103 betis,
370 3044 687 3092 «tributum»
713 3046 915 3093 reddite.
941 3048 1203 3110 Origenes:
1238 3064 1260 3090 «
1277 3045 1471 3091 Tributa
1503 3055 1636 3091 terrae
1658 3036 2287 3105 vectigalia*negotiationis.
2312 3054 2334 3078 n

205 3125 389 3187 Haymo
412 3141 422 3169 ε
456 3144 477 3166 (ε
496 3125 583 3170 Cui
609 3125 842 3172 tributum
864 3125 1047 3172 debetis
1076 3124 1297 3184 reddere,
1321 3123 1505 3171 reddite
1532 3141 1542 3169 :
1571 3124 1692 3170 sicut
1715 3132 1759 3168 et
1790 3122 1891 3185 ipse
1911 3117 2136 3167 conditer
2162 3124 2252 3180 pro
2286 3132 2337 3190 50

205 3214 249 3249 et
270 3220 359 3267 pro
394 3207 532 3251 Petro
561 3204 826 3267 didragma.
854 3204 1107 3251 Tributum
1138 3202 1363 3250 dicitura
1391 3203 1610 3263 tribunis,
1640 3211 1686 3249 et
1708 3196 1913 3246 *Tribuni
1937 3213 1961 3244 a
1987 3196 2154 3256 tribus,
2190 3194 2337 3258 siqui-

249 3392 251 3399 *
271 3386 376 3427 Joan„
393 3396 462 3429 cap.
482 3397 549 3428 xm,
567 3398 597 3421 v.
620 3390 667 3423 11.
688 3408 724 3413 --
742 3390 859 3422 ²Amb.
882 3390 1042 3423 Valenles.
