2638 3866
215 239 311 287 380
1019 238 1180 285 PETRI
1215 235 1525 284 ABAELARDI

217 338 460 404 percipere
492 336 635 400 hujus
661 352 878 401 personae
902 336 1259 397 discretionem,
1285 353 1432 402 quam
1461 335 1702 400 condigne
1729 337 1935 402 cogitare
1971 347 2114 402 atque
2152 338 2213 386 ab
2247 339 2352 405 ipso

219 422 355 466 Patre
379 428 424 465 et
449 417 564 464 Filio
587 417 729 482 plene
774 416 1064 482 distinguere
1093 435 1192 466 non
1215 417 1497 466 sufficimus.
1520 417 1835 465 Tantumdem
1859 418 2002 466 etiam
2028 418 2150 467 valet
2172 419 2352 484 aliquid

217 517 243 547 a
278 502 381 546 Deo
417 499 673 562 excogitari
706 498 870 563 aliquo
909 499 1078 560 modo,
1120 517 1267 565 quam
1301 498 1421 546 illud
1454 514 1502 546 se
1539 498 1718 547 habere
1747 499 1828 546 illo
1863 499 2031 561 modo,
2058 499 2154 547 hoc
2188 510 2260 548 est
2288 501 2353 548 ita

218 579 446 627 veraciter
475 595 593 625 esse.
623 578 809 626 Deinde
833 581 991 627 statim
1026 580 1170 645 hujus
1203 580 1350 628 tertiae
1380 595 1616 645 personae,
1649 596 1796 644 quam
1827 580 2039 627 animam
2062 580 2234 627 mundi
2259 579 2354 645 col-

214 660 366 718 locat,
404 658 680 723 diligentem
712 659 906 708 adhibet
938 660 1329 726 descriptionem,
1369 676 1480 707 cum
1515 660 1728 708 animam
1762 660 1914 725 ipsam
1947 677 2003 707 ex
2036 659 2355 716 individuaet

215 739 598 787 incommutabili
629 740 892 789 substantia
924 743 1183 790 consistere
1218 741 1466 808 perhibet,
1494 757 1550 788 ac
1580 758 1741 788 rursus
1773 758 1829 788 ex
1859 740 2057 788 dividua
2086 741 2354 789 secundum

217 819 349 883 quod
387 820 566 868 scilicet
600 821 803 887 seipsam
842 822 1001 870 anima
1038 823 1257 871 scindere
1294 840 1382 888 per
1419 838 1625 888 corpora
1660 830 1871 887 putatur.
1911 823 2029 867 Nam
2068 830 2114 867 et
2154 821 2355 885 Spiritus

217 911 407 948 sanctus
438 912 485 948 et
519 902 567 948 in
606 902 762 967 seipso
802 903 1003 968 simplex
1034 904 1236 951 omnino
1276 903 1541 952 substantia
1577 911 1676 964 est,
1717 912 1764 949 et
1801 919 1856 949 ex
1896 911 2065 949 natura
2097 901 2355 950 divinitatis

217 982 418 1028 omnino
452 982 744 1031 invariabilis
784 994 927 1048 atque
972 984 1379 1032 incommutabilis
1420 986 1468 1032 in
1510 984 1665 1049 seipso
1703 992 2189 1048 perseve1·at,‘atque
2224 982 2352 1030 idem

216 1062 419 1127 Spiritus
453 1080 540 1128 per
573 1063 742 1111 effecta
775 1064 1025 1130 multiplex
1057 1065 1424 1129 quodammodo
1456 1074 1670 1126 vocatur,
1706 1074 1754 1112 et
1784 1073 1964 1128 septem
1999 1062 2199 1129 Spiritus
2230 1079 2354 1110 non-

217 1146 483 1208 numquam
518 1144 708 1206 dicitur‚
752 1144 1020 1193 secundum
1058 1146 1347 1212 septiformis
1383 1146 1541 1210 gratiae
1579 1162 1674 1192 suae
1708 1143 1970 1192 efficaciam
2008 1159 2019 1190 :
2062 1142 2192 1190 unde
2225 1153 2270 1196 et
2305 1144 2352 1190 in

216 1222 358 1270 laude
399 1222 571 1271 divinae
606 1225 858 1290 Sapientiae
889 1226 1091 1290 Spiritus
1127 1227 1229 1289 ejus
1265 1235 1312 1272 et
1350 1226 1519 1273 unicus
1554 1235 1601 1272 et
1631 1224 1878 1290 multiplex
1914 1234 1961 1271 et
1998 1224 2269 1271 discurrens
2309 1234 2356 1271 et

216 1302 395 1350 stabilis
423 1320 521 1351 esse
553 1304 853 1352 describitur.
892 1306 1016 1353 Dicit
1038 1307 1199 1370 itaque
1226 1306 1546 1371 Philosophus
1578 1306 1790 1353 animam
1820 1306 1973 1370 ipsam
2008 1321 2107 1352 esse
2142 1322 2198 1351 ex
2236 1304 2357 1352 indi-

216 1382 359 1430 vidua
395 1400 679 1449 semperque
722 1385 769 1432 in
813 1402 901 1433 suo
945 1396 1069 1433 statu
1106 1396 1442 1451 perseverante
1486 1385 1766 1434 substantia.
1817 1389 1979 1449 Itaque
2029 1385 2213 1433 anima¹
2251 1401 2356 1449 quae

214 1464 544 1529 inseparabilis
575 1482 737 1513 comes
772 1483 1064 1532 corporum,
1101 1484 1187 1533 per
1222 1466 1392 1514 eadem
1429 1483 1479 1514 se
1511 1483 1719 1533 corpora
1753 1466 1969 1514 scindere
1999 1475 2209 1531 putatur,
2245 1465 2356 1529 quia

214 1544 416 1608 Spiritus
448 1555 641 1592 sanctus
671 1555 718 1593 et
747 1546 1025 1611 hujusmodi
1061 1557 1147 1606 est,
1182 1547 1318 1612 quod
1339 1564 1392 1594 ex
1427 1564 1516 1595 suo
1550 1555 1693 1607 statu,
1726 1563 1871 1611 quem
1903 1547 1951 1593 in
1982 1546 2139 1611 seipso
2174 1562 2274 1592 non
2307 1546 2355 1592 in

213 1624 390 1671 effectis
415 1626 512 1672 suis
539 1625 705 1684 habet,
736 1629 937 1675 omnino
971 1628 1171 1693 simplex
1197 1638 1267 1676 est
1295 1638 1439 1693 atque
1468 1627 1892 1689 incommutabilis,
1921 1636 1968 1674 et
1991 1625 2357 1691 quodammodo

215 1704 463 1769 multiplex
489 1722 590 1752 esse
614 1707 882 1754 secundum
906 1708 1071 1756 effecta
1094 1719 1307 1773 putatur,
1337 1708 1472 1772 quod
1498 1718 1567 1755 est
1589 1708 1800 1773 seipsum
1822 1709 1871 1754 in
1896 1724 2102 1772 corpora
2121 1706 2355 1767 scindere,

212 1784 477 1832 secundum
517 1787 651 1850 quod
681 1788 784 1852 ipsa
817 1788 1038 1836 videlicet
1074 1790 1231 1837 anima
1265 1788 1596 1853 inseparabilis
1634 1804 1797 1834 comes
1826 1797 1895 1834 est
1928 1804 2210 1853 corporum,
2247 1803 2359 1834 cum

211 1863 338 1911 hanc
368 1864 546 1912 scilicet
575 1866 938 1932 multiplicitatis
970 1869 1223 1916 scissuram
1257 1869 1390 1915 nullo
1418 1868 1567 1915 modo
1598 1877 1831 1932 quantum
1856 1867 1916 1914 ad
1945 1868 2150 1933 seipsam
2180 1867 2359 1915 habere

213 1944 379 2008 possit,
416 1944 500 1992 sed
524 1946 835 1994 solummodo
867 1958 1105 2012 quantum
1134 1949 1195 1996 ad
1224 1949 1408 1996 effecta.
1437 1948 1634 2012 Egregie
1662 1964 1856 2012 quoque
1884 1947 2041 2012 putari
2072 1947 2255 1994 dictum
2288 1957 2359 1995 est

212 2033 256 2071 et
287 2041 387 2071 non
408 2032 527 2087 esse,
552 2027 664 2090 quia
684 2028 723 2074 si
742 2045 853 2075 vere
873 2045 929 2076 ac
947 2030 1143 2094 proprie
1162 2029 1437 2094 loquamur,
1465 2046 1565 2075 non
1585 2038 1655 2076 est
1669 2028 1772 2075 haec
1791 2027 2116 2093 multiplicitas
2132 2028 2352 2092 Spiritus,

210 2104 293 2150 sed
316 2105 600 2153 effectorum
626 2108 791 2172 ipsius,
818 2125 930 2155 cum
958 2126 1071 2156 eum
1090 2109 1310 2157 videlicet
1333 2110 1381 2156 in
1405 2109 1501 2156 hoc
1527 2125 1627 2155 uno
1650 2108 1964 2173 multiplicem
1986 2107 2222 2166 dicamus,
2245 2108 2358 2172 quia

210 2184 490 2250 multiplicia
525 2186 652 2248 facit,
691 2189 823 2252 quod
845 2198 925 2236 -est
960 2189 1128 2237 effecta
1161 2190 1261 2254 ejus
1293 2190 1442 2254 magis
1473 2206 1575 2236 esse
1606 2188 1809 2249 diversa,
1849 2204 1996 2252 quam
2032 2188 2206 2254 ipsum.
2237 2188 2359 2234 Cu'm

211 2266 369 2330 itaque
401 2266 462 2312 in'
480 2266 582 2332 ipsa
605 2268 767 2316 anima
799 2269 970 2317 mundi
998 2269 1246 2318 individua
1275 2279 1322 2318 et
1348 2269 1565 2329 dividua,
1593 2269 1692 2316 sive
1718 2277 1773 2314 ut
1801 2268 1985 2315 dictum
2016 2278 2087 2315 est
2111 2267 2281 2315 eadem
2313 2277 2360 2314 et

212 2345 397 2392 diversa
421 2349 664 2396 concurrit
688 2349 971 2412 substantia,
998 2350 1133 2398 addit
1150 2350 1226 2397 his
1251 2350 1444 2398 duobus
1468 2351 1514 2397 in
1538 2351 1639 2415 ipsa
1659 2349 1820 2396 anima
1844 2348 1936 2396 sibi
1962 2347 2359 2395 concurrentibus

212 2426 473 2490 quamdam
509 2428 765 2477 mixturam
799 2429 922 2477 effici
955 2447 1011 2477 ex
1040 2430 1294 2477 individuo
1332 2431 1508 2478 scilicet
1544 2440 1592 2477 et
1626 2429 1844 2489 dividuo,
1874 2429 1972 2476 sive
2007 2446 2060 2476 ex
2101 2428 2272 2475 eodem
2313 2437 2359 2475 et

213 2505 547 2568 diverso,'hoc
571 2519 640 2556 est
669 2510 1056 2558 incommutabili
1081 2520 1127 2557 et
1148 2510 1499 2558 commutabili.
1530 2498 1586 2556 ln*
1619 2526 1714 2574 qua
1741 2509 1935 2573 quidem
1952 2547 1964 2570 ‚
1992 2519 2045 2555 ut
2076 2509 2141 2554 ita
2163 2507 2321 2555 dicam
2341 2543 2354 2567 ,

214 2587 418 2634 mixtura
442 2589 645 2653 Spiritus
669 2591 820 2638 sancti
847 2592 1114 2657 proprietas
1140 2590 1390 2655 diligenter
1413 2600 1460 2637 et
1483 2591 1663 2654 integre
1687 2589 1879 2636 videtur
1914 2605 2158 2654 expressa,
2187 2597 2284 2635 tam
2308 2588 2355 2634 in

214 2667 369 2732 seipso
394 2669 591 2731 scilicet,
622 2687 769 2735 quam
795 2673 844 2718 in
875 2671 1069 2730 effectis,
1095 2681 1146 2718 ut
1166 2670 1350 2718 dictum
1371 2681 1460 2731 est,
1484 2670 1598 2717 suis.
1631 2669 1758 2717 Dicit
1781 2670 1942 2733 itaque
1971 2669 2083 2738 quia
2108 2671 2239 2715 Deus
2262 2667 2357 2715 hoc

217 2748 407 2794 tertium
447 2749 721 2798 substantiae
760 2768 910 2814 genus
951 2752 1033 2813 ita,
1076 2761 1129 2798 ut
1161 2751 1342 2799 dictum
1373 2761 1469 2814 est,
1500 2751 1730 2810 mixtum,
1770 2750 1946 2797 locavit
1985 2748 2199 2796 medium
2234 2748 2359 2795 inter

218 2836 469 2891 utramque
514 2830 859 2892 substantiam;
898 2831 1197 2879 individuam
1238 2831 1416 2879 scilicet
1450 2841 1498 2879 et
1535 2830 1812 2892 dividuam,
1853 2830 1967 2896 quia
2004 2846 2116 2876 cum
2154 2829 2214 2876 sit
2257 2829 2359 2893 ipse

218 2921 412 2970 quoque
443 2910 643 2973 Spiritus
663 2928 718 2958 ex
743 2915 847 2959 Deo
874 2920 1123 2976 tamquam
1146 2928 1203 2958 ex
1228 2911 1330 2976 ipso
1358 2910 1643 2977 procedens,
1673 2921 1930 2975 utrumque
1952 2900 2131 2957 horum
2165 2908 2225 2956 ab
2252 2909 2356 2974 ipso

217 2982 364 3032 babet
386 3003 413 3033 a
435 3004 532 3050 quo
566 3006 666 3037 esse
694 2991 841 3038 habet
868 3009 878 3038 ε
908 3001 956 3038 et
979 2991 1076 3038 hoc
1099 3001 1169 3038 est
1191 2990 1352 3038 dicere
1374 2991 1511 3055 quod
1535 2994 1662 3038 Deus
1684 2990 1859 3038 locavit
1889 2989 1986 3037 hoc
2007 2989 2165 3054 ipsum
2188 2987 2357 3035 animae

221 3080 369 3127 genus
405 3066 528 3114 inter
559 3079 757 3134 utraque
789 3072 1064 3136 supradicta
1095 3072 1231 3136 quasi
1261 3071 1477 3118 medium
1516 3088 1705 3131 eorum,
1742 3070 1837 3118 hoc
1868 3080 1939 3118 est
1962 3070 2162 3116 mixtum
2188 3083 2244 3114 ex
2269 3067 2353 3129 eis,

218 3158 274 3191 ac
307 3145 346 3191 si
377 3145 571 3208 diceret,
612 3151 747 3212 quod
783 3150 844 3198 ab
879 3152 984 3215 ipso
1019 3155 1141 3214 Deo,
1175 3169 1202 3200 a
1238 3167 1336 3216 quo
1373 3151 1477 3216 ipsa
1513 3161 1581 3198 est
1608 3151 1786 3211 anima,
1818 3160 1916 3197 tam
1945 3149 2039 3196 hoc
2068 3164 2214 3212 quam
2240 3147 2355 3217 illud

264 3334 269 3352 ¹
286 3331 339 3366 Sic
355 3333 528 3374 legendum
548 3333 750 3377 conjicimus.
766 3334 828 3377 Ap.
845 3335 989 3371 Martene
1002 3337 1120 3379 Itaque
1134 3347 1196 3379 per
1212 3338 1306 3379 alz'a5
1321 3339 1447 3374 lutrod.
1465 3340 1505 3373 ad
1521 3338 1634 3372 Theoi.
1650 3347 1762 3380 supra,
1779 3347 1812 3380 p.
1829 3340 1883 3372 38.
1899 3338 2048 3379 Itemque
2063 3336 2150 3370 alia.
