2638 3866
266 183 362 230 262
1071 178 1235 226 PETRI
1267 177 1579 227 ABAELARDI

264 286 383 332 mini
408 284 496 345 sui,
518 280 759 347 vapulabit
780 279 956 327 multis.
980 299 1004 325 »
1035 284 1152 327 {tem
1173 283 1185 305 ²
1212 298 1224 327 ε
1250 299 1274 323 α
1302 280 1471 329 Melius
1495 291 1566 328 est
1594 295 1696 328 non
1717 297 2009 346 cognoscere
2030 284 2156 332 viam
2179 287 2405 350 veritatis,

262 382 407 430 quam
431 374 540 430 post
559 362 766 426 agnitam
791 371 918 408 retro
940 361 1091 408 abire.
1113 381 1137 404 2>
1165 363 1293 408 Bene
1313 361 1475 426 itaque
1499 361 1683 408 dictum
1707 371 1795 422 est,
1826 383 1849 406 «
1872 363 2018 423 Absit,
2055 375 2109 413 ut
2140 365 2215 414 lex
2237 384 2409 433 pecca-

263 456 366 492 tum
383 446 456 504 sit,
479 465 501 488 »
527 443 577 490 id
595 453 680 503 est,
707 442 886 489 inutilis
907 452 953 490 et
971 443 1097 489 mala
1118 459 1175 489 ex
1194 458 1263 501 se,
1289 442 1374 490 sed
1398 452 1560 490 tamen
1579 443 1911 491 occasionem⁹
1932 447 2115 510 peccati
2138 448 2274 512 quod
2297 461 2408 500 ante

260 543 359 573 non
383 535 483 573 erat
507 541 563 571 ex
588 525 691 588 ipsa
712 523 1003 587 accepimus,
1033 523 1155 569 sicut
1179 539 1236 569 ex
1261 522 1511 570 nonnullis
1535 523 1678 570 honis
1713 539 1816 587 quae
1851 527 1980 572 Deus
2003 526 2103 586 dat,
2137 543 2260 593 saepe
2292 535 2409 579 co'n-

260 605 601 671 cupiscentiam
619 605 924 664 incurrimus,
952 604 990 650 si
1012 603 1086 650 his
1104 619 1352 650 careamus
1373 603 1479 651 :vel
1498 603 1793 669 superbiam,
1812 606 1848 652 si
1869 606 1972 671 ipsa
1994 606 2278 657 habeamus
2297 613 2404 659 Non

257 698 415 734 tamen
443 687 551 734 ideo
575 685 701 732 mala
735 694 846 732 sunt
870 685 973 750 ipsa
1010 683 1233 745 dicenda,
1269 684 1308 731 si
1337 684 1461 732 male
1495 685 1599 750 ipsa
1632 684 1975 749 desideremus,
2013 687 2091 735 vel
2130 689 2255 736 male
2290 691 2405 755 ipsis

255 778 465 815 utamur.
496 766 572 814 Sic
591 766 713 831 lege,
745 786 766 809 α
789 774 1056 830 peccatum,
1074 784 1097 808 2)
1124 764 1175 811 id
1199 774 1287 826 est,
1314 780 1459 830 poena
1489 775 1535 813 et
1566 765 1765 813 afflictio
1795 766 1936 830 hujus
1964 768 2071 815 vitae
2107 771 2401 835 temporalis,

256 865 401 914 quam
440 865 497 895 ex
532 847 675 912 culpa
708 847 927 912 priorum
963 855 1219 911 parentum
1253 846 1565 909 sustinemus,
1605 857 1806 913 operata
1833 857 1903 895 est
1936 848 1987 895 in
2023 849 2167 897 nobis
2206 867 2405 901 omnem

258 929 756 995 «concupiscentiam,
795 948 817 972 »
843 925 1171 990 quorumlibet
1201 925 1381 974 scilicet
1415 934 1722 975 terrenorum
1754 927 2014 989 bonorum,
2046 940 2100 976 ut
2121 947 2209 995 per
2232 948 2404 981 eorum

252 1010 471 1058 videlicet
492 1009 837 1057 abundantiam
863 1024 1059 1055 omnem
1080 1007 1387 1072 praesentium
1411 1024 1736 1056 aerumnarum
1752 1009 1982 1056 evitemus
2009 1011 2316 1059 anxietatem.
2344 1015 2404 1061 Et

251 1092 501 1157 quomodo
528 1091 578 1139 id
612 1099 810 1155 operata
838 1090 898 1137 sit
924 1078 1225 1137 demonstrat
1256 1088 1426 1137 dicens
1461 1108 1472 1136 ε
1511 1108 1535 1134 «
1565 1090 1775 1156 Accepta
1810 1091 2061 1139 occasione
2087 1108 2175 1156 per
2205 1093 2403 1142 manda·

251 1182 370 1235 tum,
401 1194 424 1217 ³>
451 1173 500 1220 id
525 1182 610 1234 est,
635 1188 722 1237 per
744 1171 860 1235 legis
883 1170 1210 1219 obedientiam
1232 1170 1334 1218 haec
1357 1181 1547 1219 terrena
1567 1171 1700 1219 bona
1729 1172 2069 1237 promittentis.
2101 1174 2247 1231 Quod
2270 1175 2401 1223 enim

249 1253 322 1300 lex
352 1264 552 1319 propter
583 1253 907 1301 obedientiam
933 1253 1006 1300 sui
1032 1251 1130 1299 hoc
1154 1252 1491 1318 promittebat,
1523 1268 1629 1300 non
1664 1252 1954 1302 videbamur
1979 1269 2204 1320 peccare,
2236 1271 2401 1320 quan-

246 1343 558 1398 tumcumque
595 1334 673 1381 illa
711 1333 1163 1399 concupisceremus
1182 1371 1194 1392 ,
1228 1334 1267 1380 si
1301 1333 1581 1398 requisitam
1623 1332 1951 1382 obedientiam
1984 1335 2394 1401 impenderemus.

245 1417 349 1462 Hoc
371 1425 532 1463 autem
558 1415 693 1481 quod
720 1415 817 1462 hoc
848 1415 959 1463 loco
983 1424 1237 1480 peccatum
1264 1415 1517 1476 nominat,
1540 1415 1704 1480 ipsum
1724 1416 1943 1464 fomitem
1966 1427 2013 1464 et
2043 1419 2399 1466 nutrimentum

242 1497 425 1560 peccati
459 1513 560 1543 esse
596 1497 833 1559 insinuat,
869 1496 930 1544 de
958 1512 1057 1561 quo
1085 1495 1229 1543 nobis
1263 1495 1313 1542 in
1352 1495 1658 1561 praecedenti
1689 1496 1851 1545 libello
1874 1499 1904 1558 ³,
1942 1513 2055 1545 cum
2083 1497 2145 1544 de
2177 1496 2398 1562 originali

242 1587 440 1640 peccato
464 1593 731 1641 ageremus,
763 1594 864 1625 non
892 1586 962 1624 est
985 1577 1375 1642 praetermissum.
1405 1597 1428 1622 «
1456 1577 1570 1625 Sine
1592 1577 1699 1642 lege
1720 1579 1868 1639 enim,
1903 1597 1926 1623 »
1950 1578 1999 1626 id
2023 1588 2110 1641 est,
2137 1588 2398 1643 antequam

241 1655 319 1704 lex
342 1666 578 1723 praecepta
602 1667 649 1705 et
671 1658 1013 1723 promissiones
1035 1658 1260 1705 auferret.
1290 1676 1314 1703 «
1342 1661 1603 1710 Peccatum
1629 1677 1653 1703 »
1679 1659 1822 1721 illud,
1848 1659 1900 1707 id
1930 1669 2001 1707 est
2031 1659 2186 1707 fomes
2213 1660 2317 1722 ille,
2344 1669 2398 1707 ut

242 1736 427 1786 dictum
452 1748 540 1800 est,
570 1740 772 1805 peccati,
803 1748 1080 1787 «mortuum
1102 1748 1220 1800 erat,
1248 1758 1271 1782 ι)
1296 1739 1384 1785 etsi
1409 1748 1537 1786 tunc
1562 1740 1706 1787 etiam
1729 1750 1846 1802 erat,
1873 1741 1988 1804 quia
2012 1741 2226 1787 minores
2248 1739 2398 1788 habe·

241 1817 326 1866 bat
354 1821 478 1868 vires
507 1820 569 1868 ad
600 1819 981 1868 exsuscitandam
1013 1819 1478 1885 concupiscentiam,
1511 1835 1658 1883 quam
1692 1830 1878 1886 postea.
1913 1823 2025 1879 Quo
2056 1821 2187 1868 enim
2222 1821 2399 1868 certius

240 1898 291 1946 id
312 1900 446 1963 quod
464 1900 791 1948 desideramus
807 1909 1154 1967 exspectamus,
1180 1901 1384 1966 amplius
1400 1900 1450 1947 in
1465 1900 1572 1964 ejus
1592 1901 2039 1966 concupiscentiam
2059 1900 2393 1963 accendimur,

241 1979 361 2028 sicut
383 1999 526 2048 supra
542 1983 868 2030 meminimus.
897 2002 921 2028 «
944 1985 1043 2046 Ego
1063 1991 1227 2031 autem
1245 1981 1468 2029 vivebam
1486 1982 1767 2047 aliquando.
1793 2003 1817 2026 »
1845 1982 1899 2030 Id
1932 1991 2004 2030 est
2032 1982 2197 2046 aliquo
2223 1981 2394 2043 modo,

240 2061 279 2107 si
297 2077 397 2109 non
423 2079 482 2110 ex
505 2072 626 2124 toto,
654 2073 811 2111 morte
834 2063 960 2111 illius
982 2063 1161 2112 fomitis
1191 2063 1433 2125 carebam,
1457 2073 1507 2110 et
1529 2064 1665 2127 quasi
1699 2064 1803 2111 sine
1838 2063 2232 2129 concupiscentia
2263 2077 2397 2110 eram

239 2141 300 2190 ad
335 2145 747 2210 comparationem
771 2144 1036 2193 subsecutae
1066 2155 1179 2211 post
1211 2145 1366 2209 legem
1397 2145 1815 2210 concupiscentiae.
1863 2165 1886 2190 «
1918 2144 2013 2192 Sed
2045 2161 2159 2192 cum
2192 2143 2398 2191 venisset

239 2225 539 2286 mandatum,
563 2245 587 2271 »
617 2227 722 2291 lege
757 2226 885 2289 data,
918 2247 941 2271 <c
962 2227 1132 2275 revixit
1153 2236 1430 2293 peccatum,
1462 2246 1484 2270 >³
1521 2225 1572 2273 id
1608 2235 1680 2273 est
1714 2234 1824 2291 post
1859 2234 2154 2291 praeceptum
2195 2223 2398 2273 invaluit

239 2307 642 2371 concupiscentia,
667 2308 744 2355 vel
767 2308 939 2356 revixit
962 2309 1013 2355 in
1041 2308 1179 2374 prole
1204 2307 1339 2373 quod
1371 2308 1621 2373 praecessit
1642 2307 1692 2354 in
1717 2317 1935 2373 parente,
1965 2306 2017 2354 id
2052 2315 2124 2353 est
2157 2304 2396 2370 concupi-

238 2385 416 2432 scentia
447 2386 512 2433 ita
538 2399 609 2436 est
642 2388 783 2437 nobis
815 2399 927 2455 post
952 2399 1248 2455 praeceptum
1282 2390 1505 2450 excitata,
1541 2389 1664 2435 sicut
1698 2389 1751 2436 in
1784 2388 1953 2454 primis
1976 2385 2261 2452 parentibus
2284 2394 2396 2450 post

235 2475 529 2531 praeceptum
566 2468 823 2530 inchoata;
852 2470 1116 2535 praesertim
1153 2487 1266 2518 cum
1302 2486 1428 2535 saepe
1469 2469 1612 2516 etiam
1644 2467 1893 2516 ardentius
1928 2465 2226 2514 desideretur
2259 2463 2394 2528 quod

235 2546 536 2611 prohibetur,
554 2549 691 2613 juxta
712 2549 834 2598 illud
859 2552 1106 2616 poeticum
1131 2553 1163 2613 ⁴,

593 2671 781 2715 Nitimur
801 2673 847 2715 in
868 2674 1049 2716 vetitum
1071 2687 1256 2732 semper,
1278 2672 1558 2733 cupimusque
1580 2682 1757 2732 negata.

242 2805 266 2831 u
284 2788 383 2851 Ego
405 2799 565 2837 autem
586 2777 806 2840 mortuus
830 2810 997 2842 sum.»
1025 2793 1120 2852 Qui
1141 2794 1274 2859 prius
1305 2793 1444 2859 quasi
1481 2792 1719 2852 infirmus,
1756 2806 1858 2839 non
1895 2799 2118 2838 mortuus
2155 2802 2305 2846 eram,
2345 2794 2393 2832 et

239 2868 372 2930 quasi
395 2871 720 2934 corrigendus,
743 2890 843 2921 non
868 2874 1203 2936 damnandus3
1225 2874 1554 2940 flagellandus,
1581 2888 1683 2920 non
1718 2871 2032 2932 occidendus,
2066 2869 2257 2917 minore
2292 2878 2392 2913 me·

238 2948 349 3006 ΓῙῐΟ,
372 2949 411 2995 δί
430 2966 525 3012 qua
547 2962 663 3012 erat,
690 2955 1081 3019 concupiscentia
1101 2955 1388 3003 stimulatus.
1420 2975 1443 2999 «
1469 2959 1528 3002 Et
1549 2956 1803 3002 inventum
1825 2962 1896 3001 est
1921 2952 2057 3000 mihi.
2083 2971 2107 2995 2>
2133 2949 2288 2997 Ideest
2308 2961 2389 2991 oc·

239 3028 429 3076 casione
452 3029 584 3093 legis,
608 3042 661 3079 ut
682 3034 866 3081 dictum
888 3044 974 3093 est,
1002 3050 1059 3083 ex
1081 3051 1179 3099 qua
1197 3034 1370 3083 melior
1392 3051 1493 3083 esse
1516 3035 1682 3097 debui,
1705 3035 1858 3083 factus
1870 3033 2137 3092 sumlonge
2157 3024 2384 3082 deterior,

282 3235 391 3269 ¹Petr.
418 3236 460 3277 11,
479 3246 550 3278 cap.
578 3246 614 3279 ιι,
637 3247 666 3271 v.
692 3241 742 3272 21.
763 3258 801 3263 -
822 3240 833 3258 ²
849 3240 930 3273 Male
955 3241 1051 3274 Amb.
1071 3241 1253 3274 occasione.
1272 3259 1310 3265 —
1326 3243 1337 3262 ³
1352 3241 1434 3274 Vide
1459 3251 1558 3282 supra
1582 3242 1639 3273 lib.
1664 3240 1691 3273 11
1715 3241 1851 3281 hujusce
1879 3236 2115 3274 commentarii,
2134 3244 2167 3276 p.
2184 3235 2245 3267 238
2262 3238 2383 3274 ersqq·

241 3307 279 3313 -
297 3291 309 3310 ⁴
327 3288 717 3334 ovid.Amor.‚lu,1v,
736 3302 766 3326 v.
792 3294 841 3327 17.

2525 301 2547 308 *-
