2638 3866
262 273 358 322 450
1067 272 1236 319 PETRI
1272 273 1586 321 ABAELARDI

263 374 352 420 nisi
379 389 468 438 pro
503 372 645 420 bonis
669 372 771 436 ejus
798 371 999 419 invidet.
1028 372 1168 421 Unde
1198 383 1244 421 et
1272 373 1460 422 Lucifer
1493 373 1573 423 ille
1602 374 1685 438 qui
1712 389 1854 422 mane
1877 372 2136 434 oriebatur,
2165 381 2306 421 tanto·
2333 373 2394 421 ad

261 453 637 520 superbiendum
670 453 872 518 pronior
903 453 1075 513 extitit,
1101 462 1284 519 quanto
1316 453 1486 503 ceteris
1515 455 1740 519 angelicis
1767 453 2011 522 spiritibus
2040 470 2128 520 per
2156 453 2396 518 sapientiae

262 534 336 581 vel
367 533 572 581 scientiae
603 533 865 581 claritatem
896 534 1115 599 superior
1146 535 1233 582 fuit
1260 553 1271 582 z
1297 552 1388 583 nec
1423 545 1584 585 tamen
1609 535 1719 584 ideo
1748 535 2031 601 sapientiam
2053 533 2128 581 vel
2150 533 2396 581 scientiam

262 613 321 660 de
351 613 532 660 naturis
558 630 739 675 rerum,
768 630 913 679 quam
936 631 963 663 a
984 617 1087 662 Deo
1110 623 1378 681 acceperat,
1401 617 1576 664 malam
1599 615 1695 664 dici
1716 615 1962 676 convenit,
1987 614 2098 662 licet
2123 613 2201 660 ille
2231 629 2397 678 super-

259 693 438 740 biendo
466 693 589 742 male
614 694 692 741 illa
725 711 839 742 usus
870 695 946 742 sit.
978 696 1055 743 Sic
1085 705 1132 743 et
1157 713 1269 744 cum
1298 695 1525 761 quislibet
1553 696 1614 744 de
1635 695 1941 762 philosophia
1969 693 2047 742 vel
2070 692 2290 741 doctrina
2319 708 2396 740 su-

259 772 439 838 perbit,
466 791 566 822 non
599 775 751 840 ipsam
775 776 970 840 culpare
992 776 1242 824 scientiam
1264 776 1523 837 debemus,
1551 786 1751 842 propter
1773 775 2056 840 adjunctum
2087 773 2287 834 vitium3
2312 771 2395 820 sed

261 854 644 920 unumquodque
676 855 946 903 secundum
977 873 1027 905 se
1056 857 1246 923 pensari
1271 858 1516 917 convenit,
1548 874 1611 905 ne
1639 857 1761 906 forte
1786 855 2041 904 indiscrete
2067 863 2262 918 agentes
2285 869 2398 919 pro-

260 933 500 999 pheticam
550 936 681 984 illam
727 936 1117 984 maledictionem
1164 937 1535 986 incurramus²:
1577 956 1597 982 «
1619 939 1698 984 Vae
1747 935 1822 984 his
1862 936 1946 1000 qui
1998 935 2167 982 dicunt
2211 928 2397 980 bonum

261 1015 440 1062 malum
465 1025 512 1062 et
544 1015 726 1064 malum
751 1016 957 1077 bonum,
989 1026 1226 1083 ponentes
1254 1018 1414 1065 lucem
1444 1016 1685 1079 tenebras,
1712 1026 1759 1065 et
1788 1015 2012 1063 tenebras
2039 1014 2214 1062 lucem.
2238 1031 2263 1058 »
2289 1015 2399 1060 Haec

258 1094 486 1143 adversus
522 1095 628 1144 illos
659 1096 786 1144 dicta
815 1097 1069 1158 sufficiant,
1102 1098 1186 1163 qui
1208 1115 1302 1146 suae
1324 1098 1572 1164 imperitiae
1595 1098 1820 1146 solatium
1851 1105 2143 1162 quaerentes,
2173 1110 2286 1142 cum
2310 1109 2400 1140 nos

260 1175 420 1241 aliqua
438 1176 499 1224 de
520 1176 869 1243 philosophicis
889 1178 1192 1228 documentis
1208 1180 1427 1245 exempla
1448 1179 1526 1227 vel
1551 1179 1886 1228 similitudines
1910 1177 2143 1226 inducere
2163 1174 2392 1232 viderint,

259 1256 435 1320 quibus
460 1256 651 1323 planius
673 1259 808 1322 quod
831 1260 1057 1307 volumus
1080 1259 1179 1321 fiat,
1206 1260 1365 1308 statim
1391 1259 1678 1326 obstrepunt
1701 1260 1837 1325 quasi
1859 1275 2001 1307 sacrae
2025 1256 2138 1305 fidei
2159 1266 2206 1303 et
2228 1253 2402 1302 divinis

261 1337 526 1384 rationibus
556 1338 667 1403 ipsae
698 1348 878 1386 naturae
915 1356 1074 1388 rerum
1106 1356 1132 1387 a
1158 1343 1262 1387 Deo
1294 1340 1599 1388 conditarum
1631 1340 1834 1388 inimicae
1866 1339 2160 1396 viderentur,
2196 1350 2399 1399 quarum

260 1415 478 1464 videlicet
512 1426 791 1465 naturarum
818 1420 1075 1467 maximam
1102 1435 1130 1467 a
1159 1422 1264 1467 Deo
1294 1421 1513 1485 peritiam
1547 1420 1637 1486 ipsi
1665 1430 1776 1468 sunt
1799 1437 1827 1468 a
1849 1423 1954 1468 Deo
1976 1415 2254 1485 philosophi
2286 1430 2403 1462 con·

260 1498 408 1545 secuti
436 1516 446 1545 z
486 1507 538 1545 ut
572 1515 684 1546 cum
723 1500 875 1547 sancti
917 1499 1140 1548 doctores
1172 1501 1508 1566 allegoriarum
1544 1501 1768 1565 mysteria
1800 1501 1848 1548 in
1881 1501 1996 1565 ipsis
2028 1498 2308 1546 animalium
2328 1494 2402 1542 vel

261 1578 583 1641 quarumlibet
611 1596 772 1627 rerum
797 1581 978 1628 naturis
1000 1581 1307 1646 investigent,
1331 1582 1467 1646 juxta
1490 1582 1707 1648 ipsorum
1728 1579 2133 1647 philosophorum
2165 1577 2290 1624 dicta
2316 1575 2404 1623 has

264 1659 521 1722 assignent,
557 1659 770 1708 dicentes
796 1661 994 1725 quidem
1021 1661 1150 1710 hanc
1183 1662 1327 1727 hujus
1362 1663 1438 1711 vel
1467 1663 1593 1711 illius
1627 1662 1696 1711 rei
1731 1678 1832 1716 esse
1868 1670 2108 1722 naturam,
2142 1658 2263 1706 sicut
2286 1655 2406 1722 phy·

265 1739 371 1786 sicae
395 1740 649 1805 scriptores
672 1740 988 1789 tradiderunt.
1018 1746 1071 1789 In
1097 1751 1284 1790 tantum
1317 1760 1432 1791 vero
1456 1743 1506 1791 in
1532 1743 1636 1809 ipsa
1661 1743 1842 1791 factura
1864 1757 1949 1789 sua
1972 1740 2235 1788 delectatur
2257 1739 2403 1796 Deus,

265 1828 317 1867 ut
349 1820 622 1885 frequenter
644 1822 755 1886 ipsis
790 1839 952 1870 rerum
987 1823 1169 1870 naturis
1200 1840 1319 1888 quas
1352 1823 1548 1884 creavit,
1587 1840 1637 1870 se
1668 1822 1862 1887 figurari
1898 1821 2046 1885 magis
2077 1835 2222 1883 quam
2249 1815 2406 1865 verbis

266 1901 440 1948 nostris
477 1919 582 1966 quae
615 1919 704 1950 nos
730 1903 1020 1951 confiximus
1047 1912 1130 1951 aut
1152 1904 1423 1952 invenimus
1454 1904 1655 1969 exprimi
1685 1902 1815 1962 velit,
1854 1911 1902 1950 et
1930 1901 2082 1965 magis
2111 1901 2212 1965 ipsa
2243 1914 2405 1945 rerum

267 1981 606 2042 similitudine,
657 1999 803 2048 quam
851 1983 1115 2031 verborum
1156 1994 1435 2033 nostrorum
1487 1983 1691 2048 gaudeat
1736 1983 2057 2049 proprietate,
2113 1988 2167 2027 ut
2203 1977 2265 2026 ad
2307 1978 2407 2025 elo-

265 2062 469 2125 quentiae
494 2072 795 2110 venustatem
824 2064 938 2129 ipsis
967 2080 1127 2112 rerum
1150 2065 1334 2113 naturis
1352 2065 1486 2129 juxta
1517 2065 1728 2129 aliquam
1750 2061 2112 2110 similitudinem
2134 2075 2225 2124 pro
2249 2056 2408 2105 verbis

266 2141 500 2206 scriptura
531 2143 665 2190 malit
692 2144 781 2206 uti,
816 2161 962 2209 quam
995 2145 1202 2210 propriae
1235 2146 1494 2194 locutionis
1524 2144 1844 2209 integritatem
1872 2142 2024 2207 sequi.
2059 2143 2212 2188 Nemo
2246 2138 2408 2202 itaque

266 2237 343 2269 me
377 2222 571 2288 culpare
602 2235 882 2288 praesumat,
922 2225 961 2271 si
1003 2225 1065 2272 ad
1107 2227 1415 2291 propositum
1450 2235 1671 2273 nostrum
1715 2221 2070 2278 ostendendum
2113 2221 2296 2285 aliquas
2333 2217 2407 2266 vel

267 2318 322 2348 ex
360 2301 501 2350 nobis
548 2303 624 2351 vel
672 2321 727 2352 ex
765 2304 1066 2371 philosophis
1104 2306 1441 2354 similitudines
1478 2305 1740 2365 induxem,
1780 2303 1957 2368 quibus
1995 2300 2178 2350 facilius
2222 2299 2408 2364 aperire

266 2382 399 2445 quod
435 2383 659 2432 desidero
697 2386 895 2451 possim.
929 2387 1170 2452 Scriptum
1208 2388 1387 2453 quippe
1420 2397 1519 2434 est:
1556 2390 1643 2434 Fas
1675 2395 1744 2433 est
1781 2394 1827 2432 et
1856 2383 1919 2432 ab
1953 2383 2092 2430 hoste
2130 2380 2318 2441 doceri,
2362 2389 2408 2427 et

272 2479 383 2510 cum
415 2465 735 2529 intelligentiae
771 2466 1066 2514 deservimus
1103 2466 1262 2514 modis
1303 2466 1531 2514 omnibus
1568 2464 1837 2513 curandum
1877 2473 1963 2520 est,
2004 2472 2058 2509 ut
2096 2459 2260 2524 quoad
2296 2474 2408 2524 pos-

267 2559 431 2591 sumus
465 2545 646 2592 facilius
674 2545 968 2594 studeamuS.
999 2546 1138 2594 Unde
1161 2556 1231 2594 est
1257 2546 1375 2594 illud
1405 2550 1456 2593 B.
1488 2545 1738 2610 Augustini
1765 2543 2020 2592 consilium
2048 2542 2097 2589 in
2124 2556 2174 2587 1v
2201 2538 2259 2585 de
2290 2542 2409 2585 Doc-

274 2625 400 2671 trina
431 2626 705 2673 Christiana
728 2626 813 2674 ubi
847 2627 1043 2692 quidem
1079 2627 1346 2675 christianae
1375 2626 1605 2674 doctrinae
1635 2625 1810 2673 modos
1835 2623 2087 2687 exequitur
2116 2637 2171 2668 ac
2196 2619 2365 2667 docet’
2394 2635 2403 2663 :

276 2725 297 2747 «
320 2708 426 2752 Non
461 2716 659 2754 curante
690 2707 791 2767 illo,
830 2708 1004 2773 inquit,
1041 2708 1123 2772 qui
1157 2708 1324 2767 docet,
1365 2717 1546 2772 quanta
1584 2706 1861 2771 eloquentia
1894 2704 2096 2762 doceat,
2123 2700 2207 2747 sed
2230 2707 2410 2764 quanta

269 2785 525 2833 evidentia.
561 2786 774 2851 Diligens
810 2789 1050 2853 appetitus
1084 2788 1346 2854 aliquando
1379 2787 1573 2853 negligit
1607 2786 1756 2835 verba
1791 2785 2011 2844 cultiora,
2046 2780 2178 2829 unde
2208 2780 2275 2826 ait
2307 2778 2412 2842 qui-

271 2862 399 2925 dam,
426 2883 538 2913 cum
567 2867 628 2914 de
660 2885 833 2931 genere
865 2868 947 2916 tali
974 2869 1263 2916 elocutionis
1292 2878 1471 2934 ageret,
1511 2885 1612 2916 esse
1648 2868 1697 2915 in
1729 2884 1789 2914 eo
1821 2864 2083 2930 quamdam
2117 2859 2410 2924 diligentiam

270 2945 601 3008 negligentem.
621 2968 644 2991 >³
664 2951 780 2995 Item
801 2967 810 2995 ε
833 2968 855 2994 «
873 2949 1000 3006 Quid
1014 2949 1143 2997 enim
1159 2950 1356 3015 prodest
1368 2949 1626 2997 locutionis
1640 2947 1902 3012 integritaS,
1920 2961 2066 3010 quam
2082 2958 2182 2989 non
2198 2938 2412 3003 sequitur

270 3023 538 3073 intellectus
567 3027 830 3075 audientis?
865 3046 978 3076 cum
1007 3030 1241 3095 loquendi
1276 3030 1478 3077 omnino
1506 3029 1637 3077 nulla
1667 3029 1725 3076 sit
1748 3043 1909 3087 causa,
1943 3022 2139 3089 siquod
2166 3019 2411 3084 loquimur

272 3119 373 3150 non
408 3104 694 3168 intelligunt,
719 3118 918 3173 propter
944 3127 1083 3173 quos,
1119 3120 1171 3157 ut
1202 3110 1494 3174 intelligant,
1522 3110 1784 3175 loquimur.
1809 3107 1903 3165 Qui
1935 3121 2048 3168 ergo
2080 3102 2224 3150 docet
2242 3098 2411 3146 vitabit

274 3182 421 3230 verba
442 3185 607 3232 omnia
631 3203 734 3249 quae
757 3204 854 3234 non
880 3188 1073 3236 docent.
1105 3210 1126 3233 »
1154 3193 1301 3238 Item:
1329 3210 1350 3234 α
1370 3191 1568 3254 Insignis
1593 3189 1766 3237 indolis
1789 3189 1837 3234 in
1861 3185 2017 3233 verbis
2040 3198 2208 3235 verum
2229 3194 2406 3238 amare,

318 3371 324 3389 ¹
341 3369 430 3410 lsai„
447 3379 517 3410 cap.
538 3380 568 3411 v,
585 3380 615 3402 v.
635 3373 687 3405 20.
708 3390 745 3395 —
763 3374 773 3391 ²
788 3373 859 3405 Lib.
874 3372 927 3413 lv,
942 3383 1011 3415 cap.
1033 3383 1052 3407 x
1073 3380 1105 3408 et
1117 3384 1165 3416 sq.
