2638 3866
304 170 399 219 458
1106 168 1279 215 PETRI
1313 165 1630 214 ABAELARm

304 267 514 316 Ecclesia
532 268 631 332 jam
654 267 702 314 in
721 264 1120 314 consuetudinem
1139 265 1292 324 duxit,
1312 273 1365 311 ut
1384 280 1508 328 quos
1531 265 1581 311 in
1603 262 1883 311 cathedram
1905 263 2034 311 beati
2053 265 2179 312 Petri
2196 264 2439 327 sublimat,

303 348 503 396 nomina
521 348 587 396 eis
611 356 780 394 mutet.
807 346 975 395 Saulus
998 355 1157 394 autem
1179 345 1314 410 quasi
1354 361 1383 391 a
1420 344 1560 391 Saule
1584 353 1724 392 antea
1753 343 1909 391 dictus
1937 354 2061 406 erat,
2085 347 2168 409 qui
2190 345 2251 393 de
2274 345 2443 394 eadem

304 427 431 475 tribu
447 465 458 487 ‚
487 427 537 474 id
572 437 642 475 est
661 427 723 475 de
746 420 992 492 Benjamin
1019 436 1121 474 erat
1137 463 1150 488 ,
1178 435 1226 473 et
1249 426 1298 472 in
1320 425 1652 490 persecutione
1683 423 1899 471 fidelium
1926 422 2117 472 Saulem
2138 425 2442 483 imitabatur,

303 509 386 573 qui
408 507 563 556 David
585 517 632 555 et
654 524 767 555 suos
786 506 1188 573 persequebatur,
1212 505 1332 552 sicut
1346 505 1434 552 iste
1456 503 1702 552 Christum
1725 513 1869 568 atque
1891 504 2109 553 membra
2131 505 2250 569 ejuS.
2277 506 2367 554 Cui
2383 505 2444 554 ab

302 589 407 653 ipso
435 587 640 635 dictum¹
662 606 672 633 z
695 607 718 632 «
742 588 905 647 Saule,
928 586 1089 647 Saule,
1117 586 1234 650 quid
1259 602 1335 632 me
1354 584 1690 650 persequeris?
1715 603 1738 629 »
1766 587 1900 632 Teste
1920 594 2081 633 autem
2103 585 2399 650 Hieronymo
2411 589 2441 646 ³,

302 668 422 715 sicut
443 667 592 716 Jacob
615 669 665 715 in
690 677 904 715 nostram
926 668 1138 731 linguam
1163 666 1444 715 translatum
1466 664 1673 713 Jacobus
1690 665 1863 712 dicitur
1879 703 1892 727 ,
1919 675 1966 714 et
1987 665 2165 731 Joseph
2188 665 2443 732 Josephus‚

303 750 367 796 ita
392 757 440 795 et
470 749 581 796 Saul
598 764 737 796 -nunc
759 748 931 796 Saulus
953 748 1129 795 dicitur
1146 785 1158 808 ,
1186 756 1416 811 tanquam
1451 747 1510 793 sit
1541 745 1863 810 trissyllabum
1899 762 2104 807 nomen,
2135 763 2249 794 cum
2285 755 2446 794 tamen

303 845 388 894 per
400 828 743 894 diphthongon
758 829 974 894 proferre
994 829 1151 894 ipsum
1165 827 1478 891 bissyllabum
1500 826 1755 874 soleamus.
1776 826 1978 874 Videtur
1998 828 2144 875 etiam
2155 827 2291 892 quasi
2305 826 2447 875 dimi-

303 909 523 956 nutivum
542 926 644 957 esse
667 925 694 957 a
716 910 827 957 Saul
851 909 1021 957 Saulus
1035 946 1047 970 ,
1070 908 1193 956 sicut
1214 923 1243 956 a
1265 910 1289 954 J
1294 908 1374 955 ulo
1391 907 1559 955 Julius.
1585 908 1716 955 Sicut
1737 917 1898 956 autem
1918 907 2032 955 Saul
2048 908 2208 973 primo
2230 906 2444 969 humilis,

303 999 470 1054 postea
489 988 722 1055 superbus
741 989 891 1036 factus
913 998 1005 1047 est;
1030 988 1095 1035 ita
1118 988 1199 1036 hic
1223 1004 1249 1035 e
1272 989 1515 1036 contrario
1536 989 1695 1053 primo
1710 988 1952 1053 superbus
1969 997 2017 1035 et
2036 988 2272 1036 maximus
2291 986 2450 1035 Eccle-

304 1069 382 1116 siae
405 1079 705 1135 persecutor,
733 1083 864 1116 nunc
887 1067 1080 1128 Paulus,
1107 1069 1157 1116 id
1180 1078 1251 1116 est
1274 1084 1361 1134 per
1383 1068 1704 1116 humilitatem
1731 1053 1831 1134 jam
1869 1068 2091 1116 modicus
2126 1068 2225 1115 sive
2260 1067 2449 1132 quietus

304 1149 586 1214 appellatur.
618 1153 736 1197 Nam
757 1150 894 1214 juxta
917 1149 1251 1212 Augustinum,
1279 1149 1453 1197 Paulus
1478 1150 1645 1198 Latine
1669 1149 1889 1197 modicus
1916 1157 2073 1197 sonat.
2102 1146 2243 1195 Unde
2265 1157 2312 1195 et
2336 1146 2451 1195 dici-

303 1245 429 1287 mus,
455 1248 479 1274 «
500 1228 752 1277 Paululum
774 1238 1011 1295 exspecta,
1042 1247 1065 1274 »
1091 1229 1142 1277 id
1164 1239 1234 1277 θεῖ
1254 1229 1519 1278 modicum.
1548 1233 1798 1289 Quantum
1814 1245 1929 1277 vero
1949 1227 2147 1277 humilis
2165 1228 2267 1293 ipse
2290 1227 2446 1288 fuerit,

305 1308 418 1356 audi
443 1309 504 1356 ab
529 1310 634 1374 ipso
656 1328 666 1357 z
691 1330 714 1354 «
740 1313 841 1374 Ego
861 1310 991 1357 enim
1013 1325 1139 1370 sum,
1164 1328 1188 1355 »
1215 1310 1418 1375 inquit³,
1443 1332 1465 1355 α
1487 1311 1716 1359 minimus
1739 1309 2089 1376 apostolorum,
2112 1309 2194 1373 qui
2217 1324 2318 1356 non
2343 1321 2451 1355 sum

306 1389 478 1453 dignus
509 1390 673 1438 vocari
706 1390 971 1456 apostolus.
991 1410 1020 1435 -»
1046 1393 1186 1438 Juxta
1215 1390 1525 1440 Ambrosium
1548 1408 1693 1454 vero,
1720 1408 1777 1439 ex
1809 1390 1954 1439 Saulo
1989 1388 2193 1437 Paulum
2230 1405 2280 1437 se
2305 1387 2448 1448 dicit,

305 1469 400 1517 hoc
420 1480 496 1518 vest
526 1471 858 1531 immutatum,
885 1481 933 1519 et
957 1472 1070 1537 quia
1095 1471 1266 1521 Saulus
1301 1472 1589 1538 inquietudo
1623 1489 1707 1520 seu
1750 1471 1952 1519 tentatio
1987 1470 2346 1536 interpretatur,
2371 1468 2453 1516 hic

306 1563 418 1597 cum
442 1550 503 1597 ad
527 1550 675 1599 fidem
697 1551 872 1600 Christi
895 1553 1091 1600 accessit
1110 1588 1123 1612 ,
1158 1552 1361 1600 Paulum
1382 1569 1433 1601 se
1455 1553 1595 1612 dicit,
1625 1552 1676 1600 id
1699 1562 1770 1601 est
1793 1552 1929 1617 quasi
1951 1551 2053 1616 jam
2079 1550 2315 1615 quietum,
2341 1565 2453 1597 cum

306 1630 746 1696 priustentationes
766 1632 1072 1680 aemulatione
1093 1632 1208 1697 legis
1227 1633 1316 1680 Dei
1335 1634 1482 1681 servis
1505 1634 1718 1682 inferret.
1737 1635 1985 1691 Quantum
2008 1647 2124 1679 vero
2143 1631 2245 1695 jam
2266 1630 2456 1695 quietus

307 1713 563 1777 et·patiens
597 1713 848 1775 exstiterit,
877 1723 925 1761 et
955 1730 1018 1761 ne
1049 1730 1196 1778 quem
1230 1713 1569 1762 scandalisaret
1600 1730 1792 1778 semper
1823 1712 2084 1774 studuerit,
2124 1712 2226 1777 ipse
2259 1726 2456 1775 quoque

307 1791 473 1853 docet,
511 1793 596 1858 qui
630 1810 693 1842 ne
730 1810 877 1857 quem
913 1803 1152 1858 gravaret,
1193 1793 1417 1842 manibus
1448 1793 1725 1856 laborabat,
1754 1809 1855 1841 non
1886 1802 1939 1839 ut
1973 1791 2127 1839 caeteri
2158 1789 2366 1856 apostoli
2395 1788 2457 1837 de

308 1873 566 1936 Evangelio
607 1874 844 1923 victitans.
884 1878 921 1922 A
960 1875 1258 1938 Hieronymo
1301 1883 1460 1921 autem
1475 1911 1487 1935 ,
1531 1875 1581 1921 in
1613 1873 1739 1921 libro
1776 1872 2124 1921 Hebraicorum
2164 1870 2423 1918 nominum
2439 1907 2452 1930 ,

311 1952 486 2000 Paulus
522 1952 774 2014 mirabilis,
801 1954 901 2002 sive
933 1954 1136 2014 electus,
1167 1954 1471 2019 interpretari
1500 1953 1691 2002 dicitur.
1724 1956 1882 2012 Quem
1914 1962 1962 2000 et
1992 1951 2231 1999 Dominus
2252 1950 2356 2016 ipse
2374 1964 2458 1998 vas

308 2032 553 2080 electionis
577 2035 789 2095 vocavit,
826 2044 874 2082 et
904 2044 1003 2083 tam
1025 2035 1121 2083 vita
1152 2051 1300 2100 quam
1332 2034 1554 2083 doctrina
1584 2035 1710 2082 inter
1743 2033 1989 2100 apostolos
2023 2031 2294 2080 mirabilem
2329 2029 2454 2078 fecit.

310 2115 466 2169 Quem
490 2113 687 2178 quidem
709 2123 809 2162 tam
830 2116 1064 2180 virginem
1096 2131 1226 2176 esse,
1253 2131 1401 2180 quam
1438 2124 1698 2179 martyrem
1732 2123 1945 2175 constat,
1971 2122 2027 2161 ut
2061 2128 2167 2177 quae
2199 2112 2249 2158 in
2274 2110 2461 2175 magnis

309 2193 568 2257 apostolis,
596 2196 738 2241 Petro
771 2195 949 2244 scilicet
976 2206 1025 2244 et
1048 2198 1259 2257 Joanne,
1288 2195 1440 2243 divisa
1465 2205 1576 2243 sunt
1611 2195 1781 2243 merita
1797 2232 1809 2255 ,
1835 2194 1886 2242 in
1909 2194 2001 2241 isto
2020 2192 2321 2258 reperiantur
2343 2207 2460 2238 con-

305 2272 498 2334 juncta,
525 2282 572 2320 et
593 2290 691 2338 prae
716 2276 898 2323 caeteris
933 2286 1032 2324 tam
1063 2275 1417 2341 praedicationis
1455 2291 1603 2339 quam
1625 2276 1813 2322 virtutis
1847 2273 2019 2338 gratias
2053 2281 2349 2331 assecutum,
2375 2282 2463 2337 per

310 2368 456 2416 quem
487 2353 584 2401 fere
621 2354 870 2403 universus
902 2372 1162 2404 conversus
1191 2365 1263 2404 est
1301 2356 1540 2416 mundus,
1569 2365 1715 2420 atque
1750 2356 1852 2420 ipse
1893 2370 2089 2418 quoque
2127 2351 2462 2418 apostolorum

311 2432 534 2498 princeps
555 2433 616 2480 de
634 2435 902 2499 perniciosa
918 2437 1223 2485 simulatione
1245 2436 1514 2484 necessario
1535 2446 1779 2483 correctus
1793 2472 1805 2496 ,
1829 2444 1882 2482 ut
1903 2435 1953 2481 in
1971 2450 2030 2481 eo
2054 2449 2250 2498 quoque
2275 2430 2465 2479 mirabi-

311 2512 417 2560 liter
436 2514 517 2562 illa
536 2515 756 2563 Veritatis
778 2517 1058 2582 impleretur
1080 2517 1361 2565 sententia⁸z
1397 2536 1419 2560 α
1446 2519 1599 2563 Erunt
1636 2516 1885 2563 novissimi
1920 2514 2088 2580 primi,
2117 2522 2163 2560 et
2198 2512 2342 2578 primi
2371 2527 2464 2558 no-

312 2594 508 2642 vissimi.
538 2614 562 2639 »
590 2597 644 2642 In
667 2597 802 2660 cujus
830 2598 974 2645 etiam
997 2607 1116 2664 typo
1144 2597 1395 2661 Benjamin
1419 2596 1621 2645 fratrum
1655 2612 1853 2644 suorum
1886 2603 2177 2654 extremum,
2205 2602 2253 2640 et
2277 2608 2306 2639 a
2330 2600 2464 2657 patre

313 2674 621 2723 vehementer
636 2676 864 2726 dilectum
887 2678 1030 2726 fuisse
1052 2694 1153 2726 non
1176 2678 1480 2741 ambigimus,
1498 2680 1569 2725 De
1582 2676 1679 2725 hoc
1696 2686 1859 2725 autem
1880 2674 2108 2741 praeclaro
2128 2672 2303 2722 Christi
2317 2672 2463 2736 signi-

316 2753 417 2800 fero
435 2764 484 2801 et
505 2755 621 2804 tuba
646 2759 843 2805 Domini
864 2758 1149 2806 'vehemente
1172 2759 1274 2824 ipse
1296 2758 1540 2806 humiliter
1560 2758 1643 2822 qui
1663 2757 1724 2805 ab
1750 2774 1810 2804 eo
1830 2764 2074 2804 correctus
2100 2754 2253 2803 fuerat
2276 2755 2460 2811 ΡθῖιῚιε,

317 2834 365 2879 in
389 2835 676 2884 excellentiae
701 2838 801 2901 ejus
825 2839 1019 2887 laudem
1051 2841 1428 2905 prorumpens⁸z
1451 2860 1473 2883 «
1498 2840 1628 2887 Sicut
1658 2848 1704 2886 et
1726 2837 2012 2897 carissimus,
2031 2856 2054 2880 ι)
2077 2834 2250 2899 inquit,
2275 2853 2298 2877 (ι
2322 2832 2466 2879 frater

319 2923 482 2962 noster
501 2917 675 2964 Paulus
709 2920 975 2967 secundum
1010 2921 1102 2968 sibi
1127 2920 1289 2968 datam
1319 2921 1603 2985 sapientiam
1625 2916 1999 2984 scripsit'vobiS,
2025 2916 2148 2964 sicut
2168 2916 2218 2962 in
2238 2911 2465 2961 omnibus

320 2993 548 3057 epistolis,
568 2994 773 3060 loquens
797 2998 858 3046 de
875 2999 969 3060 his,
989 3000 1038 3046 in
1064 2999 1239 3064 quibus
1263 3009 1375 3046 sunt
1398 2999 1617 3063 quaedam
1642 2998 1857 3047 difficilia
1880 2996 2138 3054 intellectu,
2162 3009 2267 3058 quae
2283 2991 2464 3040 indocti

365 3204 370 3221 ¹
397 3203 466 3234 Act.
497 3204 626 3244 Apost„
652 3213 722 3244 cap.
756 3212 802 3244 lx,
829 3214 859 3236 v.
886 3206 920 3238 4.
947 3224 983 3228 —
999 3208 1009 3225 ²
1026 3207 1062 3238 In
1095 3206 1196 3247 Epist.
1223 3207 1357 3239 Joannis
1428 3216 1501 3247 cap.
1518 3216 1572 3247 xv,
1599 3217 1629 3241 v.
1657 3210 1687 3240 9.
1704 3226 1744 3231 —
1762 3209 1770 3227 ⁴
1788 3207 1914 3246 Manli,
1932 3216 2002 3247 cap.
2029 3214 2099 3245 xix,
2116 3215 2147 3237 v.
2166 3207 2217 3239 30.
2237 3222 2274 3228 --
2292 3202 2344 3235 ⁵11
2362 3201 2464 3242 Petr.‚

321 3259 429 3294 tract„
452 3265 523 3297 vni,
545 3264 581 3289 n⁰
600 3260 628 3291 2.
649 3257 750 3300 opp„
767 3262 789 3291 t.
803 3258 850 3291 ΙΙΙ
863 3284 870 3296 ,
889 3260 950 3292 col.
969 3262 1060 3294 2558.
1078 3279 1118 3285 -
1132 3263 1143 3282 ³
1159 3262 1170 3293 1
1189 3262 1354 3303 Corinth„
1428 3270 1501 3301 cap.
1518 3269 1571 3301 ιιι,
1588 3271 1620 3293 v.
1639 3262 1690 3294 15.
