2638 3866
291 266 385 313 338
1093 260 1254 309 PETRl
1287 259 1591 320 ABAELARDI

291 364 546 412 manducet
572 382 582 410 ε
609 362 1114 427 quiautemdubitat,
1153 379 1252 410 non
1293 362 1562 410 manducet.
1594 382 1616 405 »
1655 363 1721 407 Ex
1751 359 1967 407 Concilio
1991 362 2271 424 Gangrensi,
2300 371 2409 427 post

289 445 519 492 Nicenum
531 443 817 501 Concilium,
835 459 941 508 cap.
966 460 1024 490 11:
1046 444 1131 489 «Si
1151 443 1256 507 quis
1274 459 1467 490 carnem
1479 440 1847 488 manducantem
1859 456 1914 487 ex
1928 439 2022 487 fide
2035 457 2145 488 cum
2158 441 2405 505 religione,

286 534 456 587 praeter
470 523 748 586 sanguinem
770 532 816 570 et
841 523 980 570 idolis
998 523 1297 570 immolatum
1323 531 1368 569 et
1392 521 1692 583 suffocatum,
1713 520 1964 588 crediderit
1986 520 2410 568 condemnandum

285 613 512 666 tanquam
532 619 667 667 spem
691 619 789 649 non
816 602 1078 650 habentem
1092 604 1173 667 qui
1192 601 1587 663 eamgmanducat,
1613 601 1868 649 anathema
1881 601 1978 647 sit¹.
2006 620 2026 645 υ
2048 601 2332 665 Augustinus
2354 600 2412 647 de

286 681 401 728 dee
419 682 481 729 ad
502 685 695 729 Petrum
709 685 722 707 ²
742 701 752 728 :
777 702 799 726 (ι
818 684 1105 730 Firmissime
1117 693 1242 742 tene,
1268 692 1314 729 et
1330 681 1602 729 nullatenus
1622 681 1809 728 dubites
1827 698 2021 728 omnem
2040 690 2307 728 creaturam
2322 681 2409 727 Dei

286 760 466 809 bonam
485 779 604 822 esse,
630 773 677 810 et
701 763 768 809 nil
791 763 1105 827 rejiciendum
1129 779 1229 810 esse
1252 762 1384 826 quod
1413 779 1523 809 cum
1546 763 1802 825 gratiarum
1829 761 2016 808 actione
2038 760 2298 826 percipitur
2325 777 2335 806 ε
2365 770 2411 806 et

286 842 374 888 Dei
407 859 567 890 servos
599 844 681 907 qui
716 860 744 890 a
775 844 998 891 carnibus
1030 853 1112 890 aut
1144 844 1257 889 vino
1292 842 1546 901 abstinent,
1587 858 1686 889 non
1718 851 1957 906 tanquam·
1977 839 2228 887 immunda
2251 856 2355 904 quae
2384 856 2410 885 a

286 922 388 969 Deo
421 923 542 971 facta
576 934 688 970 sunt
719 941 959 989 respuere,
989 925 1072 971 sed
1102 941 1130 972 a
1153 924 1337 971 fortiori
1362 923 1469 970 cibo
1505 933 1551 970 et
1579 933 1700 988 potu
1731 939 1819 987 pro
1855 922 1955 969 sola
1983 922 2198 986 corporis
2221 922 2411 984 castiga·

284 1002 416 1049 tione
453 1003 754 1051 abstinere.»
792 1004 886 1052 Sed
920 1005 958 1051 si
989 1004 1089 1051 haec
1124 1005 1172 1050 in
1211 1003 1449 1068 Apostolis
1483 1012 1528 1049 et
1562 1002 1842 1067 Apostolicis
1873 1001 1985 1048 viris
2029 1017 2133 1065 quae
2172 1001 2410 1048 contraria

284 1081 522 1140 videntur,
560 1083 809 1148 diligenter
832 1086 891 1130 ‘in
920 1086 1021 1149 ipsa
1052 1083 1224 1131 radicis
1255 1084 1520 1130 intentione
1557 1082 1889 1141 discutiamus,
1917 1081 2208 1146 reperiemus
2236 1079 2338 1128 haec
2356 1091 2411 1130 ⁴et

284 1159 378 1219 illa,
396 1179 484 1226 pro
508 1173 725 1229 tempore
747 1164 932 1223 etloco,
960 1164 1107 1212 modo
1133 1162 1435 1229 prohibenda
1460 1178 1578 1228 esse,
1601 1161 1750 1209 modo
1763 1160 2091 1219 concedenda,
2115 1169 2161 1207 et
2183 1176 2411 1207 nonnun-

284 1256 427 1303 quam
455 1243 503 1288 in
528 1242 765 1306 aliquibus
787 1243 1100 1307 prohibendis
1123 1244 1272 1306 magis
1295 1243 1356 1290 de
1387 1242 1634 1303 honestate
1654 1242 1759 1289 vitae
1783 1258 1928 1306 quam
1961 1241 2022 1287 de
2044 1241 2273 1303 religione
2296 1239 2406 1286 fidei

281 1322 533 1383 praevisum
549 1338 666 1369 esse.
685 1323 760 1368 Sic
777 1323 973 1368 enimin
991 1326 1291 1369 Hexameron
1307 1326 1358 1370 B.
1389 1321 1668 1369 Ambrosius
1690 1321 1854 1369 allium
1877 1321 2010 1386 quod
2032 1319 2094 1368 ad
2111 1319 2408 1367 medicamen

279 1401 404 1446 sumi
423 1402 660 1460 concedit,
677 1401 738 1449 ad
761 1401 922 1449 cibum
944 1403 1067 1449 sumi
1088 1403 1328 1449 interdicit
1352 1420 1361 1448 :
1390 1399 1523 1467 quod
1546 1401 1723 1449 scilicet
1741 1402 1909 1449 foetore
1924 1401 2070 1466 ipsius
2088 1400 2319 1447 honestus
2335 1400 2405 1446 ‚vir

281 1480 415 1528 facite
445 1482 806 1529 scandalizetur.
842 1483 919 1529 Sic
947 1493 994 1530 et
1020 1483 1080 1530 de
1116 1483 1359 1530 nonnullis
1393 1483 1495 1530 aliis
1530 1482 1701 1530 vilibus
1728 1483 1847 1530 cibis
1878 1490 2076 1547 propter
2107 1481 2408 1528 honestatem

282 1562 660 1610 conservandam
681 1561 782 1616 fieri
802 1563 1055 1610 credimus.
1084 1566 1180 1610 Nec
1203 1565 1377 1610 mirum
1401 1564 1543 1610 etiam
1567 1563 1606 1610 si
1629 1579 1683 1610 ea
1703 1562 2007 1622 discretione,
2036 1577 2131 1626 qua
2157 1559 2410 1625 Apostolus

282 1641 344 1687 ait
367 1657 393 1687 a
416 1640 533 1688 cibis
557 1642 847 1705 quibusdam
871 1659 971 1689 esse
994 1643 1350 1703 abstinendum,
1378 1652 1575 1708 propter
1597 1642 1876 1690 scandalum
1898 1641 2074 1689 scilicet
2106 1640 2408 1687 infirmorum

280 1718 496 1782 fratrum,
531 1731 578 1767 et
605 1721 753 1768 Jacob
784 1723 833 1767 in
864 1723 1101 1786 primitiva
1135 1722 1339 1769 Ecclesia
1373 1739 1478 1787 quae
1513 1722 1712 1768 infirmae
1750 1721 1908 1769 adhuc
1939 1721 2051 1768 fidei
2085 1730 2201 1797 erat,
2241 1735 2408 1769 eorum

279 1799 522 1846 interdixit
556 1817 706 1863 esum,
745 1802 794 1847 in
827 1801 1003 1865 quibus
1026 1802 1189 1849 fideles
1223 1811 1338 1848 tunc
1373 1803 1580 1849 maxime
1612 1801 1792 1848 offendi
1822 1799 2174 1848 considerabat.
2209 1802 2328 1846 Nam
2363 1808 2410 1845 et

280 1879 533 1942 Apostolus
569 1881 671 1945 ipse
709 1897 820 1927 cum
860 1883 1047 1946 penitus
1089 1882 1502 1929 circumcisionem
1538 1881 1819 1941 interdicat,
1861 1880 1922 1928 ad
1960 1879 2133 1926 horam
2170 1888 2330 1926 tamen
2366 1879 2410 1924 ei

280 1959 432 2020 cessit,
457 1960 760 2007 Timotheum
796 1961 1075 2008 circumcidi
1106 1962 1447 2026 permittendo,
1484 1961 1556 2007 vel
1586 1962 1794 2026 seipsum
1826 1961 1970 2008 etiam
2000 1960 2048 2005 in
2079 1959 2169 2005 ritu
2205 1957 2407 2006 Judaico

279 2053 389 2085 cum
423 2039 713 2103 quibusdam
747 2042 987 2087 conversis
1022 2040 1193 2088 Judaeis
1239 2041 1586 2089 consecrando.
1621 2041 1765 2098 Quod
1804 2056 1918 2103 ergo
1951 2039 2098 2102 aliqui
2131 2046 2408 2084 sanctorum

278 2119 470 2165 Pati-um
489 2119 538 2165 in
552 2118 845 2184 quibusdam
868 2120 984 2167 locis
1001 2121 1077 2167 vel
1093 2121 1407 2186 temporibus,
1430 2120 1912 2187 propterscandalum
1926 2134 2093 2166 eorum
2106 2134 2215 2164 cum
2233 2116 2408 2181 quibus

279 2197 626 2257 convivebant,
659 2199 1005 2248 rationabiliter
1029 2200 1397 2265 prohibuerunt,
1429 2201 1743 2266 postmodum
1773 2200 1850 2247 alii
1881 2199 1976 2246 fide
2008 2207 2173 2245 nostra
2191 2197 2291 2263 Jam
2319 2213 2408 2261 op-

278 2277 391 2324 time
425 2278 651 2327 roborata
680 2280 984 2328 laudabiliter
1008 2292 1364 2329 concesserunt.
1399 2281 1620 2345 Alioquin
1650 2281 1803 2345 Moysi
1838 2277 2090 2344 Apostolus
2114 2277 2409 2323 inveniretur

277 2358 573 2419 contrarius,
615 2360 655 2406 si
691 2360 912 2407 videlicet
948 2361 1078 2425 quod
1121 2378 1221 2409 uno
1264 2372 1480 2426 tempore
1519 2360 1819 2425 prohibitum
1865 2368 1936 2406 est
1983 2357 2056 2404 vel
2094 2356 2405 2421 permissum,

278 2452 464 2500 semper
484 2449 604 2486 esset
630 2439 910 2487 tenendum.
939 2441 1180 2490 Nonnulla
1203 2442 1348 2489 etiam
1372 2441 1568 2504 quaestio
1596 2457 1695 2487 esse
1720 2449 1878 2504 potest
1902 2438 1963 2485 de
1991 2440 2014 2483 J
2020 2436 2164 2483 udaeis
2188 2452 2269 2482 seu
2300 2451 2409 2500 pro-

278 2514 434 2578 selytis
466 2528 575 2565 ante
613 2518 874 2566 adventum
914 2519 1086 2567 Christi
1123 2537 1208 2584 per
1245 2520 1361 2583 legis
1398 2519 1722 2566 observantias
1760 2518 2106 2583 professionem
2150 2531 2284 2562 suam
2323 2531 2405 2561 seu

277 2604 442 2642 votum
480 2598 781 2660 facientibus,
824 2609 986 2646 utrum
1016 2600 1330 2664 postmodum
1364 2599 1425 2646 ad
1460 2598 1606 2646 fidem
1639 2589 1884 2658 conversi,
1899 2605 2066 2643 votum
2091 2594 2209 2641 illud
2244 2594 2319 2641 vel
2356 2594 2406 2640 in

278 2674 393 2722 cibis
415 2676 490 2723 vel
520 2678 569 2724 in
603 2678 706 2725 aliis
734 2679 998 2743 transgredi
1027 2690 1220 2744 queant.
1245 2683 1378 2726 Tunc
1408 2679 1585 2744 quippe
1617 2688 1791 2725 statum
1814 2693 1956 2724 suum
1977 2675 2137 2723 adhuc
2167 2674 2271 2737 lege
2302 2673 2410 2731 reti-

278 2765 438 2815 nente,
461 2756 668 2820 legitime
698 2758 874 2805 factum
897 2759 1035 2806 fuisse
1068 2769 1237 2806 votum
1264 2758 1543 2822 hujusmodi
1565 2757 1770 2806 videtur.
1797 2756 1935 2804 Unde
1965 2769 2272 2818 nequaquam
2305 2751 2408 2798 vio·-

279 2831 475 2880 landum
498 2852 597 2883 esse
618 2837 823 2900 videtur,
866 2856 957 2886 nec
987 2839 1064 2886 ille
1093 2841 1175 2903 qui
1207 2850 1324 2886 tunc
1353 2839 1472 2886 illud
1495 2839 1619 2900 fecit,
1653 2847 1819 2903 postea
1841 2837 1992 2884 factus
2015 2834 2310 2893 Christianus
2342 2831 2404 2877 ab

280 2909 563 2962 abstinentia
586 2916 666 2963 illa
688 2917 906 2965 ciborum
932 2919 1180 2966 absolutus
1205 2936 1306 2966 esse
1334 2920 1522 2966 videtur
1551 2937 1560 2965 :
1590 2919 1796 2966 maxime
1818 2932 1928 2964 cum
1958 2913 2199 2962 remissius
2221 2912 2407 2958 vivatur

280 3002 306 3034 a
331 2990 471 3038 nullis
501 2993 801 3055 abstinendo,
830 3014 974 3061 quam
998 2999 1335 3062 aquibusdam
1364 3017 1372 3044 :
1401 3015 1490 3046 nec
1519 3008 1685 3046 votum
1720 2996 1929 3061 legitime
1960 3003 2129 3041 votum
2152 2991 2278 3045 bene
2300 2989 2406 3053 quis

320 3224 328 3241 ¹
348 3222 474 3255 Decret.
502 3222 537 3257 P.
574 3227 603 3263 1,
629 3226 702 3258 dist.
733 3229 785 3260 30.
807 3227 912 3261 Locus
932 3231 992 3262 iste
1012 3231 1145 3262 omnino
1172 3233 1304 3265 mutilus
1391 3235 1592 3267 immolatum
1613 3237 1647 3266 et
1660 3233 1854 3275 suffocatum
1872 3230 2024 3270 ediderit,
2046 3229 2313 3263 condemnandus
2337 3233 2406 3260 tan—

277 3276 363 3316 apud
383 3277 593 3311 Amboesium
616 3280 663 3312 sic
685 3281 803 3321 legitur
824 3294 832 3314 ε
856 3296 870 3311 ι
887 3284 919 3316 Si
946 3286 1019 3324 quis
1048 3294 1178 3317 carnem
1207 3295 1299 3319 man—
1385 3298 1483 3329 quam
1504 3298 1595 3330 spem
1614 3297 1679 3322 non
1698 3288 1822 3319 habens
1844 3285 1924 3326 tjuid
1946 3293 2001 3316 eas
2023 3285 2208 3321 manducat,
2232 3283 2402 3315 anathema

275 3328 397 3362 ducans
411 3338 450 3363 ex
467 3331 530 3364 fide
549 3341 621 3365 cum
638 3334 793 3374 religione
809 3341 926 3376 praeter
942 3340 1132 3379 sanguinem
1152 3344 1185 3372 et
1200 3340 1296 3372 idolis
1380 3342 1433 3376 sit.
1453 3353 1471 3371 a
1485 3359 1522 3366 -
1539 3343 1551 3361 ²
1563 3342 1643 3383 Ray.
1656 3363 1664 3381 ‚
1679 3348 1795 3380 xxxix,
1810 3338 1913 3380 opp„
1929 3342 1954 3371 t.
1972 3336 2028 3379 VI,
2045 3337 2108 3369 col.
2128 3337 2218 3370 1134.
