2638 3866
283 248 380 294 624
1093 242 1263 289 PETRI
1300 241 1615 289 ABAELARDI

1103 461 1344 520 CAPUT
1399 460 1616 521 XVIII.

964 605 1066 654 Quid
1101 604 1259 658 proprie
1296 604 1447 654 dicatur
1482 604 1738 658 poenitentia?

352 734 632 782 Poenitentia
662 742 822 780 autem
849 732 1044 798 proprie
1072 731 1247 779 dicitur
1273 750 1284 778 :
1319 732 1470 779 Dolor
1498 732 1647 780 animi
1678 749 1821 798 super
1843 750 1902 781 eo
1927 769 1940 793 ,
1974 734 2024 780 in
2055 749 2152 797 quo
2188 732 2416 798 deliquit;

287 832 397 862 cum
429 814 638 878 aliquem
668 813 844 861 scilicet
871 814 1002 879 piget
1032 813 1082 860 in
1114 812 1274 878 aliquo
1307 813 1573 861 excessisse.
1607 815 1714 860 Haec
1743 823 1906 861 autem
1933 814 2211 879 poenitentia
2238 823 2340 860 tum
2365 829 2421 860 ex

285 912 450 943 amore
480 895 569 942 Dei
598 894 769 941 accidit
799 904 847 941 et
881 893 1124 941 fructuosa
1152 903 1248 953 est3
1275 903 1377 940 tum
1407 893 1587 940 damno
1617 893 1796 957 aliquo,
1824 910 1921 958 quo
1949 893 2188 941 nollemus
2212 894 2418 957 gravari,

286 975 439 1040 qualis
465 985 534 1022 est
556 975 634 1022 illa
657 974 998 1022 damnatorum
1019 973 1300 1039 poenitentia
1310 973 1371 1021 de
1382 972 1557 1038 quibus
1577 974 1806 1040 scriptum
1830 976 1920 1021 est¹
1940 992 1950 1021 ι
1972 992 1995 1018 α
2012 973 2243 1021 Videntes
2260 972 2424 1021 turba-

288 1056 468 1103 buntur
492 1065 671 1102 terrore
694 1053 915 1101 horribili
949 1064 996 1101 et
1025 1053 1329 1101 mirabuntur
1352 1054 1401 1100 in
1420 1053 1710 1102 subitatione
1725 1054 1976 1120 insperatae
2001 1053 2182 1112 salutis,
2211 1052 2426 1100 dicentes

287 1138 412 1183 intra
446 1153 513 1195 se,
548 1145 595 1182 et
621 1135 952 1200 poenitentiam
976 1144 1184 1199 agentes,
1222 1145 1270 1182 et
1293 1151 1390 1201 prae
1430 1134 1646 1198 angustia
1683 1134 1874 1200 spiritus
1915 1144 2160 1198 gementes
2189 1152 2199 1180 ε
2231 1135 2292 1180 Hi
2315 1145 2426 1182 sunt

287 1233 409 1281 quos
442 1215 702 1279 aliquando
724 1214 983 1262 habuimus
1003 1216 1051 1262 in
1076 1215 1254 1276 derisu,
1280 1224 1373 1262 etc.
1399 1234 1422 1260 υ
1459 1215 1679 1278 Legimus
1706 1225 1752 1262 et
1774 1215 2106 1279 poenitentiam
2129 1214 2261 1262 Judae
2283 1231 2426 1280 super

287 1297 383 1343 hoc
404 1296 537 1360 quod
572 1296 836 1342 Dominum
866 1295 1172 1354 tradiderat’3
1201 1295 1335 1360 quod
1369 1312 1467 1343 non
1502 1306 1600 1343 tam
1629 1311 1719 1361 pro
1751 1297 1894 1361 culpa
1927 1295 2129 1360 peccati,
2168 1312 2313 1360 quam
2338 1312 2429 1360 pro

291 1377 466 1424 vilitate
490 1377 580 1438 sui,
609 1377 692 1441 qui
707 1393 756 1423 se
770 1377 990 1423 omnium
1004 1375 1188 1440 judicio
1205 1375 1488 1424 damnatum
1509 1375 1758 1434 sentiebat,
1779 1375 2019 1423 credimus
2042 1375 2285 1424 accidisse.
2306 1378 2427 1424 Cum

290 1458 418 1504 enim
442 1457 548 1522 quis
572 1456 718 1503 alium
743 1457 972 1521 pecunia,
1001 1457 1076 1504 vel
1104 1456 1457 1521 quoquomodo
1480 1466 1763 1522 corruptum
1784 1456 1844 1504 ad
1865 1456 2186 1522 perditionem
2206 1458 2425 1516 traxerit,

292 1538 473 1585 nemini
498 1537 654 1597 vilior,
687 1554 833 1602 quam
864 1538 908 1584 ei
929 1537 1150 1603 proditor
1170 1537 1391 1596 habetur,
1432 1547 1479 1585 et
1507 1554 1651 1584 nemo
1677 1538 1721 1584 ei
1750 1538 1909 1584 minus
1940 1554 1990 1584 se
2019 1536 2194 1598 credit,
2223 1554 2370 1603 quam
2392 1538 2432 1585 is

292 1619 375 1682 qui
404 1617 736 1664 infidelitatem
759 1618 860 1682 ejus
882 1619 1088 1683 amplius
1109 1628 1332 1684 expertus
1354 1628 1440 1666 est.
1466 1618 1641 1665 Multos
1676 1618 1857 1683 quippe
1888 1618 2105 1682 quotidie
2138 1617 2199 1665 de
2221 1618 2314 1666 hac
2335 1619 2433 1666 vita

293 1714 562 1745 recessuros
588 1697 648 1744 de
673 1697 858 1762 flagitiis
881 1699 1163 1763 perpetratis
1186 1699 1416 1763 poenitere
1437 1698 1654 1746 videmus
1676 1707 1724 1745 et
1749 1699 1878 1761 gravi
1901 1699 2284 1764 compunctione
2308 1700 2437 1762 inge-

295 1779 512 1836 miscere,
538 1794 638 1824 non
662 1787 762 1825 tam
800 1795 964 1826 amore
982 1780 1071 1826 Dei
1099 1796 1244 1842 quem
1266 1779 1588 1838 offenderunt,
1617 1779 1694 1826 vel
1718 1778 1834 1826 odio
1860 1781 2045 1843 peccati
2075 1779 2209 1842 quod
2235 1780 2436 1827 commi-

295 1868 478 1916 serunt,
503 1875 651 1923 quam
674 1858 845 1906 timore
865 1876 1034 1924 poenae,
1065 1860 1115 1906 in
1140 1876 1285 1924 quam
1307 1877 1357 1906 se
1387 1859 1671 1924 praecipitari
1693 1868 1933 1906 verentur.
1962 1859 2056 1916 Qui
2082 1859 2131 1905 in
2153 1876 2212 1905 eo
2238 1876 2432 1924 quoque

298 1939 447 2002 iniqui
470 1949 772 2003 permanent,
800 1939 935 2003 quod
961 1956 1061 1986 non
1089 1949 1186 1987 tam
1205 1940 1272 1987 eis
1294 1940 1519 2004 iniquitas
1540 1939 1757 2004 displicet
1781 1938 1955 2003 culpae,
1981 1955 2146 2003 quam,
2173 1955 2279 2002 quae
2302 1939 2437 2003 juxta

297 2028 383 2076 est,
402 2018 605 2080 gravitas
633 2034 810 2082 poenae3
835 2035 926 2066 nec
949 2028 1136 2067 tantum
1161 2019 1275 2066 odio
1297 2019 1481 2066 habent
1499 2019 1550 2066 id
1572 2018 1706 2083 quod
1724 2019 2092 2074 commiserunt,
2118 2019 2231 2083 quia
2254 2020 2431 2067 malum

298 2098 407 2158 fuit,
444 2113 589 2161 quam
618 2097 801 2160 justum
835 2099 923 2145 Dei
945 2098 1183 2162 judicium
1212 2099 1348 2164 quod
1380 2100 1430 2146 in
1464 2115 1607 2164 poena
1635 2098 1913 2159 formidant,
1948 2099 2218 2163 aequitatem
2253 2100 2437 2163 potius—

298 2194 444 2242 quam
471 2178 772 2242 iniquitatem
805 2179 1040 2227 odientes.
1075 2183 1209 2238 Quos
1233 2179 1318 2227 diu
1341 2178 1608 2227 obcaecatos
1637 2189 1779 2244 atque
1801 2188 1999 2226 vocatos
2022 2188 2072 2226 ut
2094 2195 2120 2225 a
2155 2179 2332 2227 malitia
2351 2197 2439 2228 >sua

299 2267 718 2319 converterentur,
748 2260 812 2306 ita
837 2259 1033 2307 tandem
1061 2260 1110 2307 in
1137 2259 1398 2325 reprobum
1425 2276 1619 2307 sensum
1645 2260 1819 2307 Divina
1840 2259 2025 2306 Justitia
2046 2259 2208 2318 tradit,
2233 2270 2281 2307 et
2311 2261 2442 2308 caeci-

302 2348 396 2385 tate
433 2355 684 2403 percussos
715 2355 743 2385 a
773 2339 892 2386 facie
925 2356 1010 2387 sua
1045 2357 1242 2405 prorsus
1270 2339 1449 2404 abjicit,
1485 2350 1539 2387 ut
1570 2357 1632 2387 ne
1671 2339 1872 2387 salubris
1900 2339 2186 2404 poenitentiae
2221 2341 2438 2388 notitiam

301 2418 526 2477 habeant,
555 2435 643 2464 nec
664 2418 866 2481 qualiter
888 2419 1273 2467 satisfaciendum
1297 2421 1373 2478 sit,
1399 2420 1647 2467 advertere
1670 2429 1866 2484 queant.

369 2501 526 2556 Quam
560 2499 794 2562 plurimos
833 2500 1013 2564 quippe
1051 2500 1267 2564 quotidie
1304 2500 1546 2548 cernimus
1583 2501 1841 2548 morientes
1879 2500 2082 2564 graviter
2111 2500 2438 2564 ingemiscere,

304 2578 509 2624 multum
543 2595 593 2624 se
632 2594 855 2626 accusare
894 2596 1039 2644 super
1071 2579 1251 2640 usuris,
1282 2580 1488 2645 rapinis,
1521 2579 1914 2645 oppressionibus
1947 2596 2243 2645 pauperum,
2282 2580 2356 2626 vel
2393 2580 2442 2626 in

306 2659 691 2722 quibuscumque
720 2659 904 2723 injuriis
936 2676 1055 2724 quas
1089 2660 1452 2722 commiserunt,
1492 2669 1539 2708 et
1569 2676 1659 2725 pro
1689 2660 2027 2708 emendatione
2056 2660 2259 2707 istorum
2291 2677 2445 2708 sacer-

308 2739 469 2784 dotem
498 2738 766 2786 consulere.
793 2739 981 2797 Quibus
1009 2741 1048 2787 si
1078 2740 1196 2801 hoc,
1223 2750 1276 2788 ut
1310 2750 1518 2805 oportet,
1552 2740 1807 2787 consilium
1836 2740 1992 2801 detur,
2028 2749 2080 2787 ut
2102 2739 2308 2787 venditis
2339 2757 2444 2787 om—

311 2817 452 2864 nibus
472 2835 576 2882 quae
606 2819 810 2880 habent,
848 2821 1101 2868 restituant
1132 2821 1235 2868 aliis
1264 2838 1370 2885 quae
1399 2820 1720 2879 abstulerunt,
1738 2822 1872 2885 juxta
1901 2819 2020 2867 illud
2042 2820 2292 2883 Augustini
2319 2837 2329 2865 ε
2357 2820 2445 2879 «Si

313 2913 385 2943 res
407 2899 582 2957 aliena,
607 2917 717 2946 cum
744 2900 882 2948 reddi
902 2901 1070 2966 possit,
1086 2918 1185 2948 non
1202 2902 1437 2960 redditur,
1456 2919 1554 2949 non
1567 2903 1720 2966 agitur
1741 2902 2039 2967 poenitentia,
2066 2900 2150 2948 sed
2172 2900 2393 2964 fingitur;
2420 2921 2442 2943 »

314 2976 472 3022 statim
500 2994 644 3040 quam
669 2979 824 3041 inanis
843 2996 1011 3026 eorum
1034 2982 1330 3044 poenitentia,
1358 2982 1672 3048 responsione
1695 2998 1780 3029 sua
1802 2980 2108 3047 profitentur.
2137 2979 2275 3027 Unde
2300 2996 2413 3044 ergo
2431 3015 2443 3038 ‚

316 3055 570 3118 inquiunt,
598 3058 773 3105 domus
799 3076 905 3106 mea
926 3061 1136 3107 viveret?
1160 3061 1290 3118 Quid
1318 3061 1425 3108 filiis
1450 3063 1594 3123 meis,
1633 3063 1751 3127 quid
1775 3063 1911 3109 uxori
1939 3061 2286 3125 relinquerem?
2313 3059 2449 3106 Unde

317 3152 367 3181 se
409 3145 669 3184 sustentare
707 3139 936 3202 possent?
976 3140 1167 3197 Quibus
1203 3141 1283 3188 illa
1319 3143 1530 3206 primum
1568 3143 1824 3190 Dominica
1863 3142 2070 3189 occurrit
2107 3139 2397 3204 increpatio’
2436 3158 2446 3184 ;

362 3326 367 3342 ¹
391 3325 493 3366 Sap.,
512 3334 582 3365 cap.
601 3335 633 3366 v,
652 3335 680 3358 ν.
697 3328 716 3359 2
733 3332 766 3359 et
781 3329 811 3360 3.
831 3345 873 3351 —
886 3329 897 3347 ²
912 3328 1045 3370 Mamur,
1067 3339 1138 3370 cap.
1158 3340 1260 3368 xxvn,
1278 3341 1309 3363 v.
1327 3335 1358 3365 3.
1380 3350 1418 3355 —
1434 3333 1445 3353 ³
1461 3333 1559 3371 Luc.,
1578 3341 1649 3372 cap.
1668 3340 1728 3371 χιι,
1750 3341 1780 3364 v.
1797 3334 1850 3364 20.
