2638 3866
254 257 350 303 400
1033 242 1230 295 'PETm
1271 245 1585 313 ABAELARm

255 366 301 403 et
342 371 426 420 per
462 351 722 419 prophetas
763 349 960 407 Judaeis,
1004 358 1048 396 et
1087 366 1171 414 per
1206 344 1482 414 praestantes
1519 347 1838 413 philosophos
1881 364 1962 394 seu
2002 357 2132 396 vates
2154 348 2390 396 Gentibus

254 427 498 483 catholicae
524 432 634 480 fidei
657 442 876 478 tenorem
900 431 1270 489 annuntiaverit,
1298 429 1644 478 inexcusabiles
1667 428 1934 476 redduntur
1954 439 2051 478 tam
2078 429 2226 478 Judaei
2248 445 2393 494 quam

253 520 446 572 Gentes,
471 506 640 560 sicum
666 513 714 558 iu
740 513 906 559 ceteris
931 511 1154 558 doctores
1176 510 1403 571 habeant,
1431 511 1478 558 in
1496 511 1705 558 'salutem
1731 511 1918 572 anirnae,
1945 504 2392 573 cujus'fundamen-

254 607 352 643 tum
389 604 458 641 est
493 593 630 653 fides,
669 594 797 659 ipsos
833 609 930 639 non
969 591 1183 639 audiant.
1214 594 1270 639 Et
1304 591 1500 657 quidem
1531 591 1760 638 multi‘ex
1794 590 2046 651 Gentibus,
2081 589 2303 637 nonnulli
2334 605 2395 638 ex

251 677 422 724 Judaeis
444 677 507 722 'iu
526 675 634 722 'hoc
664 691 858 740 quoque
882 691 908 722 a
935 673 1216 721 doctoribus
1239 673 1406 739 populi
1429 673 1502 720 sui
1527 673 1744 720 instructi
1779 671 1924 719 fidem
1955 674 2137 720 Sanctae
2158 671 2397 718 Trinitatis

252 765 638 821 recognoverunt
670 747 847 802 inuno
876 771 1079 820 corpore
1117 754 1334 801 Ecclesiae
1361 754 1495 819 quasi
1518 753 1617 800 (luo
1648 754 1852 818 parietes
1876 753 2139 817 conjuncti.
2167 755 2236 798 Ex
2256 753 2398 798 -Gen-

250 838 376 885 tibus
401 837 596 902 quidem
628 838 785 902 primo
813 837 981 895 Graeci,
1008 852 1063 883 ex
1087 834 1262 899 quibus
1287 834 1501 900 praedicti
1532 833 1808 900 philosophi
1831 833 2043 881 fuerunt.
2071 837 2183 880 Post
2205 835 2398 879 Graecos

251 920 421 978 Latini,
456 919 535 983 qui
570 916 697 965 sicut¹
714 918 763 964 in
794 917 1055 983 disciplinis
1079 916 1376 963 saecularium
1409 915 1584 963 artium
1611 915 1780 962 imitati
1807 924 1917 961 sunt
1938 917 2146 972 Graecos,
2172 914 2248 960 ita>
2271 922 2318 960 et
2345 912 2394 959 in

251 1000 365 1048 vera
392 999 500 1047 fidei
536 999 755 1046 doctrina
783 988 852 1046 *ab
889 999 1001 1064 ipsis
1040 998 1259 1063 exempla
1285 1005 1608 1062 sumpserunt,
1651 1012 1762 1043 cum
1789 1013 1871 1043 eos
1905 995 2213 1043 christianam
2250 992 2397 1040 fidem

253 1082 512 1146 suscepisse
545 1072 804 1142 audissent,
840 1097 962 1144 quos
996 1079 1300 1143 ingeniorum
1338 1077 1596 1124 subtilitate
1634 1077 1880 1143 praeditos,
1923 1075 2150 1124 omnibus
2184 1073 2398 1140 philoso-

253 1151 375 1228 phiae
398 1161 665 1209 rationibus
689 1172 897 1210 armatos
921 1178 1019 1209 esse
1044 1168 1386 1225 cognoverant.
