2638 3866
1141 241 1203 289 DI
1210 240 1452 289 ALOGUS.
2277 240 2363 289 651

227 342 459 402 verimus,
481 350 531 389 et
551 340 802 405 diligenter
824 340 966 406 adipe
992 350 1039 388 et
1062 341 1196 389 venis
1223 341 1604 407 purgaverimus,
1623 341 1756 407 quod
1776 358 1867 389 nos
1891 342 2034 389 etiam
2057 357 2157 388 non
2181 340 2374 388 modice

227 431 407 487 gravat,
443 432 490 471 et
512 431 627 470 tunc
656 421 863 469 maxime
891 437 1004 468 cum
1034 422 1274 486 integrum
1297 439 1443 487 pecus
1465 438 1625 470 emere
1652 438 1753 470 non
1782 421 2062 470 sufficimus.
2090 422 2220 469 Sicut
2244 421 2373 468 enim

229 520 320 551 nos
357 518 524 551 carnes
562 519 587 549 a
620 500 842 566 gentibus
874 510 1132 561 mactatas,
1172 502 1239 549 sic
1277 502 1345 549 illi
1377 518 1406 550 a
1438 502 1581 550 nobis
1623 511 1903 568 procuratas
1935 501 2218 550 abhorrent.
2248 502 2374 549 Vino

229 599 425 648 quoque
465 582 529 630 ab
567 581 669 631 aliis
702 590 964 647 procurato
1000 598 1168 629 omnes
1203 584 1382 647 pariter
1416 582 1727 630 abstinemus.
1772 585 1837 629 Ex
1873 599 1972 647 quo
2003 582 2241 647 liquidum
2274 598 2375 630 esse

229 673 432 722 constat,
468 680 613 728 quam
650 662 842 711 difficile
864 663 988 710 inter
1023 679 1113 710 nos
1141 672 1306 711 nostra
1329 674 1527 729 propter
1552 667 1707 711 Deum
1734 664 1864 711 vivat
1892 664 2227 728 peregrinatio,
2258 664 2378 723 Quis

230 745 438 808 denique
461 743 682 808 legalium
706 759 959 808 poenarum
979 743 1300 791 austeritatem
1319 760 1419 791 non
1438 744 1594 791 solum
1612 743 1810 792 sufferre
1826 743 1909 791 sed
1929 744 2073 791 etiam
2092 743 2185 790 reis
2206 743 2376 791 inferre

232 841 330 873 non
354 823 641 872 abhorreat?
667 824 785 882 Quis
808 823 939 871 fratri
974 840 1062 871 suo
1096 822 1291 870 dentem
1322 840 1412 888 pro
1445 824 1606 885 dente,
1635 823 1830 871 oculum
1856 840 1945 889 pro
1975 823 2138 884 oculo,
2166 824 2376 871 animam

231 921 426 970 quoque
447 921 537 970 pro
560 905 722 952 anima
746 904 966 952 tolleret?
989 904 1171 951 nedum
1188 904 1331 952 etiam
1354 905 1403 951 in
1427 915 1579 952 semet
1603 905 1708 970 ipso
1734 903 1835 951 haec
1862 903 2067 951 tolerare
2087 905 2373 960 consentiat,

233 1002 294 1033 ne
316 984 539 1033 videlicet
561 984 652 1049 legi
675 985 946 1032 contrarius
966 984 1187 1032 exsistat?
1212 987 1277 1032 Ex
1299 983 1472 1048 quibus
1497 984 1712 1049 profecto
1733 993 1781 1031 et
1802 984 2069 1031 innumeris
2092 983 2194 1031 aliis
2218 984 2380 1031 obser-

232 1065 506 1114 vationibus
522 1065 674 1130 liquet
691 1081 1088 1130 unumquemque
1105 1075 1324 1113 nostrum
1339 1064 1431 1130 legi
1446 1064 1860 1130 obtemperantem
1875 1063 1991 1112 illud
2006 1064 2261 1130 psalmistae
2278 1067 2380 1111 Deo

234 1156 362 1195 recte
396 1145 641 1212 profiteri¹
667 1164 677 1193 :
710 1165 735 1191 «
767 1149 968 1211 Propter
991 1145 1137 1193 verba
1160 1145 1401 1194 labiorum
1426 1155 1621 1193 tuorum
1652 1162 1742 1209 ego
1766 1145 2003 1192 custodivi
2026 1145 2125 1193 vias
2150 1145 2308 1193 duras.
2333 1166 2355 1189 υ

300 1230 489 1274 PmLos.
533 1229 710 1274 Revera
739 1226 866 1273 zelus
897 1225 977 1273 hic
1007 1243 1154 1291 quem
1186 1227 1236 1273 in
1273 1229 1428 1274 Deum
1461 1226 1641 1274 habere
1674 1226 1905 1274 videmini
1940 1226 2090 1274 multa
2126 1235 2173 1272 et
2209 1242 2381 1289 magna

234 1326 533 1374 quaecunque
561 1310 832 1357 intentione
863 1310 1080 1357 sustinet.
1111 1309 1206 1358 Sed
1223 1311 1489 1375 plurimum
1510 1310 1670 1372 resert,
1702 1320 1866 1358 utrum
1888 1309 1990 1357 haec
2019 1309 2221 1356 intentio
2251 1319 2380 1356 recta

234 1390 295 1437 sit
329 1406 390 1437 an
421 1406 640 1437 erronea.
677 1389 817 1437 Nulla
851 1390 1031 1455 quippe
1063 1401 1133 1438 est
1162 1390 1274 1438 fidei
1294 1402 1421 1438 secta
1462 1408 1570 1456 quae
1605 1408 1656 1439 se
1686 1394 1789 1438 Deo
1812 1389 2031 1437 famulari
2057 1406 2157 1437 non
2189 1389 2378 1448 credat,

235 1479 283 1517 et
304 1486 361 1518 ea
384 1480 583 1535 propter
610 1471 767 1535 ipsum
793 1487 892 1517 non
921 1481 1164 1536 operetur,
1197 1488 1302 1536 quae
1322 1471 1412 1519 sibi
1433 1472 1622 1538 placere
1650 1471 1924 1519 arbitratur.
1954 1473 2058 1517 Non
2086 1480 2245 1517 tamen
2272 1469 2383 1517 ideo

235 1559 385 1598 sectas
411 1552 633 1598 omnium
663 1550 960 1617 approbatis,
990 1553 1074 1616 qui
1105 1553 1258 1600 solam
1288 1563 1497 1600 vestram
1527 1552 1787 1600 defendere
1810 1561 1893 1598 aut
1920 1551 2063 1614 longe
2083 1552 2251 1598 ceteris
2274 1550 2385 1597 niti-

238 1631 355 1678 mini
382 1631 619 1696 praeferre.
647 1632 792 1689 Quod
819 1642 979 1680 tamen
1003 1643 1237 1697 quantum
1260 1651 1286 1681 a
1306 1634 1493 1680 ratione
1516 1634 1576 1680 sit
1595 1633 1847 1680 dissonum
1874 1631 1988 1678 volo
2011 1640 2059 1678 te
2084 1630 2386 1697 perpendere

238 1721 285 1759 et
307 1713 410 1777 ipso
437 1729 634 1776 quoque
658 1713 839 1777 scripto
861 1712 976 1777 legis
999 1730 1147 1777 quam
1169 1714 1400 1777 sequeris,
1425 1729 1639 1776 arguere.
2191 1698 2197 1703 ”

299 1794 504 1840 JUDAEUS.
527 1796 585 1839 Et
607 1792 703 1840 hoc
728 1809 818 1857 ego
843 1793 1051 1840 libenter
1075 1794 1301 1858 suscipio.

307 1875 494 1920 Pfflms.
543 1875 743 1920 Constat
779 1883 890 1920 ante
925 1875 1076 1939 ipsam
1115 1874 1229 1938 legis
1266 1873 1573 1922 traditionem
1605 1874 1681 1922 vel
1715 1883 2127 1922 sacramentorum
2163 1872 2386 1936 legalium

240 1951 615 2013 observationes,
642 1953 898 2019 plerosque
923 1954 1026 2018 lege
1050 1954 1254 2002 naturali
1273 1963 1550 2016 contentos,
1572 1971 1678 2019 quae
1701 1954 1926 2002 videlicet
1943 1955 1991 2001 in
2018 1953 2275 2001 dilectione
2300 1954 2388 2000 Dei

238 2034 452 2089 consistit
491 2044 539 2081 et
570 2035 796 2100 proximi,
824 2036 1060 2099 justitiam
1089 2035 1312 2096 coluisse,
1350 2046 1397 2083 et
1429 2036 1783 2102 acceptissimos
1814 2038 1918 2082 Deo
1954 2035 2184 2094 extitisse3
2219 2043 2388 2099 utpote

240 2114 373 2172 Abel,
403 2114 607 2167 Henoch¹
624 2152 636 2175 ,
670 2116 789 2173 Noe,
813 2125 860 2162 et
889 2114 1015 2166 filios
1038 2115 1427 2179 ejus,‚Abraham
1452 2133 1672 2180 quoque,
1700 2114 1822 2162 Loth
1850 2124 1994 2179 atque
2016 2113 2384 2172 Melchisedech,

239 2212 363 2259 quos
388 2194 461 2241 lex
486 2195 628 2241 etiam
654 2204 810 2243 vestra
835 2205 1203 2255 commemorat,
1230 2205 1277 2243 et
1300 2196 1562 2261 plurimum
1593 2195 1921 2243 commendat.
1945 2198 2168 2254 Quorum
2191 2194 2387 2259 quidem

241 2274 443 2322 Henoch
490 2275 540 2321 in
578 2284 766 2322 tantum
799 2278 902 2323 Deo
934 2276 1168 2342 placuisse
1198 2276 1417 2334 refertur,
1457 2287 1508 2324 ut
1543 2293 1656 2324 eum
1698 2277 1936 2324 Dominus
1970 2276 2137 2323 vivum
2165 2276 2214 2322 in
2251 2291 2388 2340 para·

242 2354 401 2402 disum
429 2355 641 2403 intulisse
663 2356 866 2416 dicatur,
893 2357 1014 2405 sicut
1037 2366 1086 2404 et
1112 2357 1310 2421 quidam
1340 2374 1398 2404 ex
1426 2357 1566 2405 vobis
1593 2357 1668 2404 his
1702 2357 1871 2405 astruit
1898 2355 2110 2404 verbis’:
2143 2375 2167 2401 κ
2188 2355 2389 2403 Henoch

242 2435 421 2501 placuit
444 2439 546 2484 Deo
568 2446 614 2483 et
634 2437 890 2485 translatus
912 2446 982 2484 est
1002 2438 1052 2484 -in
1072 2437 1367 2503 paradisum,
1385 2448 1440 2485 ut
1459 2438 1541 2485 det
1566 2437 1786 2503 gentibus
1810 2437 2157 2503 poenitentiam.
2184 2456 2206 2479 »
2228 2435 2321 2483 Sed
2345 2445 2391 2483 et

244 2519 362 2578 Noe,
389 2526 444 2563 ut
466 2517 697 2583 seriptum
718 2528 788 2566 est
802 2520 832 2576 ⁸,
864 2519 1060 2566 «virum
1080 2519 1262 2581 justum
1288 2528 1435 2583 atque
1459 2519 1727 2584 perfectum
1747 2520 1798 2566 in
1820 2516 2209 2582 generationibus
2229 2516 2343 2575 suis,
2364 2534 2388 2559 »

244 2608 480 2659 quantum
512 2597 730 2646 dilexerit
762 2599 1000 2647 Dominus
1030 2599 1292 2647 manifestis
1324 2599 1542 2647 exhibuit
1575 2599 1725 2658 factis,
1760 2615 1873 2646 cum
1903 2597 2125 2645 videlicet
2160 2596 2392 2643 universis

245 2675 348 2725 aliis
371 2676 555 2724 diluvio
579 2677 857 2741 submersis,
877 2680 1036 2744 ipsum
1058 2679 1217 2727 solum
1243 2689 1292 2727 et
1313 2679 1517 2727 domum
1542 2680 1644 2744 ejus
1667 2696 1757 2745 pro
1781 2678 1984 2725 humani
2008 2678 2191 2742 generis
2212 2676 2394 2723 semine

246 2756 520 2803 reservavit.
545 2757 627 2804 His
649 2775 844 2823 quoque
865 2760 1073 2823 insignes
1092 2759 1199 2806 illos
1217 2759 1513 2823 patriarchas
1537 2769 1719 2807 vestros
1743 2758 1969 2824 adjunge,
1992 2756 2235 2805 Abraham
2261 2755 2394 2803 vide·

247 2833 381 2894 licet,
418 2838 548 2883 Isaac
580 2847 627 2884 et
649 2837 822 2899 Jacob,
855 2839 905 2886 in
935 2839 1111 2904 quibus
1141 2849 1187 2886 et
1211 2855 1382 2886 eorum
1409 2839 1592 2886 semine
1627 2839 1847 2886 omnium
1875 2837 2089 2902 gentium
2122 2835 2398 2885 benedictio

248 2916 406 2964 futura
432 2917 744 2981 promittitur,
777 2919 861 2983 qui
889 2920 1032 2967 etiam
1058 2919 1213 2982 legem
1236 2929 1603 2984 praecesserunt,
1630 2929 1677 2966 et
1699 2919 1810 2967 vide
1832 2935 1978 2984 quam
1999 2919 2058 2966 sit
2088 2917 2401 2966 excellentior

246 3012 416 3044 eorum
457 2998 765 3062 praerogativa
799 3009 1071 3047 ceterorum
1109 3000 1192 3063 qui
1222 3010 1334 3065 post
1365 3000 1520 3064 legem
1549 3000 1844 3047 exstiterunt.
1886 2998 2025 3046 Unde
2056 3008 2103 3045 et
2131 2997 2399 3063 specialiter

247 3078 377 3123 Deus
413 3093 583 3124 eorum
612 3094 716 3125 esse
745 3077 937 3138 dicitur,
973 3089 1022 3128 et
1053 3080 1155 3145 ipse
1184 3079 1426 3143 legislator
1453 3097 1542 3147 per
1571 3097 1742 3128 eorum
1772 3079 1942 3128 merita
1966 3078 2095 3126 etad
2122 3077 2255 3143 ipsos
2283 3092 2401 3143 pro-

248 3157 501 3206 missiones
542 3158 690 3206 factas
738 3159 915 3207 iratum
955 3159 1140 3225 populo
1187 3160 1445 3209 dominum
1497 3161 1738 3209 conciliat.
1790 3161 2031 3226 Scriptum
2075 3168 2147 3207 est
2187 3158 2318 3206 enim
2340 3159 2354 3182 ⁴
2385 3174 2396 3202 :

294 3342 445 3376 ¹Psalm.
466 3352 545 3382 xvn,
572 3353 602 3376 v.
623 3346 655 3379 4.
675 3362 714 3369 —
728 3345 871 3388 ²Eccli.‚
889 3355 962 3388 cap.
981 3355 1073 3390 xuv,
1095 3356 1127 3382 v.
1142 3349 1192 3381 16.
1205 3365 1243 3372 -
1259 3348 1271 3369 ³
1291 3348 1418 3390 (ἕρπει,
1441 3357 1514 3390 cap.
1531 3356 1584 3390 vl,
1602 3357 1633 3382 v.
1649 3349 1682 3382 9.
1704 3365 1745 3372 ---
1758 3347 1903 3389 mma„
1923 3355 1996 3388 cap.
2011 3353 2117 3386 xxxn,
2130 3354 2161 3379 v.
2181 3349 2229 3379 11.
