2638 3866
349 207 445 257 154
1153 202 1325 251 PETRI
1359 200 1676 252 ABAELARDI

347 306 523 355 debere
542 305 683 354 docet
711 323 725 351 .·
750 302 882 370 quod
917 302 1139 351 nondum
1158 304 1208 351 in
1234 302 1490 368 Evangelio
1522 301 1784 350 revelatum
1814 310 1932 349 erat.
1958 301 2054 359 Qui
2072 301 2217 348 etiam
2239 299 2302 348 ad
2323 302 2482 350 Timo-

347 387 513 435 theum
537 385 766 447 scribens,
794 384 944 432 multa
968 383 1029 432 de
1053 383 1313 450 episcopali
1337 382 1414 430 vel
1437 381 1723 430 sacerdotali
1742 398 1825 428 seu
1847 382 2036 429 levitica
2065 380 2294 445 dignitate
2319 380 2480 443 docet,

348 483 451 531 quae
471 466 777 531 Evangelium
802 481 903 512 non
928 472 1239 530 expresserat.
1267 461 1534 510 Perfectam
1549 472 1708 509 tamen
1725 460 1967 525 Evangelii
1982 460 2195 526 edicimus
2212 460 2485 511 doctrinam

347 547 570 594 traditam
598 561 715 608 esse,
742 554 978 610 quantum
999 543 1062 593 ad
1084 559 1206 591 verae
1235 541 1426 606 justitiae
1456 541 1662 591 formam
1683 550 1731 589 et
1749 540 1808 589 ad
1833 541 2104 590 animarum
2126 541 2329 591 salutem
2351 541 2482 591 suffi—

346 625 520 685 ciebat,
544 641 645 673 non
670 625 733 674 ad
751 624 967 673 Ecclesiae
991 623 1216 671 decorem
1236 621 1313 670 vel
1335 621 1484 687 ipsius
1505 620 1668 668 salutis
1691 619 2130 686 amplificationem.
2158 623 2279 669 Sunt
2303 621 2485 689 quippe

347 705 407 752 de
426 704 566 754 bonis
588 705 788 753 civitatis
809 704 1028 769 quaedam
1047 702 1109 750 ad
1131 701 1511 749 incolumitatem
1527 701 1628 765 ejus
1650 701 1955 766 pertinentia,
1980 701 2202 767 quaedam
2220 700 2281 749 ad
2307 701 2485 768 ampli-

347 784 639 846 ficationem,
667 785 790 833 sicut
818 794 865 833 et
885 785 937 831 in
958 782 1053 830 fine
1078 780 1278 830 secundi
1311 779 1420 828 libri
1452 780 1711 828 Rhetoricae
1730 780 1909 829 Tullius
1929 782 2189 830 meminit¹.
2224 784 2342 840 Quae
2367 797 2484 830 vero

346 865 408 913 ad
441 866 817 914 incolumitatem
857 864 1113 930 pertinent,
1135 878 1190 909 ea
1213 870 1326 908 sunt
1346 860 1449 908 sine
1471 861 1647 926 quibus
1682 861 1940 910 incolumis
1968 878 2026 911 ac
2065 863 2196 911 salva
2223 861 2484 910 consistere

345 946 512 994 civitas
533 961 634 994 non
658 955 831 1011 potest,
856 954 912 992 ut
929 959 1058 1009 ager,
1085 941 1232 1001 silvae,
1269 950 1317 989 et
1352 950 1522 990 caetera
1551 941 1831 1006 hujusmodi
1863 959 1969 1008 quae
1991 942 2132 992 valde
2160 942 2338 991 civitati
2373 953 2485 990 sunt

345 1026 624 1074 necessaria.
659 1025 759 1073 Alia
795 1039 911 1073 vero
934 1040 1035 1071 non
1058 1031 1171 1070 sunt
1194 1022 1259 1069 ita
1281 1022 1565 1085 necessaria,
1593 1022 1678 1071 sed
1700 1022 1851 1088 magis
1873 1023 2060 1088 egregia
2088 1040 2099 1070 ε
2128 1039 2241 1071 cum
2262 1021 2486 1071 videlicet

345 1105 465 1153 ultra
484 1122 628 1171 quam
646 1121 839 1153 necesse
862 1115 933 1152 est
956 1103 1174 1168 quaedam
1198 1102 1414 1167 obtine&
1436 1119 1542 1168 quae
1568 1120 1675 1152 eam
1702 1104 1881 1152 caeteris
1909 1103 2181 1153 civitatibus
2215 1102 2484 1168 digniorem

343 1185 555 1233 efficiunt
592 1195 675 1234 aut
704 1187 932 1234 tutiorem
966 1184 1211 1245 reddunt3
1240 1184 1360 1231 sicut
1381 1183 1582 1235 aedificia
1603 1184 1826 1251 pulchra,
1849 1184 2187 1233 thesaurorum
2209 1183 2367 1251 copia,
2394 1182 2482 1232 do·

342 1266 540 1314 minatio
564 1266 733 1328 multa,
762 1276 808 1314 et
832 1266 1019 1314 similia.
1044 1263 1270 1312 Sufficere
1300 1273 1462 1313 autem
1492 1266 1635 1315 saluti
1658 1266 1855 1315 fortasse
1876 1274 2102 1332 poterant
2122 1282 2180 1314 ea
2202 1282 2308 1331 quae
2326 1267 2483 1313 Evan-

341 1345 516 1410 gelium
539 1346 598 1394 de
624 1346 720 1394 fide
742 1356 790 1394 et
820 1363 903 1412 spe
933 1355 980 1393 et
1006 1344 1237 1393 charitate
1256 1362 1341 1394 seu
1364 1347 1674 1395 sacramentis
1695 1347 1980 1408 tradiderat,
2005 1346 2190 1401 etiamsi
2211 1345 2485 1412 Apostolica

340 1442 440 1474 non
467 1426 707 1475 addantur
728 1428 959 1489 instituta,
986 1442 1143 1491 neque
1165 1425 1334 1491 aliquae
1357 1436 1639 1475 sanctorum·
1658 1430 1856 1476 Patrum
1889 1427 2152 1494 disciplinae
2181 1426 2260 1475 vel
2292 1426 2483 1493 dispen-

340 1507 565 1569 sationes,
593 1517 647 1555 ut
669 1517 781 1556 sunt
798 1523 1009 1556 canones
1023 1543 1036 1568 ,
1064 1506 1140 1554 vel
1161 1506 1373 1568 decreta,
1397 1508 1572 1573 regulae
1594 1508 1966 1566 monachorum,
1989 1517 2037 1556 et
2057 1507 2266 1574 plurima
2293 1515 2482 1556 sancto·

340 1603 448 1634 rum
471 1588 646 1654 scripta
674 1589 818 1637 sacris
840 1587 1254 1636 admonitionibus
1274 1588 1437 1653 plena.
1471 1591 1639 1654 Neque
1668 1589 1799 1638 enim
1824 1589 2003 1655 aliqua,
2028 1588 2106 1636 his
2135 1587 2480 1654 praetermissis,

340 1667 622 1734 imputanda
643 1679 764 1716 esset
786 1669 1115 1734 transgressio,
1142 1669 1180 1716 si
1203 1668 1337 1718 nulla
1360 1668 1420 1717 de
1443 1669 1514 1718 eis
1536 1668 1673 1718 fieret
1693 1670 1967 1736 praeceptio.
2001 1668 2167 1718 Voluit
2198 1677 2362 1717 tamen
2390 1670 2485 1717 Do·

339 1748 500 1796 minus
522 1758 569 1796 et
585 1749 646 1797 ab
670 1750 898 1815 apostolis
922 1759 969 1797 et
992 1766 1021 1798 a
1045 1749 1217 1796 sanctis
1242 1748 1461 1797 Patribus
1477 1749 1700 1814 quaedam
1721 1749 1984 1816 superaddi
2009 1758 2245 1815 praecepta
2281 1747 2356 1796 vel
2387 1747 2485 1798 dis·

338 1829 662 1893 pensationes,
687 1829 863 1894 quibus
887 1828 1151 1885 adornetur
1173 1829 1250 1878 vel
1275 1829 1594 1896 amplificetur
1625 1829 1852 1891 Ecclesia,
1880 1829 1960 1879 vel
1981 1838 2036 1877 ut
2060 1829 2226 1877 civitas
2262 1843 2366 1889 sua,
2408 1828 2482 1876 vel

337 1907 439 1973 ipsa
470 1909 648 1957 civium
682 1926 882 1957 suorum
914 1910 1065 1957 tutius
1093 1910 1339 1958 muniatur
1366 1911 1701 1972 incolumita53
1748 1911 1872 1958 sicut
1893 1910 1943 1958 in
1967 1909 2167 1973 singulis
2201 1916 2484 1974 promptum

338 1997 408 2036 est
441 1990 696 2054 assignare.
737 1989 877 2037 Unde
907 1990 1146 2037 Dominus
1174 1991 1410 2040 nonnulla
1446 1991 1692 2057 discipulis
1715 1990 1812 2038 suis
1829 1990 1905 2039 vel
1925 1989 2130 2056 posteris
2163 1987 2484 2054 praecipienda

336 2068 411 2116 vel
429 2068 731 2135 disponenda
743 2070 1020 2131 reservavit,
1045 2079 1098 2117 ut
1113 2070 1288 2134 quibus
1301 2071 1350 2118 in
1366 2070 1608 2120 miraculis
1627 2087 1823 2137 quoque
1847 2070 2034 2135 majora
2054 2069 2208 2117 facere
2228 2084 2381 2134 quamv
2396 2066 2482 2116 sibi

336 2151 438 2215 ipse
459 2151 692 2216 permisit,
713 2150 1001 2199 nonnullam
1020 2153 1165 2199 etiam
1184 2153 1252 2200 eis
1274 2163 1625 2220 praeceptorum
1648 2152 1984 2201 auctoritatem
2001 2160 2285 2209 reservaret,
2304 2149 2481 2215 quibus

338 2245 420 2277 eos
442 2231 647 2296 amplius
665 2232 910 2292 exaltaret,
937 2241 983 2280 et
1007 2231 1227 2280 Ecclesiae
1249 2249 1345 2280 suae
1372 2243 1506 2281 tanto
1530 2250 1615 2282 eos
1637 2233 1846 2282 efficeret
1868 2231 2074 2299 amplius
2101 2240 2277 2296 gratOS,
2299 2239 2483 2295 quanto

337 2326 420 2358 eos
442 2311 543 2376 ipsa
568 2311 660 2359 sibi
687 2312 838 2376 magis
869 2328 970 2359 esse
1004 2323 1316 2377 cognosceret
1349 2314 1661 2362 necessarios.
1700 2315 1823 2361 Cum
1857 2313 2037 2377 itaque,
2074 2321 2129 2360 ut
2161 2311 2347 2360 dictum
2380 2319 2479 2372 est,

336 2389 708 2455 Evangeliorum
730 2392 934 2439 intentio
954 2392 1030 2452 sit,
1058 2408 1113 2439 ea
1132 2409 1238 2456 quae
1261 2402 1374 2440 sunt
1395 2393 1535 2441 saluti
1552 2394 1820 2441 necessaria
1844 2409 1935 2440 nos
1954 2391 2158 2450 docere3
2181 2390 2309 2439 hanc
2329 2391 2484 2438 inten-

334 2470 516 2519 tionem
540 2471 762 2537 Epistolae
781 2481 963 2532 tenent,
990 2481 1044 2519 ut
1067 2471 1131 2519 ad
1156 2471 1487 2520 obediendum
1535 2472 1829 2537 Evangelicae
1862 2471 2095 2520 doctrinae
2115 2485 2206 2518 nos
2230 2479 2477 2531 moveant,

336 2551 412 2598 vel
438 2552 673 2600 nonnulla
695 2552 841 2600 etiam
863 2551 926 2600 ad
950 2550 1341 2618 amplificandam
1364 2562 1413 2600 et
1435 2553 1583 2600 tutius
1605 2551 1922 2600 muniendam
1949 2551 2152 2599 salutem
2185 2549 2396 2598 tradant.
2424 2551 2483 2598 Et

336 2629 437 2683 haec
451 2631 644 2696 quidem
663 2641 733 2680 est
749 2632 968 2680 omnium
992 2632 1315 2698 Epistolarum
1334 2632 1566 2698 generalis
1587 2632 1808 2680 intentio.
1828 2635 1883 2679 In
1902 2631 2100 2695 singulis
2121 2646 2239 2678 vero
2258 2629 2479 2696 proprias

340 2710 626 2760 intentiones
647 2713 826 2778 requiri
848 2713 1094 2774 convenit,
1122 2729 1207 2762 seu
1229 2714 1449 2762 materias
1468 2723 1551 2761 aut
1571 2712 1813 2762 tractandi
1827 2712 2025 2775 modos,
2051 2711 2172 2760 sicut
2196 2711 2247 2759 in
2268 2709 2361 2759 hac
2380 2710 2485 2776 ipsa

343 2791 567 2855 Epistola,
593 2793 728 2857 cujus
751 2792 951 2858 quidem
989 2794 1194 2843 intentio
1217 2805 1289 2843 est
1312 2797 1557 2843 Romanos
1575 2810 1634 2842 ex
1656 2793 1830 2842 Judaeis
1850 2803 1898 2842 et
1918 2791 2188 2841 Gentilibus
2223 2806 2484 2840 conversos

346 2871 550 2935 superba
573 2874 880 2923 contentione
903 2891 953 2922 se
979 2874 1192 2924 alterutri
1222 2875 1664 2942 praeponentibus,
1692 2874 1755 2924 ad
1778 2890 1944 2924 veram
1970 2873 2292 2922 humilitatem
2318 2880 2366 2919 et
2387 2869 2483 2919 fra-

344 2959 531 2998 ternam
552 2953 863 3003 concordiam
883 2971 1127 3004 ievocare.
1160 2956 1214 3004 Id
1238 2972 1355 3004 vero
1379 2955 1574 3004 duobus
1592 2942 1751 3004 modis
1774 2955 1958 3005 efficit:
1986 2964 2085 3003 tam
2109 2953 2284 3002 divinae
2305 2938 2484 2999 scilicet

345 3032 501 3094 gratiae
514 3032 644 3080 dona
664 3034 1020 3099 amplificando,
1037 3053 1183 3101 quam
1205 3053 1410 3102 operum
1434 3046 1712 3085 nostrorum
1736 3037 1907 3085 merita
1927 3033 2252 3095 extenuandO,
2269 3041 2322 3080 ut
2334 3047 2481 3080 nemo

340 3109 440 3173 jam
462 3110 523 3158 de
542 3113 767 3177 operibus
786 3115 977 3179 gloriari
997 3118 1047 3164 in
1069 3134 1118 3165 se
1138 3126 1395 3183 praesumat
1416 3154 1429 3180 ,
1469 3116 1551 3165 sed
1577 3127 1735 3166 totum
1757 3116 1930 3166 divinae
1954 3115 2135 3164 tribuat
2156 3113 2314 3179 gratiae
2337 3109 2478 3177 quid·

411 3295 493 3336 Cic„
511 3295 552 3329 de
568 3295 712 3338 Invent„
734 3297 781 3339 11,
802 3306 864 3332 m.
883 3316 921 3323 --
936 3301 947 3318 '²
962 3300 1003 3333 Se
1022 3300 1228 3336 alterutrum
1245 3306 1476 3345 praeponentes
1492 3303 1588 3336 Amb.
