2638 3866
232 247 328 294 460
1043 243 1206 289 PETRI
1240 241 1548 290 ABAELARDI

233 364 338 412 quae
375 346 579 406 videtur,
616 359 715 390 non
749 353 820 390 est
848 359 955 408 spes
980 360 989 388 :
1023 342 1157 407 quod
1191 343 1321 389 enim
1342 342 1473 390 videt
1505 343 1637 408 quis,
1663 345 1912 409 quomodo
1932 348 2154 411 sperat?›>
2177 351 2245 395 Ex
2267 366 2372 414 quo

230 426 466 491 liquidum
499 434 584 484 est,
616 423 730 471 tales
754 423 972 470 omnium
1003 423 1260 470 hominum
1283 424 1576 472 miserrimos
1599 441 1718 485 esse,
1746 426 1829 489 qui
1858 436 1955 473 tam
1978 426 2073 475 fide
2105 444 2251 492 quam
2283 446 2380 494 spe>

235 507 462 564 destituti,
494 521 582 552 nec
595 521 706 551 cum
723 503 1024 569 philosophis
1047 504 1455 551 immortalitatem
1478 505 1647 552 animae
1672 505 1885 566 credent,
1914 524 2004 555 nec
2033 511 2191 555 Deum
2212 526 2374 556 remu-

235 596 505 634 neratorem
536 584 784 632 bonorum
814 583 1160 651 expectabunt,
1194 585 1283 631 toti
1316 601 1545 632 sensuum
1580 588 1917 651 experimentis
1952 587 2122 647 dediti,
2143 589 2264 635 sicut
2287 595 2376 654 pe·⁴

235 683 364 727 cora,
399 676 448 713 et
475 682 588 713 cum
622 665 880 731 pecoribus
915 682 1049 712 suam
1086 675 1323 730 ponentes
1359 676 1555 726 sortem,
1592 683 1698 731 quae
1724 684 1835 714 cum
1870 685 2012 715 carne
2048 669 2238 734 penitus
2263 668 2381 716 defl-

234 747 384 804 ciunt,
413 756 556 811 atque
581 746 662 793 hic
684 747 886 793 omnino
912 746 1201 793 moriuntur.
1231 745 1302 793 Ad
1324 745 1426 793 haec
1450 747 1630 812 quippe
1654 747 1929 813 recipienda
1953 758 2001 795 et
2023 748 2264 796 credenda
2285 765 2378 797 nec

233 843 458 873 sensuum
497 827 852 892 experimentis,
886 843 975 874 nec
1002 827 1226 874 humanis
1249 827 1356 891 cogi
1385 827 1653 875 rationibus
1686 838 1932 893 poterunt,
1970 829 2054 876 sed
2086 830 2183 877 sola
2209 839 2377 877 aucto—

232 908 368 954 ritate
401 916 513 954 sunt
541 906 863 954 conducendi.
892 907 1036 965 Quod
1073 908 1112 954 si
1149 924 1206 954 ex
1239 908 1519 955 auctoritate
1552 907 1627 955 his
1663 909 1988 972 acquiescunt,
2017 910 2189 974 quibus
2213 920 2374 958 tamen

233 984 418 1031 ratione
450 984 666 1032 satisfieri
695 1002 796 1032 non
821 995 996 1050 potest,
1023 1002 1110 1032 cur
1140 985 1200 1032 de
1225 988 1328 1032 Deo
1352 985 1439 1032 ista
1465 984 1727 1050 reprobant
1749 1003 1854 1050 quae
1876 996 1949 1033 tot
1968 987 2251 1034 testimoniis
2274 996 2381 1034 tan·

233 1072 396 1111 torum
427 1064 745 1129 comprobata
772 1076 883 1112 sunt
916 1064 1235 1130 sapientium?
1272 1065 1457 1113 Scimus
1481 1082 1650 1112 omnes
1680 1066 1730 1112 in
1756 1066 1830 1113 his
1863 1083 1969 1131 quae
1997 1067 2182 1114 ratione
2205 1067 2378 1114 discuti

234 1155 459 1209 possunt,
500 1162 601 1192 non
633 1162 735 1193 esse
770 1146 1093 1193 necessarium
1125 1146 1418 1193 auctoritatis
1450 1145 1704 1209 judicium.
1739 1146 1793 1193 Id
1827 1164 2022 1211 quoque
2064 1164 2154 1212 pro
2189 1147 2381 1195 ratione

233 1225 344 1271 satis
378 1242 479 1272 esse
512 1225 674 1287 debet,
710 1236 764 1272 ut
785 1227 870 1290 qui
894 1236 1066 1273 cuncta
1097 1227 1240 1289 longe
1274 1226 1586 1286 transcendit,
1623 1243 1710 1292 per
1747 1228 1912 1274 omnia
1940 1227 2165 1274 humanae
2196 1227 2378 1275 discus-

233 1305 379 1352 sionis
411 1316 553 1370 atque
575 1306 893 1371 intelligentiae
919 1307 1043 1354 vires
1078 1306 1293 1368 excedat,
1331 1316 1378 1354 et
1401 1306 1534 1371 quod
1561 1308 1668 1372 capi
1692 1318 1976 1373 nonpotest
1997 1307 2125 1369 loco,
2158 1308 2381 1355 humano

233 1401 332 1431 non
367 1386 807 1451 comprehendatur
846 1387 1026 1434 animo.
1067 1389 1183 1444 Quae
1219 1387 1362 1434 etiam
1400 1387 1555 1450 major
1590 1386 1855 1450 indignatio
1895 1387 2118 1435 fidelibus
2152 1387 2378 1436 habenda

234 1474 371 1525 esset,
407 1483 553 1529 quam
590 1484 701 1514 eum
736 1484 785 1514 56
820 1466 1000 1514 habere
1038 1468 1194 1514 Deum
1233 1466 1467 1532 profiteri,
1511 1483 1655 1530 quem
1687 1467 1955 1515 ratiuncula
1985 1467 2199 1515 humana
2229 1469 2382 1533 possit

234 1547 665 1610 comprehendere,
703 1558 784 1595 aut
816 1547 1092 1595 mortalium
1123 1547 1285 1612 lingua
1321 1548 1589 1595 disserere?
1619 1551 1723 1595 Hoc
1759 1558 1922 1595 autem
1955 1565 2045 1595 nec
2079 1549 2210 1613 ipsos
2243 1547 2380 1595 latuit

233 1625 574 1692 philosophos,
613 1645 822 1693 quorum
856 1629 1091 1675 maximus
1123 1629 1172 1675 in
1213 1631 1386 1675 Timaeo
1419 1646 1506 1676 suo
1542 1629 1607 1675 ait
1647 1647 1658 1675 :
1689 1649 1711 1671 ε(
1745 1628 2383 1694 Opificemgenitoremque

234 1707 554 1754 universitatis
587 1717 687 1755 tam
720 1709 935 1755 invenire
972 1708 1165 1756 difficile
1200 1719 1287 1770 est,
1317 1726 1464 1773 quam
1496 1710 1749 1755 inventum
1772 1708 2067 1775 impossibile
2099 1718 2170 1756 est
2200 1708 2380 1773 profari

235 1785 394 1849 digne.
418 1807 441 1830 ³>
465 1788 559 1844 Qui
581 1788 725 1834 etiam
747 1805 858 1835 cum
882 1791 1037 1852 Noym
1070 1806 1124 1835 ex
1152 1776 1255 1836 Deo
1291 1800 1456 1836 natam
1490 1805 1591 1835 esse
1627 1799 1883 1851 assereret,
1922 1789 1972 1836 id
2006 1789 2242 1854 explicare
2278 1805 2379 1836 non

234 1867 527 1930 praesumsit,
571 1868 705 1931 quod
742 1868 1066 1933 inexplicabili
1105 1868 1256 1915 modo
1291 1885 1392 1915 esse
1431 1870 1658 1931 cognovit
1693 1878 1836 1932 atque
1874 1869 2117 1934 professus
2154 1878 2253 1929 est,
2296 1868 2379 1915 sed

233 1955 420 1994 tantum
452 1947 512 1994 de
544 1947 774 1996 ineffabili
806 1948 886 1995 illa
913 1949 1223 2012 generatione
1255 1948 1392 2010 dixit,
1428 1958 1665 2013 quantum
1700 1948 1924 1996 voluntas
1953 1948 2116 1996 divina
2143 1948 2375 2013 permisit.

234 2027 330 2085 Qui
360 2027 522 2088 etiarn,
560 2038 678 2075 teste
710 2028 975 2088 Macrobio,
1007 2028 1124 2092 quid
1155 2029 1215 2075 sit
1237 2031 1366 2075 Deus
1396 2028 1556 2076 dicere
1579 2045 1679 2075 non
1712 2038 1783 2075 est
1814 2045 1990 2076 ausus:
2015 2028 2112 2075 hoc
2137 2027 2295 2074 solum
2318 2027 2384 2074 de

234 2122 292 2153 eo
321 2108 491 2168 sciens,
526 2108 659 2172 quod
682 2109 790 2155 sciri
814 2108 967 2172 qualis
990 2109 1049 2155 sit
1071 2108 1131 2155 ab
1154 2108 1435 2155 hominibus
1464 2125 1566 2155 non
1588 2109 1740 2173 possit
1767 2128 1778 2155 ε
1806 2109 1890 2172 qui
1913 2125 2002 2155 nec
2025 2107 2086 2154 ab
2110 2107 2222 2171 ipsis
2245 2107 2381 2172 spiri-

234 2186 360 2234 tibus
392 2187 662 2235 coelestibus
695 2188 866 2251 majori
896 2188 1126 2253 sapientia
1157 2188 1368 2254 praeditis
1395 2188 1537 2253 plene
1566 2189 1890 2251 cognoscitur.
1924 2187 2060 2235 Unde
2093 2187 2383 2251 Augustinus

235 2267 358 2315 libro
387 2270 711 2328 Quaestionum
742 2271 906 2315 veteris
930 2280 979 2315 et
1005 2286 1132 2315 novae
1165 2268 1278 2334 lege&
1301 2287 1316 2315 .-
1352 2290 1375 2313 «
1403 2268 1686 2329 Cherubim,
1714 2269 1887 2333 inquit,
1927 2278 1975 2315 et
1996 2268 2248 2333 Seraphim
2279 2283 2381 2315 non

237 2347 661 2412 comprehendunt
698 2350 891 2413 penitus
926 2349 1044 2413 quid
1074 2351 1203 2395 Deus
1237 2349 1326 2407 sit3
1368 2350 1481 2413 quia
1505 2365 1653 2396 nemo
1675 2350 1811 2396 novit
1830 2351 2020 2396 Patrem
2044 2348 2137 2395 nisi
2168 2347 2326 2395 Filius.
2353 2366 2377 2392 »

236 2430 434 2475 Hermes
473 2444 668 2492 quoque
705 2445 816 2474 cum
856 2428 916 2475 de
950 2428 1066 2474 Filio
1103 2429 1193 2475 Dei
1227 2445 1371 2492 supra
1393 2429 1670 2491 loqueretur
1701 2429 1952 2493 adjunxit:
1983 2448 2004 2473 «
2025 2430 2170 2491 Cujus
2199 2443 2379 2474 nomen

237 2525 338 2555 non
364 2517 522 2572 potest
546 2508 764 2555 humano
799 2525 882 2555 ore
906 2509 1108 2555 narrari.
1132 2529 1154 2551 »
1181 2509 1303 2554 Hinc
1337 2518 1407 2555 est
1429 2509 1558 2555 enim
1579 2509 1713 2573 quod
1737 2510 1907 2556 merito
1929 2512 2087 2556 Deum
2108 2506 2390 2572 appellabat»

237 2589 474 2652 ignotum,
502 2589 640 2651 quasi
674 2589 757 2653 qui
795 2605 822 2636 a
856 2589 1018 2653 paucis
1052 2589 1124 2635 vel
1159 2588 1359 2635 summis
1391 2588 1686 2653 sapientibus
1722 2589 2064 2653 intelligeretur
2097 2596 2181 2635 aut
2213 2586 2381 2634 crede-

237 2678 385 2728 retur,
409 2669 567 2715 necin
594 2685 908 2715 communem
933 2669 1063 2732 vulgi
1093 2668 1279 2716 veniret
1307 2669 1590 2734 opinionem
1618 2687 1629 2715 ε
1656 2669 1732 2716 cui
1767 2685 1857 2716 nec
1888 2668 2215 2726 simulacrum,
2245 2667 2379 2730 juxta

238 2747 559 2807 Macrobium‚
589 2749 692 2796 ausi
712 2759 824 2796 sunt
847 2749 1136 2796 constituere
1165 2767 1174 2795 ε
1200 2765 1346 2813 quem
1378 2749 1549 2811 etiam,
1567 2749 1703 2813 juxta
1724 2748 2066 2814 philosophos,
2096 2747 2187 2795 soli
2210 2746 2381 2793 mundi

240 2827 384 2873 corde
414 2837 461 2875 et
491 2829 680 2892 purgati
721 2829 869 2876 animi
900 2831 1178 2894 conspicere
1211 2838 1446 2894 possunt:
1475 2829 1536 2876 de
1572 2846 1671 2893 quo
1695 2839 1743 2876 et
1765 2831 1983 2876 Lucanus
2007 2829 2093 2876 ait¹
2120 2846 2130 2875 :
2163 2847 2186 2870 «
2207 2826 2390 2873 Incerti·

241 2905 399 2953 Judaea
433 2909 539 2969 Dei,
561 2930 583 2951 υ
619 2909 716 2956 hoc
754 2919 825 2956 est
860 2909 1132 2957 absconditi
1160 2919 1304 2973 atque
1328 2909 1513 2971 ignoti:
1551 2910 1686 2973 cujus
1721 2909 1918 2973 quidem
1951 2907 2102 2971 ignoti
2136 2907 2224 2953 Dei
2247 2921 2378 2952 aram

242 3000 443 3047 magnus
477 2988 798 3053 philosophus
828 2990 1087 3054 Dionysius
1121 2989 1406 3053 Areopagita
1439 2989 1589 3036 Paulo
1621 2990 1843 3054 apostolo
1866 2988 1997 3053 apud
2018 2987 2259 3051 egregiam·
2280 2994 2381 3030 stu·

243 3062 331 3109 diis
363 3066 602 3113 civitatem
638 3068 842 3115 Athenas
876 3069 1047 3131 legitur
1081 3068 1381 3116 ostendisse².
1419 3072 1529 3116 Haec
1559 3069 1775 3133 quidem,
1810 3069 1862 3115 ni
1895 3066 2048 3127 fallor,
2086 3066 2165 3113 illa
2195 3073 2266 3111 est
2298 3079 2379 3110 ara

242 3142 596 3205 misericordiae,
638 3148 714 3192 cui
749 3164 776 3194 a
809 3148 1104 3212 supplicibus
1141 3166 1241 3195 non
1277 3148 1638 3210 immolabatur,
1678 3149 1770 3195 nisi
1809 3147 1929 3194 illud
1968 3145 2378 3192 Brachmanorum

289 3322 488 3364 'Pharsal.,
505 3323 561 3356 lib.
582 3323 621 3365 ΙΙ,
639 3333 670 3356 v.
689 3326 760 3358 593.
782 3343 822 3348 —
838 3327 849 3344 ²
863 3328 932 3359 Act.
951 3328 1081 3369 Apost.‚
1098 3337 1167 3368 cap.
1186 3337 1265 3368 xvn,
1281 3338 1311 3360 v.
1330 3330 1381 3361 23.
