2638 3866
216 215 312 262 412
1019 210 1191 258 PETRI
1222 209 1537 258 ABAELARDI

214 329 342 360 mam
365 328 561 359 omnem
588 309 932 373 mutabilesque
956 327 1124 357 omnes
1147 310 1339 375 spiritus
1364 310 1776 369 transcenderunt,
1805 319 2070 375 quaerentes
2094 329 2336 362 summum
2362 347 2371 355 .

214 396 386 440 Deum.
413 411 436 436 n
475 395 593 437 Item
625 389 685 437 de
723 389 1048 455 Philosophis¹
1076 408 1086 435 :
1119 410 1140 433 t<
1162 390 1221 436 Hi
1252 406 1384 451 vero,
1418 407 1541 454 quos
1574 391 1744 437 merito
1775 391 1942 440 ceteris
1977 395 2329 460 anteponimus,

212 460 537 519 discrexsserunt
558 485 614 516 ea
642 486 746 534 quae
770 480 930 517 mente
955 469 1332 534 conspiciuntur,
1358 469 1419 517 ab
1443 469 1518 517 his
1542 487 1646 535 quae
1668 470 1882 518 sensibus
1905 473 2219 536 attinguntur,
2246 465 2349 521 nec

211 551 425 598 sensibus
459 549 724 597 adim-entes
755 549 886 613 quod
921 559 1139 614 possunt,
1172 566 1261 596 nec
1295 551 1361 597 eis
1389 549 1556 597 dantes
1586 551 1706 597 ultra
1737 567 1882 615 quam
1912 561 2128 616 possunt.
2152 555 2335 600 Lumen

210 639 367 677 autem
392 630 624 676 mentium
654 645 755 676 esse
781 628 1018 690 dixerunt,
1045 629 1107 675 ad
1132 628 1446 678 discernenda
1463 633 1476 655 ²
1500 631 1681 690 omnia,
1707 634 1862 678 Deum
1896 648 1922 678 a
1957 648 2055 695 quo
2079 632 2201 680 facta
2226 642 2337 679 sunt

212 709 389 756 omnia.
410 730 432 753 >2
460 709 693 773 «Reliqua
720 718 790 755 est
815 726 923 774 pars
948 708 1183 768 moralis³,
1207 726 1350 773 quam
1376 727 1526 773 graeco
1552 710 1789 758 vocabulo
1813 710 1980 758 dicunt
2005 711 2226 773 ethicam,
2257 711 2337 758 ubi

210 789 435 854 quaeritur
457 789 517 836 de
537 806 727 836 summo
748 788 900 849 bono,
928 805 1025 853 quo
1050 789 1306 837 referentes
1330 791 1492 837 omnia
1511 807 1615 854 quae
1635 792 1835 854 agimus,
1859 791 1992 855 quod
2018 808 2115 838 non
2141 801 2343 856 propter

196 856 362 927 aliud,
405 869 489 916 sed
527 879 724 935 propter
772 870 981 934 seipsum
1028 879 1304 935 appetentes
1347 870 1494 935 idque
1529 871 1869 935 adipiscentes,
1910 870 2028 917 nihil
2074 888 2172 935 quo
2210 871 2339 918 beati

211 950 358 996 simus
390 949 586 996 ulterius
618 951 916 1014 requiramus
947 968 957 996 :
993 949 1104 997 ideo
1135 952 1315 1015 quippe
1338 960 1385 997 et
1415 950 1523 997 finis
1555 961 1625 997 est
1648 951 1820 1009 dictus,
1847 951 1956 1014 quia
1981 961 2179 1016 propter
2207 951 2341 998 hune

212 1039 368 1076 cetera
392 1029 631 1091 volumus,
659 1030 819 1095 ipsum
847 1039 1007 1077 autem
1032 1031 1227 1077 nonnisi
1255 1041 1452 1096 propter
1476 1031 1652 1096 ipsum.
1673 1051 1694 1075 υ
1716 1033 1834 1079 Item
1856 1049 1898 1077 2«
1915 1035 2051 1077 Nunc
2073 1031 2183 1077 satis
2205 1046 2338 1079 com-

212 1125 481 1156 memorare
521 1109 769 1156 Platonem
808 1110 1149 1158 determinasse
1185 1109 1332 1157 finem
1366 1110 1484 1158 boni
1522 1127 1620 1157 esse
1652 1121 1850 1176 propter
1885 1111 2107 1158 virtutem
2143 1110 2334 1167 vivere,

212 1198 258 1235 et
282 1190 325 1235 ei
357 1189 445 1235 soli
463 1190 654 1236 evenire
681 1207 822 1255 posse
842 1191 925 1254 qui
949 1191 1166 1237 notitiam
1191 1191 1281 1238 Dei
1310 1189 1481 1238 habeat
1505 1201 1549 1237 et
1573 1191 1933 1251 imitationem⁶,
1960 1207 2049 1237 nec
2078 1206 2179 1237 esse
2198 1190 2340 1237 aliam

212 1269 276 1315 ob
305 1285 498 1316 causam
529 1269 739 1316 beatum.
771 1270 980 1334 Ideoque
1014 1288 1116 1317 non
1150 1270 1336 1317 dubitat
1365 1270 1460 1318 hoc
1488 1286 1588 1317 esse
1617 1271 1944 1336 philosophari
1975 1287 2135 1317 amare
2163 1273 2339 1317 Deum.

212 1348 350 1396 Unde
369 1349 598 1413 colligunt
624 1359 739 1396 tunc
761 1350 859 1397 fore
881 1349 1074 1397 beatum
1095 1349 1364 1397 studiosum
1387 1351 1651 1415 sapientiae,
1675 1351 1724 1398 id
1746 1361 1815 1398 est
1835 1351 2178 1416 philosophum
2198 1388 2209 1411 ,
2231 1366 2341 1397 cum

211 1432 313 1476 Deo
342 1429 433 1476 frui
456 1430 670 1494 coeperit.
697 1430 925 1494 Quisquis
950 1447 1062 1494 ergo
1087 1430 1257 1477 fruitur
1281 1447 1339 1477 eo
1371 1430 1503 1495 quod
1539 1440 1682 1490 amat,
1724 1447 1984 1495 verumque
2018 1440 2065 1477 et
2100 1446 2343 1477 summum

211 1509 396 1556 bonum
419 1519 563 1569 amat,
596 1510 702 1574 quis
731 1527 844 1557 eum
863 1509 1059 1557 beatum
1092 1510 1181 1556 nisi
1203 1511 1495 1557 miserrimus
1527 1511 1693 1574 negat?
1717 1529 1738 1554 n
1774 1514 1881 1575 Ipsa
1915 1526 2111 1574 quoque
2135 1509 2343 1556 Platonis

211 1589 500 1637 documenta
533 1590 789 1638 didicimus
817 1607 873 1637 ex
905 1591 1016 1655 ipsis
1053 1590 1370 1655 philosopbiae
1410 1591 1575 1638 studiis
1610 1600 1657 1638 et
1694 1591 2056 1654 investigatione
2100 1590 2342 1637 rationum

212 1670 312 1716 veri
351 1670 667 1734 philosophos
687 1674 700 1696 ⁵
723 1680 773 1717 ut
788 1674 892 1717 Deo
928 1670 1147 1735 placeant
1181 1671 1446 1718 intendere.
1488 1675 1525 1718 A
1559 1688 1656 1736 quo
1698 1671 1895 1736 quidem
1932 1671 2170 1735 praemissa
2203 1687 2343 1736 prece

213 1750 260 1795 in
300 1750 593 1813 quibuslibet
632 1750 897 1798 rationibus
941 1760 992 1797 ut
1028 1751 1274 1798 veritatem
1312 1754 1557 1816 percipere
1594 1769 1650 1799 ac
1681 1752 1911 1799 disserere
1945 1761 2163 1816 possent,
2202 1761 2343 1815 atque

211 1828 324 1876 hinc
362 1831 504 1877 etiam
544 1831 633 1895 ipsi
670 1832 856 1895 placere
891 1830 1094 1895 supplici
1134 1830 1463 1877 obsecratione
1498 1831 1807 1895 postulabant
1835 1850 1845 1878 z
1880 1833 1926 1878 in
1955 1841 2141 1878 tantum
2176 1841 2229 1877 ut
2261 1848 2343 1878 eos

213 1925 381 1956 omnes
406 1927 496 1974 pro
522 1910 710 1957 furiosis
735 1921 779 1958 et
803 1910 1102 1975 inexpiandis
1126 1909 1380 1971 haberent,
1407 1911 1489 1974 qui
1512 1910 1738 1957 omnibus
1762 1920 1889 1957 recte
1912 1911 2108 1974 agendis
2131 1910 2342 1957 divinam

213 2005 313 2035 non
349 1990 628 2037 invocarent
665 2007 825 2055 opem.
862 1994 929 2037 Ex
968 2008 1065 2054 quo
1102 1991 1363 2056 plurimum
1405 2000 1450 2037 et
1485 2007 1655 2037 eorum
1687 1991 1889 2038 intentio
1923 1990 2268 2050 manifestatur,
2298 2000 2344 2035 et

212 2068 454 2117 humilitas
483 2070 867 2126 commendatur,
898 2087 1009 2117 cum
1034 2080 1081 2118 et
1103 2080 1300 2136 propter
1329 2074 1486 2118 Deum
1517 2071 1682 2117 omnia
1703 2081 1828 2118 recte
1852 2071 1927 2134 agi
1949 2071 2114 2129 velint,
2149 2079 2202 2116 ut
2233 2068 2344 2115 hinc

212 2150 254 2195 ei
289 2149 581 2214 supplicetur
594 2151 622 2208 ⁶,
654 2160 699 2196 et
735 2150 778 2197 ei
809 2150 972 2198 omnia
1008 2150 1218 2197 tribuant
1251 2151 1379 2197 bona
1411 2166 1440 2197 a
1464 2168 1562 2214 quo
1588 2150 1831 2215 postulant
1863 2151 2100 2197 universa.
2130 2149 2252 2196 Hinc
2277 2158 2346 2194 est

212 2218 328 2275 illud
356 2229 584 2288 Platonis,
616 2230 699 2276 ubi
729 2229 1003 2277 introducta
1029 2231 1237 2278 Socratis
1262 2242 1309 2278 et
1334 2231 1494 2277 Timaei
1523 2247 1746 2296 persona,
1787 2231 2017 2296 scriptum
2047 2231 2136 2276 est⁷
2162 2247 2173 2274 :
2205 2247 2228 2273 «
2247 2229 2345 2275 So-

212 2318 379 2355 crates.
423 2312 546 2373 Ergo
587 2325 699 2372 age,
734 2310 929 2367 Timaee,
969 2310 1128 2358 deliba
1159 2321 1389 2376 coeptum,
1428 2321 1626 2371 vocata,
1667 2320 1720 2357 ut
1754 2328 1858 2358 mos
1892 2320 1987 2369 est,
2030 2311 2078 2356 in
2116 2308 2342 2356 auxilium

213 2387 473 2437 divinitate.
509 2390 723 2437 Timaeus.
759 2393 907 2452 Vere,
943 2391 1009 2437 mi
1042 2407 1071 2437 o
1108 2392 1342 2439 Socrates.
1382 2395 1502 2439 Nam
1530 2408 1642 2457 cum
1666 2390 1891 2438 omnibus
1922 2406 2028 2438 mos
2059 2390 2116 2436 sit
2146 2399 2191 2436 et
2214 2404 2343 2454 quae·

214 2467 323 2515 dam
355 2470 490 2533 quasi
519 2469 712 2534 religio,
746 2470 829 2535 qui
869 2470 929 2517 de
967 2471 1186 2517 maximis
1213 2470 1286 2517 vel
1319 2471 1379 2518 de
1408 2471 1617 2518 minimis
1659 2470 1802 2516 rebus
1832 2470 1983 2517 acturi
2012 2468 2188 2532 aliquid
2213 2477 2342 2523 sunt,

214 2550 425 2612 precari³
456 2549 516 2596 ad
548 2551 778 2597 auxilium
819 2549 1113 2597 divinitatem
1135 2586 1147 2609 ,
1182 2560 1365 2615 quanto
1401 2567 1491 2597 nos
1525 2550 1706 2614 aequius
1742 2559 1840 2608 est,
1894 2550 1976 2613 qui
2027 2544 2343 2595 universitatis

214 2638 390 2675 naturae
423 2629 792 2694 substantiaeque
819 2630 1054 2677 rationem
1078 2631 1329 2695 praestituri
1353 2647 1534 2690 sumus,
1569 2630 1797 2677 invocare
1823 2629 2035 2676 divinam
2059 2643 2221 2692 opem,
2255 2626 2344 2673 nisi

214 2708 352 2771 plane
381 2727 504 2757 saevo
533 2710 935 2774 quodamfurore
964 2721 1106 2775 atque
1138 2710 1428 2776 implacabili
1452 2720 1696 2775 raptemur
1718 2708 1957 2757 amentia?
1985 2708 2055 2754 Sit
2084 2723 2199 2771 ergo
2227 2708 2344 2754 meis

216 2788 434 2850 precibus
468 2791 902 2855 comprehensum,
952 2792 1157 2839 maxime
1198 2791 1394 2856 quidem
1431 2800 1486 2838 ut
1527 2807 1580 2837 ea
1611 2790 1833 2838 dicantur
1863 2806 1892 2836 a
1923 2788 2065 2835 nobis
2101 2804 2206 2852 quae
2245 2786 2343 2851 pla-

216 2878 354 2913 ceant
376 2872 503 2930 Deo,
530 2880 632 2918 tum
659 2882 710 2918 ut
732 2871 871 2918 nobis
895 2888 1090 2936 quoque
1117 2873 1232 2936 ipsis
1263 2880 1614 2936 consequenter
1641 2871 1991 2936 propositoque
2017 2868 2151 2934 operi
2172 2868 2344 2914 ‹lecen-

217 2957 288 2994 ter
308 2951 620 3013 proferamus
653 2974 677 2996 >›
703 2954 822 3011 Quis
842 2954 984 3002 etiam
1009 2954 1139 3001 illam
1168 2954 1444 3018 Pythagorae
1467 2970 1567 3001 non
1591 2953 1702 3000 satis
1721 2952 1985 3000 admiretur
2005 2950 2340 3008 humilitatem,

218 3028 300 3091 qui
329 3045 378 3074 se
404 3024 534 3077 more
557 3033 866 3095 antiquorum
896 3050 995 3080 non
1023 3034 1298 3081 sustinuerit
1323 3033 1548 3098 appellari
1572 3032 1805 3097 sophum,
1830 3032 1926 3078 hoc
1948 3040 2018 3078 est
2051 3029 2310 3095 sapientem
2327 3064 2338 3086 ,

274 3190 281 3206 ¹
300 3187 368 3220 Lib.
380 3187 473 3228 vul,
490 3197 562 3229 cap.
574 3197 628 3221 vn.
643 3208 680 3213 —
697 3192 707 3210 ²
721 3191 782 3231 Ap.
795 3190 929 3231 August.
941 3192 987 3224 ad
1002 3192 1172 3225 discenda.
1194 3210 1232 3218 —
1318 3194 1501 3227 didicimus
1530 3202 1568 3226 ecc
1586 3193 1672 3233 ipsis
1694 3191 1925 3234 philosophiae
1953 3190 2078 3222 studiis
2104 3191 2133 3221 et
2156 3188 2342 3230 investiga-

217 3242 228 3260 ὃ
240 3241 344 3279 Ιὸίιῐ.,
358 3251 427 3282 cap.
440 3241 622 3274 vnn—‘In
637 3243 714 3274 editi
733 3245 1017 3277 mutationem.-
1032 3247 1044 3265 ⁵
1060 3245 1151 3277 sicin
1162 3247 1232 3278 edi·
1321 3247 1409 3279 tione
1431 3247 1607 3280 rationum
1637 3247 1767 3279 moveri
1794 3245 2029 3287 philosophos.
2059 3260 2102 3267 —
2134 3244 2147 3263 ⁶
2165 3242 2225 3275 Ed.
2249 3243 2342 3284 Sup-

219 3297 269 3327 tis.
289 3295 406 3328 Forsan
422 3295 593 3335 legendum
613 3306 621 3328 :
638 3296 715 3337 Ipso
732 3306 860 3339 quoque
876 3298 1031 3331 Platonis
1047 3299 1237 3332 doen-memo
1321 3300 1472 3342 pleatur.
1489 3318 1526 3324 —
1542 3302 1552 3321 ⁷
1563 3300 1604 3332 In
1619 3299 1754 3332 Timaeo.
1772 3316 1810 3322 -
1831 3300 1843 3319 ⁸
1854 3297 1891 3330 In
1907 3298 1984 3330 edit.
2002 3297 2204 3331 Proedicari.
