2638 3866
897 223 956 271 ΙΝ
991 224 1322 274 EPlSTOLAM
1358 228 1437 275 ΑῘ)
1472 225 1771 275 ROMANOS.
2307 224 2403 272 289

258 323 442 373 dictum
461 333 560 372 est:
586 327 746 373 «Cum
767 325 988 373 nondum
1011 327 1110 374 nati
1140 327 1338 376 fuissent
1359 339 1442 377 aut
1467 327 1648 394 aliquid
1670 326 1807 384 honi,
1830 335 1954 373 etc.»
1987 343 2010 370 «
2035 325 2182 385 Absit,
2206 344 2229 371 »
2249 325 2405 390 inquit

257 405 419 452 statim
439 405 694 471 Apostolus
717 420 773 454 ex
799 423 884 454 sua
904 416 1056 472 parte,
1084 418 1136 455 ut
1156 409 1376 457 videlicet
1397 410 1496 457 ullo
1518 408 1669 456 modo
1690 406 1914 471 iniquitas
1936 405 2160 454 credatur
2188 423 2402 470 unquam

259 486 307 532 in
332 488 435 533 Deo
457 503 578 535 esse.
604 487 698 535 Sed
718 488 851 552 prius
874 488 1070 552 quidem
1096 505 1241 554 quam
1262 490 1356 540 hoc
1374 490 1595 539 ostendat
1615 487 1750 554 quod
1772 497 1970 552 propter
1998 487 2188 551 objecta
2214 504 2313 535 non
2347 490 2404 536 sit

258 569 389 613 Deus
422 566 615 632 iniquus
654 567 906 625 dicendus,
933 570 1086 634 ipsam
1126 570 1287 619 adhuc
1319 571 1642 635 objectionem
1678 584 1811 616 more
1853 567 1967 614 boni
2004 570 2404 632 argumentatoris

259 645 560 708 corroborat,
591 658 642 695 ut
665 659 849 712 quanto
876 649 1079 698 validior
1101 650 1241 698 fuerit
1266 650 1492 715 objectio,
1525 659 1656 698 tanto
1683 647 1925 696 difficilior
1949 664 2005 695 ac
2032 648 2299 696 mirabilior
2327 666 2405 715 ap·

260 737 424 791 pareat
438 728 751 794 postmodum
767 729 962 778 solutio.
985 749 1008 776 «
1023 732 1176 796 Moysi
1191 732 1322 779 enim
1337 732 1452 779 dicit
1463 732 1476 756 ¹
1487 769 1497 780 .
1521 753 1543 776 n
1564 735 1629 779 Ac
1642 731 1681 778 si
1701 729 1906 777 diceret:
1926 732 2048 776 Bene
2065 732 2315 794 quaesitum
2332 740 2401 778 est

261 806 321 854 ad
339 809 637 874 propositam
653 811 987 875 quaestionem,
1007 821 1059 860 ut
1079 812 1299 861 videlicet
1319 816 1476 860 Deum
1491 829 1516 860 a
1537 813 1677 877 culpa
1698 809 1956 858 defendere
1976 809 2235 867 valeamus,
2256 820 2302 858 et
2322 828 2405 875 pe·

261 888 389 935 nitus
410 906 467 938 ex
493 890 607 955 ipsis
629 907 825 956 quoque
849 892 1094 957 scripturae
1118 893 1402 941 testimoniis
1435 895 1483 940 in
1515 892 1686 940 talibus
1715 889 1965 955 culpabilis
1993 899 2136 953 atque
2159 891 2405 938 inexcusa-

261 968 369 1017 bilis
393 970 580 1018 videtur
598 974 744 1032 Deus,
779 989 893 1020 cum
926 973 1103 1022 habeat
1133 975 1182 1021 in
1215 983 1448 1040 potestate
1482 973 1850 1039 quibuscunque
1887 970 1999 1019 velit
2032 972 2407 1019 misericordiam

262 1050 540 1116 impendere
564 1069 662 1117 qua
681 1053 940 1112 salventur,
975 1064 1023 1101 et
1057 1056 1160 1102 sine
1192 1055 1293 1119 ejus
1321 1055 1650 1103 misericordia
1686 1069 1831 1100 nemo
1865 1052 2034 1100 salvari
2063 1053 2230 1117 possit.
2265 1054 2406 1111 Quod

263 1147 378 1179 vero
402 1132 529 1180 hanc
551 1132 726 1182 habeat
748 1144 1033 1199 potestatem
1070 1137 1313 1201 praemittit
1343 1136 1509 1184 dicens
1533 1154 1543 1181 :
1579 1157 1601 1179 «
1623 1133 1901 1193 Miserebor,
1940 1142 2031 1180 etc.
2059 1152 2083 1177 »
2121 1134 2267 1191 Quod
2296 1150 2409 1180 vero

265 1228 364 1259 non
384 1213 473 1260 nisi
496 1215 815 1279 praeveniente
837 1216 1167 1283 misericordia
1193 1218 1295 1281 ejus
1318 1217 1573 1283 quisquam
1608 1216 1781 1264 salvari
1819 1224 1980 1287 queat,
2016 1215 2175 1261 statim
2197 1215 2411 1279 adjungit

264 1291 459 1341 dicens:
483 1314 506 1340 «
525 1295 674 1359 Igitur
690 1312 790 1343 non
808 1295 1012 1344 volentis
1030 1306 1078 1344 et
1093 1299 1348 1346 currentis.
1372 1319 1395 1342 >2
1421 1317 1442 1344 «
1463 1299 1608 1363 Cujus
1622 1298 1890 1344 misereor»
1913 1294 2316 1359 praedestinando,
2334 1311 2413 1342 an-

264 1382 459 1438 tequam
483 1375 661 1423 scilicet
685 1376 837 1423 ullum
862 1376 1152 1425 sithominis
1173 1379 1418 1438 meritum,
1447 1397 1470 1423 «
1492 1376 1771 1437 miserebor,
1790 1395 1813 1420 »
1847 1385 2012 1441 postea
2041 1376 2265 1423 vocando
2301 1392 2411 1423 eum

266 1470 352 1519 per
372 1455 607 1505 internam
630 1458 1014 1523 inspirationem,
1040 1469 1087 1506 et
1109 1460 1152 1506 ei
1172 1459 1381 1523 denique
1397 1460 1534 1524 cujus
1549 1458 1815 1506 miserebor
1832 1457 2074 1516 vocando,
2100 1478 2121 1501 «
2144 1458 2413 1505 misericor-

267 1534 396 1583 diam
413 1537 669 1601 praestabo,
687 1558 710 1582 n
729 1539 779 1585 in
800 1540 905 1604 ipso
929 1540 1111 1587 scilicet
1132 1557 1266 1605 supes
1280 1557 1351 1588 nae
1378 1539 1642 1587 vocationis
1663 1538 1850 1586 bravio,
1868 1541 2012 1601 Ergo,
2040 1537 2198 1602 inquit
2218 1542 2415 1602 Aposto-

268 1615 342 1663 lus
375 1633 433 1663 ex
466 1634 671 1683 persona
710 1620 1004 1686 opponentis
1018 1657 1030 1681 ,
1072 1619 1304 1681 subaudi,
1346 1620 1518 1668 divinae
1560 1619 1753 1666 collatio
1797 1617 2136 1666 misericordiae
2150 1655 2162 1678 ,
2208 1634 2309 1665 non
2348 1629 2416 1665 est

266 1695 479 1744 hominis
498 1708 945 1764 quantumcumque
967 1717 1073 1748 eam
1095 1721 1116 1744 «
1136 1701 1340 1748 volentis
1359 1717 1517 1765 neque
1542 1700 1794 1758 currentis,
1819 1719 1842 1741 >2
1866 1698 1912 1745 id
1936 1708 2023 1756 est,
2052 1707 2420 1762 quantumcum-

267 1794 362 1842 que
379 1777 643 1827 festinantis
664 1790 807 1845 atque
830 1781 1025 1828 nitentis
1044 1781 1106 1829 ad
1125 1797 1231 1828 eam
1253 1780 1589 1841 obtinendam,
1608 1781 1690 1828 sed
1712 1781 1923 1828 tantum²
1939 1799 1963 1824 «
1977 1779 2065 1826 Dei
2086 1780 2368 1840 miserentis,
2392 1800 2414 1823 υ

267 1858 314 1904 id
334 1868 421 1921 est,
444 1875 543 1906 non
569 1869 640 1907 est
660 1860 709 1907 in
730 1871 962 1926 potestate
998 1872 1162 1910 nostra
1196 1879 1302 1910 eam
1340 1863 1576 1928 accipere,
1603 1862 1687 1909 sed
1715 1862 1764 1909 in
1790 1877 1938 1908 manu
1956 1860 2057 1924 ejus
2084 1876 2192 1907 eam
2210 1860 2342 1919 dare,
2368 1871 2419 1907 ut

269 1955 356 2004 per
378 1939 473 1988 hoc
496 1942 809 1990 astruendum
829 1942 1047 1991 videatur
1069 1945 1313 1991 neminem
1349 1960 1452 1991 esse
1474 1944 1523 1990 in
1548 1943 1690 2010 culpa
1713 1943 1751 1990 si
1775 1941 1835 1989 ab
1857 1957 1913 1989 ea
1943 1941 2002 1988 sit
2030 1940 2212 1989 alienus
2234 1942 2418 1990 miseri-

268 2021 452 2083 cordia,
474 2022 592 2070 nisi³
610 2039 722 2071 eum
745 2024 830 2089 qui
852 2024 1014 2089 largiri
1037 2041 1143 2072 eam
1165 2025 1336 2073 babuit
1354 2042 1445 2073 nec
1462 2026 1632 2074 voluit.

341 2122 361 2145 «
384 2100 510 2150 Dicit
532 2104 677 2152 enim.
698 2123 722 2150 »
746 2105 1011 2160 Ostendita
1026 2107 1277 2154 contrariis
1300 2106 1435 2172 quod
1454 2107 1721 2155 miserentis
1740 2116 1810 2153 est
1827 2107 1913 2153 Dei
1934 2105 2069 2170 quod
2091 2105 2312 2152 homines
2334 2104 2420 2151 sal-

272 2193 444 2230 vantur
471 2201 481 2230 :
505 2185 637 2248 quod
664 2185 949 2233 obdurantis
972 2196 1042 2234 est
1064 2187 1198 2250 quod
1221 2187 1534 2246 damnantur,
1574 2189 1697 2234 sicut
1738 2188 1786 2233 in
1827 2186 2077 2234 Pharaone
2108 2202 2165 2232 ex
2198 2186 2303 2251 ipso
2332 2186 2420 2232 Dei

272 2264 550 2311 testimonio
574 2275 720 2330 patet.
745 2269 841 2314 Nec
863 2266 978 2314 dicit
1000 2269 1216 2314 tantum'·
1238 2266 1540 2329 obdurantis,
1567 2267 1648 2315 sed
1669 2268 1805 2332 quasi
1827 2266 2113 2331 impellentis
2137 2265 2199 2314 ad
2218 2264 2415 2323 malum,

274 2360 385 2391 cum
399 2344 465 2392 ait
485 2361 495 2391 :
520 2365 543 2390 «
563 2346 788 2394 Excitavi.
813 2365 836 2391 »
858 2349 915 2393 Et
931 2357 984 2394 ut
999 2347 1191 2413 culpam
1207 2348 1296 2395 Dei
1309 2356 1522 2412 augeret,
1542 2348 1705 2395 addit:
1729 2369 1750 2392 «
1771 2351 1833 2394 Ut
1846 2346 2098 2395 ostendam
2110 2347 2159 2393 in
2174 2355 2237 2403 te,
2258 2355 2371 2405 etc.,
2395 2366 2416 2389 n

272 2426 409 2489 quasi
432 2425 542 2474 ideo
565 2426 763 2475 damnet
783 2428 903 2475 alios
927 2431 1075 2487 Deus,
1106 2439 1158 2477 ut
1190 2445 1240 2476 se
1276 2427 1533 2492 glorificet,
1572 2439 1620 2476 et
1651 2428 1852 2493 gloriam
1882 2445 2018 2475 suam
2052 2428 2100 2474 in
2124 2437 2280 2474 morte
2310 2426 2421 2474 alio-

273 2521 381 2553 rum
398 2516 595 2571 quaerat,
623 2507 755 2572 quod
776 2508 1131 2573 iniquissimum
1157 2509 1362 2557 videtur.
1394 2530 1417 2553 «
1436 2512 1489 2557 In
1519 2509 1614 2557 hoc
1645 2510 1803 2575 ipsum
1822 2510 2020 2557 excitavi
2044 2518 2107 2568 te,
2132 2527 2155 2551 ι)
2189 2507 2238 2554 id
2261 2516 2331 2554 est
2359 2506 2420 2552 ad

273 2586 584 2651 affligendum
608 2588 845 2654 populum
859 2589 944 2641 ,vel
967 2590 1374 2655 persequendum,
1403 2590 1501 2637 sive
1527 2591 1670 2637 etiam
1687 2607 1764 2637 me
1783 2607 1882 2637 non
1908 2587 2278 2644 exaudiendum,
2301 2587 2422 2634 sicut

274 2668 504 2733 scriptum
519 2679 614 2716 est:
641 2689 662 2712 α
684 2669 930 2718 lndurabo
947 2688 1033 2718 cor
1045 2671 1360 2719 Pharaonis.»
1386 2692 1408 2714 α
1426 2671 1635 2718 Excitavi
1648 2680 1713 2732 te,
1737 2690 1759 2715 υ
1780 2671 1828 2717 id
1845 2680 1931 2728 est,
1952 2668 2217 2716 resistendo
2231 2667 2318 2715 tibi
2330 2667 2423 2715 feci

278 2748 425 2811 magis
447 2749 755 2797 exardescere
779 2750 1007 2798 malitiam
1024 2762 1157 2798 tuam
1177 2761 1347 2797 contra
1365 2767 1461 2811 me,
1480 2759 1548 2809 ut,
1566 2750 1688 2797 sicut
1708 2751 1940 2814 scriptum
1963 2758 2033 2815 est
2047 2750 2061 2772 '⁵
2084 2767 2094 2796 ε
2121 2769 2143 2792 <c
2160 2748 2424 2812 Quijustus

275 2836 347 2875 est
364 2829 569 2893 amplius
583 2829 887 2893 justificetur,
914 2849 938 2874 »
966 2847 1051 2895 per
1074 2830 1208 2893 quod
1231 2831 1367 2894 quasi
1400 2847 1573 2878 aurum
1607 2820 1658 2876 in
1687 2830 1883 2877 fornace
1906 2828 2230 2876 tribulationis
2251 2844 2424 2894 purga·

279 2917 371 2969 tur,
395 2918 483 2955 «et
501 2910 651 2973 quiin
666 2909 889 2957 sordibus
914 2920 982 2957 est
1000 2910 1204 2975 amplius
1227 2909 1487 2958 sordescat.
1508 2929 1531 2954 υ
1557 2911 1824 2957 «Virtutem
1851 2904 2025 2970 meam,
2048 2927 2070 2953 η
2095 2908 2143 2956 id
2163 2919 2232 2957 est
2256 2919 2425 2974 poten—

275 2989 409 3050 tiam,
431 2999 530 3036 tam
557 2989 605 3037 in
630 2990 781 3055 plagis
804 2989 983 3037 scilicet
1005 2991 1196 3056 AEgypti
1218 3006 1365 3055 quam
1388 2992 1436 3038 in
1457 2990 1789 3038 submersione
1810 2990 2161 3055 AEgyptiorum.
2205 3009 2228 3035 «
2253 2992 2316 3037 Ut
2340 3006 2426 3054 per

275 3068 371 3117 hoc
400 3071 713 3118 annuntietur
733 3087 914 3119 nomen
940 3088 1122 3130 meum,
1151 3091 1174 3117 »ι
1210 3071 1260 3118 id
1284 3082 1355 3119 est
1377 3071 1603 3120 dilatetur
1631 3071 1801 3118 notitia
1836 3071 2064 3136 potentiae
2095 3087 2213 3119 meae
2248 3069 2425 3134 ubique

277 3158 530 3198 terrarum.
553 3151 699 3210 Quod
717 3151 830 3199 dicit
856 3171 878 3196 c<
897 3162 949 3200 ut
972 3169 1058 3217 per
1075 3152 1172 3200 hoc
1187 3171 1212 3198 n
1233 3153 1382 3217 magis
1400 3153 1674 3200 effectivum
1691 3168 1792 3199 esse
1810 3167 1957 3217 quam
1973 3152 2269 3200 causativum
2291 3149 2402 3197 vide

322 3340 437 3374 ‘Ama
457 3342 545 3375 Mors
561 3351 650 3376 vero.
665 3361 702 3369 -—
716 3345 728 3364 ²
741 3343 837 3378 Amb.
858 3345 991 3379 Tamen.
1006 3360 1043 3369 --
1061 3346 1175 3380 ³Amb.
1194 3346 1268 3380 Non
1285 3353 1372 3379 eum.
1393 3363 1431 3370 -
1452 3345 1567 3378 ⁴Amb.
1586 3345 1721 3379 Tamen.
1739 3362 1779 3370 -
1796 3348 1808 3366 ⁵
1823 3347 1942 3387 Apoc„
1961 3352 2034 3384 cap.
2047 3351 2127 3382 xxu,
2142 3350 2171 3374 v.
2194 3343 2242 3375 11.

366 3420 369 3421 ⁷
438 3416 470 3440 11
2213 3403 2261 3441 37
