2638 3866
216 268 310 316 530
1020 261 1192 308 PETRI
1233 260 1550 308 ABAELARDI

212 369 486 435 principita.
526 365 595 412 Ad
626 381 676 411 50
702 375 861 410 tamen
901 363 1105 409 invicem
1139 362 1188 408 in
1220 363 1472 421 Trinitate,
1510 362 1548 408 si
1584 362 1780 425 gignens
1816 361 1878 408 ad
1905 361 1957 408 id
1985 361 2118 425 quod
2149 362 2357 425 gignitur

212 448 500 515 principium
535 454 622 505 est,
650 446 788 490 Pater
810 442 873 490 ad
894 443 1065 489 Filium
1094 442 1386 506 principium
1407 450 1499 502 est,
1526 441 1640 505 quia
1672 442 1821 504 gignit
1843 457 1972 488 eum.
1999 444 2170 488 Utrum
2192 451 2353 489 autem

210 538 258 575 et
279 527 341 574 ad
364 525 592 590 Spiritum
616 523 907 589 principium
934 522 994 568 sit
1018 524 1173 579 Pater,
1202 522 1434 585 quoniam
1456 521 1640 568 dictum
1664 532 1753 582 est,
1778 541 1800 565 ιι
1822 521 1882 567 de
1907 525 2045 568 Patre
2066 522 2302 586 procedit,
2327 543 2351 565 >›

208 624 307 653 non
337 622 483 670 parva
516 605 715 669 quaestio
749 613 836 651 est.
861 622 885 648 »
914 605 971 649 Et
1003 612 1114 668 post
1141 617 1296 667 pauca
1319 602 1369 648 in
1405 602 1628 666 sequenti
1658 602 1870 666 capitulo
1897 619 1906 647 :
1936 620 1958 645 α
1977 602 2053 661 Si,
2087 602 2270 665 inquit,
2298 613 2353 650 ,et

206 686 341 751 quod
361 685 520 744 datur,
545 685 835 750 principium
862 683 1011 730 habet
1036 699 1149 730 eum
1172 699 1199 729 a
1223 698 1322 746 quo
1347 682 1508 739 datur,
1534 682 1782 729 fatendum
1809 691 1880 729 est
1905 685 2093 729 Patrem
2113 691 2160 728 et
2181 681 2351 729 Filium

205 765 497 832 principium
537 781 638 812 esse
678 764 882 829 Spiritus
917 763 1086 810 sancti.
1112 782 1134 806 »
1171 762 1265 809 Sed
1302 779 1393 810 nec
1426 773 1599 810 natura
1634 765 1823 809 Patrem
1856 779 1959 810 esse
1994 763 2206 826 priorem
2233 763 2352 810 Filio

204 845 518 893 concedimus
543 863 553 891 :
578 845 729 891 immo
750 844 892 891 simul
924 859 1026 890 esse
1048 852 1237 901 natura,
1264 860 1376 890 cum
1396 853 1568 890 mutuo
1594 842 1787 890 relative
1809 842 1872 890 ad
1893 843 2103 890 invicem
2129 842 2354 890 dicantur

204 929 341 974 Pater
374 935 420 972 et
448 926 626 984 Filius;
659 934 706 971 ct
736 925 870 988 juxta
893 924 1025 989 ipsos
1059 939 1257 988 quoque
1287 923 1626 988 philosophos,
1654 924 1819 970 omnia
1842 922 1904 970 ad
1927 923 2132 970 invicem
2155 922 2352 972 relativa

199 1005 343 1053 simul
376 1005 471 1052 sint
498 1014 687 1064 natura,
721 1021 832 1051 cum
865 1013 1067 1068 utraque
1093 1014 1263 1051 mutuo
1298 1004 1360 1051 ad
1392 1004 1599 1051 invicem
1632 1004 1698 1051 ita
1728 1020 1830 1051 sese
1861 1003 2095 1062 habeant,
2131 1011 2185 1049 ut
2214 1003 2350 1050 nullo

200 1086 351 1133 modo
381 1086 583 1132 alterum
608 1085 710 1131 sine
733 1084 884 1132 altero
908 1094 1054 1149 queat
1081 1101 1200 1132 esse.
1231 1087 1268 1131 E
1288 1084 1533 1131 contrario
1562 1093 1743 1144 autem,
1770 1095 1822 1131 ut
1847 1085 1913 1131 ait
1943 1082 2230 1141 AristoteleS‚
2261 1099 2349 1131 na-

199 1166 415 1213 turaliter
448 1165 582 1230 prius
615 1164 819 1212 alterum
855 1165 1007 1212 altero
1039 1165 1091 1212 id
1125 1165 1319 1224 dicitur,
1363 1164 1496 1228 quod
1528 1165 1761 1229 consequi
1794 1164 1943 1212 habet
1979 1163 2250 1211 necessario
2285 1163 2349 1211 ad

196 1246 333 1304 illud,
362 1245 446 1292 sed
471 1245 670 1291 minime
703 1245 1003 1301 antecedere,
1032 1255 1082 1292 ut
1104 1262 1258 1292 unum
1281 1244 1475 1292 duobus
1497 1245 1631 1310 prius
1657 1255 1759 1292 est:
1786 1254 1945 1310 potest
1976 1245 2158 1309 quippe
2194 1260 2348 1290 unum

196 1326 420 1384 existere,
463 1326 529 1372 ita
561 1334 616 1371 ut
644 1341 747 1371 non
781 1325 875 1371 sint
904 1324 1023 1383 duo,
1059 1325 1144 1373 sed
1172 1342 1198 1373 e
1232 1341 1487 1373 converse.
1527 1328 1585 1372 At
1618 1341 1734 1371 vero
1768 1325 1901 1372 nulla
1932 1340 2250 1390 personarum
2282 1323 2348 1371 ita

195 1415 352 1471 potest
387 1421 505 1465 esse,
540 1414 593 1451 ut
618 1421 719 1451 non
746 1405 815 1451 sit
840 1405 1008 1464 altera;
1044 1423 1156 1453 cum
1188 1406 1322 1453 nullo
1360 1405 1510 1452 modo
1545 1406 1704 1470 aliqua
1735 1422 1792 1452 ex
1823 1406 1890 1452 eis
1915 1406 2065 1471 possit
2090 1420 2191 1450 non
2223 1420 2341 1463 esse,

195 1502 308 1532 cum
341 1501 476 1549 aeque
513 1501 682 1531 omnes
715 1501 911 1532 necesse
947 1485 1007 1532 sit
1041 1502 1161 1545 esse,
1198 1485 1296 1533 hoc
1329 1496 1399 1532 est
1437 1486 1640 1532 omnino
1676 1484 1974 1550 impossibile
2011 1485 2070 1532 sit
2108 1500 2209 1530 non
2244 1500 2347 1531 esse

193 1565 347 1630 ipsam
370 1581 688 1631 personarum
711 1565 1010 1612 Trinitatem.

260 1646 353 1692 Sed
387 1663 477 1693 nec
510 1645 656 1692 ullam
691 1645 875 1692 habent
912 1645 975 1692 ad
1006 1646 1217 1693 invicem
1245 1646 1488 1710 dignitatis
1526 1646 1844 1711 prioritatem,
1879 1656 1934 1692 ut
1955 1644 2178 1692 videlicet
2208 1647 2346 1691 Pater

193 1725 385 1791 dignior
414 1728 473 1773 sit
503 1726 640 1786 Filio,
672 1727 749 1773 vel
784 1727 964 1791 Spiritu
996 1736 1162 1773 sancto
1198 1727 1405 1783 dicatur,
1435 1728 1549 1791 quia
1581 1727 1649 1774 illi
1683 1744 1739 1774 ex
1772 1728 1879 1792 ipso
1912 1735 2040 1786 sunt,
2077 1742 2178 1772 non
2210 1728 2346 1773 Pater

192 1823 248 1854 ex
288 1807 430 1872 ipsis3
474 1816 556 1854 aut
594 1806 740 1853 Filius
775 1806 946 1854 eadem
982 1807 1170 1854 ratione
1204 1807 1385 1871 Spiritu
1415 1817 1602 1854 sancto.
1638 1807 1863 1871 Alioquin
1886 1817 1933 1853 et
1962 1805 2141 1854 animal
2171 1805 2343 1853 eadem

191 1889 507 1953 proportione
531 1887 722 1950 dignius
744 1897 865 1934 esset
885 1887 1110 1947 homine;
1137 1904 1248 1934 cum
1269 1889 1431 1952 potius
1452 1898 1626 1935 natura
1646 1888 1860 1934 hominis
1879 1897 2102 1934 naturam
2120 1886 2343 1934 animalis

190 1968 461 2033 praecedere
497 1968 718 2015 videatur
748 1986 758 2013 :
801 1984 914 2015 cum
953 1968 1104 2014 homo
1139 1968 1242 2033 ipse
1275 1986 1331 2015 ex
1366 1969 1564 2034 propria
1601 1978 1771 2015 natura
1805 1966 2051 2015 rationalis
2085 1967 2167 2024 sit,
2207 1965 2341 2030 quod

192 2049 372 2095 animal
402 2049 564 2112 ipsum
594 2064 652 2094 ex
674 2063 760 2094 sua
791 2057 961 2095 natura
989 2064 1091 2094 non
1123 2048 1326 2096 obtinet.
1361 2049 1438 2096 Sic
1468 2058 1515 2095 et
1537 2049 1690 2096 homo
1718 2057 1880 2114 posset
1907 2047 2099 2111 dignior
2133 2045 2230 2093 dici
2252 2046 2359 2100 ho-‚

190 2129 320 2176 mine
351 2129 515 2192 aliquo
545 2127 825 2192 dignissimo
855 2129 930 2175 vel
962 2129 1148 2193 optimo
1180 2129 1420 2190 omnium,
1453 2146 1567 2176 cum
1603 2129 1828 2175 videlicet
1858 2127 2009 2175 homo
2046 2127 2259 2192 optimus
2282 2143 2339 2174 ex

186 2208 385 2256 homine
408 2219 549 2269 esset,
578 2225 678 2254 non
699 2225 756 2255 ex
779 2208 979 2255 homine
1003 2210 1190 2274 optimo
1215 2210 1384 2256 homo.
1411 2209 1554 2267 Quod
1581 2209 1619 2256 si
1643 2210 1750 2273 quis
1773 2209 1823 2255 in
1847 2225 1906 2255 eo
1927 2224 2123 2272 quoque
2147 2210 2337 2254 Patrem

187 2290 355 2336 ceteris
384 2289 602 2354 praeferat
636 2290 879 2354 personis,
918 2290 1056 2353 quod
1089 2293 1226 2337 Pater
1255 2306 1355 2337 non
1390 2300 1459 2337 est
1489 2290 1551 2337 al)
1583 2290 1696 2351 alin,
1729 2306 1842 2337 cum
1879 2298 1978 2336 tam
2014 2289 2159 2335 Filius
2190 2304 2339 2352 quam

187 2369 390 2434 Spiritus
422 2368 483 2415 ab
516 2368 608 2415 alio
646 2369 757 2430 sint,
793 2378 961 2434 utpote
985 2386 1013 2417 a
1034 2373 1170 2417 Patre
1195 2371 1328 2435 ipso;
1364 2370 1584 2435 praeserat
1619 2371 1789 2418 eadem
1821 2370 2009 2417 ratione
2044 2368 2226 2415 malum
2257 2384 2339 2415 an-

186 2450 346 2514 gelum
365 2448 501 2496 bono
525 2449 720 2511 ange103
745 2466 857 2496 cum
879 2450 958 2496 ille
982 2450 1117 2513 quod
1140 2450 1420 2513 hujusmodi
1438 2460 1524 2505 est,
1547 2467 1575 2497 a
1592 2451 1783 2516 seipso,
1809 2467 1912 2497 non
1935 2449 1997 2497 ab
2016 2449 2110 2497 alio
2130 2447 2332 2495 habeat:

183 2530 270 2577 iste
294 2546 411 2576 vero
433 2545 461 2576 a
483 2532 588 2576 Deo
611 2528 707 2575 1100
727 2529 920 2590 habeat,
947 2547 1053 2594 quae
1073 2531 1215 2578 etiam
1240 2530 1447 2594 dignitas
1467 2531 1621 2577 notari
1646 2531 1795 2595 possit
1814 2531 1864 2576 in
1888 2546 1988 2576 non
2009 2545 2111 2575 esse
2133 2527 2194 2575 ab
2218 2527 2331 2586 alio,

184 2626 295 2656 cum
329 2609 538 2656 maxima
569 2609 778 2656 emineat
809 2610 860 2656 in
891 2626 993 2657 esse
1027 2627 1052 2657 a
1085 2613 1206 2657 De0.
1242 2611 1472 2674 Magnum
1504 2611 1683 2676 quippe
1716 2620 1786 2657 est
1818 2625 1920 2657 esse
1942 2612 2099 2656 Deum
2136 2607 2197 2654 de
2231 2610 2335 2654 Deo

186 2699 231 2736 et
261 2692 515 2736 Summum
542 2693 730 2736 Bonum
765 2689 826 2737 de
858 2691 1059 2738 Summo
1095 2694 1249 2738 Bono.
1278 2692 1426 2749 Quasi
1459 2692 1717 2755 geminatio
1754 2690 1971 2755 quaedam
2001 2688 2246 2752 dignitatis
2282 2689 2331 2734 in

185 2766 279 2813 hoc
310 2768 617 2832 exprimitur3
643 2768 692 2814 in
726 2784 785 2814 eo
820 2767 956 2833 quod
978 2768 1152 2815 dicitur
1173 2785 1274 2815 non
1308 2786 1411 2816 esse
1439 2769 1501 2817 ab
1530 2768 1642 2830 alio,
1679 2786 1785 2833 quae
1814 2766 2082 2815 ostenditur
2105 2765 2328 2829 dignitas,

186 2863 295 2892 cum
316 2847 366 2893 id
390 2848 533 2894 rebus
556 2864 753 2912 quoque
775 2865 876 2895 non
901 2849 1210 2896 existentibus
1229 2850 1459 2915 applicari
1478 2850 1645 2915 possit,
1669 2866 1775 2914 quae
1799 2849 1919 2895 1111111
1939 2846 2129 2911 penitus
2151 2845 2335 2892 habent

184 2924 426 2987 dignitatis
442 2927 460 2972 Ξ)
474 2927 568 2974 Sed
586 2937 634 2974 et
655 2929 693 2974 si
710 2939 871 2992 posset
893 2930 1173 2993 contingere
1191 2939 1245 2976 ut
1266 2930 1436 2994 aliquis
1452 2930 1605 2977 homo
1625 2946 1653 2977 a
1669 2947 1719 2977 se
1736 2931 1841 2995 ipso
1857 2937 1994 2987 esset,
2012 2936 2058 2973 et
2070 2926 2190 2973 alius
2209 2935 2331 2972 esset

183 3021 213 3053 a
240 3008 367 3065 Deo3
398 3006 636 3071 numquid
662 3008 701 3054 is
723 3009 807 3072 qui
837 3025 865 3055 a
896 3026 945 3056 se
978 3020 1101 3056 esset
1133 3010 1304 3056 melior
1334 3021 1457 3058 esset
1479 3021 1561 3059 aut
1593 3011 1784 3074 dignior
1815 3026 1874 3057 eo
1901 3009 1985 3073 qui
2007 3016 2128 3054 esset
2151 3022 2180 3052 a
2203 3008 2324 3063 Deo,

183 3085 364 3131 idcirco
389 3086 522 3148 quod
540 3086 620 3133 hic
641 3104 668 3133 a
689 3104 738 3134 se
754 3098 892 3148 esset,
920 3099 966 3136 et
989 3089 1067 3136 ille
1093 3089 1154 3135 ab
1177 3090 1308 3136 alio?
1334 3095 1440 3137 Non
1464 3091 1646 3155 utique,
1675 3107 1784 3139 cum
1809 3091 1953 3152 longe
1977 3087 2147 3134 melior
2170 3101 2197 3131 a
2220 3086 2325 3130 Deo

181 3165 261 3212 hic
283 3163 386 3211 fieri
404 3175 579 3229 posset,
608 3183 753 3229 quam
774 3167 851 3213 ille
874 3185 960 3231 per
984 3185 1033 3215 se
1051 3185 1153 3215 esse
1176 3169 1373 3217 valeret.
1403 3173 1644 3217 Ponamus
1664 3171 1805 3217 etiam
1830 3167 1964 3232 quod
1983 3165 2154 3229 aliquis
2173 3163 2325 3210 1101110

183 3244 400 3308 genuerit
433 3244 580 3290 alium
610 3262 745 3308 aeque
773 3247 1064 3310 sapientem,
1104 3266 1239 3312 aeque
1277 3260 1543 3314 potentem,
1580 3266 1713 3313 aeque
1751 3265 1835 3314 per
1863 3248 2025 3293 oznnia
2063 3245 2249 3291 honum
2279 3253 2324 3290 et

180 3325 414 3389 aequalem
450 3324 537 3389 ipsi
575 3325 698 3389 patri
732 3341 846 3384 suo;
887 3343 1141 3390 ponamuS,
1170 3330 1387 3392 inquam,
1423 3329 1535 3388 hoc,
1568 3330 1689 3375 sicut
1714 3329 1911 3375 sortasse
1951 3341 2320 3390 nonnumquam
