2638 3866
263 195 358 263 678
1067 211 1238 258 PETm
1276 209 1589 258 ABAELARm

263 308 617 372 autem'Jesus‚
656 328 768 359 cum
802 327 985 357 novum
1021 311 1228 358 traderet
1263 319 1626 369 testamentum,
1663 310 1712 357 in
1744 311 1851 375 ipso
1886 310 2044 358 statim
2072 311 2270 358 exordio
2302 311 2393 359 tale

264 395 492 441 doctrinae
526 409 620 439 suae
649 391 1016 438 fundamentum
1051 391 1326 450 collocavit,
1356 390 1488 454 quod
1525 379 1662 438 etad*
1686 401 2020 455 contemptum
2056 391 2225 438 mundi
2261 402 2306 439 et
2334 392 2396 440 ad

263 474 405 537 hujus
424 471 731 519 beatitudinis
753 470 1044 518 desiderium
1063 470 1241 536 pariter
1259 471 1495 526 incitaret,
1515 469 1702 519 dicens¹
1723 489 1733 518 :
1759 471 1922 519 «Beati
1945 487 2178 536 pauperes
2204 471 2391 536 spiritu,

264 554 493 616 quoniam
530 553 744 617 ipsorum
780 561 851 598 est
877 568 1077 615 regnum
1108 551 1360 611 coelorum,
1376 570 1399 595 »
1425 561 1472 598 et
1495 560 1604 616 post
1636 550 1793 615 aliqua
1819 569 1829 598 :
1861 552 2030 598 «Beati
2064 551 2147 615 qui
2175 563 2394 616 persecu-

267 634 447 680 tionem
473 633 720 697 patiuntur
743 641 944 696 propter
958 631 1206 695 justitiam,
1225 631 1459 696 quoniam
1478 631 1694 696 ipsorum
1719 642 1790 678 est
1808 648 2010 696 regnum
2031 631 2280 678 coelorum.
2298 651 2320 673 ³)
2340 633 2397 677 Et

263 714 300 759 si
327 712 579 776 diligenter
603 712 908 759 attendamus
931 711 993 759 ad
1017 712 1134 773 hoec,
1162 712 1380 759 universa
1400 711 1502 776 ejus
1527 722 1762 776 praecepta
1787 712 1861 759 vel
1883 712 2238 760 exhortationes
2262 710 2398 758 adhi-

264 792 454 853 bentur,
484 802 536 839 ut
561 810 644 858 spe
664 792 787 839 illius
809 809 1026 857 supernae
1048 802 1095 839 et
1118 802 1304 839 aeternae
1322 792 1429 839 vitae
1452 792 1614 838 omnia
1638 801 2008 839 contemnantur
2030 808 2275 856 prospera,
2301 791 2399 838 sive

264 873 531 920 tolerentur
556 873 770 920 adversa.
801 872 946 930 Quod
976 888 1282 936 nequaquam
1304 871 1514 919 arbitror
1539 881 1721 919 vestros
1744 871 1949 935 attigisse
1981 871 2205 919 doctores
2226 881 2308 918 aut
2339 870 2400 918 ad

262 953 394 999 hunc
427 952 572 999 finem
604 953 723 999 boni
747 962 927 1000 vestros
958 953 1146 999 animos
1177 969 1311 1016 aeque
1336 952 1577 999 invitasse.
1605 952 1750 1008 Quod
1778 951 1817 998 si
1839 950 1954 998 tales
1985 961 2144 1011 erant,
2181 951 2395 1015 assigna,

264 1033 482 1080 universa
514 1032 680 1079 ethicae
701 1042 867 1079 vestrae
894 1049 1179 1097 percurrens
1210 1032 1448 1092 instituta,
1475 1042 1557 1079 aut
1587 1032 1627 1078 si
1654 1031 1892 1095 assignare
1920 1047 2021 1078 non
2055 1032 2225 1096 possis,
2264 1041 2399 1079 tanto

266 1112 540 1160 doctrinam
574 1112 744 1160 Christi
772 1113 1105 1177 perfectiorem
1129 1122 1273 1177 atque
1296 1112 1545 1159 meliorem
1567 1128 1669 1159 esse
1694 1111 1907 1171 fatearis,
1937 1119 2118 1175 quanto
2146 1127 2238 1158 nos
2259 1127 2402 1159 causa

262 1192 336 1239 vel
362 1210 446 1257 spe
478 1192 666 1239 meliori
689 1192 751 1239 ad
775 1193 973 1239 virtutes
1007 1192 1308 1254 adhortatur,
1341 1209 1453 1239 cum
1481 1208 1569 1238 vos
1597 1192 1755 1257 potius
1775 1191 1974 1238 virtutes
1996 1190 2071 1238 vel
2095 1206 2259 1238 earum
2283 1208 2399 1239 con-

266 1273 404 1320 traria
431 1283 630 1338 propter
654 1290 705 1319 se
728 1274 832 1338 ipsa
868 1273 1014 1337 magis
1030 1311 1041 1330 ‚
1073 1290 1218 1337 quam
1250 1282 1451 1338 propter
1475 1272 1604 1319 aliud
1630 1272 1790 1337 appeti
1813 1270 1888 1318 vel
1912 1271 2048 1318 vitari
2080 1270 2256 1319 debere
2289 1288 2402 1320 cen·

263 1354 418 1399 seatis.
438 1353 576 1399 Unde
597 1363 643 1400 et
667 1352 746 1400 illa
765 1338 990 1411 honesta,
1015 1344 1088 1400 ve]
1114 1352 1370 1400 inhonesta
1390 1352 1553 1399 vocari
1575 1351 1675 1398 haec
1695 1350 1872 1398 debere
1891 1351 2107 1398 censetis.
2135 1354 2400 1399 Honestum

263 1434 441 1498 quippe
466 1433 639 1492 dicitis,
666 1433 799 1497 quod
823 1449 910 1498 per
932 1449 982 1480 se
1005 1433 1163 1498 ipsum
1188 1433 1344 1498 placet
1367 1442 1415 1480 et
1436 1442 1635 1498 propter
1658 1449 1707 1479 se
1730 1432 1906 1497 ipsum,
1932 1448 2033 1479 non
2056 1441 2252 1498 propter
2271 1432 2402 1480 aliud

265 1522 334 1559 est
355 1513 708 1578 appetendum,
735 1514 857 1560 sicut
876 1530 902 1560 e
926 1514 1168 1561 contrario
1197 1513 1526 1570 inhonestum,
1555 1511 1690 1576 quod
1718 1529 1775 1559 ex
1799 1512 1994 1577 propria
2016 1512 2313 1577 turpitudine
2334 1523 2404 1560 est

264 1593 559 1656 fugiendum.
590 1597 707 1652 Quae
739 1594 866 1640 enim
897 1603 1094 1659 propter
1123 1593 1252 1640 aliud
1274 1594 1350 1640 vel
1379 1592 1653 1658 appetenda
1673 1602 1787 1640 sunt
1807 1591 1884 1639 vel
1910 1591 2125 1654 vitanda,
2160 1609 2217 1640 ea
2244 1593 2404 1658 potius

268 1673 398 1720 utilia
418 1674 492 1720 vel
514 1674 698 1720 inutilia
723 1675 1028 1739 nuncupatis.

333 1755 519 1800 Pinnos.
546 1754 622 1800 Sic
646 1754 862 1818 profecto
887 1755 1062 1801 nostris
1085 1755 1240 1801 visum
1266 1755 1548 1818 majoribuS,
1576 1755 1699 1801 sicut
1721 1755 1770 1802 in
1795 1754 2011 1803 secundo
2028 1755 2288 1802 Rhetoricae
2308 1771 2405 1802 suae

265 1835 329 1880 M.
366 1834 544 1881 Tullius
568 1834 758 1898 plenius
783 1835 1071 1898 exsequitur.
1100 1834 1194 1881 Sed
1217 1834 1434 1899 profecto
1458 1851 1569 1881 cum
1590 1834 1765 1882 dicitur
1789 1853 1799 1880 :
1826 1836 1988 1882 Virtus
2009 1845 2210 1900 propter
2230 1851 2280 1882 se
2305 1851 2405 1882 non

266 1922 464 1978 propter
489 1913 619 1960 aliud
642 1914 935 1978 expetenda,
965 1930 1065 1960 non
1094 1915 1295 1960 omnino
1327 1930 1508 1962 merces
1543 1914 1824 1961 meritorum
1848 1914 2135 1975 excluditur,
2161 1914 2247 1961 sed
2267 1924 2409 1962 terre-

267 2009 443 2040 norum
494 1993 697 2040 intentio
736 1993 1109 2040 commodorum
1149 2004 1440 2041 removetur.
1486 1993 1710 2057 Alioquin
1750 1995 1982 2042 virtutum
2022 1993 2170 2042 finem
2185 2032 2198 2056 ‚
2251 1995 2302 2041 id
2339 2003 2408 2041 est

267 2089 458 2142 causam
492 2072 686 2120 finalem
714 2090 814 2120 non
837 2073 960 2120 hene
983 2075 1384 2121 constitueremus
1405 2073 1781 2131 beatitudinem,
1810 2074 1929 2121 sicut
1958 2075 2009 2121 in
2032 2074 2247 2122 secundo
2277 2076 2410 2139 Topi-

266 2170 429 2200 corum
466 2170 665 2200 suorum
704 2153 931 2201 Boethius
967 2163 1124 2201 vester
1156 2154 1468 2202 Themistium
1497 2164 1688 2202 secutus
1722 2164 2086 2203 commemorat.
2127 2153 2199 2201 lbi
2231 2155 2410 2219 quippe

266 2251 377 2281 cum
402 2234 463 2281 de
487 2234 596 2281 loco
620 2251 648 2282 a
671 2234 793 2281 fine'
811 2234 1066 2298 subjiceret
1091 2235 1364 2301 exemplum
1394 2253 1404 2281 :
1430 2256 1453 2279 α
1470 2235 1519 2283 Si
1541 2235 1738 2283 beatum
1753 2272 1766 2296 ,
1782 2256 1814 2279 >2
1831 2236 2028 2300 inquit³,
2059 2257 2082 2280 <c
2097 2252 2198 2283 esse
2221 2235 2408 2282 bonum

267 2325 363 2373 est,
392 2324 439 2361 et
466 2315 647 2377 justitia
671 2314 801 2363 bona
835 2322 921 2362 est.
943 2335 966 2359 ³>
998 2316 1085 2362 Hic
1117 2316 1264 2375 enim,
1291 2316 1372 2372 ait,
1402 2314 1509 2362 finis
1532 2324 1602 2362 est
1618 2315 1835 2379 justitiae,
1860 2326 1912 2363 ut
1938 2317 1977 2363 si
2010 2317 2116 2379 quis
2145 2314 2410 2363 secundum

263 2395 494 2457 justitiam
516 2396 661 2456 vivat,
688 2395 751 2442 ad
772 2395 1119 2443 beatitudinem
1142 2395 1452 2461 perducatur.
1483 2398 1605 2442 Ecce
1640 2395 1721 2442 hic
1749 2406 1912 2461 aperte
1944 2405 2179 2443 monstrat
2211 2395 2411 2443 beatitu-

269 2472 431 2520 dinem
452 2475 500 2520 in
522 2474 839 2522 retributione
853 2474 990 2538 justae
1009 2475 1114 2522 vitae
1133 2475 1338 2540 positam
1362 2491 1480 2535 esse,
1505 2485 1552 2522 et
1575 2474 1715 2522 nobis
1735 2475 2054 2522 intentionem
2071 2476 2197 2539 juste
2216 2475 2407 2522 vivendi

269 2570 399 2612 esse,
440 2564 490 2600 ut
521 2554 583 2601 ad
617 2554 735 2601 illud
770 2555 1122 2619 perveniamus.
1157 2558 1333 2614 Quam,
1362 2564 1414 2601 ut
1439 2554 1665 2615 arbitror,
1692 2555 2040 2603 beatitudinem
2063 2556 2296 2620 Epicurus
2329 2571 2412 2602 vo·

270 2633 519 2698 luptatem‚
560 2634 774 2681 Christus
807 2645 965 2683 vester
1000 2651 1201 2698 regnum
1236 2635 1470 2682 coelorum
1504 2635 1739 2682 nominat.
1775 2635 1906 2693 Quid
1939 2645 2100 2683 autem
2136 2634 2277 2682 refert
2310 2650 2410 2700 quo

272 2714 468 2760 nomine
490 2716 715 2761 vocetur?
735 2714 1005 2762 dummodo
1027 2732 1102 2762 res
1127 2715 1297 2762 eadem
1319 2724 1612 2780 permaneat,
1638 2731 1730 2763 nec
1747 2716 1808 2763 sit
1828 2714 2077 2763 beatitudo
2099 2715 2304 2775 diversa,
2314 2731 2411 2771 ¹nec

269 2792 393 2854 juste
414 2793 608 2840 vivendi
637 2794 940 2859 philosophis
974 2813 1120 2860 quam
1157 2795 1427 2843 christianis
1462 2795 1665 2842 intentio
1699 2805 2006 2862 praeponatur
2039 2794 2157 2854 alia3
2193 2804 2247 2842 ut
2282 2797 2412 2842 enim

274 2888 384 2932 vos,
421 2874 541 2919 sicut
569 2884 616 2920 et
643 2891 757 2935 nos,
787 2875 867 2922 hic
895 2877 1056 2924 vivere
1081 2878 1206 2940 juste
1235 2876 1562 2941 disponimus,
1589 2886 1643 2923 ut
1666 2876 1762 2923 illic
1786 2875 2127 2940 glorificemur,
2164 2885 2212 2922 et
2243 2884 2412 2923 contra

275 2950 388 2997 vitia
420 2968 718 3016 pugnamus,
757 2964 809 3000 ut
845 2957 1027 3003 meritis
1061 2957 1294 3003 virtutum
1331 2956 1428 3004 illic
1467 2973 1775 3018 coronemur,
1810 2973 2054 3004 summum
2084 2955 2203 3003 illud
2236 2955 2413 3003 scilicet

275 3029 459 3076 bonum
483 3048 571 3095 pro
595 3034 819 3080 mercede
845 3035 1020 3100 adepti.

342 3111 611 3158 Cnmsnm.
649 3115 803 3159 Immo
837 3115 980 3178 longe
1012 3125 1248 3179 quantum
1288 3117 1505 3181 percipio
1536 3127 1701 3165 nostra
1734 3117 1786 3164 in
1822 3116 1918 3164 hoc
1949 3126 1996 3164 et
2019 3125 2178 3163 vestra
2210 3115 2412 3163 intentio

322 3292 473 3335 ¹Matth„
490 3303 562 3335 cap.
579 3303 611 3327 v.
634 3312 667 3318 —
680 3297 691 3316 ²
707 3296 896 3332 Rheinwald
918 3300 996 3339 legit
1007 3300 1121 3342 affine,
1139 3310 1211 3342 quae
1226 3310 1325 3343 prava
1341 3307 1429 3335 certe
1442 3303 1538 3335 lectio
1554 3307 1615 3335 est.
1634 3303 1696 3326 —³
1710 3302 1758 3335 De
1775 3302 1886 3343 differ.
1907 3301 2002 3343 Top„
2019 3301 2118 3343 0pp.‚
2135 3309 2169 3341 p.
2188 3301 2258 3334 868.
