2638 3866
325 212 418 260 496
1127 211 1297 259 PETRI
1332 210 1650 259 ABAELARDI

319 311 608 377 praevidebat
629 328 733 375 quae
752 310 884 358 bona
898 310 960 358 de
984 311 1119 358 malis
1138 311 1239 375 ejus
1259 321 1382 358 esset
1403 312 1504 376 ipse
1529 310 1755 358 facturus.
1778 326 1802 352 »
1828 310 1946 354 ltem
1971 314 2081 372 post
2103 304 2289 371 aliqua:
2316 327 2340 350 «
2361 308 2454 355 Ne·

319 409 412 456 que
427 393 556 440 enim
575 395 704 439 Deus
727 391 895 453 ullum,
923 408 1023 439 non
1048 391 1157 439 dico
1193 390 1491 454 angelorum,
1529 390 1614 438 sed
1647 387 1723 436 vel
1757 386 2013 435 hominum
2048 396 2269 447 creasset,
2309 404 2454 452 quem

319 472 496 519 malum
517 489 617 519 esse
640 472 854 519 futurum
874 473 1158 537 praescisset,
1186 472 1276 518 nisi
1299 471 1478 536 pariter
1500 480 1664 518 nosset
1694 468 1871 534 quibus
1900 484 1983 515 eos
2012 456 2259 515 bonorum
2288 466 2457 516 usibus

318 552 722 599 commendaret¹.
749 574 771 595 «
807 553 939 600 ldem
976 553 1026 599 in
1061 551 1363 599 Εηεήίνίαἷιόι
1391 570 1400 597 :
1432 573 1454 594 «
1483 555 1645 616 Neque
1682 551 1812 598 enim
1841 552 1970 597 Deus
2005 547 2314 613 omnipotens
2342 564 2455 595 cum

317 648 502 678 summe
538 631 695 679 bonus
718 633 793 689 sit,
825 632 923 679 ullo
954 632 1104 680 modo
1134 632 1310 679 sineret
1350 631 1463 678 mali
1498 630 1680 696 aliquid
1710 646 1810 677 esse
1841 629 1891 676 in
1925 627 2153 694 operibus
2185 628 2281 675 suis
2306 647 2320 690 ;
2362 627 2453 675 nisi

317 729 468 777 usque
492 712 614 759 adeo
638 723 758 760 esset
787 713 1096 778 omnipotens
1119 723 1167 760 et
1189 713 1370 774 bonus,
1396 723 1449 760 ut
1468 713 1593 760 bene
1615 711 1790 760 faceret
1814 719 1861 757 et
1885 709 1946 757 de
1973 708 2120 756 malo.
2143 729 2165 752 »

387 796 662 855 «Quorum,
691 813 713 838 »
737 794 915 841 scilicet
940 811 1029 841 nos
1051 793 1507 858 blasphemantium,
1531 792 1581 840 id
1603 802 1690 853 est,
1716 808 1817 838 non
1852 800 1951 838 tam
1983 805 2072 854 pro
2106 788 2455 836 existimatione

316 890 401 920 sua
423 890 569 938 quam
587 884 785 940 propter
804 891 893 921 nos
918 873 1328 940 blasphemandos
1351 873 1401 920 id
1425 873 1708 921 dicentium.
1728 871 1860 921 Adeo
1880 887 2091 934 namque
2112 868 2236 916 mala
2259 885 2455 934 quoque
2486 903 2488 906 -

317 971 343 1000 a
366 956 468 1002 Deo
491 954 615 1002 bene
638 955 853 1003 ordinari
874 955 1041 1003 datum
1061 965 1147 1015 est,
1177 965 1229 1003 ut
1250 955 1346 1003 hoc
1368 955 1514 1003 etiam
1537 954 1724 1018 gentilis
1745 952 1824 1000 ille
1842 949 2161 1018 philosophus
2191 949 2324 996 Plato
2348 964 2452 996 ma-

315 1033 484 1082 nifeste
509 1029 750 1100 professus
772 1037 848 1098 sit,
869 1036 1033 1083 dicens
1053 1054 1063 1082 :
1095 1056 1116 1080 α
1134 1035 1261 1083 Nihil
1284 1036 1414 1083 enim
1438 1034 1509 1095 fit,
1534 1035 1669 1099 cujus
1689 1043 1850 1082 ortum
1876 1048 1976 1080 non
2001 1030 2211 1096 legitima
2243 1046 2385 1077 causa
2407 1039 2456 1076 et

314 1115 437 1162 ratio
459 1116 711 1180 praecedat.
742 1136 765 1161 »

384 1215 406 1239 «
422 1196 553 1254 Quid
572 1213 703 1261 erg0.
729 1217 751 1242 υ
774 1198 882 1245 Dixi
909 1199 1071 1246 talium
1093 1214 1182 1245 nos
1203 1197 1642 1263 blasphemantium
1662 1196 1839 1261 justam
1861 1211 1964 1242 esse
1990 1191 2373 1253 damnationem,
2397 1205 2454 1238 ex

314 1292 412 1340 quo
434 1293 523 1324 nos
547 1278 752 1325 maxime
775 1279 1139 1326 commendasse
1160 1278 1396 1339 videmur,
1418 1278 1555 1343 quasi
1578 1277 1695 1325 tales
1723 1277 1872 1324 simus
1901 1291 1959 1322 ex
1982 1272 2157 1321 nostris
2180 1271 2378 1330 meritis,
2404 1271 2453 1317 in

314 1355 487 1420 quibus
511 1357 628 1404 nihil
653 1359 714 1405 sit
731 1358 1181 1424 blasphemandum.
1214 1359 1379 1418 &Quid
1398 1375 1530 1423 ergo,
1552 1378 1575 1401 >³
1602 1358 1653 1405 id
1669 1367 1759 1416 est,
1778 1373 1898 1403 num
1917 1354 2035 1420 quid
2049 1362 2207 1419 potest
2225 1352 2321 1399 dici
2343 1351 2455 1416 quia

314 1437 624 1501 praecellimus
647 1438 763 1486 tales
795 1439 919 1502 juste
951 1439 1272 1499 damnandos,
1298 1440 1347 1487 id
1371 1451 1459 1500 est,
1493 1457 1550 1488 ex
1575 1439 1783 1505 propriis
1805 1436 1986 1484 meritis
2013 1444 2060 1482 et
2085 1443 2250 1482 nostra
2280 1433 2455 1479 virtute

313 1517 554 1580 digniores
578 1536 743 1566 sumus
762 1519 850 1567 illis
875 1520 895 1566 Ρ
931 1541 952 1563 «
978 1523 1293 1585 Nequaquam
1316 1540 1339 1564 »
1369 1520 1453 1568 sed
1474 1521 1637 1586 potius
1660 1536 1717 1567 ex
1741 1522 1846 1566 Deo
1870 1532 2018 1582 quam
2040 1532 2098 1563 ex
2123 1513 2265 1561 nobis
2294 1522 2382 1573 est,
2415 1514 2462 1560 si.

313 1599 429 1662 quid
446 1598 565 1645 boni
590 1598 840 1661 habemus,
859 1602 979 1647 sicut
1002 1610 1048 1647 et
1070 1602 1120 1647 in
1144 1601 1454 1665 sequentibus
1474 1602 1556 1648 ait.
1579 1601 1703 1659 Quia
1724 1616 1822 1647 non
1850 1608 1919 1647 est
1942 1595 2146 1645 volentis
2168 1610 2326 1658 neque
2349 1610 2457 1641 cur-

312 1679 475 1738 rentis,
502 1679 585 1726 sed
610 1681 874 1728 miserentis
897 1681 1003 1741 Dei,
1030 1682 1140 1745 quia
1165 1681 1266 1745 ejus
1283 1681 1614 1728 misericordia
1635 1679 1876 1728 sufficiens
1900 1687 1969 1725 est
1986 1676 2047 1724 ad
2069 1676 2273 1724 salutem
2295 1674 2456 1739 potius

312 1775 456 1822 quam
481 1769 644 1806 nostra
670 1760 899 1820 valitudo,
923 1762 1156 1825 quoniam
1187 1777 1244 1808 ex
1266 1761 1408 1808 nobis
1435 1778 1605 1808 omnes
1636 1760 1778 1808 simul
1814 1757 2075 1824 culpabiles
2110 1771 2293 1816 sumus,
2331 1754 2455 1801 sicut

311 1839 528 1904 superius
551 1840 848 1887 ostendimus
872 1852 970 1889 tam
991 1841 1052 1888 de
1075 1841 1247 1888 Judaeis
1268 1858 1415 1905 quam
1438 1859 1493 1888 ex
1515 1841 1752 1888 Gentibus
1775 1855 1945 1908 omnes
1963 1834 2309 1884 inexcusabiles
2331 1850 2449 1881 esse.

311 1921 368 1964 Et
393 1918 489 1965 hoc
513 1929 600 1979 est,
632 1939 654 1964 «
672 1922 861 1968 Causati
886 1922 1015 1968 enim
1038 1938 1222 1981 sumus,
1245 1941 1268 1966 »
1295 1921 1341 1968 id
1368 1932 1454 1983 est,
1481 1922 1617 1986 quasi
1639 1922 1687 1968 in
1705 1936 1900 1968 causam
1924 1915 2198 1965 accusando
2226 1914 2455 1962 traximus

313 2009 407 2045 tam
430 2002 453 2045 J
460 1998 620 2046 udaeos
637 2017 783 2064 quam
795 2003 1001 2063 Graecos,
1030 2018 1152 2066 quos
1176 2002 1489 2067 sapientiores
1513 2018 1616 2050 esse
1639 2001 1884 2049 convenit.
1904 2000 2121 2046 «Omnes
2143 1994 2233 2043 sub
2255 2003 2454 2060 peccato

310 2095 427 2136 esse,
454 2101 474 2122 »
502 2079 551 2126 id
574 2090 661 2140 est,
685 2091 731 2127 et
754 2099 860 2129 reos
886 2099 989 2130 esse
1013 2093 1060 2130 et
1082 2100 1236 2148 poenae
1259 2082 1466 2143 debitos,
1494 2092 1724 2147 tanquam
1744 2090 2131 2144 transgressores.
2158 2079 2215 2123 Et
2235 2075 2332 2123 hoc
2347 2076 2460 2139 qui-⁴

310 2159 421 2206 dem
459 2160 519 2207 ad
550 2162 820 2224 generalem
855 2164 1110 2210 revertitur
1145 2163 1488 2223 invectionem,
1517 2162 1747 2227 colligens
1785 2178 1844 2208 ex
1880 2158 2125 2224 scripturis
2161 2155 2449 2216 testimonia,

311 2239 484 2304 quibus
504 2258 671 2289 omnes
688 2245 865 2307 pariter
888 2261 995 2291 reos
1018 2254 1064 2292 et
1086 2244 1432 2292 inexcusabiles
1456 2244 1725 2291 convincat.

380 2341 399 2386 q
432 2322 562 2368 Sicut
583 2323 813 2388 scriptum
842 2334 928 2371 est.
962 2346 984 2369 >2
1011 2329 1064 2372 In
1092 2324 1280 2373 Psalmo
1304 2325 1528 2372 videlicet
1553 2326 1670 2372 cxv³
1701 2342 1710 2369 :
1744 2344 1765 2368 «
1791 2323 1916 2381 Quia
1940 2337 2040 2368 non
2065 2330 2136 2368 est
2155 2320 2308 2383 justus
2330 2318 2455 2382 quis-

310 2417 472 2465 quam,
493 2411 584 2448 etc.
609 2422 630 2447 »
661 2403 871 2451 psalmus
896 2405 976 2453 hic
996 2405 1079 2452 ubi
1102 2406 1376 2452 testimonia
1401 2406 1502 2452 haec
1533 2404 1663 2471 apud
1688 2420 1778 2451 nos
1799 2403 2127 2461 continentur,
2151 2399 2295 2464 quasis
2311 2414 2454 2462 gene-

310 2481 459 2529 ralem
480 2483 801 2531 invectionem
825 2485 934 2533 facit
958 2487 1007 2533 in
1031 2503 1199 2542 omnes
1219 2487 1303 2551 qui
1328 2496 1519 2552 tempus
1542 2502 1637 2532 suae
1660 2483 1943 2531 visitationis
1966 2498 2067 2529 non
2090 2487 2450 2543 cognoscentes,

309 2563 442 2625 quasi
465 2580 554 2628 pro
579 2563 938 2613 abominatione
972 2566 1249 2614 habuerunt
1279 2568 1543 2614 Dominum
1571 2582 1660 2631 pro
1688 2564 1903 2611 humana
1926 2560 2259 2638 redemptione
2285 2559 2453 2605 incar-

311 2643 411 2688 nari
435 2653 480 2690 et
505 2645 620 2708 pati.
651 2645 788 2693 Unde
810 2656 857 2693 et
880 2647 990 2694 alibi
1015 2648 1144 2695 idem
1167 2647 1452 2713 Apostolus‘
1475 2666 1484 2692 :
1518 2667 1539 2690 α
1567 2649 1662 2693 Nos
1691 2654 1853 2693 autem
1877 2641 2189 2708 praedicamus
2211 2638 2452 2686 Christum

311 2722 606 2783 crucifixum,
637 2725 808 2773 Judaeis
843 2727 1041 2791 quidem
1073 2728 1373 2789 scandalum,
1411 2726 1632 2792 gentibus
1663 2735 1821 2773 autem
1846 2723 2112 2771 stultitiam.
2141 2720 2261 2767 »Ait
2294 2720 2453 2783 itaque

314 2802 552 2851 Psalmus:
579 2825 600 2849 «
624 2806 749 2853 Dixit
773 2807 1018 2872 insipiens,
1045 2830 1066 2852 »
1091 2808 1141 2855 id
1164 2819 1234 2856 est
1252 2808 1471 2856 animalis
1487 2808 1657 2868 homo,
1685 2807 1767 2870 qui
1791 2821 1890 2852 non
1915 2803 2118 2869 percipit
2141 2817 2198 2848 ea
2216 2815 2325 2865 quae
2341 2808 2454 2846 sunt

313 2882 511 2944 Spiritus
534 2885 639 2945 Dei,
661 2886 721 2933 de
741 2903 917 2935 arcano
937 2888 1159 2936 videlicet
1187 2888 1270 2936 illo
1306 2899 1479 2936 nostrae
1507 2886 1824 2954 reparationis
1849 2883 2091 2949 mysterio,
2118 2897 2230 2929 cum
2258 2878 2455 2926 infirmi-

315 2971 458 3007 tatem
481 2967 708 3029 assumpti
727 2967 938 3015 hominis
960 2970 1215 3034 inspiceret
1234 2987 1245 3014 ε
1268 2989 1288 3014 «
1313 2972 1420 3016 Non
1441 2978 1509 3017 est
1530 2971 1678 3028 Deus,
1693 2989 1715 3012 »
1733 2967 1852 3014 dixit
1871 2966 1950 3012 hic
1968 2963 2163 3028 quidem
2179 2977 2277 3008 non
2295 2958 2453 3006 verbis

316 3042 534 3103 negando
559 3047 916 3108 tantummodo,
943 3049 1064 3096 sicut
1089 3053 1255 3096 Petrus
1279 3066 1391 3096 eum
1413 3048 1657 3113 negando,
1708 3047 1794 3094 sed
1815 3055 1863 3093 et
1889 3043 2053 3102 corde,
2090 3041 2205 3105 quia
2230 3040 2319 3086 etsi
2344 3055 2450 3086 cre·

316 3119 452 3180 didit,
487 3122 582 3169 hoc
611 3134 697 3185 est,
737 3128 1006 3190 paucissimi
1041 3139 1089 3176 et
1118 3130 1254 3193 quasi
1282 3129 1401 3176 nulli
1436 3139 1547 3176 sunt
1574 3128 1658 3192 qui
1676 3127 1789 3191 justi
1824 3134 1954 3184 sunt,
1991 3122 2041 3170 id
2074 3130 2160 3183 est,
2191 3119 2451 3183 unicuique

365 3308 479 3340 ‘Aliter
499 3307 788 3342 Commodaree.—
807 3313 817 3331 ²
834 3311 911 3354 Cap.
931 3321 976 3351 xi,
995 3313 1078 3358 Opp.
1094 3340 1101 3356 ,
1121 3321 1145 3347 ι.
1164 3314 1216 3355 vt,
1231 3316 1293 3348 col.
1313 3316 1383 3349 349.
1405 3334 1440 3340 ——
1458 3318 1469 3338 ³
1484 3313 1614 3349 Psalm.
1633 3322 1705 3353 exV,
1727 3322 1758 3345 v.
1777 3314 1876 3346 11.-
1894 3316 1904 3331 ·
1921 3309 1935 3342 1
1954 3306 2129 3349 corinth„
2150 3314 2221 3347 cap.
2241 3314 2265 3346 1,
2283 3314 2311 3335 v.
2334 3305 2384 3335 23.
