2638 3866
938 230 1285 281 THEOLOGM
1330 230 1698 283 cflntstnflNA.
2302 233 2410 281 [199

239 337 300 382 eo
333 333 468 400 quod
503 343 575 383 est
604 350 682 382 res
710 349 814 382 esse
846 333 1125 383 Trinitatem
1149 354 1160 383 :
1198 335 1320 384 sieut
1353 334 1486 383 aliud
1520 344 1592 382 est
1621 333 1874 382 hominem
1911 350 2012 384 esse
2050 334 2245 396 album,
2269 333 2410 384 aliud·

240 414 493 464 hominem
526 416 577 463 in
612 431 673 464 eo
706 414 842 481 quod
873 414 1028 463 homo
1067 426 1137 464 est
1170 433 1271 465 esse
1300 415 1491 476 album;
1531 426 1579 464 et
1613 417 1862 465 Socratem
1897 430 1999 466 esse
2036 427 2131 466 tres
2167 431 2407 484 personas·

241 495 510 545 secundum
535 496 889 563 grammaticos,
922 506 969 545 et
992 496 1040 544 in
1066 513 1126 545 eo
1149 497 1285 563 quod
1310 506 1382 545 est
1404 498 1624 545 Socrates
1647 513 1749 544 esse
1767 507 1862 546 tres
1883 514 2115 564 personas
2141 498 2262 547 illas.
2292 498 2402 545 Non

241 577 405 643 itaque
435 580 566 628 Deus
597 589 682 627 aut
714 578 764 626 in
797 594 858 626 eo
886 577 1021 643 quod
1054 588 1125 626 est
1154 595 1249 627 una
1282 595 1374 640 res,
1411 587 1494 626 aut
1527 580 1577 627 in
1612 595 1672 627 eo
1698 578 1833 644 quod
1859 580 1918 628 sit
1946 580 2106 628 multae
2128 596 2230 640 res,
2267 577 2410 645 quod

242 658 448 708 omnino
473 658 643 708 falsum
667 668 761 720 est,
787 658 1024 707 dicendus
1048 668 1119 707 est
1139 660 1343 708 Trinitas
1363 675 1496 718 esse;
1524 658 1610 707 sed
1632 660 1682 706 in
1708 676 1768 707 eo
1791 669 1977 708 tantum
2000 661 2134 726 quod
2170 670 2242 710 est
2264 664 2407 708 Pater

244 745 292 783 et
315 735 459 784 Filius
483 746 531 785 et
553 736 759 803 Spiritus
779 745 990 797 sanctus,
1017 735 1115 784 hoc
1141 746 1212 784 est
1235 736 1414 785 harum
1439 737 1584 784 trium
1612 737 1852 803 particeps
1874 738 2227 804 proprietatum
2257 751 2405 803 supra

244 815 690 877 determinatarum,
718 827 771 866 ut
792 816 1015 866 videlicet
1038 827 1085 866 et
1110 818 1304 884 gignere
1326 818 1504 867 habeat
1526 821 1658 867 Deus
1680 828 1728 866 et
1746 818 1873 884 gigni
1897 818 2092 880 habeat,
2121 827 2266 884 atque
2293 834 2407 884 pro·

244 896 436 946 cedere.

313 979 593 1028 Notandum
617 995 814 1046 quoque
837 978 972 1046 quod
986 978 1171 1028 nullam
1184 996 1347 1029 rerum
1371 979 1731 1029 multitudinem
1747 980 1798 1027 in
1813 979 2065 1028 divinitate
2078 978 2407 1028 concedamus

245 1075 367 1121 esse,
410 1060 495 1109 sed
529 1078 850 1128 personarum
885 1061 1217 1111 solummodo.
1258 1063 1550 1128 Augustinus
1585 1072 1747 1111 tamen
1783 1062 1834 1109 in
1871 1062 2032 1128 primo
2073 1060 2131 1109 de
2171 1061 2408 1109 Doctrina

249 1140 528 1189 Christiana
561 1157 637 1191 res
664 1142 914 1209 pluraliter
938 1142 1134 1192 abusive
1160 1142 1319 1192 dicere
1354 1160 1499 1192 ausus
1525 1153 1597 1191 est
1628 1143 1691 1192 ad
1726 1142 2053 1191 diversitatem
2088 1157 2408 1209 personarum

246 1222 515 1288 aspiciens3
542 1224 608 1271 ait
638 1224 821 1290 quippe
850 1224 937 1272 sic¹
965 1242 977 1271 ε
1008 1243 1032 1270 «
1056 1226 1145 1272 Res
1177 1223 1280 1272 aliae
1312 1234 1426 1272 sunt
1456 1224 1634 1290 quibus
1665 1223 1928 1272 fruendum
1965 1234 2053 1284 est,
2093 1224 2194 1272 aJiae
2233 1221 2410 1288 quibus

249 1302 504 1351 utendum.
541 1304 634 1352 111ae
662 1304 841 1370 quibus
868 1304 1129 1354 fruendum
1157 1315 1230 1354 est
1262 1322 1356 1354 nos
1389 1305 1558 1354 beatos
1588 1306 1784 1354 faciunt.
1824 1305 1929 1353 Istis
1962 1304 2141 1371 quibus
2170 1302 2410 1352 utendum

246 1392 337 1445 est,
357 1379 619 1434 'tendentes
643 1386 706 1434 ad
726 1385 1080 1435 beatitudinem
1102 1386 1404 1453 adjuvamur.
1431 1387 1543 1435 Frui
1569 1387 1701 1435 enim
1725 1396 1796 1435 est
1821 1402 1986 1435 amore
2010 1386 2242 1434 inhaerere
2267 1383 2409 1433 alicui

247 1464 320 1512 rei·
348 1471 550 1532 propter
582 1467 806 1534 seipsam.
838 1469 914 1515 Uti
947 1477 1127 1529 autem,
1155 1467 1289 1533 quod
1320 1469 1368 1515 in
1397 1485 1541 1516 usum
1564 1468 1750 1517 venerit
1781 1466 1844 1516 ad
1878 1467 1927 1515 id
1959 1466 2095 1533 quod
2128 1482 2260 1515 amas
2286 1464 2412 1512 obti-

247 1545 468 1595 nendum
490 1547 684 1612 referre,
714 1548 754 1596 si
794 1557 955 1596 tamen
1002 1548 1269 1597 amandum
1307 1558 1394 1597 est.
1420 1551 1543 1597 Nam
1566 1566 1679 1597 usus
1703 1548 1895 1596 illicitus
1933 1547 2113 1595 abusus
2148 1546 2310 1613 potius
2334 1545 2411 1593 vel

247 1625 421 1674 abusio
446 1627 778 1676 nominandus
810 1638 898 1676 est.
926 1629 975 1676 Si
1006 1629 1163 1678 redire
1185 1631 1236 1677 in
1259 1630 1465 1696 patriam
1485 1629 1731 1690 volumus,
1757 1628 1842 1676 ubi
1863 1627 1994 1675 beati
2024 1644 2127 1675 esse
2149 1626 2410 1693 possimus,

249 1707 488 1757 utendum
507 1719 580 1757 est
599 1710 807 1774 munde,
823 1727 926 1759 non
943 1710 1222 1772 fruendum,
1243 1721 1296 1759 ut
1318 1709 1575 1759 invisibilia
1591 1711 1682 1758 Dei
1704 1727 1791 1777 per
1814 1726 1870 1757 ea
1887 1726 1993 1774 quae
2010 1708 2133 1757 facta
2149 1717 2260 1755 sunt
2280 1706 2416 1755 intel-

249 1786 375 1837 lecta
404 1790 767 1856 conspiciantur
780 1793 812 1839 ².
842 1793 934 1840 Res
969 1792 1113 1856 igitur
1134 1791 1313 1858 quibus
1335 1790 1598 1839 fruendum
1621 1800 1709 1854 est,
1736 1794 1877 1839 Pater
1902 1799 1949 1838 et
1972 1789 2118 1837 Filius
2142 1798 2190 1836 et
2212 1788 2417 1854 Spiritus

249 1878 465 1927 sanctus;
486 1870 756 1937 eademque
770 1872 976 1921 Trinitas
999 1889 1191 1921 summa
1212 1889 1311 1921 una
1333 1872 1558 1939 quaedam
1575 1889 1654 1921 res
1679 1881 1768 1934 est,
1795 1870 2165 1935 communisque
2189 1868 2417 1918 omnibus

248 1948 519 1999 fruentibus
540 1967 598 2000 ea
624 1970 635 1999 ε
664 1953 704 2000 si
728 1962 889 2001 tamen
913 1971 990 2002 res
1015 1964 1063 2003 et
1083 1971 1187 2003 non
1208 1971 1372 2003 rerum
1398 1954 1621 2002 omnium
1648 1969 1791 2003 causa
1816 1952 1905 2007 sit:
1933 1952 1972 1999 si
1996 1961 2158 1999 tamen
2182 1960 2230 1999 et
2251 1966 2412 1998 causa.

249 2030 358 2079 Non
382 2032 515 2080 enim
540 2033 677 2082 facile
713 2051 896 2083 nomen
923 2035 1058 2102 quod
1095 2046 1235 2084 tantae
1267 2035 1557 2084 excellentiae
1587 2034 1847 2083 conveniat
1880 2032 2085 2081 inveniri
2112 2041 2288 2098 potest.
2311 2052 2334 2076 n
2363 2034 2416 2078 ln

249 2110 428 2177 quibus
463 2113 624 2162 verbis
658 2115 779 2163 dum
813 2116 931 2164 dicit
963 2118 1004 2165 si
1041 2127 1088 2166 et
1127 2118 1194 2180 si,
1237 2118 1376 2183 quasi
1412 2116 1681 2165 dubitative
1717 2116 1868 2181 magis
1899 2129 2049 2180 quam
2083 2111 2419 2161 confirmative

249 2192 441 2241 nullum
472 2194 654 2243 horum
688 2206 1017 2245 creaturarum
1046 2198 1306 2246 nominum
1336 2197 1502 2246 divina
1526 2196 1804 2245 excellentia
1829 2195 2034 2261 dignum
2060 2210 2163 2241 esse
2186 2193 2413 2240 insinuat.

249 2272 577 2339 Hieronymus
605 2293 803 2343 quoque
831 2287 929 2327 tres
955 2279 1179 2344 Spiritus,
1213 2281 1404 2327 Patrem
1437 2288 1485 2326 et
1507 2278 1681 2325 Filium
1712 2287 1758 2325 et
1781 2277 2015 2343 Spiritum
2043 2283 2263 2322 sanctum
2283 2274 2418 2338 juxta

249 2352 528 2404 divinarum
565 2374 885 2423 personarum
923 2360 1242 2426 proprietates
1285 2359 1483 2408 abusive
1519 2358 1752 2425 protulit,
1794 2356 1895 2405 ubi⁴
1914 2355 2114 2422 quidem
2150 2353 2209 2401 de
2255 2353 2422 2401 Tribus

256 2435 524 2484 Virtutibus
555 2438 770 2487 scribens
802 2440 869 2488 ait
899 2440 968 2488 sic
1002 2461 1014 2489 ε
1045 2440 1246 2489 «David
1277 2441 1326 2488 in
1358 2441 1549 2507 psalmo
1583 2449 1678 2487 tres
1713 2438 1919 2505 Spiritus
1944 2435 2157 2503 postulat
2182 2434 2378 2482 dicens³
2403 2452 2415 2480 ε

255 2533 279 2560 «
299 2516 483 2582 Spiritu
510 2520 767 2586 principali
801 2520 1040 2570 confirma
1069 2538 1175 2583 me,
1210 2521 1444 2588 Spiritum
1477 2531 1665 2569 rectum
1689 2520 1872 2568 innova
1901 2519 1951 2566 in
1976 2516 2240 2565 visceribus
2265 2515 2414 2573 meis,

251 2595 483 2660 Spiritum
514 2611 738 2649 sanctum
763 2610 903 2650 tuum
930 2619 995 2651 ne
1021 2603 1208 2651 auferas
1238 2619 1267 2651 a
1291 2619 1386 2650 me.
1413 2622 1435 2646 »
1465 2601 1562 2661 Qui
1592 2610 1706 2648 sunt
1739 2599 1815 2647 isti
1840 2608 1935 2646 tres
1964 2596 2203 2664 Spiritus?
2241 2595 2420 2643 Princi-

253 2674 374 2741 palis
402 2679 606 2744 Spiritus
642 2684 782 2730 Pater
814 2692 911 2744 est,
944 2694 1102 2732 rectus
1132 2684 1338 2750 Spiritus
1366 2683 1584 2731 Christus
1617 2692 1688 2730 est
1703 2718 1716 2742 ,
1751 2680 1954 2746 Spiritus
1993 2688 2186 2726 sanctus
2217 2676 2421 2743 Spiritus

253 2766 448 2805 sanctus
473 2769 560 2807 est.
596 2782 620 2806 n

320 2839 467 2896 Quod
498 2850 660 2888 autem
692 2853 954 2909 opponunt
978 2847 1138 2892 Deum
1172 2860 1273 2891 non
1305 2859 1408 2891 esse
1439 2853 1535 2891 tres
1559 2858 1813 2908 personas,
1846 2841 1940 2888 nisi
1973 2839 2119 2887 etiam
2144 2838 2204 2885 sit
2233 2838 2343 2898 tria,
2372 2846 2422 2885 et

254 2934 342 2983 per
367 2918 465 2967 hoc
497 2921 760 2970 multitudo
792 2924 852 2972 sit
874 2925 925 2972 in
947 2927 1053 2973 Deo
1083 2942 1140 2973 ex
1172 2924 1391 2992 partibus
1412 2924 1607 2988 juncta,
1639 2922 1868 2970 frivolum
1896 2931 1984 2969 est.
2017 2924 2130 2968 Tres
2152 2920 2284 2968 enim
2312 2935 2422 2985 per-

254 3015 400 3047 sonas
425 2999 522 3049 dici
544 3003 880 3068 concedimus,
910 3015 958 3053 et
978 3006 1153 3055 multas
1177 3022 1429 3072 personas,
1463 3003 1548 3053 sed
1580 3020 1681 3051 non
1706 3002 1818 3051 ideo
1849 3002 1939 3050 tria
1960 3018 2049 3068 per
2071 3017 2139 3064 se,
2169 2999 2245 3048 vel
2271 3000 2424 3047 multa

255 3078 536 3146 simpliciter
572 3082 669 3131 dici
701 3086 947 3134 convenit.
979 3086 1346 3135 Accidentaliter
1379 3085 1511 3134 enim
1544 3093 1639 3132 tres
1671 3082 1898 3132 addimus
1931 3081 1993 3130 ad
2028 3097 2279 3148 personas,
2310 3096 2423 3128 cum

255 3158 463 3210 dicimus
493 3172 586 3212 tres
618 3181 850 3231 personas
873 3184 884 3215 t
912 3167 1123 3234 ideoque
1151 3184 1254 3216 non
1284 3177 1355 3217 est
1386 3183 1606 3227 necesse,
1633 3174 1688 3214 ut
1724 3165 1815 3214 tria
1841 3180 1930 3231 per
1958 3180 2009 3212 se
2040 3163 2278 3212 dicamus.
2306 3164 2425 3220 Quae

310 3341 482 3385 magum„
500 3347 539 3379 de
556 3348 669 3384 Doctr.
692 3349 834 3392 Christ..
853 3352 914 3387 tib.
930 3351 961 3392 Ι,
982 3361 1056 3394 cap.
1076 3361 1131 3395 ιιι,
1151 3362 1198 3394 iv,
1217 3361 1248 3385 v.
1262 3370 1299 3376 —
1315 3353 1327 3371 ²
1343 3353 1455 3392 Rom„
1473 3360 1548 3393 cap.
1566 3361 1589 3390 ι,
1609 3360 1640 3384 v.
1658 3352 1712 3385 20.
1728 3367 1767 3377 -—
1782 3351 1794 3371 ³
1810 3348 1941 3383 Psalm.
1960 3356 1991 3389 ι,
2009 3357 2040 3382 v.
2062 3349 2118 3388 11,
2141 3348 2178 3381 12
2195 3350 2228 3378 et
2246 3346 2295 3379 13.
