2638 3866
330 199 427 249 802
1247 200 1554 265 APPEme.

325 299 396 341 tiae
425 298 611 357 dilapsus
644 300 722 354 sis,
757 299 1115 342 demonstremus.
1153 300 1304 359 Neque
1331 317 1435 345 vero
1472 319 1580 363 opus
1610 315 1673 347 est
1702 315 1751 347 ut
1777 304 1834 348 ad
1862 316 1982 349 tuam
2011 309 2316 354 contumeliam
2347 328 2469 358 more

321 388 398 421 tuo
426 379 583 438 aliquid
612 378 905 439 confingamus
920 412 930 432 ‚
964 379 1040 423 sed
1067 390 1212 423 tamen
1242 381 1361 439 quod
1383 397 1408 424 a
1430 383 1524 425 Dan
1549 399 1685 443 usque
1711 386 1921 429 Bersabee
1942 398 2094 431 notum
2113 401 2176 433 est
2196 391 2464 450 replicemus.

317 458 492 501 Miseria
525 458 735 517 siquidem
758 471 831 502 tua
857 461 947 516 jam
969 461 1193 503 manifesta
1223 471 1300 514 est,
1325 472 1368 504 et
1395 464 1587 521 quamvis
1610 479 1706 507 eam
1731 464 1877 526 lingua
1904 476 2065 521 taceat,
2094 478 2240 512 tamen
2265 486 2363 515 eam
2395 488 2469 517 res

316 540 408 598 ipsa
449 541 619 583 clamat.
652 539 754 582 Vidi
792 539 1004 599 siquidem
1038 540 1223 583 Parisius
1266 542 1386 599 quod
1426 543 1604 602 quidam
1646 545 1824 589 clericus
1863 547 2039 589 nomine
2081 548 2116 591 F
2118 548 2308 594 ulbertus
2338 562 2382 595 te
2414 564 2465 596 ut

310 621 523 680 hospitem
553 622 599 663 in
625 621 758 664 domo
785 637 862 663 sua
896 621 1079 680 recepit,
1110 631 1152 663 te
1178 621 1224 663 in
1248 637 1397 664 mensa
1425 638 1501 665 sua
1527 634 1573 666 ut
1601 624 1785 668 amicum
1813 625 2066 670 familiarem
2099 638 2143 671 et
2177 628 2460 676 domesticum

275 705 278 709 '
313 701 548 744 honorifice
568 702 705 761 pavit,
730 702 895 761 neptim
916 702 1047 744 etiam
1068 716 1204 756 suam,
1227 702 1417 761 puellam
1438 703 1814 763 prudentissimam
1831 716 1875 748 et
1894 706 2052 750 indolis
2074 711 2271 769 egregiae,
2298 711 2353 754 ad
2375 711 2460 756 do-

311 781 497 825 cendum
516 782 744 825 commisit.
778 783 844 824 Tu
863 797 968 824 vero
990 781 1069 824 viri
1098 781 1209 824 illius
1238 782 1395 826 nobilis
1424 794 1468 827 et
1488 784 1653 838 clerici,
1679 784 1926 829 Parisiensis
1956 788 2087 830 etiam
2112 789 2299 833 ecclesiae
2317 780 2459 836 cano-

307 863 409 916 nici,
434 864 612 922 hospitis
637 864 811 922 insuper
832 862 895 905 tui
926 878 974 905 ac
998 861 1185 918 domini,
1216 874 1259 906 et
1281 864 1411 923 gratis
1434 875 1477 907 et
1497 865 1735 908 honorifice
1759 877 1802 909 te
1825 868 2093 926 procurantis
2114 885 2204 912 non
2225 871 2454 929 inmemor,
2481 865 2494 873 ⁶

283 942 383 985 'sed
418 954 675 998 contemtor,
709 944 947 986 commissae
982 944 1062 986 tibi
1090 943 1246 1003 virgini
1278 959 1367 986 non
1399 959 1604 1004 parcens,
1638 961 1769 1005 quam
1799 961 2051 991 conservare
2085 960 2133 991 ut
2165 952 2452 1008 commissam,

306 1023 463 1068 docere
491 1036 540 1067 ut
568 1023 822 1085 discipulam
849 1025 1081 1079 debueras,
1117 1024 1284 1067 effreno
1317 1024 1498 1068 luxuriae
1529 1026 1679 1085 spiritu
1704 1027 1902 1086 agitatus,
1926 1044 2017 1071 non
2042 1033 2353 1089 argumentari,
2377 1032 2455 1077 sed

302 1115 400 1143 eam
426 1101 628 1146 fornicari
657 1102 864 1156 docuisti,
898 1102 944 1144 in
974 1117 1064 1144 uno
1095 1101 1209 1144 facto
1243 1101 1480 1145 multorum
1511 1102 1766 1159 criminum,
1796 1103 2055 1163 proditionis
2087 1106 2249 1150 scilicet
2282 1118 2328 1151 et
2365 1110 2454 1152 for-

301 1181 527 1225 nicationis
553 1199 672 1239 reus,
703 1194 746 1227 et
767 1184 947 1243 virginei
975 1182 1155 1242 pudoris
1183 1181 1369 1225 violator
1391 1183 1699 1243 spurcissimus.
1732 1185 1818 1228 Sed
1846 1186 1961 1228 Deus
1983 1185 2222 1242 ultionum,
2249 1187 2450 1235 dominus

299 1262 414 1304 Deus
446 1263 659 1306 ultionum
686 1264 819 1307 libere
842 1265 949 1323 egit,
975 1264 1048 1322 qui
1071 1279 1122 1306 ea
1146 1279 1231 1322 qua
1253 1274 1422 1307 tantum
1442 1275 1565 1324 parte
1592 1280 1846 1325 peccaveras
1866 1276 1910 1309 te
1931 1267 2130 1326 privavit.
2161 1269 2224 1311 Ea
2255 1270 2372 1313 enim
2393 1270 2449 1315 de

294 1354 416 1400 parte
448 1343 565 1387 dives
596 1345 643 1386 in
671 1344 842 1387 inferno
874 1343 1061 1403 sepultus
1093 1360 1179 1403 qua
1200 1344 1296 1403 plus
1329 1356 1582 1404 peccaverat
1612 1345 1708 1405 plus
1737 1346 1942 1401 ardebat,
1975 1362 2074 1390 cum
2101 1347 2294 1408 linguam
2325 1366 2448 1404 suam

293 1433 414 1482 gutta
438 1440 559 1482 aquae
581 1425 823 1485 refrigerari
843 1424 1067 1484 poscebat.

353 1503 514 1547 Dolore
545 1505 674 1564 igitur
707 1516 798 1548 tam
829 1504 1031 1564 pudentis
1061 1504 1249 1548 vulneris
1281 1506 1476 1550 anxiatus
1517 1517 1720 1566 metuque
1751 1506 1902 1549 mortis
1935 1507 2200 1550 imminentis
2230 1523 2311 1568 pro
2346 1509 2445 1553 vitae

290 1583 444 1642 prioris
475 1584 665 1628 foeditate
701 1585 962 1644 compulsus,
994 1586 1193 1627 habitum
1216 1586 1414 1640 mutasti,
1443 1597 1486 1629 et
1513 1587 1633 1646 quasi
1660 1587 1898 1630 monachus
1927 1587 2104 1630 effectus
2134 1603 2194 1631 es.
2225 1587 2312 1632 Sed
2342 1589 2446 1633 audi

289 1661 467 1706 beatum
505 1665 762 1725 Gregorium
803 1665 857 1708 de
890 1666 957 1708 his
992 1665 1066 1724 qui
1099 1666 1256 1709 timore
1296 1666 1352 1709 ad
1396 1666 1651 1727 religionem
1681 1667 1938 1728 confugiunt
1971 1667 2223 1726 loquentem
2257 1683 2267 1712 z
2311 1689 2329 1708 α
2356 1670 2442 1725 Qui

288 1742 443 1786 timore
466 1745 581 1787 bona
603 1746 706 1805 agit,
730 1761 755 1787 a
778 1745 892 1787 malo
915 1745 1084 1803 penitus
1107 1761 1197 1787 non
1219 1747 1408 1799 recessit,
1435 1748 1535 1805 quia
1564 1763 1618 1790 eo
1640 1748 1733 1807 ipso
1753 1759 1924 1807 peccat,
1950 1748 2068 1807 quod
2089 1764 2267 1808 peccare
2286 1749 2436 1808 vellet,

285 1823 321 1864 si
357 1839 534 1881 peccare
572 1826 748 1884 impune
782 1826 1005 1885 potuisset.
1037 1845 1053 1863 »
1087 1825 1203 1867 Audi
1236 1827 1367 1868 etiam
1402 1827 1579 1869 beatum
1617 1829 1905 1887 Augustinum
1935 1843 1946 1871 ε
1978 1848 1995 1866 α
2021 1829 2214 1872 Inaniter
2242 1845 2288 1873 se
2315 1842 2440 1890 putat

284 1902 492 1947 victorem
522 1921 612 1948 esse
635 1907 799 1965 peccati
822 1906 895 1964 qui
918 1906 1072 1948 timore
1099 1907 1250 1949 mortis
1272 1922 1361 1948 non
1382 1917 1533 1966 peccat
1547 1939 1558 1961 ,
1583 1907 1685 1966 quia
1707 1907 1786 1949 etsi
1808 1907 1994 1949 exterius
2021 1923 2111 1950 non
2136 1910 2275 1968 agitur
2296 1926 2435 1970 nego-

282 1982 391 2025 tium
419 1985 688 2044 cupiditatis,
718 1986 831 2028 intus
859 1997 1006 2028 tamen
1036 1986 1127 2044 ipsa
1161 1997 1223 2028 est
1246 1987 1405 2040 hostis;
1439 1997 1483 2029 et
1512 1986 1734 2045 quomodo
1766 2001 1913 2029 coram
1933 1988 2027 2030 Deo
2057 1988 2265 2032 innocens
2295 2005 2433 2050 appa-

279 2063 392 2106 rebit
421 2066 495 2123 qui
526 2066 685 2109 faceret
708 2066 827 2125 quod
853 2076 1043 2120 vetatur,
1077 2066 1111 2108 si
1135 2066 1359 2108 subtrahas
1390 2066 1509 2125 quod
1539 2067 1737 2120 timetur3
1772 2077 1816 2109 et
1843 2066 1943 2110 ideo
1980 2069 2072 2124 jam
2098 2068 2189 2127 ipsa
2212 2069 2432 2115 voluntate

279 2159 376 2187 reus
404 2157 467 2188 est
495 2147 569 2205 qui
593 2147 753 2190 faceret
775 2146 895 2206 quod
923 2162 1012 2189 non
1033 2145 1148 2200 licet,
1173 2146 1249 2189 sed
1271 2147 1373 2189 ideo
1402 2163 1493 2189 non
1519 2147 1642 2201 facit,
1663 2148 1765 2206 quia
1785 2148 1961 2207 impune
1983 2163 2073 2190 non
2102 2159 2264 2207 potest3
2290 2166 2431 2209 quan-

278 2235 371 2267 tum
388 2227 503 2268 enim
523 2227 677 2287 inipso
698 2238 776 2280 est,
789 2226 936 2270 mallet
958 2243 1048 2270 non
1072 2243 1161 2270 esse
1173 2228 1398 2284 justitiam.
1424 2227 1556 2282 Quod
1578 2228 1612 2269 si
1634 2227 1781 2270 mallet
1801 2244 1891 2270 non
1907 2244 1997 2271 esse
2010 2229 2231 2286 justitiam,
2252 2221 2427 2289 faceret,

278 2306 312 2348 si
335 2318 500 2366 posset,
527 2319 575 2350 ut
596 2324 685 2350 non
716 2319 825 2351 esset
847 2309 1025 2364 justitia.
1052 2307 1288 2363 Quomodo
1318 2323 1422 2368 ergo
1444 2310 1581 2364 justus
1610 2319 1673 2350 est
1703 2307 1798 2350 talis
1814 2309 1986 2364 justitiae
2009 2309 2234 2353 inimicus?
2252 2312 2427 2356 Amicus

252 2376 255 2379 ”
276 2397 420 2429 autem
437 2388 611 2444 justitiae
640 2399 771 2442 esset,
804 2389 838 2430 si
861 2404 1007 2431 amore
1032 2388 1205 2444 justitiae
1228 2403 1318 2430 non
1341 2398 1553 2446 peccaret.
1579 2388 1666 2442 Qui
1694 2389 1936 2447 gehennam
1962 2390 2130 2446 metuit,
2156 2406 2247 2433 non
2273 2393 2428 2436 metuit

272 2482 466 2525 peccare,
492 2468 568 2511 sed
593 2468 760 2511 ardere.
789 2468 865 2511 Ille
883 2479 1026 2510 autem
1043 2483 1222 2527 peccare
1237 2468 1389 2510 metuit
1412 2468 1731 2527 qui'peccatum
1748 2469 1856 2511 sicut
1877 2469 2116 2528 gehennam
2141 2470 2249 2513 odit.
2266 2491 2287 2509 »ι
2309 2472 2424 2515 Audi

272 2547 460 2591 eundem
487 2564 496 2591 z
528 2569 545 2586 «
572 2549 673 2591 Non
694 2549 847 2592 frustra
871 2548 987 2608 apud
1009 2560 1256 2608 peccatores
1278 2549 1470 2591 instituta
1492 2559 1590 2592 sunt
1610 2559 1798 2608 potestas
1815 2549 1947 2609 regis,
1973 2550 2042 2605 jus
2074 2549 2221 2610 gladii,
2251 2552 2422 2613 ungulae

270 2628 493 2683 carnificis,
519 2645 637 2671 arma
659 2630 819 2673 militis.
840 2631 945 2672 Haec
967 2631 1128 2673 etenim
1149 2630 1371 2683 timentur,
1393 2640 1438 2673 et
1458 2629 1640 2689 quietius
1655 2630 1769 2672 inter
1789 2629 1925 2672 malos
1947 2630 2100 2673 vivunt
2118 2630 2245 2686 boni3
2273 2647 2422 2691 quam-

272 2725 401 2768 quam
422 2710 529 2751 boni
552 2709 723 2752 dicendi
755 2726 843 2752 non
875 2711 959 2753 sint
981 2710 1054 2769 qui
1085 2710 1186 2753 talia
1208 2709 1446 2753 metuendo
1475 2726 1565 2752 non
1586 2721 1787 2769 peccant,
1812 2710 1910 2768 quia
1933 2726 2023 2753 non
2046 2721 2110 2754 est
2134 2711 2276 2755 bonus
2303 2714 2419 2772 quis-

269 2805 398 2847 quam
424 2791 576 2833 timore
599 2807 738 2849 poenae
753 2824 763 2844 ,
789 2791 864 2833 sed
888 2807 1033 2834 amore
1052 2791 1240 2848 justitiae.
1261 2811 1280 2829 ι»
1309 2791 1394 2834 Sed
1416 2802 1524 2834 esto.
1550 2790 1702 2833 Valeat
1728 2791 1884 2834 timore
1901 2792 2124 2834 conversio
2138 2823 2150 2846 ,
2177 2792 2252 2835 sed
2273 2803 2417 2837 tamen

268 2869 303 2910 si
327 2869 443 2911 bona
464 2881 664 2928 sequatur
687 2872 972 2914 conversatio.

325 2949 559 2991 Videamus
598 2961 763 3004 autem,
802 2967 855 2993 ex
891 2966 978 3009 quo
1019 2965 1247 2993 conversus
1287 2966 1357 3005 es,
1393 2950 1616 3008 quomodo
1657 2961 1928 2993 conversatus
1964 2966 2025 2994 es.
2062 2952 2113 2994 In
2152 2955 2412 2997 monasterio

264 3029 475 3088 siquidem
507 3030 623 3072 beati
658 3032 872 3090 Dionysii,
909 3031 984 3073 ubi
1026 3047 1116 3073 non
1160 3042 1250 3073 tam
1289 3047 1343 3074 ex
1385 3032 1545 3091 regulae
1587 3032 1808 3075 severitate
1850 3047 1980 3090 quam
2020 3026 2073 3074 ex
2116 3033 2412 3091 sapientissimi

265 3109 431 3152 abbatis
452 3110 757 3164 misericordia,
783 3110 1114 3169 dispensatione,
1138 3127 1219 3170 pro
1242 3111 1442 3154 facultate
1465 3112 1730 3171 singulorum
1751 3112 1895 3154 omnia
1918 3123 2225 3171 temperantur,
2251 3114 2408 3156 morari

261 3203 351 3231 non
381 3190 612 3243 sustinens,
643 3189 863 3232 ecclesiam
885 3206 910 3232 a
932 3190 1132 3232 fratribus
1154 3190 1233 3232 sub
1255 3191 1431 3233 nomine
1463 3191 1722 3235 obedientiae
1738 3227 1747 3243 ,
1781 3191 1856 3234 ubi
1876 3191 2088 3234 voluntati
2115 3191 2405 3251 voluptatique

258 3278 345 3310 tuae
367 3269 619 3323 deservires,
646 3269 867 3328 accepisti,
899 3285 1029 3328 quam
1054 3285 1153 3312 cum
1175 3270 1255 3312 tuis
1280 3270 1641 3329 superfluitatibus
1664 3271 1831 3330 tuisque
1859 3269 2077 3313 desideriis
2099 3269 2291 3314 sufficere
2314 3288 2403 3315 non
