2638 3866
857 239 1037 288 INDEX
1073 241 1272 292 RERUM
1307 244 1381 293 ΕΤ
1418 247 1704 300 NOMINUM.

204 331 470 383 Gmnuuus,
484 334 603 376 abbas
614 339 655 378 S.
667 336 914 389 Theudorici,
933 341 1120 383 adversus
1133 343 1249 383 Abae-

257 395 412 437 lardum
429 399 577 450 scribit,
595 404 631 449 1,
650 403 717 442 70.

202 490 454 532 Gumnmus
471 495 764 548 Campellensis,
791 499 1086 541 archidiaconus
1117 502 1248 543 eccle·-

254 557 322 596 siae
336 559 577 608 Parisiensis,
597 571 814 616 praeceptor
835 564 1044 615 Abaelardi,
1069 569 1104 617 Ι,
1127 569 1175 617 4;
1198 568 1247 608 ad

256 622 498 675 regularium
517 626 748 667 clericorum
769 629 947 670 ordinem
968 645 1011 671 se
1034 633 1244 684 convertit,

255 689 304 736 53
339 689 499 741 antiqua
527 690 610 740 ejus
641 692 690 732 de
724 695 1009 736 universalibus
1035 699 1245 748 sententia,

254 752 374 804 ibid.;
399 757 599 807 quomodo
614 758 728 799 istam
750 763 987 814 correxerit,
1016 763 1109 805 ibid.
1129 781 1140 815 ;
1165 765 1247 815 ejus

251 820 400 862 invidia
418 837 511 878 erga
530 826 800 879 Abaelardum,
826 833 869 882 6;
905 831 1110 887 episcopus
1135 836 1247 874 Cata-

252 888 465 941 lemensis,
488 896 535 942 7;
553 895 626 944 42;
651 897 716 936 44.

198 986 466 1037 Gmurmms,
488 989 748 1032 Corboliensis
766 1007 913 1046 comes,
928 998 962 1046 1,
985 998 1051 1036 41.

196 1082 446 1123 Gummms
467 1085 517 1124 de
536 1086 749 1140 Garlanda,
774 1090 943 1144 dapifer,
970 1095 1003 1143 1,
1026 1095 1092 1133 61.

194 1174 390 1214 Ena-nm
412 1177 574 1228 quinam
598 1160 769 1230 dicendi,
788 1185 843 1231 ΙΙ,
861 1185 937 1223 453
951 1193 990 1223 et
1003 1197 1088 1237 sqq.
1103 1201 1115 1235 ;
1128 1185 1244 1240 longe

249 1239 463 1282 deteriores
487 1243 707 1286 Gentilibus
730 1255 768 1286 et
794 1248 1061 1303 philosophis,
1083 1254 1140 1301 11,
1167 1254 1240 1301 66,

250 1307 345 1347 404.

194 1403 482 1444 fflnmconuu
506 1407 575 1459 qui
593 1408 834 1461 temporibus
851 1409 1047 1451 Abaelardi
1066 1426 1243 1453 occurre-

246 1467 364 1516 bant,
391 1484 544 1512 errores
570 1473 619 1512 de
651 1484 783 1515 sancta
802 1476 990 1517 Trinitate
1020 1479 1243 1519 referuntur

245 1547 290 1573 ac
312 1536 560 1588 refelluntur,
578 1542 631 1589 II,
654 1542 726 1591 843
749 1544 819 1605 523
849 1551 888 1582 et
909 1557 995 1596 sqq.

192 1631 342 1678 nuno,
362 1632 624 1674 Corboliensis
642 1649 788 1686 comes,
812 1639 846 1686 1,
869 1639 935 1677 41.

189 1719 316 1772 Hno,
339 1726 541 1766 Trecensis
558 1727 781 1781 episcopus,
803 1733 838 1779 Ι,
859 1732 927 1780 62,
948 1732 1014 1771 68.

188 1808 393 1865 Ηέιοιεει,
402 1816 577 1856 Fulberti
585 1819 761 1858 canonici
767 1820 994 1860 Parisiensis
999 1821 1142 1875 neptis,
1151 1823 1185 1873 1,
1195 1825 1218 1863 9
1223 1839 1236 1873 ;

243 1881 318 1931 453
345 1882 512 1922 traditur
541 1883 750 1924 Abaelardo
786 1885 1045 1937 instituenda,
1076 1890 1126 1926 10
1134 1902 1146 1937 ;
1188 1888 1239 1927 ab

241 1959 291 1986 eo
318 1947 544 1999 adamatur,
573 1950 669 1993 ibid.
689 1968 700 2002 ;
727 1953 830 2005 parit
854 1953 1138 2005 Astralabium,
1161 1958 1236 2006 123

241 2012 472 2054 dehortatur
487 2026 681 2056 amantem
696 2031 719 2057 a
735 2019 898 2071 nuptiis,
911 2020 1026 2070 ibid.;
1045 2020 1095 2059 ab
1109 2034 1157 2060 eo
1165 2021 1238 2061 du-

240 2078 341 2118 citur
386 2095 508 2131 uxor,
544 2085 619 2131 153
654 2084 926 2124 transmittitur
960 2086 1009 2125 ad
1041 2085 1234 2127 abbatiam

240 2145 488 2197 Argenteoli,
514 2146 636 2197 ib1'd.;
668 2148 711 2187 fit
730 2147 786 2187 ibi
805 2150 1127 2202 sanctimonialis,
1159 2156 1231 2202 173

238 2207 331 2249 hinc
351 2211 504 2261 ejicitur
521 2220 560 2251 et
583 2214 834 2254 Paraclitensi
853 2217 1023 2256 oratorio
1041 2216 1092 2257 ab
1116 2217 1232 2257 Abae-

239 2274 350 2314 lardo
376 2277 610 2329 praeficitur,
641 2281 715 2328 31;
743 2281 921 2332 queritur
946 2295 987 2322 se
1015 2297 1038 2322 a
1066 2283 1233 2337 conjuge

238 2354 311 2379 suo
330 2354 410 2380 non
430 2354 540 2394 aeque
558 2343 769 2395 redamari,
792 2349 842 2387 76
864 2355 904 2387 et
921 2361 981 2400 sq.
997 2365 1008 2398 ;
1028 2362 1138 2388 suam
1155 2350 1231 2389 mi—

238 2406 441 2446 serrimam
460 2417 605 2448 sortem
630 2409 799 2465 plangit,
810 2413 878 2463 863
898 2417 946 2454 87
962 2431 974 2464 ;
995 2427 1081 2454 eam
1100 2416 1150 2455 ad
1166 2429 1231 2455 re-

237 2471 394 2524 ligionis
428 2473 605 2515 habitum
649 2477 755 2516 Petri
789 2477 914 2526 jussio
931 2510 942 2529 ,
983 2494 1063 2520 nou
1099 2480 1232 2522 divina

237 2538 356 2578 traxit
398 2539 576 2590 dilectio,
623 2545 694 2592 773
725 2545 803 2593 903
836 2546 1119 2597 praeteritarum
1156 2561 1232 2587 vo·-

238 2602 431 2655 luptatum
459 2605 521 2644 vel
546 2605 588 2644 in
603 2607 785 2647 coenobio
812 2622 977 2659 memor,
1007 2614 1082 2662 89;
1106 2613 1231 2666 epita-

236 2668 376 2720 phium
401 2670 604 2722 Heloissae,
634 2675 736 2722 719;
763 2674 900 2714 litterae
929 2690 999 2717 seu
1021 2677 1232 2730 diplomata

238 2748 483 2775 summorum
502 2738 730 2790 pontificum
752 2740 918 2793 adeam,
943 2744 1037 2784 ibid.

184 2831 370 2868 Huoxssi
400 2844 480 2870 non
509 2833 637 2873 solum
664 2835 813 2887 latinae,
840 2851 978 2878 verum
1006 2839 1122 2878 etiam
1153 2849 1232 2880 tam

236 2894 439 2936 Hebraicae
450 2911 568 2950 quam
583 2901 727 2940 Graecae
744 2915 823 2942 non
839 2917 979 2957 expers
990 2905 1230 2959 litteraturae,

236 2961 271 3007 1,
292 2961 392 3010 2343
416 2961 498 3002 sola
515 2962 592 3002 hoc
611 2973 788 3019 tempore
805 2967 913 3007 illam
932 2970 1048 3009 trium
1069 2970 1232 3026 lingua-

235 3038 323 3064 rum
347 3027 527 3078 peritiam
549 3028 706 3083 adepta,
735 3032 854 3084 ibid.;
880 3035 1066 3076 Heloissae
1087 3050 1232 3079 nomen

236 3104 287 3131 ex
304 3093 487 3145 Heloym,
507 3096 542 3142 1,
562 3097 656 3137 101.

183 3188 351 3227 Humm
375 3190 527 3242 plurale
548 3191 666 3242 hujus
695 3194 902 3251 singularis
922 3197 1031 3250 quod
1053 3207 1111 3238 est
1134 3202 1230 3252 Hel,

235 3253 342 3305 apud
365 3254 579 3308 Hebraeos,
609 3258 652 3298 id
671 3268 729 3300 est
745 3263 867 3313 Deus,
888 3265 929 3313 Ι,
949 3265 1048 3314 634;
1070 3266 1131 3318 11,
1151 3268 1228 3318 223

236 3318 332 3358 361.

397 3405 429 3429 11

2268 265 2364 314 817

1323 348 1558 401 Ennomus,
1590 351 1710 393 abbas
1730 356 1769 395 S.
1794 356 1992 409 Dionysii,
2023 361 2063 407 1,
2092 363 2168 411 23;
2201 362 2285 416 ejus
2316 364 2365 407 de

1375 414 1562 468 Dionysio
1579 420 1813 474 Areopagita
1832 424 2017 475 narratio,
2038 424 2134 467 ibid.

1321 505 1466 555 Hymni
1490 516 1525 544 et
1549 511 1757 560 Sequentia?
1777 510 1985 561 Abaelardi,
2011 517 2049 565 1,
2076 530 2114 569 p.
2137 519 2215 557 297
2235 528 2274 558 et
2300 533 2359 573 sq.

1319 593 1548 633 Hunorum
1572 599 1850 650 compositores
1873 602 2032 642 modum
2059 605 2197 659 saepius
2221 620 2362 649 exces-

1371 667 1519 706 serunt,
1537 662 1570 707 1,
1593 663 1685 700 293.

1315 746 1414 783 Inna
1441 756 1479 786 et
1504 747 1701 789 diversum
1729 760 1826 804 quot
1850 752 1975 792 modis
1993 754 2182 806 dicantur,
2203 759 2256 807 11,
2280 759 2357 808 9:33

1372 812 1473 861 484;

1314 903 1533 953 Inna-nus,
1555 913 1678 944 mater
1696 906 1896 958 satietatis,
1919 911 1971 957 11,
1993 911 2060 952 92.

1313 998 1550 1036 Iunonum-u
1576 998 1637 1038 vel
1661 1000 1775 1039 etiam
1804 1014 1915 1041 error
1941 1016 1990 1042 an
2015 1013 2173 1044 excuset
2198 1018 2221 1045 a
2244 1006 2358 1060 culpa

1366 1064 1419 1111 11,
1443 1065 1543 1112 336;
1565 1067 1640 1103 617
1661 1074 1699 1104 et
1717 1079 1802 1118 sqq.

1311 1158 1543 1197 lut-,mmo
1559 1167 1616 1198 est
1630 1162 1789 1200 confusa
1802 1163 1940 1202 animae
1957 1166 2152 1218 perceptio
2173 1166 2256 1206 sine
2268 1181 2358 1207 sen-

1365 1236 1428 1272 su,
1445 1227 1504 1274 11,
1526 1227 1627 1276 7353
1645 1226 1865 1267 differentia
1881 1228 2164 1283 imaginationis
2175 1232 2224 1271 ad
2240 1233 2356 1273 intel-

1364 1289 1529 1340 lectum,
1552 1291 1671 1342 ibid.;
1695 1296 1780 1332 Deo
1800 1308 1872 1334 nec
1895 1309 2031 1335 sensus
2046 1310 2117 1336 nec
2135 1298 2358 1352 imaginatio

1365 1368 1449 1395 esse
1473 1366 1612 1409 potest,
1634 1361 1727 1398 737.

1310 1447 1605 1486 Ικοιιιιυτιοιηιε
1642 1450 1870 1500 mysterium
1912 1464 2158 1504 nequaquam
2206 1454 2357 1508 concipi

1365 1509 1536 1550 humana
1552 1511 1702 1552 ratione
1724 1522 1863 1566 potest,
1880 1518 1933 1563 H,
1957 1518 2050 1558 172.

1311 1602 1688 1643 Iunonum-muns
1706 1605 1795 1655 Dei,
1817 1607 1871 1654 11,
1892 1607 1943 1646 87
1961 1622 1972 1655 ;
1995 1609 2072 1646 133
2088 1615 2126 1645 et
2143 1620 2229 1659 sqq.

1310 1691 1541 1730 lum-nm
1558 1691 1599 1730 in
1616 1678 1859 1732 monasteriis
1878 1694 2109 1735 seminarum
2127 1696 2358 1736 flebotomiae

1363 1756 1489 1808 perita
1501 1770 1584 1796 esse
1604 1756 1733 1807 debet,
1750 1761 1786 1808 1,
1805 1761 1899 1799 176.

1310 1847 1461 1885 Inuum
1479 1846 1742 1886 testimonium
1761 1847 2051 1900 probabiliusin
2061 1849 2192 1900 laude,
2211 1853 2264 1899 11,
2286 1853 2353 1893 65.

1308 1940 1566 1978 Innocuam-ms
1582 1943 1655 1988 ΙΙΙ,
1669 1953 1786 1993 papa,
1799 1953 1941 1992 corpus
1954 1941 2074 1980 sancti
2084 1941 2260 1994 Dionysii
2276 1945 2355 1983 Co-

1361 2005 1494 2043 rinthii
1508 2005 1573 2044 dat
1585 2005 1782 2044 monachis
1796 2005 1925 2045 Sancti
1935 2006 2108 2058 Dionysii
2124 2007 2162 2045 in
2174 2008 2351 2059 Francia,

1363 2072 1397 2118 Ι,
1420 2072 1496 2119 59;
1517 2071 1601 2119 ejus
1621 2070 1669 2109 de
1688 2083 1735 2109 ea
1757 2083 1800 2109 re
1818 2070 2100 2122 authenticum,
2120 2071 2215 2111 ibid.

1308 2166 1549 2204 limatum-rt
1574 2165 1656 2204 fieri
1674 2144 1768 2203 nihil
1792 2177 1964 2217 unquam
1982 2177 2133 2204 summa
2154 2165 2218 2204 dei
2235 2164 2351 2205 boni-

1360 2238 1417 2269 tas
1436 2230 1639 2283 permittit,
1659 2232 1694 2279 1,
1715 2231 1782 2269 37.

1302 2328 1554 2366 Iusnnsmms
1576 2339 1638 2366 res
1663 2326 1713 2366 ad
1733 2325 1892 2366 modum
1911 2338 2188 2379 corporearum
2206 2335 2246 2367 et
2260 2341 2350 2368 sen-

1356 2392 1527 2432 sibilium
1545 2392 1833 2446 concipiuntur‚
1852 2394 1906 2443 11,
1927 2394 2022 2434 746.

1304 2491 1564 2529 Ismuc-ms
1591 2502 1679 2528 cum
1702 2502 1818 2528 sensu
1839 2497 1920 2527 tum
1949 2487 2098 2541 origine
2126 2496 2207 2527 tum
2231 2488 2345 2527 etiam

1358 2556 1516 2594 nomine
1531 2555 1774 2605 conjunctus,
1794 2557 1848 2602 11,
1870 2556 1972 2603 7333
1994 2554 2211 2593 differentia
2224 2553 2346 2593 intel-

1357 2619 1480 2660 lectus
1515 2620 1566 2660 ad
1595 2634 1768 2669 sensum,
1798 2621 1902 2668 7343
1934 2619 1983 2659 ad
2008 2619 2343 2673 imaginationem,

1358 2688 1459 2736 735;
1490 2686 1539 2726 ad
1573 2686 1913 2736 existimationem,
1935 2686 2036 2734 738;
2054 2685 2104 2724 ad
2127 2685 2341 2734 scientiam,

1359 2752 1452 2792 ibid.
1467 2768 1478 2802 ;
1497 2751 1714 2791 intellectus
1731 2752 1925 2805 simplices
1934 2760 1972 2790 et
1989 2751 2206 2804 compositi,
2221 2750 2342 2802 ibid.;

1356 2816 1574 2857 intellectus
1602 2817 1686 2857 sani
1713 2826 1752 2856 et
1775 2817 1888 2867 cassi,
1908 2816 1993 2857 veri
2019 2825 2059 2856 et
2076 2816 2176 2865 salsi,
2208 2818 2287 2856 742
2304 2823 2345 2856 ct

1355 2896 1441 2936 sqq.
1456 2899 1468 2933 ;
1490 2883 1708 2923 intellectus
1721 2882 1915 2931 dividens,
1932 2881 2172 2935 disiungens,
2188 2880 2344 2921 aletra-

1356 2949 1472 2998 hens,
1481 2948 1575 2988 ibid.
1584 2979 1596 2997 ,
1608 2951 1686 2989 745
1699 2964 1711 2998 ;
1722 2948 1940 2988 intellectus
1950 2947 2229 2988 universalium
2245 2960 2342 2999 quas

1358 3028 1420 3054 res
1439 3014 1655 3069 significare
1670 3012 1854 3064 habeant,
1875 3014 1971 3055 750.

1303 3113 1573 3150 Inmmcnx.
1587 3112 1735 3163 Legere
1743 3088 2088 3161 etuonintelligere
2095 3106 2340 3160 negligentiae

1357 3183 1430 3225 est,
1448 3178 1482 3225 Ι,
1498 3177 1599 3225 2o9;
1620 3174 1744 3214 oratio
1761 3187 1810 3214 eo
1828 3173 1952 3227 magis
1969 3173 2166 3213 fructuosa
2185 3171 2338 3211 oranti-

1354 3241 1429 3280 bus
1450 3255 1530 3294 quo
1551 3240 1728 3280 devotius
1746 3239 1955 3287 intellecta,
1975 3241 2010 3287 1,
2032 3239 2124 3278 466.

1300 3334 1485 3372 larnano
1512 3331 1601 3385 plus
1623 3330 1729 3371 valet
1753 3330 1859 3384 apud
1885 3333 2011 3369 Deum
2033 3341 2150 3381 quam
2177 3327 2337 3367 effectus

2092 3401 2169 3438 103
