2638 3866
275 211 372 259 720
1079 209 1247 256 PETRI
1283 209 1602 258 ABAELARDI

276 310 500 372 aliorum,
529 309 697 368 nulla„
716 307 1107 373 reprehensionis
1140 319 1306 357 notam
1331 310 1539 374 effugere
1573 325 1674 356 non
1701 308 1839 374 potui
1868 325 1878 354 ε
1908 324 2019 355 cum
2044 317 2204 355 tamen
2234 309 2282 355 in
2306 308 2381 354 his
2399 344 2411 368 ,

276 390 337 438 de
361 390 535 454 quibus
567 389 771 452 graviter
808 405 1030 451 accusor,
1073 389 1254 437 nullam
1293 390 1429 455 (sciat
1461 389 1621 454 Deus)
1650 405 1809 436 meam
1841 391 2155 452 cognoscam¹
2187 389 2378 454 culpam
2399 425 2412 449 ,

276 488 382 528 nec,
417 471 455 516 si
488 485 584 532 qua
606 468 762 528 suerit,
799 470 1066 534 procaciter
1087 469 1363 518 defendam.
1389 470 1566 535 Scripsi
1602 470 1723 517 forte
1754 469 1913 533 aliqua
1945 486 2030 534 per
2051 485 2283 531 errorem,
2311 485 2417 533 quae

275 567 373 596 non
416 549 630 614 oportuit
663 566 673 595 :
705 548 789 596 sed
827 552 982 596 Deum
1018 559 1186 597 testem
1222 561 1268 598 et
1300 551 1515 615 judicem
1543 551 1593 597 in
1627 550 1837 598 animam
1874 565 2032 597 meam
2056 549 2263 606 invoco,
2302 549 2417 613 quia

274 631 322 676 in
346 629 443 693 his,
488 629 548 676 de
584 628 759 693 quibus
790 646 1007 691 accusor,
1052 629 1120 677 nil
1158 647 1245 696 per
1289 631 1536 693 malitiam,
1565 640 1649 678 aut
1689 647 1775 696 per
1812 628 2089 695 superbiam
2114 629 2412 694 praesumpsi.

274 710 421 757 Multa
455 710 504 756 in
532 710 708 757 scholis
738 711 900 758 multis
935 711 1164 776 loquutus
1196 729 1320 774 sum,
1357 729 1447 759 nec
1484 728 1699 776 unquam
1724 727 1872 775 aquas
1907 709 2104 758 furtivas
2135 709 2212 758 vel
2240 725 2417 775 panem

274 788 612 837 absconditum
655 790 826 838 habuit
878 808 985 839 mea
1025 791 1264 839 doctrina.
1309 792 1472 840 Palam
1512 791 1742 856 loquutus
1793 806 1902 837 sum
1946 791 2010 839 ad
2049 789 2434 838 aedificationem*

273 867 386 916 fidei
409 870 508 916 sive
531 886 743 930 morum,
771 870 905 934 quod
928 871 1046 917 mihi
1070 870 1259 918 salubre
1280 872 1435 919 visum
1461 872 1576 931 fuit3
1603 881 1650 918 et
1672 887 1971 935 quaecunque
1993 871 2186 936 scripsi,
2212 869 2418 918 libenter

275 949 503 997 omnibus
535 951 751 1015 exposui,
792 960 844 997 ut
879 967 962 998 eos
995 951 1204 1015 judices,
1250 969 1350 999 non
1389 951 1649 1017 discipulos
1685 950 1933 999 haberem.
1975 950 2120 1009 Quod
2156 951 2195 998 si
2230 950 2417 1016 uspiam

273 1047 360 1093 per
394 1030 750 1094 multiloquium
785 1031 979 1092 excessi,
1007 1042 1059 1079 ut
1084 1032 1316 1096 scriptum
1339 1035 1449 1093 est²,
1479 1053 1501 1074 ι(
1524 1035 1576 1078 In
1613 1030 1921 1096 multiloquio
1950 1047 2051 1078 non
2079 1030 2275 1094 effugies
2305 1046 2418 1095 pec-

274 1119 436 1156 catum
463 1128 473 1156 ε
497 1129 520 1155 »
555 1127 808 1174 nunquam
831 1112 1113 1176 importuna
1143 1111 1359 1159 defensio
1385 1129 1462 1158 me
1494 1111 1652 1158 effecit
1674 1111 1949 1160 haereticum
1967 1147 1980 1170 ,
2013 1121 2208 1176 paratus
2231 1126 2419 1175 semper

273 1190 335 1237 ad
358 1191 729 1238 satisfactionem
761 1191 822 1238 de
846 1192 970 1239 male
991 1191 1130 1239 dictis
1164 1192 1282 1239 meis
1316 1191 1612 1256 corrigendis
1641 1192 1738 1239 sive
1767 1191 2009 1239 dolendis³
2035 1209 2045 1237 τ
2074 1192 2122 1238 in
2159 1207 2257 1255 quo
2291 1200 2418 1237 certe

272 1271 525 1334 proposito
552 1266 703 1335 usque
731 1272 780 1318 in
815 1270 962 1319 finem
993 1271 1329 1338 perseverabo.
1370 1272 1465 1339 Sed
1502 1272 1622 1319 sicut
1658 1289 1822 1320 meum
1854 1281 1924 1319 est
1960 1271 2084 1318 male
2119 1270 2246 1318 dicta
2278 1286 2414 1332 mea,

272 1351 311 1397 si
345 1368 440 1415 qua
470 1352 586 1411 sint,
615 1351 734 1399 velle
764 1353 1019 1417 corrigere,
1056 1354 1122 1401 sic
1156 1353 1357 1400 crimina
1389 1370 1490 1399 non
1522 1362 1650 1400 recte
1681 1352 1799 1399 mihi
1831 1352 2003 1417 injecta
2039 1369 2115 1399 me
2140 1350 2419 1417 propulsare

274 1432 515 1479 convenit.
544 1435 666 1480 Cum
691 1434 819 1480 enim
851 1432 980 1481 dicat
1005 1433 1172 1481 beatus
1206 1434 1494 1500 Augustinus
1512 1471 1524 1492 ‚
1559 1452 1583 1478 «
1618 1433 1834 1481 Crudelis
1864 1443 1935 1481 est
1959 1433 2042 1497 qui
2072 1432 2248 1480 famam
2281 1448 2419 1479 suam

273 1513 483 1575 negligit,
508 1531 530 1557 »
553 1529 626 1575 ac,
662 1518 797 1578 Juxta
819 1513 1062 1573 Tullium&
1095 1533 1118 1559 «
1146 1499 1461 1561 Taciturnitas
1492 1513 1707 1561 imitatur
1738 1514 2114 1572 confessionem;
2151 1533 2174 1556 >2
2211 1512 2420 1559 conscri-

275 1592 396 1655 ptis⁵
434 1603 603 1640 contra
635 1610 713 1640 me
749 1595 967 1659 capitulis
1007 1611 1199 1659 aequum
1236 1593 1349 1641 duxi
1388 1594 1698 1660 respondere,
1727 1593 1949 1641 videlicet
1988 1593 2175 1641 ratione
2213 1602 2415 1652 servata,

274 1688 368 1736 qua
405 1684 575 1720 contra
611 1673 947 1736 derogantium
980 1676 1167 1739 linguas
1191 1675 1362 1723 beatus
1397 1675 1657 1739 Gregorius
1696 1674 1860 1722 fideles
1893 1674 1968 1721 his
2000 1674 2189 1722 instruit
2223 1672 2414 1720 verbis:

279 1773 300 1798 «
327 1753 583 1800 Sciendum
613 1764 683 1801 est
717 1755 828 1818 quia
867 1755 1051 1819 linguas
1086 1755 1441 1803 detrahentium
1481 1756 1603 1803 sicut
1637 1765 1805 1803 nostro
1850 1755 2009 1803 studio
2045 1771 2145 1802 non
2187 1753 2420 1801 debemus

274 1834 499 1895 excitare,
537 1851 600 1881 ne
641 1835 733 1899 ipsi
773 1845 997 1900 pereant;
1034 1836 1097 1883 ita
1131 1853 1216 1901 per
1247 1853 1383 1883 suam
1415 1835 1646 1883 malitiam
1679 1836 1902 1883 excitatas
1937 1835 2169 1884 debemus
2202 1835 2420 1900 aequani-

275 1914 413 1960 miter
447 1913 668 1974 tolerare,
694 1924 746 1961 ut
770 1914 911 1963 nobis
935 1916 1159 1963 meritum
1187 1925 1367 1963 crescat
1389 1933 1400 1961 ε
1428 1915 1690 1980 aliquando
1713 1925 1875 1963 autem
1907 1916 2050 1963 etiam
2081 1931 2415 1980 compescere,

274 2010 335 2040 ne
373 1994 490 2041 dum
523 1994 585 2042 de
610 1994 753 2042 nobis
778 1995 904 2043 mala
930 1995 1260 2053 disseminant,
1295 2013 1483 2057 eorum,
1511 1997 1594 2060 qui
1623 1996 1788 2043 audire
1812 2013 1904 2043 nos
1936 1995 1996 2043 ad
2019 1995 2150 2043 bona
2173 2005 2415 2060 poterant,

273 2074 422 2122 corda
453 2076 784 2123 innocentium
816 2087 1148 2143 corrumpant.
1173 2098 1195 2121 »
1223 2080 1461 2141 Agnoscat
1483 2093 1597 2141 ergo
1631 2077 1836 2123 fraterna
1868 2075 2072 2123 charitas
2099 2092 2176 2123 me
2205 2076 2419 2140 qualem-

274 2172 466 2220 cunque
518 2155 668 2204 filium
718 2157 968 2219 Ecclesiae,
1024 2175 1136 2204 cum
1177 2158 1280 2223 ipsa
1326 2158 1508 2222 integre
1555 2167 1729 2205 cuncta
1771 2173 1878 2221 quae
1921 2157 2118 2222 recipit,
2173 2157 2415 2221 recipere3

273 2247 471 2294 cuncta,
514 2255 620 2302 quae
655 2239 866 2303 respuit,
910 2255 1136 2304 respuere
1179 2256 1189 2284 :
1233 2255 1322 2286 nec
1362 2255 1439 2286 me
1476 2254 1691 2302 unquam
1728 2238 1996 2286 unitatem⁶
2042 2237 2154 2285 fidei
2195 2237 2416 2299 scidisse,

274 2318 493 2379 quamvis
527 2319 685 2383 impar
715 2319 893 2366 caeteris
927 2336 1120 2366 morum
1153 2319 1399 2384 qualitate.

339 2398 484 2454 Quod
521 2399 665 2463 igitur
704 2399 823 2446 mihi
860 2399 936 2447 vel
970 2417 1057 2465 per
1094 2400 1325 2447 malitiam
1368 2400 1651 2465 impositum
1690 2409 1761 2447 est
1799 2399 1931 2463 quod
1967 2399 2263 2464 scripserim,
2307 2400 2419 2462 quia

277 2498 299 2520 (ε
322 2480 460 2525 Pater
473 2480 616 2544 plena
637 2480 870 2545 potentia,
890 2480 1033 2527 Filius
1054 2481 1274 2545 quaedam
1291 2481 1524 2546 potentia,
1545 2481 1748 2545 Spiritus
1766 2489 1959 2527 sanctus
1978 2479 2110 2526 nulla
2127 2479 2365 2544 potentia;
2390 2499 2415 2524 υ

272 2556 373 2605 haec
405 2576 495 2623 ego
528 2560 675 2608 verba
708 2577 809 2607 non
843 2570 942 2608 tam
973 2560 1195 2608 haeretica
1226 2578 1374 2625 quam
1398 2560 1660 2622 diabolica,
1702 2560 1823 2607 sicut
1852 2559 2167 2623 justissimum
2205 2568 2297 2619 est,
2332 2558 2418 2606 ab·

273 2637 469 2700 horreo,
498 2640 726 2700 detestor,
759 2651 806 2688 et
837 2658 893 2688 ea
926 2658 1038 2688 cum
1074 2657 1162 2688 suo
1195 2640 1396 2688 authore
1435 2641 1612 2705 pariter
1634 2639 1834 2688 damno.
1862 2642 1980 2697 Quae
2011 2641 2050 2686 si
2073 2640 2179 2704 quis
2212 2639 2262 2686 in
2301 2639 2419 2686 meis

274 2719 480 2783 reperiat
513 2720 728 2784 scriptis,
764 2737 863 2768 non
902 2721 1057 2768 solum
1091 2738 1169 2768 me
1206 2720 1514 2782 haereticum,
1553 2708 1868 2768 verumetiam
1902 2719 2267 2767 haeresiarcham
2303 2735 2420 2784 pro-

276 2797 432 2845 fiteor.

344 2881 458 2925 Tam
485 2879 657 2926 Filium
688 2898 834 2945 quam
858 2883 1086 2947 Spiritum
1111 2891 1329 2930 sanctum
1355 2882 1445 2928 sic⁷
1466 2898 1521 2929 ex
1554 2884 1690 2929 Patre
1712 2881 1943 2947 profiteor
1966 2897 2066 2929 esse
2081 2918 2093 2942 ,
2129 2889 2181 2927 ut
2203 2879 2419 2944 ejusdem

278 2956 373 3003 sint
407 2976 517 3005 cum
556 2964 694 3008 Patre
731 2961 1025 3024 substantiae,
1063 2962 1277 3026 ejusdem
1312 2962 1502 3027 penitus
1533 2962 1793 3010 voluntatis
1831 2972 1975 3027 atque
2003 2961 2228 3028 potentiae
2261 2978 2272 3007 :
2307 2959 2419 3023 quia

279 3052 492 3099 quorum
516 3041 718 3088 omnino
742 3042 912 3089 eadem
942 3043 1208 3090 substantia
1230 3043 1304 3091 vel
1335 3044 1560 3105 essentia,
1588 3042 1720 3090 nulla
1745 3052 1901 3108 potest
1931 3059 2034 3090 esse
2062 3041 2139 3089 vel
2163 3039 2419 3088 voluntatis

324 3267 330 3285 ¹
348 3265 428 3298 Cod.
447 3267 528 3298 2923
546 3266 797 3307 Recoqnoscam.
812 3285 849 3290 —
867 3267 1056 3309 ²Pr0verb.,
1075 3278 1145 3309 cap.
1162 3276 1196 3307 x,
1216 3278 1245 3301 v.
1261 3271 1311 3302 19.
1387 3272 1397 3291 ⁴
1412 3272 1484 3304 Inv.
1505 3271 1601 3304 Rher.
1619 3270 1644 3311 1,
1662 3274 1712 3304 32.
1725 3288 1766 3295 —
1784 3271 1796 3291 ⁵
1810 3269 1864 3303 Sic
1879 3269 1961 3302 Cod.
1980 3269 2059 3308 Quae
2074 3267 2203 3309 scripta
2220 3269 2298 3298 sunt
2319 3266 2417 3299 Amb.

280 3337 321 3343 -
337 3320 348 3339 ³
365 3319 418 3351 Sic
445 3320 526 3353 Cod.
554 3322 636 3353 2923
665 3325 698 3352 et
728 3323 818 3355 1896.
852 3322 1008 3355 Delendis
1042 3325 1120 3356 edit.
1150 3324 1244 3357 Amb.
1275 3342 1313 3347 -
1385 3342 1427 3348 —
1447 3326 1459 3345 ⁶
1477 3322 1532 3357 Sic
1548 3324 1629 3357 cod.
1648 3325 1741 3358 2923.
1764 3322 1928 3356 Unionem
1940 3322 2034 3355 Amb.
2054 3339 2094 3345 —
2110 3323 2120 3342 ⁷
2138 3321 2195 3353 Sic
2211 3322 2302 3353 deest
2320 3319 2414 3352 Amb.
