<?xml version="1.0" encoding="UTF-8"?>
<!DOCTYPE html PUBLIC "-//W3C//DTD XHTML 1.0 Transitional//EN"
    "http://www.w3.org/TR/xhtml1/DTD/xhtml1-transitional.dtd">
<html xmlns="http://www.w3.org/1999/xhtml" xml:lang="en" lang="en">
 <head>
  <title>
</title>
<meta http-equiv="Content-Type" content="text/html;charset=utf-8" />
  <meta name='ocr-system' content='tesseract 3.04.00' />
  <meta name='ocr-capabilities' content='ocr_page ocr_carea ocr_par ocr_line ocrx_word'/>
</head>
<body>
  <div class='ocr_page' id='page_1' title='image "./operahactenusseo00abeluoft_0346.png"; bbox 0 0 2638 3866; ppageno 0'>
   <div class='ocr_carea' id='block_1_1' title="bbox 221 267 1527 320">
    <p class='ocr_par' dir='ltr' id='par_1_1' title="bbox 221 267 1527 320">
     <span class='ocr_line' id='line_1_1' title="bbox 221 267 1527 320; baseline -0.005 0"><span class='ocrx_word' id='word_1_1' title='bbox 221 273 316 320; x_wconf 88' lang='grc'><strong>336</strong></span> <span class='ocrx_word' id='word_1_2' title='bbox 527 283 529 285; x_wconf 83' lang='grc'><em>·</em></span> <span class='ocrx_word' id='word_1_3' title='bbox 1023 269 1184 316; x_wconf 90' lang='lat' dir='ltr'>PETRI</span> <span class='ocrx_word' id='word_1_4' title='bbox 1219 267 1527 315; x_wconf 88' lang='lat' dir='ltr'><strong>ABAELARDI</strong></span> 
     </span>
    </p>
   </div>
   <div class='ocr_carea' id='block_1_2' title="bbox 220 367 2384 3161">
    <p class='ocr_par' dir='ltr' id='par_1_2' title="bbox 220 367 2374 1959">
     <span class='ocr_line' id='line_1_2' title="bbox 220 367 2355 436; baseline 0.001 -19"><span class='ocrx_word' id='word_1_5' title='bbox 220 371 317 418; x_wconf 90' lang='lat' dir='ltr'><strong>hoc</strong></span> <span class='ocrx_word' id='word_1_6' title='bbox 338 379 519 436; x_wconf 87' lang='lat' dir='ltr'><strong>peccat.</strong></span> <span class='ocrx_word' id='word_1_7' title='bbox 547 389 569 412; x_wconf 75' lang='grc' dir='ltr'><strong>(ι</strong></span> <span class='ocrx_word' id='word_1_8' title='bbox 588 367 744 416; x_wconf 84' lang='lat' dir='ltr'><strong>Omne</strong></span> <span class='ocrx_word' id='word_1_9' title='bbox 770 369 917 416; x_wconf 91' lang='lat' dir='ltr'><strong>enim.</strong></span> <span class='ocrx_word' id='word_1_10' title='bbox 939 390 962 412; x_wconf 76' lang='lat'><strong>2&gt;</strong></span> <span class='ocrx_word' id='word_1_11' title='bbox 985 371 1050 416; x_wconf 89' lang='lat' dir='ltr'><strong>Ac</strong></span> <span class='ocrx_word' id='word_1_12' title='bbox 1075 369 1112 416; x_wconf 91' lang='lat' dir='ltr'><strong>si</strong></span> <span class='ocrx_word' id='word_1_13' title='bbox 1132 368 1314 417; x_wconf 88' lang='lat' dir='ltr'><strong>diceret</strong></span> <span class='ocrx_word' id='word_1_14' title='bbox 1336 387 1347 415; x_wconf 70' lang='grc' dir='ltr'>ε</span> <span class='ocrx_word' id='word_1_15' title='bbox 1372 369 1494 427; x_wconf 86' lang='lat' dir='ltr'><strong>Quia</strong></span> <span class='ocrx_word' id='word_1_16' title='bbox 1518 367 1752 433; x_wconf 85' lang='lat' dir='ltr'><strong>quidquid</strong></span> <span class='ocrx_word' id='word_1_17' title='bbox 1781 377 1951 416; x_wconf 86' lang='lat' dir='ltr'><strong>contra</strong></span> <span class='ocrx_word' id='word_1_18' title='bbox 1973 368 2067 417; x_wconf 91' lang='lat' dir='ltr'><strong>hoc</strong></span> <span class='ocrx_word' id='word_1_19' title='bbox 2097 370 2229 435; x_wconf 90' lang='lat' dir='ltr'><strong>quod</strong></span> <span class='ocrx_word' id='word_1_20' title='bbox 2253 388 2355 419; x_wconf 80' lang='lat' dir='ltr'><strong>cre-</strong></span> 
     </span>
     <span class='ocr_line' id='line_1_3' title="bbox 223 447 2360 515; baseline -0 -17"><span class='ocrx_word' id='word_1_21' title='bbox 223 451 352 498; x_wconf 82' lang='lat' dir='ltr'><strong>ditur</strong></span> <span class='ocrx_word' id='word_1_22' title='bbox 370 450 440 509; x_wconf 87' lang='lat' dir='ltr'><strong>fit,</strong></span> <span class='ocrx_word' id='word_1_23' title='bbox 456 450 552 496; x_wconf 87' lang='lat' dir='ltr'><strong>sive</strong></span> <span class='ocrx_word' id='word_1_24' title='bbox 572 449 620 495; x_wconf 87' lang='lat' dir='ltr'><strong>in</strong></span> <span class='ocrx_word' id='word_1_25' title='bbox 643 465 745 511; x_wconf 87' lang='lat' dir='ltr'><strong>esu,</strong></span> <span class='ocrx_word' id='word_1_26' title='bbox 760 449 858 497; x_wconf 88' lang='lat' dir='ltr'><strong>sive</strong></span> <span class='ocrx_word' id='word_1_27' title='bbox 877 449 926 496; x_wconf 92' lang='lat' dir='ltr'><strong>in</strong></span> <span class='ocrx_word' id='word_1_28' title='bbox 948 448 1065 511; x_wconf 88' lang='lat' dir='ltr'><strong>aliis,</strong></span> <span class='ocrx_word' id='word_1_29' title='bbox 1091 468 1113 494; x_wconf 76' lang='grc' dir='ltr'><em>α</em></span> <span class='ocrx_word' id='word_1_30' title='bbox 1131 458 1383 513; x_wconf 86' lang='lat' dir='ltr'><strong>peccatum</strong></span> <span class='ocrx_word' id='word_1_31' title='bbox 1397 458 1483 495; x_wconf 90' lang='lat' dir='ltr'><strong>est.</strong></span> <span class='ocrx_word' id='word_1_32' title='bbox 1503 468 1526 491; x_wconf 71' lang='lat' dir='ltr'><strong>n</strong></span> <span class='ocrx_word' id='word_1_33' title='bbox 1549 450 1679 495; x_wconf 89' lang='lat' dir='ltr'><strong>Deus</strong></span> <span class='ocrx_word' id='word_1_34' title='bbox 1694 447 1822 494; x_wconf 91' lang='lat' dir='ltr'><strong>enim</strong></span> <span class='ocrx_word' id='word_1_35' title='bbox 1843 448 1926 512; x_wconf 91' lang='lat' dir='ltr'><strong>qui</strong></span> <span class='ocrx_word' id='word_1_36' title='bbox 1940 448 2100 496; x_wconf 89' lang='lat' dir='ltr'><strong>cordis</strong></span> <span class='ocrx_word' id='word_1_37' title='bbox 2118 450 2360 515; x_wconf 81' lang='lat' dir='ltr'><strong>inspector</strong></span> 
     </span>
     <span class='ocr_line' id='line_1_4' title="bbox 224 527 2360 594; baseline 0 -18"><span class='ocrx_word' id='word_1_38' title='bbox 224 538 310 591; x_wconf 88' lang='lat' dir='ltr'><strong>est,</strong></span> <span class='ocrx_word' id='word_1_39' title='bbox 334 546 432 576; x_wconf 93' lang='lat' dir='ltr'><strong>non</strong></span> <span class='ocrx_word' id='word_1_40' title='bbox 458 538 556 575; x_wconf 87' lang='lat' dir='ltr'><strong>tam</strong></span> <span class='ocrx_word' id='word_1_41' title='bbox 579 545 686 592; x_wconf 85' lang='lat' dir='ltr'><strong>quae</strong></span> <span class='ocrx_word' id='word_1_42' title='bbox 717 528 840 576; x_wconf 88' lang='lat' dir='ltr'><strong>fiunt</strong></span> <span class='ocrx_word' id='word_1_43' title='bbox 868 546 1015 594; x_wconf 89' lang='lat' dir='ltr'><strong>quam</strong></span> <span class='ocrx_word' id='word_1_44' title='bbox 1047 545 1145 593; x_wconf 91' lang='lat' dir='ltr'><strong>quo</strong></span> <span class='ocrx_word' id='word_1_45' title='bbox 1175 529 1338 575; x_wconf 86' lang='lat' dir='ltr'><strong>animo</strong></span> <span class='ocrx_word' id='word_1_46' title='bbox 1372 527 1745 575; x_wconf 61' lang='lat' dir='ltr'><strong>fiunt&#39;attendih</strong></span> <span class='ocrx_word' id='word_1_47' title='bbox 1788 530 1892 575; x_wconf 88' lang='lat' dir='ltr'><strong>Non</strong></span> <span class='ocrx_word' id='word_1_48' title='bbox 1927 528 2167 576; x_wconf 89' lang='lat' dir='ltr'><strong>immerito</strong></span> <span class='ocrx_word' id='word_1_49' title='bbox 2199 539 2360 578; x_wconf 88' lang='lat' dir='ltr'><strong>autem</strong></span> 
     </span>
     <span class='ocr_line' id='line_1_5' title="bbox 223 607 2362 673; baseline 0.001 -18"><span class='ocrx_word' id='word_1_50' title='bbox 223 610 368 672; x_wconf 86' lang='lat' dir='ltr'><strong>quaeri</strong></span> <span class='ocrx_word' id='word_1_51' title='bbox 388 617 546 673; x_wconf 84' lang='lat' dir='ltr'><strong>potest</strong></span> <span class='ocrx_word' id='word_1_52' title='bbox 564 608 624 656; x_wconf 92' lang='lat' dir='ltr'><strong>de</strong></span> <span class='ocrx_word' id='word_1_53' title='bbox 641 608 715 655; x_wconf 93' lang='lat' dir='ltr'><strong>his</strong></span> <span class='ocrx_word' id='word_1_54' title='bbox 737 609 821 673; x_wconf 91' lang='lat' dir='ltr'><strong>qui</strong></span> <span class='ocrx_word' id='word_1_55' title='bbox 836 608 1186 656; x_wconf 80' lang='lat' dir='ltr'>interficiebant</span> <span class='ocrx_word' id='word_1_56' title='bbox 1205 607 1369 654; x_wconf 86' lang='lat' dir='ltr'><strong>fideles</strong></span> <span class='ocrx_word' id='word_1_57' title='bbox 1385 624 1507 672; x_wconf 88' lang='lat' dir='ltr'><strong>quos</strong></span> <span class='ocrx_word' id='word_1_58' title='bbox 1524 608 1802 655; x_wconf 85' lang='lat' dir='ltr'><strong>seductores</strong></span> <span class='ocrx_word' id='word_1_59' title='bbox 1824 608 2076 673; x_wconf 87' lang='lat' dir='ltr'><strong>putabant,</strong></span> <span class='ocrx_word' id='word_1_60' title='bbox 2089 609 2222 673; x_wconf 79' lang='lat' dir='ltr'><strong>juxta</strong></span> <span class='ocrx_word' id='word_1_61' title='bbox 2244 609 2362 657; x_wconf 92' lang='lat' dir='ltr'><strong>illud</strong></span> 
     </span>
     <span class='ocr_line' id='line_1_6' title="bbox 222 689 2363 755; baseline 0.001 -20"><span class='ocrx_word' id='word_1_62' title='bbox 222 689 794 737; x_wconf 80' lang='lat' dir='ltr'><strong>Ve1·itatis¹:«Venithora</strong></span> <span class='ocrx_word' id='word_1_63' title='bbox 811 689 1119 753; x_wconf 86' lang='lat' dir='ltr'><strong>utomnisqui</strong></span> <span class='ocrx_word' id='word_1_64' title='bbox 1131 689 1364 736; x_wconf 79' lang='lat' dir='ltr'><strong>interfecit</strong></span> <span class='ocrx_word' id='word_1_65' title='bbox 1380 706 1485 750; x_wconf 85' lang='lat' dir='ltr'><strong>vos,</strong></span> <span class='ocrx_word' id='word_1_66' title='bbox 1507 689 1762 736; x_wconf 87' lang='lat' dir='ltr'><strong>arbitretur</strong></span> <span class='ocrx_word' id='word_1_67' title='bbox 1772 689 2060 755; x_wconf 90' lang='lat' dir='ltr'><strong>obsequium</strong></span> <span class='ocrx_word' id='word_1_68' title='bbox 2077 706 2128 737; x_wconf 90' lang='lat' dir='ltr'><strong>se</strong></span> <span class='ocrx_word' id='word_1_69' title='bbox 2140 695 2363 755; x_wconf 87' lang='lat' dir='ltr'><strong>praestar&#39;e</strong></span> 
     </span>
     <span class='ocr_line' id='line_1_7' title="bbox 222 769 2363 835; baseline 0 -20"><span class='ocrx_word' id='word_1_70' title='bbox 222 773 342 830; x_wconf 90' lang='lat' dir='ltr'><strong>Deo,</strong></span> <span class='ocrx_word' id='word_1_71' title='bbox 359 788 381 811; x_wconf 77' lang='lat'><strong>&gt;³</strong></span> <span class='ocrx_word' id='word_1_72' title='bbox 403 778 562 816; x_wconf 83' lang='lat' dir='ltr'><strong>utrum</strong></span> <span class='ocrx_word' id='word_1_73' title='bbox 576 770 626 816; x_wconf 90' lang='lat' dir='ltr'><strong>in</strong></span> <span class='ocrx_word' id='word_1_74' title='bbox 648 770 743 817; x_wconf 89' lang='lat' dir='ltr'><strong>hoc</strong></span> <span class='ocrx_word' id='word_1_75' title='bbox 770 770 1088 835; x_wconf 87' lang='lat' dir='ltr'><strong>peccaverint.</strong></span> <span class='ocrx_word' id='word_1_76' title='bbox 1112 770 1159 816; x_wconf 92' lang='lat' dir='ltr'><strong>Si</strong></span> <span class='ocrx_word' id='word_1_77' title='bbox 1180 769 1308 816; x_wconf 90' lang='lat' dir='ltr'><strong>enim</strong></span> <span class='ocrx_word' id='word_1_78' title='bbox 1329 769 1589 817; x_wconf 88' lang='lat' dir='ltr'><strong>credebant</strong></span> <span class='ocrx_word' id='word_1_79' title='bbox 1610 786 1693 817; x_wconf 89' lang='lat' dir='ltr'><strong>eos</strong></span> <span class='ocrx_word' id='word_1_80' title='bbox 1712 769 1988 817; x_wconf 84' lang='lat' dir='ltr'><strong>seductores</strong></span> <span class='ocrx_word' id='word_1_81' title='bbox 2008 770 2303 831; x_wconf 83' lang='lat' dir='ltr'><strong>animarum,</strong></span> <span class='ocrx_word' id='word_1_82' title='bbox 2316 779 2363 817; x_wconf 88' lang='lat' dir='ltr'><strong>et</strong></span> 
     </span>
     <span class='ocr_line' id='line_1_8' title="bbox 223 848 2363 915; baseline 0 -20"><span class='ocrx_word' id='word_1_83' title='bbox 223 848 332 895; x_wconf 91' lang='lat' dir='ltr'><strong>ideo</strong></span> <span class='ocrx_word' id='word_1_84' title='bbox 356 849 527 913; x_wconf 84' lang='lat' dir='ltr'><strong>dignos</strong></span> <span class='ocrx_word' id='word_1_85' title='bbox 557 860 726 911; x_wconf 88' lang='lat' dir='ltr'><strong>morte,</strong></span> <span class='ocrx_word' id='word_1_86' title='bbox 749 849 997 915; x_wconf 89' lang='lat' dir='ltr'><strong>quomodo</strong></span> <span class='ocrx_word' id='word_1_87' title='bbox 1021 859 1186 897; x_wconf 84' lang='lat' dir='ltr'><strong>contra</strong></span> <span class='ocrx_word' id='word_1_88' title='bbox 1215 850 1559 897; x_wconf 81' lang='lat' dir='ltr'><strong>conscientiam</strong></span> <span class='ocrx_word' id='word_1_89' title='bbox 1589 866 1724 897; x_wconf 88' lang='lat' dir='ltr'><strong>suam</strong></span> <span class='ocrx_word' id='word_1_90' title='bbox 1759 850 1826 897; x_wconf 93' lang='lat' dir='ltr'><strong>eis</strong></span> <span class='ocrx_word' id='word_1_91' title='bbox 1857 865 2068 915; x_wconf 83' lang='lat' dir='ltr'><strong>parcere·</strong></span> <span class='ocrx_word' id='word_1_92' title='bbox 2089 848 2363 897; x_wconf 83' lang='lat' dir='ltr'><strong>debebant?</strong></span> 
     </span>
     <span class='ocr_line' id='line_1_9' title="bbox 223 929 2366 995; baseline 0.001 -22"><span class='ocrx_word' id='word_1_93' title='bbox 223 930 412 994; x_wconf 85' lang='lat' dir='ltr'><strong>Quippe</strong></span> <span class='ocrx_word' id='word_1_94' title='bbox 426 930 464 976; x_wconf 93' lang='lat' dir='ltr'><strong>si</strong></span> <span class='ocrx_word' id='word_1_95' title='bbox 478 940 742 995; x_wconf 82' lang='lat' dir='ltr'><strong>parcerent,</strong></span> <span class='ocrx_word' id='word_1_96' title='bbox 758 941 927 978; x_wconf 87' lang='lat' dir='ltr'><strong>contra</strong></span> <span class='ocrx_word' id='word_1_97' title='bbox 939 930 1280 978; x_wconf 84' lang='lat' dir='ltr'><strong>conscientiam</strong></span> <span class='ocrx_word' id='word_1_98' title='bbox 1291 946 1427 977; x_wconf 89' lang='lat' dir='ltr'><strong>suam</strong></span> <span class='ocrx_word' id='word_1_99' title='bbox 1444 940 1655 994; x_wconf 70' lang='lat' dir='ltr'><strong>agerent,</strong></span> <span class='ocrx_word' id='word_1_100' title='bbox 1670 940 1715 976; x_wconf 90' lang='lat' dir='ltr'><strong>et</strong></span> <span class='ocrx_word' id='word_1_101' title='bbox 1732 931 1795 977; x_wconf 87' lang='lat' dir='ltr'><strong>ita</strong></span> <span class='ocrx_word' id='word_1_102' title='bbox 1809 939 2079 995; x_wconf 88' lang='lat' dir='ltr'><strong>peccarent.</strong></span> <span class='ocrx_word' id='word_1_103' title='bbox 2095 929 2189 976; x_wconf 88' lang='lat' dir='ltr'><strong>Sed</strong></span> <span class='ocrx_word' id='word_1_104' title='bbox 2202 947 2366 977; x_wconf 88' lang='lat' dir='ltr'><strong>rursus</strong></span> 
     </span>
     <span class='ocr_line' id='line_1_10' title="bbox 224 1008 2367 1074; baseline 0 -19"><span class='ocrx_word' id='word_1_105' title='bbox 224 1025 336 1055; x_wconf 86' lang='lat' dir='ltr'><strong>cum</strong></span> <span class='ocrx_word' id='word_1_106' title='bbox 358 1009 652 1057; x_wconf 85' lang='lat' dir='ltr'><strong>interficiunt</strong></span> <span class='ocrx_word' id='word_1_107' title='bbox 673 1010 972 1068; x_wconf 89' lang='lat' dir='ltr'><strong>innocentes,</strong></span> <span class='ocrx_word' id='word_1_108' title='bbox 997 1011 1146 1057; x_wconf 89' lang='lat' dir='ltr'><strong>immo</strong></span> <span class='ocrx_word' id='word_1_109' title='bbox 1171 1010 1346 1058; x_wconf 89' lang='lat' dir='ltr'><strong>electos</strong></span> <span class='ocrx_word' id='word_1_110' title='bbox 1369 1011 1475 1069; x_wconf 92' lang='lat' dir='ltr'><strong>Dei,</strong></span> <span class='ocrx_word' id='word_1_111' title='bbox 1509 1009 1645 1074; x_wconf 92' lang='lat' dir='ltr'><strong>quod</strong></span> <span class='ocrx_word' id='word_1_112' title='bbox 1667 1010 1887 1074; x_wconf 88' lang='lat' dir='ltr'><strong>iniquum</strong></span> <span class='ocrx_word' id='word_1_113' title='bbox 1908 1019 2004 1068; x_wconf 91' lang='lat' dir='ltr'><strong>est,</strong></span> <span class='ocrx_word' id='word_1_114' title='bbox 2032 1008 2247 1056; x_wconf 89' lang='lat' dir='ltr'><strong>dicemus</strong></span> <span class='ocrx_word' id='word_1_115' title='bbox 2284 1025 2367 1057; x_wconf 87' lang='lat' dir='ltr'><strong>eos</strong></span> 
     </span>
     <span class='ocr_line' id='line_1_11' title="bbox 223 1089 2368 1155; baseline 0.001 -21"><span class='ocrx_word' id='word_1_116' title='bbox 223 1105 321 1137; x_wconf 90' lang='lat' dir='ltr'><strong>non</strong></span> <span class='ocrx_word' id='word_1_117' title='bbox 346 1106 563 1155; x_wconf 86' lang='lat' dir='ltr'><strong>peccare,</strong></span> <span class='ocrx_word' id='word_1_118' title='bbox 585 1100 666 1138; x_wconf 90' lang='lat' dir='ltr'><strong>aut</strong></span> <span class='ocrx_word' id='word_1_119' title='bbox 683 1108 767 1139; x_wconf 88' lang='lat' dir='ltr'><strong>eos</strong></span> <span class='ocrx_word' id='word_1_120' title='bbox 785 1091 833 1138; x_wconf 91' lang='lat' dir='ltr'><strong>in</strong></span> <span class='ocrx_word' id='word_1_121' title='bbox 856 1091 951 1138; x_wconf 90' lang='lat' dir='ltr'><strong>hoc</strong></span> <span class='ocrx_word' id='word_1_122' title='bbox 964 1090 1147 1139; x_wconf 88' lang='lat' dir='ltr'><strong>bonam</strong></span> <span class='ocrx_word' id='word_1_123' title='bbox 1171 1091 1487 1138; x_wconf 85' lang='lat' dir='ltr'><strong>intentionem</strong></span> <span class='ocrx_word' id='word_1_124' title='bbox 1513 1089 1709 1148; x_wconf 89' lang='lat' dir='ltr'><strong>habere,</strong></span> <span class='ocrx_word' id='word_1_125' title='bbox 1735 1090 1851 1154; x_wconf 86' lang='lat' dir='ltr'><strong>quia</strong></span> <span class='ocrx_word' id='word_1_126' title='bbox 1874 1090 2080 1137; x_wconf 86' lang='lat' dir='ltr'><strong>maxime</strong></span> <span class='ocrx_word' id='word_1_127' title='bbox 2104 1098 2223 1151; x_wconf 85' lang='lat' dir='ltr'><strong>erat,</strong></span> <span class='ocrx_word' id='word_1_128' title='bbox 2240 1089 2368 1137; x_wconf 90' lang='lat' dir='ltr'><strong>ideo-</strong></span> 
     </span>
     <span class='ocr_line' id='line_1_12' title="bbox 224 1170 2369 1237; baseline 0 -22"><span class='ocrx_word' id='word_1_129' title='bbox 224 1186 318 1233; x_wconf 85' lang='lat' dir='ltr'><strong>que</strong></span> <span class='ocrx_word' id='word_1_130' title='bbox 336 1170 465 1217; x_wconf 91' lang='lat' dir='ltr'><strong>bona</strong></span> <span class='ocrx_word' id='word_1_131' title='bbox 484 1171 923 1237; x_wconf 77' lang='lat' dir='ltr'><strong>aestimatur‘potius</strong></span> <span class='ocrx_word' id='word_1_132' title='bbox 941 1187 1043 1218; x_wconf 89' lang='lat' dir='ltr'><strong>esse</strong></span> <span class='ocrx_word' id='word_1_133' title='bbox 1065 1187 1211 1235; x_wconf 89' lang='lat' dir='ltr'><strong>quam</strong></span> <span class='ocrx_word' id='word_1_134' title='bbox 1230 1171 1317 1218; x_wconf 79' lang='lat' dir='ltr'><strong>sit?</strong></span> <span class='ocrx_word' id='word_1_135' title='bbox 1337 1170 1602 1229; x_wconf 90' lang='lat' dir='ltr'><strong>Quomodo</strong></span> <span class='ocrx_word' id='word_1_136' title='bbox 1622 1171 1765 1219; x_wconf 81' lang='lat' dir='ltr'><strong>etiarn</strong></span> <span class='ocrx_word' id='word_1_137' title='bbox 1789 1170 2058 1234; x_wconf 82' lang='lat' dir='ltr'><strong>ignorantia</strong></span> <span class='ocrx_word' id='word_1_138' title='bbox 2079 1179 2272 1217; x_wconf 89' lang='lat' dir='ltr'><strong>excusat</strong></span> <span class='ocrx_word' id='word_1_139' title='bbox 2285 1174 2369 1217; x_wconf 79' lang='lat' dir='ltr'><strong>e‘os</strong></span> 
     </span>
     <span class='ocr_line' id='line_1_13' title="bbox 225 1250 2368 1316; baseline 0 -20"><span class='ocrx_word' id='word_1_140' title='bbox 225 1266 251 1296; x_wconf 90' lang='lat' dir='ltr'><strong>a</strong></span> <span class='ocrx_word' id='word_1_141' title='bbox 266 1260 482 1314; x_wconf 84' lang='lat' dir='ltr'><strong>peccato,</strong></span> <span class='ocrx_word' id='word_1_142' title='bbox 500 1268 613 1298; x_wconf 90' lang='lat' dir='ltr'><strong>cum</strong></span> <span class='ocrx_word' id='word_1_143' title='bbox 630 1261 818 1298; x_wconf 88' lang='lat' dir='ltr'><strong>constet</strong></span> <span class='ocrx_word' id='word_1_144' title='bbox 831 1251 1066 1300; x_wconf 87' lang='lat' dir='ltr'><strong>nonnulla</strong></span> <span class='ocrx_word' id='word_1_145' title='bbox 1084 1252 1229 1299; x_wconf 89' lang='lat' dir='ltr'><strong>etiam</strong></span> <span class='ocrx_word' id='word_1_146' title='bbox 1244 1260 1440 1316; x_wconf 88' lang='lat' dir='ltr'><strong>peccata</strong></span> <span class='ocrx_word' id='word_1_147' title='bbox 1453 1251 1732 1315; x_wconf 82' lang='lat' dir='ltr'><strong>ignorantiae</strong></span> <span class='ocrx_word' id='word_1_148' title='bbox 1746 1251 1867 1298; x_wconf 80' lang='lat' dir='ltr'><strong>dici?</strong></span> <span class='ocrx_word' id='word_1_149' title='bbox 1884 1250 2106 1315; x_wconf 89' lang='lat' dir='ltr'><strong>Alioquin</strong></span> <span class='ocrx_word' id='word_1_150' title='bbox 2118 1250 2368 1315; x_wconf 88' lang='lat' dir='ltr'><strong>quomodo</strong></span> 
     </span>
     <span class='ocr_line' id='line_1_14' title="bbox 233 1329 2372 1396; baseline 0.002 -22"><span class='ocrx_word' id='word_1_151' title='bbox 233 1329 475 1378; x_wconf 83' lang='lat' dir='ltr'><strong>Psalmista</strong></span> <span class='ocrx_word' id='word_1_152' title='bbox 497 1331 677 1378; x_wconf 90' lang='lat' dir='ltr'><strong>diceret</strong></span> <span class='ocrx_word' id='word_1_153' title='bbox 703 1331 765 1379; x_wconf 90' lang='lat' dir='ltr'><strong>ad</strong></span> <span class='ocrx_word' id='word_1_154' title='bbox 786 1334 970 1378; x_wconf 77' lang='lat' dir='ltr'><strong>Deum&#39;</strong></span> <span class='ocrx_word' id='word_1_155' title='bbox 992 1349 1002 1378; x_wconf 79' lang='lat' dir='ltr'><em>z</em></span> <span class='ocrx_word' id='word_1_156' title='bbox 1036 1351 1058 1375; x_wconf 78' lang='grc' dir='ltr'>α</span> <span class='ocrx_word' id='word_1_157' title='bbox 1075 1331 1282 1379; x_wconf 84' lang='lat' dir='ltr'><strong>Effunde</strong></span> <span class='ocrx_word' id='word_1_158' title='bbox 1306 1332 1427 1378; x_wconf 88' lang='lat' dir='ltr'><strong>iram</strong></span> <span class='ocrx_word' id='word_1_159' title='bbox 1447 1341 1581 1378; x_wconf 91' lang='lat' dir='ltr'><strong>tuam</strong></span> <span class='ocrx_word' id='word_1_160' title='bbox 1599 1333 1650 1379; x_wconf 91' lang='lat' dir='ltr'><strong>in</strong></span> <span class='ocrx_word' id='word_1_161' title='bbox 1670 1335 1865 1392; x_wconf 89' lang='lat' dir='ltr'><strong>Gentes,</strong></span> <span class='ocrx_word' id='word_1_162' title='bbox 1890 1348 1997 1396; x_wconf 86' lang='lat' dir='ltr'><strong>quae</strong></span> <span class='ocrx_word' id='word_1_163' title='bbox 2022 1339 2068 1378; x_wconf 89' lang='lat' dir='ltr'><strong>te</strong></span> <span class='ocrx_word' id='word_1_164' title='bbox 2091 1347 2190 1378; x_wconf 91' lang='lat' dir='ltr'><strong>non</strong></span> <span class='ocrx_word' id='word_1_165' title='bbox 2216 1347 2372 1378; x_wconf 52' lang='lat' dir='ltr'><strong>noves</strong></span> 
     </span>
     <span class='ocr_line' id='line_1_15' title="bbox 235 1411 2370 1477; baseline 0.001 -22"><span class='ocrx_word' id='word_1_166' title='bbox 235 1419 361 1457; x_wconf 87' lang='lat' dir='ltr'><strong>runt.</strong></span> <span class='ocrx_word' id='word_1_167' title='bbox 384 1429 407 1455; x_wconf 92' lang='lat'>»</span> <span class='ocrx_word' id='word_1_168' title='bbox 426 1415 482 1458; x_wconf 92' lang='lat' dir='ltr'><strong>Et</strong></span> <span class='ocrx_word' id='word_1_169' title='bbox 505 1412 685 1459; x_wconf 89' lang='lat' dir='ltr'><strong>Veritas</strong></span> <span class='ocrx_word' id='word_1_170' title='bbox 704 1412 764 1459; x_wconf 93' lang='lat' dir='ltr'><strong>de</strong></span> <span class='ocrx_word' id='word_1_171' title='bbox 783 1411 1172 1477; x_wconf 87' lang='lat' dir='ltr'><strong>persecutoribus</strong></span> <span class='ocrx_word' id='word_1_172' title='bbox 1190 1413 1312 1459; x_wconf 83' lang='lat' dir='ltr'><strong>suis³</strong></span> <span class='ocrx_word' id='word_1_173' title='bbox 1330 1430 1340 1458; x_wconf 88' lang='lat'>:</span> <span class='ocrx_word' id='word_1_174' title='bbox 1362 1432 1383 1456; x_wconf 81' lang='grc' dir='ltr'><strong>(ι</strong></span> <span class='ocrx_word' id='word_1_175' title='bbox 1402 1415 1556 1474; x_wconf 88' lang='lat' dir='ltr'><strong>Pater,</strong></span> <span class='ocrx_word' id='word_1_176' title='bbox 1582 1413 1774 1477; x_wconf 83' lang='lat' dir='ltr'><strong>ignosce</strong></span> <span class='ocrx_word' id='word_1_177' title='bbox 1787 1412 1871 1468; x_wconf 88' lang='lat' dir='ltr'><strong>eis,</strong></span> <span class='ocrx_word' id='word_1_178' title='bbox 1890 1412 2002 1476; x_wconf 90' lang='lat' dir='ltr'><strong>quia</strong></span> <span class='ocrx_word' id='word_1_179' title='bbox 2016 1411 2235 1458; x_wconf 88' lang='lat' dir='ltr'><strong>nesciunt</strong></span> <span class='ocrx_word' id='word_1_180' title='bbox 2253 1411 2370 1475; x_wconf 91' lang='lat' dir='ltr'><strong>quid</strong></span> 
     </span>
     <span class='ocr_line' id='line_1_16' title="bbox 233 1490 2372 1558; baseline 0.001 -22"><span class='ocrx_word' id='word_1_181' title='bbox 233 1490 462 1537; x_wconf 79' lang='lat' dir='ltr'><strong>faciunt.»</strong></span> <span class='ocrx_word' id='word_1_182' title='bbox 487 1491 584 1539; x_wconf 80' lang='lat' dir='ltr'><strong>&#39;Ubi</strong></span> <span class='ocrx_word' id='word_1_183' title='bbox 609 1493 738 1539; x_wconf 89' lang='lat' dir='ltr'><strong>enim</strong></span> <span class='ocrx_word' id='word_1_184' title='bbox 758 1492 900 1557; x_wconf 84' lang='lat' dir='ltr'><strong>culpa</strong></span> <span class='ocrx_word' id='word_1_185' title='bbox 925 1509 1023 1539; x_wconf 89' lang='lat' dir='ltr'><strong>non</strong></span> <span class='ocrx_word' id='word_1_186' title='bbox 1051 1493 1306 1558; x_wconf 77' lang='lat' dir='ltr'><strong>praecessit,</strong></span> <span class='ocrx_word' id='word_1_187' title='bbox 1339 1492 1459 1556; x_wconf 86' lang='lat' dir='ltr'><strong>quid</strong></span> <span class='ocrx_word' id='word_1_188' title='bbox 1480 1503 1550 1540; x_wconf 92' lang='lat' dir='ltr'><strong>est</strong></span> <span class='ocrx_word' id='word_1_189' title='bbox 1572 1510 1696 1558; x_wconf 90' lang='lat' dir='ltr'><strong>opus</strong></span> <span class='ocrx_word' id='word_1_190' title='bbox 1713 1491 1994 1557; x_wconf 82' lang='lat' dir='ltr'><strong>ignoscere?</strong></span> <span class='ocrx_word' id='word_1_191' title='bbox 2023 1492 2071 1538; x_wconf 88' lang='lat' dir='ltr'><strong>Si</strong></span> <span class='ocrx_word' id='word_1_192' title='bbox 2089 1491 2219 1539; x_wconf 88' lang='lat' dir='ltr'><strong>enim</strong></span> <span class='ocrx_word' id='word_1_193' title='bbox 2240 1491 2372 1556; x_wconf 88' lang='lat' dir='ltr'><strong>igno·</strong></span> 
     </span>
     <span class='ocr_line' id='line_1_17' title="bbox 235 1571 2369 1639; baseline 0.001 -23"><span class='ocrx_word' id='word_1_194' title='bbox 235 1571 388 1618; x_wconf 87' lang='lat' dir='ltr'><strong>rantia</strong></span> <span class='ocrx_word' id='word_1_195' title='bbox 416 1571 492 1618; x_wconf 87' lang='lat' dir='ltr'><strong>vel</strong></span> <span class='ocrx_word' id='word_1_196' title='bbox 527 1574 669 1619; x_wconf 89' lang='lat' dir='ltr'><strong>etiam</strong></span> <span class='ocrx_word' id='word_1_197' title='bbox 702 1572 814 1620; x_wconf 85' lang='lat' dir='ltr'><strong>fidei</strong></span> <span class='ocrx_word' id='word_1_198' title='bbox 849 1589 984 1620; x_wconf 87' lang='lat' dir='ltr'><strong>error</strong></span> <span class='ocrx_word' id='word_1_199' title='bbox 1017 1583 1208 1620; x_wconf 84' lang='lat' dir='ltr'><strong>excuset</strong></span> <span class='ocrx_word' id='word_1_200' title='bbox 1231 1574 1421 1638; x_wconf 89' lang='lat' dir='ltr'><strong>penitus</strong></span> <span class='ocrx_word' id='word_1_201' title='bbox 1450 1591 1479 1622; x_wconf 88' lang='lat' dir='ltr'><strong>a</strong></span> <span class='ocrx_word' id='word_1_202' title='bbox 1501 1575 1667 1639; x_wconf 89' lang='lat' dir='ltr'><strong>culpa,</strong></span> <span class='ocrx_word' id='word_1_203' title='bbox 1701 1572 1832 1621; x_wconf 86' lang='lat' dir='ltr'><strong>unde</strong></span> <span class='ocrx_word' id='word_1_204' title='bbox 1855 1571 2005 1619; x_wconf 84' lang='lat' dir='ltr'><strong>Judaei</strong></span> <span class='ocrx_word' id='word_1_205' title='bbox 2037 1580 2119 1619; x_wconf 88' lang='lat' dir='ltr'><strong>aut</strong></span> <span class='ocrx_word' id='word_1_206' title='bbox 2140 1572 2369 1631; x_wconf 88' lang='lat' dir='ltr'><strong>Gentiles,</strong></span> 
     </span>
     <span class='ocr_line' id='line_1_18' title="bbox 233 1651 2373 1717; baseline 0 -20"><span class='ocrx_word' id='word_1_207' title='bbox 233 1651 307 1697; x_wconf 78' lang='lat' dir='ltr'><strong>vel</strong></span> <span class='ocrx_word' id='word_1_208' title='bbox 332 1651 533 1715; x_wconf 91' lang='lat' dir='ltr'><strong>quilibet</strong></span> <span class='ocrx_word' id='word_1_209' title='bbox 555 1652 774 1700; x_wconf 82' lang='lat' dir='ltr'><strong>infideles</strong></span> <span class='ocrx_word' id='word_1_210' title='bbox 797 1653 857 1700; x_wconf 91' lang='lat' dir='ltr'><strong>de</strong></span> <span class='ocrx_word' id='word_1_211' title='bbox 881 1653 1163 1701; x_wconf 84' lang='lat' dir='ltr'><strong>infidelitate</strong></span> <span class='ocrx_word' id='word_1_212' title='bbox 1182 1670 1267 1700; x_wconf 86' lang='lat' dir='ltr'><strong>sua</strong></span> <span class='ocrx_word' id='word_1_213' title='bbox 1291 1654 1555 1702; x_wconf 86' lang='lat' dir='ltr'><strong>damnandi</strong></span> <span class='ocrx_word' id='word_1_214' title='bbox 1577 1662 1704 1715; x_wconf 86' lang='lat' dir='ltr'><strong>sunt,</strong></span> <span class='ocrx_word' id='word_1_215' title='bbox 1732 1652 1844 1702; x_wconf 80' lang='lat' dir='ltr'><strong>eum</strong></span> <span class='ocrx_word' id='word_1_216' title='bbox 1868 1652 2199 1717; x_wconf 88' lang='lat' dir='ltr'><strong>unusquisque</strong></span> <span class='ocrx_word' id='word_1_217' title='bbox 2226 1651 2373 1698; x_wconf 85' lang='lat' dir='ltr'><strong>fidem</strong></span> 
     </span>
     <span class='ocr_line' id='line_1_19' title="bbox 234 1734 2374 1801; baseline 0 -23"><span class='ocrx_word' id='word_1_218' title='bbox 234 1747 369 1779; x_wconf 89' lang='lat' dir='ltr'><strong>suam</strong></span> <span class='ocrx_word' id='word_1_219' title='bbox 405 1742 585 1780; x_wconf 84' lang='lat' dir='ltr'><strong>rectam</strong></span> <span class='ocrx_word' id='word_1_220' title='bbox 616 1750 716 1781; x_wconf 87' lang='lat' dir='ltr'><strong>esse</strong></span> <span class='ocrx_word' id='word_1_221' title='bbox 744 1734 914 1799; x_wconf 85' lang='lat' dir='ltr'><strong>putet?</strong></span> <span class='ocrx_word' id='word_1_222' title='bbox 936 1734 1053 1791; x_wconf 87' lang='lat' dir='ltr'><strong>Quis</strong></span> <span class='ocrx_word' id='word_1_223' title='bbox 1077 1735 1206 1781; x_wconf 91' lang='lat' dir='ltr'><strong>enim</strong></span> <span class='ocrx_word' id='word_1_224' title='bbox 1229 1745 1400 1799; x_wconf 86' lang='lat' dir='ltr'><strong>sponte</strong></span> <span class='ocrx_word' id='word_1_225' title='bbox 1423 1736 1470 1782; x_wconf 92' lang='lat' dir='ltr'><strong>in</strong></span> <span class='ocrx_word' id='word_1_226' title='bbox 1496 1753 1551 1784; x_wconf 87' lang='lat' dir='ltr'><strong>ea</strong></span> <span class='ocrx_word' id='word_1_227' title='bbox 1573 1736 1792 1801; x_wconf 87' lang='lat' dir='ltr'><strong>persistat</strong></span> <span class='ocrx_word' id='word_1_228' title='bbox 1812 1734 1933 1794; x_wconf 68' lang='lat' dir='ltr'><strong>fide,</strong></span> <span class='ocrx_word' id='word_1_229' title='bbox 1953 1749 2101 1798; x_wconf 89' lang='lat' dir='ltr'><strong>quam</strong></span> <span class='ocrx_word' id='word_1_230' title='bbox 2122 1748 2374 1780; x_wconf 88' lang='lat' dir='ltr'><strong>erroneam</strong></span> 
     </span>
     <span class='ocr_line' id='line_1_20' title="bbox 234 1811 2374 1879; baseline -0 -21"><span class='ocrx_word' id='word_1_231' title='bbox 234 1811 416 1875; x_wconf 88' lang='lat' dir='ltr'><strong>credat,</strong></span> <span class='ocrx_word' id='word_1_232' title='bbox 436 1823 489 1860; x_wconf 92' lang='lat' dir='ltr'><strong>ut</strong></span> <span class='ocrx_word' id='word_1_233' title='bbox 507 1814 598 1861; x_wconf 93' lang='lat' dir='ltr'><strong>sibi</strong></span> <span class='ocrx_word' id='word_1_234' title='bbox 619 1825 804 1879; x_wconf 88' lang='lat' dir='ltr'><strong>partem</strong></span> <span class='ocrx_word' id='word_1_235' title='bbox 826 1815 967 1878; x_wconf 86' lang='lat' dir='ltr'><strong>eligat</strong></span> <span class='ocrx_word' id='word_1_236' title='bbox 983 1814 1303 1861; x_wconf 80' lang='lat' dir='ltr'><strong>deteriorem?</strong></span> <span class='ocrx_word' id='word_1_237' title='bbox 1319 1818 1389 1862; x_wconf 92' lang='lat' dir='ltr'><strong>De</strong></span> <span class='ocrx_word' id='word_1_238' title='bbox 1409 1815 1581 1863; x_wconf 88' lang='lat' dir='ltr'><strong>talibus</strong></span> <span class='ocrx_word' id='word_1_239' title='bbox 1598 1825 1759 1863; x_wconf 84' lang='lat' dir='ltr'><strong>tamen</strong></span> <span class='ocrx_word' id='word_1_240' title='bbox 1772 1815 1955 1863; x_wconf 87' lang='lat' dir='ltr'><strong>Veritas</strong></span> <span class='ocrx_word' id='word_1_241' title='bbox 1970 1814 2086 1861; x_wconf 76' lang='lat' dir='ltr'><strong>ait‘:</strong></span> <span class='ocrx_word' id='word_1_242' title='bbox 2113 1832 2137 1858; x_wconf 77' lang='grc' dir='ltr'><strong>ι(</strong></span> <span class='ocrx_word' id='word_1_243' title='bbox 2156 1813 2252 1870; x_wconf 91' lang='lat' dir='ltr'><strong>Qui</strong></span> <span class='ocrx_word' id='word_1_244' title='bbox 2274 1829 2374 1859; x_wconf 91' lang='lat' dir='ltr'><strong>non</strong></span> 
     </span>
     <span class='ocr_line' id='line_1_21' title="bbox 235 1891 2373 1959; baseline 0.001 -23"><span class='ocrx_word' id='word_1_245' title='bbox 235 1891 402 1953; x_wconf 85' lang='lat' dir='ltr'><strong>credit,</strong></span> <span class='ocrx_word' id='word_1_246' title='bbox 418 1893 519 1956; x_wconf 88' lang='lat' dir='ltr'><strong>jam</strong></span> <span class='ocrx_word' id='word_1_247' title='bbox 531 1893 774 1957; x_wconf 88' lang='lat' dir='ltr'><strong>judicatus</strong></span> <span class='ocrx_word' id='word_1_248' title='bbox 792 1905 878 1942; x_wconf 88' lang='lat' dir='ltr'><strong>est.</strong></span> <span class='ocrx_word' id='word_1_249' title='bbox 897 1915 919 1939; x_wconf 74' lang='lat'><strong>&gt;³</strong></span> <span class='ocrx_word' id='word_1_250' title='bbox 937 1894 1030 1942; x_wconf 89' lang='lat' dir='ltr'><strong>Sed</strong></span> <span class='ocrx_word' id='word_1_251' title='bbox 1047 1894 1192 1959; x_wconf 92' lang='lat' dir='ltr'><strong>hujus</strong></span> <span class='ocrx_word' id='word_1_252' title='bbox 1207 1896 1274 1942; x_wconf 89' lang='lat' dir='ltr'><strong>rei</strong></span> <span class='ocrx_word' id='word_1_253' title='bbox 1288 1895 1634 1943; x_wconf 88' lang='lat' dir='ltr'><strong>discussionem</strong></span> <span class='ocrx_word' id='word_1_254' title='bbox 1646 1895 1825 1943; x_wconf 78' lang='lat' dir='ltr'><strong>Etlzicae</strong></span> <span class='ocrx_word' id='word_1_255' title='bbox 1837 1897 1850 1920; x_wconf 82' lang='lat'><strong>⁶</strong></span> <span class='ocrx_word' id='word_1_256' title='bbox 1866 1903 2041 1941; x_wconf 88' lang='lat' dir='ltr'><strong>nostrae</strong></span> <span class='ocrx_word' id='word_1_257' title='bbox 2058 1898 2373 1940; x_wconf 86' lang='lat' dir='ltr'><strong>reservamus.·</strong></span> 
     </span>
    </p>

    <p class='ocr_par' dir='ltr' id='par_1_3' title="bbox 234 1973 2384 3161">
     <span class='ocr_line' id='line_1_22' title="bbox 300 1973 2376 2041; baseline -0 -22"><span class='ocrx_word' id='word_1_258' title='bbox 300 1974 627 2030; x_wconf 75' lang='lat' dir='ltr'><strong>Quaerendum</strong></span> <span class='ocrx_word' id='word_1_259' title='bbox 663 1993 858 2040; x_wconf 87' lang='lat' dir='ltr'><strong>quoque</strong></span> <span class='ocrx_word' id='word_1_260' title='bbox 888 1975 1094 2023; x_wconf 87' lang='lat' dir='ltr'><strong>arbitror</strong></span> <span class='ocrx_word' id='word_1_261' title='bbox 1123 1993 1209 2023; x_wconf 87' lang='lat' dir='ltr'><strong>cur</strong></span> <span class='ocrx_word' id='word_1_262' title='bbox 1246 1975 1338 2023; x_wconf 89' lang='lat' dir='ltr'><strong>hoc</strong></span> <span class='ocrx_word' id='word_1_263' title='bbox 1371 1975 1480 2023; x_wconf 90' lang='lat' dir='ltr'><strong>loco</strong></span> <span class='ocrx_word' id='word_1_264' title='bbox 1514 1975 1769 2041; x_wconf 87' lang='lat' dir='ltr'><strong>Apostolus</strong></span> <span class='ocrx_word' id='word_1_265' title='bbox 1803 1973 2020 2022; x_wconf 90' lang='lat' dir='ltr'><strong>consulat</strong></span> <span class='ocrx_word' id='word_1_266' title='bbox 2058 1973 2295 2021; x_wconf 88' lang='lat' dir='ltr'><strong>alimentis</strong></span> <span class='ocrx_word' id='word_1_267' title='bbox 2330 1982 2376 2019; x_wconf 92' lang='lat' dir='ltr'><strong>et</strong></span> 
     </span>
     <span class='ocr_line' id='line_1_23' title="bbox 234 2051 2384 2119; baseline 0 -21"><span class='ocrx_word' id='word_1_268' title='bbox 234 2052 352 2099; x_wconf 88' lang='lat' dir='ltr'><strong>cibis</strong></span> <span class='ocrx_word' id='word_1_269' title='bbox 379 2064 578 2119; x_wconf 82' lang='lat' dir='ltr'><strong>propter</strong></span> <span class='ocrx_word' id='word_1_270' title='bbox 602 2055 883 2103; x_wconf 86' lang='lat' dir='ltr'><strong>scandalum</strong></span> <span class='ocrx_word' id='word_1_271' title='bbox 911 2055 1216 2103; x_wconf 82' lang='lat' dir='ltr'><strong>infirmorum</strong></span> <span class='ocrx_word' id='word_1_272' title='bbox 1246 2056 1446 2104; x_wconf 86' lang='lat' dir='ltr'><strong>fratrum</strong></span> <span class='ocrx_word' id='word_1_273' title='bbox 1476 2055 1834 2115; x_wconf 87' lang='lat' dir='ltr'><strong>abstinendum,</strong></span> <span class='ocrx_word' id='word_1_274' title='bbox 1862 2071 1974 2103; x_wconf 88' lang='lat' dir='ltr'><strong>cum</strong></span> <span class='ocrx_word' id='word_1_275' title='bbox 2004 2054 2054 2101; x_wconf 91' lang='lat' dir='ltr'><strong>in</strong></span> <span class='ocrx_word' id='word_1_276' title='bbox 2086 2051 2295 2117; x_wconf 89' lang='lat' dir='ltr'><strong>Epistola</strong></span> <span class='ocrx_word' id='word_1_277' title='bbox 2316 2051 2384 2098; x_wconf 87' lang='lat' dir='ltr'><strong>ad</strong></span> 
     </span>
     <span class='ocr_line' id='line_1_24' title="bbox 238 2132 2378 2203; baseline 0 -25"><span class='ocrx_word' id='word_1_278' title='bbox 238 2132 437 2180; x_wconf 80' lang='lat' dir='ltr'><strong>Galatas</strong></span> <span class='ocrx_word' id='word_1_279' title='bbox 460 2134 587 2182; x_wconf 89' lang='lat' dir='ltr'><strong>dicat</strong></span> <span class='ocrx_word' id='word_1_280' title='bbox 613 2152 663 2182; x_wconf 90' lang='lat' dir='ltr'><strong>se</strong></span> <span class='ocrx_word' id='word_1_281' title='bbox 685 2136 735 2182; x_wconf 92' lang='lat' dir='ltr'><strong>in</strong></span> <span class='ocrx_word' id='word_1_282' title='bbox 765 2136 862 2183; x_wconf 89' lang='lat' dir='ltr'><strong>hoc</strong></span> <span class='ocrx_word' id='word_1_283' title='bbox 896 2139 1035 2183; x_wconf 88' lang='lat' dir='ltr'><strong>Petro</strong></span> <span class='ocrx_word' id='word_1_284' title='bbox 1068 2137 1317 2184; x_wconf 80' lang='lat' dir='ltr'><strong>restitisse⁶</strong></span> <span class='ocrx_word' id='word_1_285' title='bbox 1341 2157 1364 2182; x_wconf 89' lang='lat'>«</span> <span class='ocrx_word' id='word_1_286' title='bbox 1387 2138 1500 2202; x_wconf 91' lang='lat' dir='ltr'><strong>quia</strong></span> <span class='ocrx_word' id='word_1_287' title='bbox 1535 2135 1922 2203; x_wconf 90' lang='lat' dir='ltr'><strong>reprehensibilis</strong></span> <span class='ocrx_word' id='word_1_288' title='bbox 1956 2144 2084 2194; x_wconf 82' lang='lat' dir='ltr'><strong>erat3</strong></span> <span class='ocrx_word' id='word_1_289' title='bbox 2110 2153 2133 2177; x_wconf 65' lang='grc' dir='ltr'><strong>ι)</strong></span> <span class='ocrx_word' id='word_1_290' title='bbox 2167 2132 2251 2180; x_wconf 89' lang='lat' dir='ltr'><strong>sed</strong></span> <span class='ocrx_word' id='word_1_291' title='bbox 2281 2132 2378 2179; x_wconf 91' lang='lat' dir='ltr'><strong>hoc</strong></span> 
     </span>
     <span class='ocr_line' id='line_1_25' title="bbox 234 2212 2375 2282; baseline 0.001 -24"><span class='ocrx_word' id='word_1_292' title='bbox 234 2212 562 2264; x_wconf 82' lang='lat' dir='ltr'><strong>definiendum</strong></span> <span class='ocrx_word' id='word_1_293' title='bbox 590 2216 654 2263; x_wconf 92' lang='lat' dir='ltr'><strong>illi</strong></span> <span class='ocrx_word' id='word_1_294' title='bbox 677 2216 787 2264; x_wconf 93' lang='lat' dir='ltr'><strong>loco</strong></span> <span class='ocrx_word' id='word_1_295' title='bbox 809 2234 1125 2265; x_wconf 85' lang='lat' dir='ltr'><strong>reservamus.</strong></span> <span class='ocrx_word' id='word_1_296' title='bbox 1153 2218 1479 2276; x_wconf 80' lang='lat' dir='ltr'><strong>Quaerendum</strong></span> <span class='ocrx_word' id='word_1_297' title='bbox 1506 2219 1651 2266; x_wconf 89' lang='lat' dir='ltr'><strong>etiam</strong></span> <span class='ocrx_word' id='word_1_298' title='bbox 1673 2218 1712 2266; x_wconf 90' lang='lat' dir='ltr'><strong>si</strong></span> <span class='ocrx_word' id='word_1_299' title='bbox 1731 2218 1867 2282; x_wconf 85' lang='lat' dir='ltr'><strong>juxta</strong></span> <span class='ocrx_word' id='word_1_300' title='bbox 1892 2217 2052 2282; x_wconf 89' lang='lat' dir='ltr'><strong>ipsum</strong></span> <span class='ocrx_word' id='word_1_301' title='bbox 2070 2213 2375 2280; x_wconf 82' lang='lat' dir='ltr'><strong>Apostolum,</strong></span> 
     </span>
     <span class='ocr_line' id='line_1_26' title="bbox 236 2293 2380 2363; baseline 0 -24"><span class='ocrx_word' id='word_1_302' title='bbox 236 2294 399 2341; x_wconf 90' lang='lat' dir='ltr'><strong>omnia</strong></span> <span class='ocrx_word' id='word_1_303' title='bbox 433 2295 618 2343; x_wconf 88' lang='lat' dir='ltr'><strong>munda</strong></span> <span class='ocrx_word' id='word_1_304' title='bbox 634 2297 848 2358; x_wconf 89' lang='lat' dir='ltr'><strong>mundis,</strong></span> <span class='ocrx_word' id='word_1_305' title='bbox 881 2307 928 2345; x_wconf 90' lang='lat' dir='ltr'><strong>et</strong></span> <span class='ocrx_word' id='word_1_306' title='bbox 958 2297 1022 2344; x_wconf 92' lang='lat' dir='ltr'><strong>nil</strong></span> <span class='ocrx_word' id='word_1_307' title='bbox 1056 2298 1369 2363; x_wconf 75' lang='lat' dir='ltr'><strong>reJiciendum</strong></span> <span class='ocrx_word' id='word_1_308' title='bbox 1396 2299 1442 2345; x_wconf 91' lang='lat' dir='ltr'><strong>in</strong></span> <span class='ocrx_word' id='word_1_309' title='bbox 1467 2298 1587 2346; x_wconf 90' lang='lat' dir='ltr'><strong>cibis</strong></span> <span class='ocrx_word' id='word_1_310' title='bbox 1614 2298 1748 2363; x_wconf 93' lang='lat' dir='ltr'><strong>quod</strong></span> <span class='ocrx_word' id='word_1_311' title='bbox 1771 2314 1881 2345; x_wconf 90' lang='lat' dir='ltr'><strong>cum</strong></span> <span class='ocrx_word' id='word_1_312' title='bbox 1911 2296 2169 2359; x_wconf 87' lang='lat' dir='ltr'><strong>gratiarum</strong></span> <span class='ocrx_word' id='word_1_313' title='bbox 2192 2293 2380 2341; x_wconf 89' lang='lat' dir='ltr'><strong>actione</strong></span> 
     </span>
     <span class='ocr_line' id='line_1_27' title="bbox 235 2374 2380 2443; baseline 0.001 -24"><span class='ocrx_word' id='word_1_314' title='bbox 235 2374 543 2438; x_wconf 87' lang='lat' dir='ltr'><strong>percipiatur.</strong></span> <span class='ocrx_word' id='word_1_315' title='bbox 580 2378 678 2422; x_wconf 86' lang='lat' dir='ltr'><strong>Cur</strong></span> <span class='ocrx_word' id='word_1_316' title='bbox 708 2378 838 2424; x_wconf 90' lang='lat' dir='ltr'><strong>enim</strong></span> <span class='ocrx_word' id='word_1_317' title='bbox 874 2378 1088 2442; x_wconf 88' lang='lat' dir='ltr'><strong>Apostoli</strong></span> <span class='ocrx_word' id='word_1_318' title='bbox 1120 2378 1196 2425; x_wconf 82' lang='lat' dir='ltr'><strong>vel</strong></span> <span class='ocrx_word' id='word_1_319' title='bbox 1228 2379 1378 2426; x_wconf 88' lang='lat' dir='ltr'><strong>sancti</strong></span> <span class='ocrx_word' id='word_1_320' title='bbox 1417 2382 1575 2426; x_wconf 88' lang='lat' dir='ltr'><strong>Patres</strong></span> <span class='ocrx_word' id='word_1_321' title='bbox 1605 2378 1822 2443; x_wconf 87' lang='lat' dir='ltr'><strong>quaedam</strong></span> <span class='ocrx_word' id='word_1_322' title='bbox 1858 2377 2000 2425; x_wconf 89' lang='lat' dir='ltr'><strong>nobis</strong></span> <span class='ocrx_word' id='word_1_323' title='bbox 2033 2377 2082 2423; x_wconf 91' lang='lat' dir='ltr'><strong>in</strong></span> <span class='ocrx_word' id='word_1_324' title='bbox 2117 2374 2226 2422; x_wconf 91' lang='lat' dir='ltr'><strong>cibo</strong></span> <span class='ocrx_word' id='word_1_325' title='bbox 2259 2374 2380 2422; x_wconf 90' lang='lat' dir='ltr'><strong>sicut</strong></span> 
     </span>
     <span class='ocr_line' id='line_1_28' title="bbox 238 2454 2380 2523; baseline -0 -23"><span class='ocrx_word' id='word_1_326' title='bbox 238 2454 379 2500; x_wconf 88' lang='lat' dir='ltr'><strong>etiam</strong></span> <span class='ocrx_word' id='word_1_327' title='bbox 399 2454 475 2501; x_wconf 85' lang='lat' dir='ltr'><strong>lex</strong></span> <span class='ocrx_word' id='word_1_328' title='bbox 493 2455 879 2503; x_wconf 81' lang='lat' dir='ltr'><strong>interdixerunt?</strong></span> <span class='ocrx_word' id='word_1_329' title='bbox 905 2457 1045 2505; x_wconf 91' lang='lat' dir='ltr'><strong>Unde</strong></span> <span class='ocrx_word' id='word_1_330' title='bbox 1068 2458 1211 2505; x_wconf 89' lang='lat' dir='ltr'><strong>etiam</strong></span> <span class='ocrx_word' id='word_1_331' title='bbox 1235 2458 1284 2504; x_wconf 92' lang='lat' dir='ltr'><strong>in</strong></span> <span class='ocrx_word' id='word_1_332' title='bbox 1301 2458 1495 2505; x_wconf 79' lang='lat' dir='ltr'><strong>Actibus</strong></span> <span class='ocrx_word' id='word_1_333' title='bbox 1510 2458 1849 2523; x_wconf 78' lang='lat' dir='ltr'><strong>Apostolorum</strong></span> <span class='ocrx_word' id='word_1_334' title='bbox 1871 2457 2197 2504; x_wconf 75' lang='lat' dir='ltr'><strong>continetur⁷z</strong></span> <span class='ocrx_word' id='word_1_335' title='bbox 2223 2475 2245 2497; x_wconf 75' lang='lat' dir='ltr'><strong>c&lt;</strong></span> <span class='ocrx_word' id='word_1_336' title='bbox 2266 2455 2380 2500; x_wconf 89' lang='lat' dir='ltr'><strong>Sur-</strong></span> 
     </span>
     <span class='ocr_line' id='line_1_29' title="bbox 238 2535 2381 2603; baseline -0 -22"><span class='ocrx_word' id='word_1_337' title='bbox 238 2545 463 2581; x_wconf 85' lang='lat' dir='ltr'><strong>rexerunt</strong></span> <span class='ocrx_word' id='word_1_338' title='bbox 484 2535 685 2600; x_wconf 90' lang='lat' dir='ltr'><strong>quidam</strong></span> <span class='ocrx_word' id='word_1_339' title='bbox 710 2538 770 2585; x_wconf 93' lang='lat' dir='ltr'><strong>de</strong></span> <span class='ocrx_word' id='word_1_340' title='bbox 800 2538 967 2587; x_wconf 81' lang='lat' dir='ltr'><strong>haeresi</strong></span> <span class='ocrx_word' id='word_1_341' title='bbox 996 2538 1343 2586; x_wconf 84' lang='lat' dir='ltr'><strong>Pharisaeorum</strong></span> <span class='ocrx_word' id='word_1_342' title='bbox 1372 2539 1454 2603; x_wconf 91' lang='lat' dir='ltr'><strong>qui</strong></span> <span class='ocrx_word' id='word_1_343' title='bbox 1473 2539 1798 2598; x_wconf 90' lang='lat' dir='ltr'><strong>crediderunt,</strong></span> <span class='ocrx_word' id='word_1_344' title='bbox 1821 2538 2032 2586; x_wconf 87' lang='lat' dir='ltr'><strong>dicentes</strong></span> <span class='ocrx_word' id='word_1_345' title='bbox 2054 2536 2169 2600; x_wconf 87' lang='lat' dir='ltr'><strong>quia</strong></span> <span class='ocrx_word' id='word_1_346' title='bbox 2189 2543 2381 2600; x_wconf 85' lang='lat' dir='ltr'><strong>oportet</strong></span> 
     </span>
     <span class='ocr_line' id='line_1_30' title="bbox 239 2614 2376 2684; baseline -0.001 -23"><span class='ocrx_word' id='word_1_347' title='bbox 239 2615 517 2662; x_wconf 85' lang='lat' dir='ltr'><strong>circumcidi</strong></span> <span class='ocrx_word' id='word_1_348' title='bbox 547 2633 655 2675; x_wconf 90' lang='lat' dir='ltr'><strong>eos,</strong></span> <span class='ocrx_word' id='word_1_349' title='bbox 687 2619 946 2684; x_wconf 71' lang='lat' dir='ltr'><strong>praecipere</strong></span> <span class='ocrx_word' id='word_1_350' title='bbox 980 2635 1178 2684; x_wconf 90' lang='lat' dir='ltr'><strong>quoque</strong></span> <span class='ocrx_word' id='word_1_351' title='bbox 1205 2618 1360 2683; x_wconf 86' lang='lat' dir='ltr'><strong>legem</strong></span> <span class='ocrx_word' id='word_1_352' title='bbox 1384 2619 1552 2683; x_wconf 85' lang='lat' dir='ltr'><strong>Moysi.</strong></span> <span class='ocrx_word' id='word_1_353' title='bbox 1591 2621 1800 2683; x_wconf 83' lang='lat' dir='ltr'><strong>Surgens</strong></span> <span class='ocrx_word' id='word_1_354' title='bbox 1832 2621 1999 2665; x_wconf 87' lang='lat' dir='ltr'><strong>Petrus</strong></span> <span class='ocrx_word' id='word_1_355' title='bbox 2025 2616 2142 2663; x_wconf 84' lang='lat' dir='ltr'><strong>dixit</strong></span> <span class='ocrx_word' id='word_1_356' title='bbox 2172 2614 2241 2661; x_wconf 72' lang='lat' dir='ltr'><strong>ad‘</strong></span> <span class='ocrx_word' id='word_1_357' title='bbox 2264 2630 2376 2661; x_wconf 79' lang='lat' dir='ltr'><strong>eos:</strong></span> 
     </span>
     <span class='ocr_line' id='line_1_31' title="bbox 240 2693 2382 2765; baseline -0 -24"><span class='ocrx_word' id='word_1_358' title='bbox 240 2695 366 2752; x_wconf 85' lang='lat' dir='ltr'><strong>Quid</strong></span> <span class='ocrx_word' id='word_1_359' title='bbox 391 2697 584 2743; x_wconf 86' lang='lat' dir='ltr'><strong>tentatis</strong></span> <span class='ocrx_word' id='word_1_360' title='bbox 611 2698 897 2759; x_wconf 88' lang='lat' dir='ltr'><strong>Dominum,</strong></span> <span class='ocrx_word' id='word_1_361' title='bbox 932 2699 1184 2765; x_wconf 92' lang='lat' dir='ltr'><strong>imponere</strong></span> <span class='ocrx_word' id='word_1_362' title='bbox 1208 2699 1379 2763; x_wconf 86' lang='lat' dir='ltr'><strong>jugum</strong></span> <span class='ocrx_word' id='word_1_363' title='bbox 1409 2716 1552 2765; x_wconf 90' lang='lat' dir='ltr'><strong>super</strong></span> <span class='ocrx_word' id='word_1_364' title='bbox 1580 2700 1817 2747; x_wconf 85' lang='lat' dir='ltr'><strong>cervicem</strong></span> <span class='ocrx_word' id='word_1_365' title='bbox 1851 2696 2217 2761; x_wconf 89' lang='lat' dir='ltr'><strong>discipulorum,</strong></span> <span class='ocrx_word' id='word_1_366' title='bbox 2249 2693 2382 2759; x_wconf 92' lang='lat' dir='ltr'><strong>quod</strong></span> 
     </span>
     <span class='ocr_line' id='line_1_32' title="bbox 240 2773 2383 2845; baseline 0 -25"><span class='ocrx_word' id='word_1_367' title='bbox 240 2791 398 2837; x_wconf 88' lang='lat' dir='ltr'><strong>neque</strong></span> <span class='ocrx_word' id='word_1_368' title='bbox 437 2779 599 2824; x_wconf 87' lang='lat' dir='ltr'><strong>Patres</strong></span> <span class='ocrx_word' id='word_1_369' title='bbox 638 2779 810 2840; x_wconf 85' lang='lat' dir='ltr'><strong>nostri,</strong></span> <span class='ocrx_word' id='word_1_370' title='bbox 850 2796 1007 2844; x_wconf 90' lang='lat' dir='ltr'><strong>neque</strong></span> <span class='ocrx_word' id='word_1_371' title='bbox 1043 2797 1134 2827; x_wconf 92' lang='lat' dir='ltr'><strong>nos</strong></span> <span class='ocrx_word' id='word_1_372' title='bbox 1171 2789 1365 2844; x_wconf 77' lang='lat' dir='ltr'><strong>portare</strong></span> <span class='ocrx_word' id='word_1_373' title='bbox 1400 2780 1679 2845; x_wconf 82' lang='lat' dir='ltr'><strong>potuimus?</strong></span> <span class='ocrx_word' id='word_1_374' title='bbox 1707 2778 1800 2827; x_wconf 90' lang='lat' dir='ltr'><strong>Sed</strong></span> <span class='ocrx_word' id='word_1_375' title='bbox 1833 2795 1920 2843; x_wconf 89' lang='lat' dir='ltr'><strong>per</strong></span> <span class='ocrx_word' id='word_1_376' title='bbox 1953 2777 2154 2841; x_wconf 84' lang='lat' dir='ltr'><strong>gratiam</strong></span> <span class='ocrx_word' id='word_1_377' title='bbox 2184 2773 2383 2822; x_wconf 87' lang='lat' dir='ltr'><strong>Domini</strong></span> 
     </span>
     <span class='ocr_line' id='line_1_33' title="bbox 242 2854 2384 2924; baseline 0.001 -26"><span class='ocrx_word' id='word_1_378' title='bbox 242 2856 348 2899; x_wconf 89' lang='lat' dir='ltr'><strong>Jesu</strong></span> <span class='ocrx_word' id='word_1_379' title='bbox 392 2856 632 2905; x_wconf 90' lang='lat' dir='ltr'><strong>credimus</strong></span> <span class='ocrx_word' id='word_1_380' title='bbox 670 2860 843 2907; x_wconf 81' lang='lat' dir='ltr'><strong>salvari</strong></span> <span class='ocrx_word' id='word_1_381' title='bbox 886 2859 1303 2924; x_wconf 88' lang='lat' dir='ltr'><strong>quemadmodum</strong></span> <span class='ocrx_word' id='word_1_382' title='bbox 1342 2869 1388 2907; x_wconf 93' lang='lat' dir='ltr'><strong>et</strong></span> <span class='ocrx_word' id='word_1_383' title='bbox 1425 2860 1509 2907; x_wconf 92' lang='lat' dir='ltr'><strong>illi.</strong></span> <span class='ocrx_word' id='word_1_384' title='bbox 1535 2880 1558 2904; x_wconf 71' lang='lat' dir='ltr'><strong>n</strong></span> <span class='ocrx_word' id='word_1_385' title='bbox 1599 2863 1717 2907; x_wconf 89' lang='lat' dir='ltr'><strong>Item</strong></span> <span class='ocrx_word' id='word_1_386' title='bbox 1755 2857 2054 2924; x_wconf 86' lang='lat' dir='ltr'><strong>respondens</strong></span> <span class='ocrx_word' id='word_1_387' title='bbox 2092 2854 2300 2903; x_wconf 72' lang='lat' dir='ltr'><strong>,lacobus</strong></span> <span class='ocrx_word' id='word_1_388' title='bbox 2337 2862 2384 2900; x_wconf 91' lang='lat' dir='ltr'><strong>et</strong></span> 
     </span>
     <span class='ocr_line' id='line_1_34' title="bbox 245 2931 2382 3004; baseline 0 -27"><span class='ocrx_word' id='word_1_389' title='bbox 245 2931 461 2980; x_wconf 82' lang='lat' dir='ltr'><strong>dicens⁸z</strong></span> <span class='ocrx_word' id='word_1_390' title='bbox 495 2940 713 2983; x_wconf 87' lang='lat' dir='ltr'><strong>«Notum</strong></span> <span class='ocrx_word' id='word_1_391' title='bbox 742 2954 769 2985; x_wconf 91' lang='lat' dir='ltr'><strong>a</strong></span> <span class='ocrx_word' id='word_1_392' title='bbox 792 2940 954 2986; x_wconf 82' lang='lat' dir='ltr'><strong>seculo</strong></span> <span class='ocrx_word' id='word_1_393' title='bbox 984 2949 1054 2987; x_wconf 91' lang='lat' dir='ltr'><strong>est</strong></span> <span class='ocrx_word' id='word_1_394' title='bbox 1087 2940 1300 2986; x_wconf 84' lang='lat' dir='ltr'><strong>Domino</strong></span> <span class='ocrx_word' id='word_1_395' title='bbox 1335 2956 1458 3004; x_wconf 93' lang='lat' dir='ltr'><strong>opus</strong></span> <span class='ocrx_word' id='word_1_396' title='bbox 1492 2956 1652 2996; x_wconf 85' lang='lat' dir='ltr'><strong>suum,</strong></span> <span class='ocrx_word' id='word_1_397' title='bbox 1685 2947 1889 3004; x_wconf 83' lang='lat' dir='ltr'><strong>&#39;propter</strong></span> <span class='ocrx_word' id='word_1_398' title='bbox 1921 2936 2055 3002; x_wconf 90' lang='lat' dir='ltr'><strong>quod</strong></span> <span class='ocrx_word' id='word_1_399' title='bbox 2083 2952 2172 3000; x_wconf 89' lang='lat' dir='ltr'><strong>ego</strong></span> <span class='ocrx_word' id='word_1_400' title='bbox 2200 2932 2382 2998; x_wconf 90' lang='lat' dir='ltr'><strong>judicio</strong></span> 
     </span>
     <span class='ocr_line' id='line_1_35' title="bbox 245 3012 2384 3081; baseline 0.001 -25"><span class='ocrx_word' id='word_1_401' title='bbox 245 3027 346 3058; x_wconf 89' lang='lat' dir='ltr'><strong>non</strong></span> <span class='ocrx_word' id='word_1_402' title='bbox 369 3013 623 3076; x_wconf 85' lang='lat' dir='ltr'><strong>inquietari</strong></span> <span class='ocrx_word' id='word_1_403' title='bbox 654 3033 737 3063; x_wconf 91' lang='lat' dir='ltr'><strong>eos</strong></span> <span class='ocrx_word' id='word_1_404' title='bbox 761 3019 843 3081; x_wconf 90' lang='lat' dir='ltr'><strong>qui</strong></span> <span class='ocrx_word' id='word_1_405' title='bbox 872 3036 930 3065; x_wconf 85' lang='lat' dir='ltr'><strong>ex</strong></span> <span class='ocrx_word' id='word_1_406' title='bbox 957 3019 1190 3065; x_wconf 88' lang='lat' dir='ltr'><strong>Gentibus</strong></span> <span class='ocrx_word' id='word_1_407' title='bbox 1220 3029 1568 3067; x_wconf 85' lang='lat' dir='ltr'><strong>convertuntur</strong></span> <span class='ocrx_word' id='word_1_408' title='bbox 1592 3019 1655 3068; x_wconf 86' lang='lat' dir='ltr'><strong>ad</strong></span> <span class='ocrx_word' id='word_1_409' title='bbox 1674 3022 1850 3077; x_wconf 89' lang='lat' dir='ltr'><strong>Deum,</strong></span> <span class='ocrx_word' id='word_1_410' title='bbox 1874 3015 2187 3065; x_wconf 26' lang='lat' dir='ltr'><strong>sedrscribere</strong></span> <span class='ocrx_word' id='word_1_411' title='bbox 2214 3012 2275 3060; x_wconf 88' lang='lat' dir='ltr'><strong>ad</strong></span> <span class='ocrx_word' id='word_1_412' title='bbox 2301 3026 2384 3059; x_wconf 89' lang='lat' dir='ltr'><strong>eos</strong></span> 
     </span>
     <span class='ocr_line' id='line_1_36' title="bbox 250 3090 2383 3161; baseline 0 -25"><span class='ocrx_word' id='word_1_413' title='bbox 250 3099 304 3137; x_wconf 90' lang='lat' dir='ltr'><strong>ut</strong></span> <span class='ocrx_word' id='word_1_414' title='bbox 321 3090 591 3140; x_wconf 86' lang='lat' dir='ltr'><strong>abstineant</strong></span> <span class='ocrx_word' id='word_1_415' title='bbox 610 3111 660 3142; x_wconf 90' lang='lat' dir='ltr'><strong>se</strong></span> <span class='ocrx_word' id='word_1_416' title='bbox 679 3112 707 3142; x_wconf 86' lang='lat' dir='ltr'><strong>a</strong></span> <span class='ocrx_word' id='word_1_417' title='bbox 727 3098 1219 3146; x_wconf 88' lang='lat' dir='ltr'><strong>contaminationibus</strong></span> <span class='ocrx_word' id='word_1_418' title='bbox 1243 3099 1629 3161; x_wconf 86' lang='lat' dir='ltr'><strong>simulacrorum,</strong></span> <span class='ocrx_word' id='word_1_419' title='bbox 1649 3109 1696 3146; x_wconf 90' lang='lat' dir='ltr'><strong>et</strong></span> <span class='ocrx_word' id='word_1_420' title='bbox 1720 3098 2053 3157; x_wconf 83' lang='lat' dir='ltr'><strong>fornicatione,</strong></span> <span class='ocrx_word' id='word_1_421' title='bbox 2074 3106 2120 3143; x_wconf 92' lang='lat' dir='ltr'><strong>et</strong></span> <span class='ocrx_word' id='word_1_422' title='bbox 2141 3092 2383 3142; x_wconf 81' lang='lat' dir='ltr'><strong>suffocatis</strong></span> 
     </span>
    </p>
   </div>
   <div class='ocr_carea' id='block_1_3' title="bbox 251 3296 2382 3407">
    <p class='ocr_par' dir='ltr' id='par_1_4' title="bbox 251 3296 2382 3407">
     <span class='ocr_line' id='line_1_37' title="bbox 290 3296 2382 3353; baseline 0.003 -23"><span class='ocrx_word' id='word_1_423' title='bbox 290 3296 417 3339; x_wconf 85' lang='lat' dir='ltr'><strong>¹Joan.‚</strong></span> <span class='ocrx_word' id='word_1_424' title='bbox 435 3308 509 3341; x_wconf 86' lang='lat' dir='ltr'><strong>cap.</strong></span> <span class='ocrx_word' id='word_1_425' title='bbox 536 3310 602 3342; x_wconf 73' lang='lat' dir='ltr'><strong>xvi,</strong></span> <span class='ocrx_word' id='word_1_426' title='bbox 627 3311 658 3335; x_wconf 82' lang='lat' dir='ltr'><strong>v.</strong></span> <span class='ocrx_word' id='word_1_427' title='bbox 672 3305 703 3336; x_wconf 84' lang='lat'><strong>2.</strong></span> <span class='ocrx_word' id='word_1_428' title='bbox 718 3321 756 3327; x_wconf 93' lang='lat'><strong>——</strong></span> <span class='ocrx_word' id='word_1_429' title='bbox 770 3304 781 3323; x_wconf 78' lang='lat'>²</span> <span class='ocrx_word' id='word_1_430' title='bbox 798 3304 932 3338; x_wconf 82' lang='lat' dir='ltr'><strong>Psalm.</strong></span> <span class='ocrx_word' id='word_1_431' title='bbox 950 3315 1091 3346; x_wconf 73' lang='lat' dir='ltr'><strong>Lxxvm,</strong></span> <span class='ocrx_word' id='word_1_432' title='bbox 1109 3317 1140 3341; x_wconf 90' lang='lat' dir='ltr'><strong>v.</strong></span> <span class='ocrx_word' id='word_1_433' title='bbox 1155 3309 1237 3342; x_wconf 83' lang='grc'><strong>6.-</strong></span> <span class='ocrx_word' id='word_1_434' title='bbox 1249 3311 1260 3330; x_wconf 89' lang='lat'>³</span> <span class='ocrx_word' id='word_1_435' title='bbox 1272 3310 1364 3349; x_wconf 85' lang='lat' dir='ltr'><strong>Luc..</strong></span> <span class='ocrx_word' id='word_1_436' title='bbox 1391 3320 1464 3353; x_wconf 86' lang='lat' dir='ltr'><strong>cap.</strong></span> <span class='ocrx_word' id='word_1_437' title='bbox 1483 3320 1577 3350; x_wconf 81' lang='lat' dir='ltr'><strong>xxm,</strong></span> <span class='ocrx_word' id='word_1_438' title='bbox 1593 3320 1625 3344; x_wconf 85' lang='lat' dir='ltr'><strong>v.</strong></span> <span class='ocrx_word' id='word_1_439' title='bbox 1644 3312 1697 3344; x_wconf 82' lang='lat'><strong>34.</strong></span> <span class='ocrx_word' id='word_1_440' title='bbox 1716 3327 1754 3334; x_wconf 94' lang='lat'>—</span> <span class='ocrx_word' id='word_1_441' title='bbox 1777 3311 1788 3331; x_wconf 84' lang='lat'><em>⁴</em></span> <span class='ocrx_word' id='word_1_442' title='bbox 1803 3308 1912 3349; x_wconf 85' lang='lat' dir='ltr'><strong>Joan.‚</strong></span> <span class='ocrx_word' id='word_1_443' title='bbox 1934 3317 2007 3349; x_wconf 85' lang='lat' dir='ltr'><strong>cap.</strong></span> <span class='ocrx_word' id='word_1_444' title='bbox 2025 3315 2075 3347; x_wconf 83' lang='lat' dir='ltr'><strong>m,</strong></span> <span class='ocrx_word' id='word_1_445' title='bbox 2098 3315 2129 3339; x_wconf 88' lang='lat' dir='ltr'><strong>v.</strong></span> <span class='ocrx_word' id='word_1_446' title='bbox 2160 3307 2210 3340; x_wconf 84' lang='lat'><strong>18.</strong></span> <span class='ocrx_word' id='word_1_447' title='bbox 2228 3323 2266 3329; x_wconf 94' lang='lat'>—</span> <span class='ocrx_word' id='word_1_448' title='bbox 2281 3304 2382 3337; x_wconf 76' lang='lat' dir='ltr'><strong>¹·Vi‹le</strong></span> 
     </span>
     <span class='ocr_line' id='line_1_38' title="bbox 251 3350 2256 3407; baseline 0.005 -25"><span class='ocrx_word' id='word_1_449' title='bbox 251 3350 336 3384; x_wconf 82' lang='lat' dir='ltr'><strong>infra</strong></span> <span class='ocrx_word' id='word_1_450' title='bbox 348 3353 460 3387; x_wconf 78' lang='lat' dir='ltr'><strong>Ethic.</strong></span> <span class='ocrx_word' id='word_1_451' title='bbox 480 3354 512 3396; x_wconf 87' lang='lat'><strong>1,</strong></span> <span class='ocrx_word' id='word_1_452' title='bbox 531 3364 625 3389; x_wconf 86' lang='lat' dir='ltr'><strong>c.x11</strong></span> <span class='ocrx_word' id='word_1_453' title='bbox 642 3362 675 3390; x_wconf 88' lang='lat' dir='ltr'><strong>et</strong></span> <span class='ocrx_word' id='word_1_454' title='bbox 690 3366 764 3398; x_wconf 88' lang='lat' dir='ltr'><strong>sqq.</strong></span> <span class='ocrx_word' id='word_1_455' title='bbox 783 3359 846 3383; x_wconf 74' lang='lat' dir='ltr'><strong>-e</strong></span> <span class='ocrx_word' id='word_1_456' title='bbox 864 3359 989 3400; x_wconf 73' lang='lat' dir='ltr'><strong>Galat„</strong></span> <span class='ocrx_word' id='word_1_457' title='bbox 1007 3370 1078 3403; x_wconf 80' lang='lat' dir='ltr'><strong>cap.</strong></span> <span class='ocrx_word' id='word_1_458' title='bbox 1098 3371 1134 3402; x_wconf 87' lang='lat'><strong>11,</strong></span> <span class='ocrx_word' id='word_1_459' title='bbox 1151 3372 1180 3396; x_wconf 85' lang='lat' dir='ltr'><strong>v.</strong></span> <span class='ocrx_word' id='word_1_460' title='bbox 1202 3364 1252 3397; x_wconf 83' lang='lat'><strong>14.</strong></span> <span class='ocrx_word' id='word_1_461' title='bbox 1268 3381 1308 3387; x_wconf 93' lang='lat'><strong>—</strong></span> <span class='ocrx_word' id='word_1_462' title='bbox 1325 3365 1417 3397; x_wconf 78' lang='lat' dir='ltr'><strong>⁷Act.</strong></span> <span class='ocrx_word' id='word_1_463' title='bbox 1435 3366 1551 3407; x_wconf 78' lang='lat' dir='ltr'><strong>Apost.</strong></span> <span class='ocrx_word' id='word_1_464' title='bbox 1564 3389 1572 3406; x_wconf 84' lang='lat'>‚</span> <span class='ocrx_word' id='word_1_465' title='bbox 1585 3373 1658 3405; x_wconf 82' lang='lat' dir='ltr'><strong>cap.</strong></span> <span class='ocrx_word' id='word_1_466' title='bbox 1675 3373 1737 3405; x_wconf 86' lang='lat' dir='ltr'><strong>xv,</strong></span> <span class='ocrx_word' id='word_1_467' title='bbox 1755 3373 1786 3397; x_wconf 89' lang='lat' dir='ltr'><strong>v.</strong></span> <span class='ocrx_word' id='word_1_468' title='bbox 1804 3366 1823 3397; x_wconf 89' lang='lat'>5</span> <span class='ocrx_word' id='word_1_469' title='bbox 1841 3367 1874 3396; x_wconf 77' lang='lat' dir='ltr'><strong>et</strong></span> <span class='ocrx_word' id='word_1_470' title='bbox 1884 3372 1935 3404; x_wconf 83' lang='lat' dir='ltr'><strong>sq.</strong></span> <span class='ocrx_word' id='word_1_471' title='bbox 1951 3378 1988 3386; x_wconf 86' lang='lat'>—</span> <span class='ocrx_word' id='word_1_472' title='bbox 2005 3363 2016 3382; x_wconf 82' lang='lat'>⁸</span> <span class='ocrx_word' id='word_1_473' title='bbox 2030 3360 2116 3394; x_wconf 77' lang='lat' dir='ltr'><strong>[bid.</strong></span> <span class='ocrx_word' id='word_1_474' title='bbox 2131 3384 2138 3402; x_wconf 89' lang='lat'>‚</span> <span class='ocrx_word' id='word_1_475' title='bbox 2152 3368 2183 3393; x_wconf 84' lang='lat' dir='ltr'><strong>v.</strong></span> <span class='ocrx_word' id='word_1_476' title='bbox 2205 3360 2256 3393; x_wconf 87' lang='lat'><strong>18.</strong></span> 
     </span>
    </p>
   </div>
  </div>
 </body>
</html>
