2638 3866
360 188 452 238 ⁴62
972 190 976 202 ”
1159 188 1330 238 PETRI
1366 187 1678 237 ABAELARDI

352 291 434 356 plo
453 289 693 338 auditores
717 301 1047 350 commoveat,
1074 300 1278 339 sectatus
1305 288 1503 353 quidem
1529 305 1664 347 eum,
1694 286 1756 335 de
1780 303 1880 352 quo
1904 288 2138 355 scriptum
2162 296 2259 340 est¹
2280 311 2290 340 :
2323 311 2347 339 «
2373 295 2490 352 Quae

353 370 495 435 coepit
511 373 644 417 Jesus
666 369 818 418 facere
840 381 888 418 et
910 371 1102 420 docere.
1126 391 1148 415 ι)
1170 370 1305 417 Prius
1328 368 1550 416 videlicet
1572 367 1745 428 facere,
1764 377 1812 415 et
1828 377 1996 434 postea
2016 368 2207 419 docere.
2233 375 2353 420 Cum
2373 389 2490 422 vero

352 450 628 514 praemiserit
661 466 840 498 nomen
872 451 1068 512 Christi,
1094 450 1227 514 quod
1250 458 1319 496 est
1345 464 1608 496 commune
1629 448 1850 496 omnium
1874 458 1972 497 tam
1994 449 2043 496 in
2061 466 2223 515 regem
2245 468 2393 518 quam
2415 469 2490 502 sa-

353 529 595 576 cerdotem
617 530 943 593 inunctorum,
968 530 1236 578 secundum
1258 528 1394 594 quod
1417 528 1648 594 scriptum
1672 530 1769 576 est²
1789 546 1799 575 ε
1831 547 1855 574 «
1876 529 2031 578 Nolite
2059 540 2254 596 tangere
2278 533 2491 581 Christos

352 623 484 657 meos
503 626 514 667 ;
534 628 557 652 ι)
578 608 778 673 subjecit
804 611 1055 676 proprium
1088 625 1266 657 nomen
1294 610 1423 671 ejuS‚
1451 608 1585 673 quod
1608 618 1680 656 est
1700 611 1855 671 Jesus,
1881 597 1938 657 ut‘
1955 609 2088 658 hunc
2106 611 2329 660 videlicet
2352 612 2491 660 Chri-

351 697 479 734 stum
513 704 542 736 a
569 691 748 737 caeteris
787 701 886 738 tam
916 691 1238 756 singularitate
1266 705 1508 754 personae,
1547 705 1693 752 quam
1723 688 1952 754 dignitate
1986 690 2315 756 distingueret.
2352 692 2491 740 Solus

351 768 529 833 quippe
548 772 741 835 proprie
761 774 894 818 Jesus
917 771 1091 819 dicitur
1103 806 1117 830 ,
1139 770 1221 833 qui
1247 768 1377 816 solus
1399 785 1511 816 vere
1534 779 1582 816 et
1598 770 1646 816 in
1666 779 1955 836 perpetuum
1977 772 2158 820 salvare
2177 782 2351 838 potest.
2368 775 2491 821 Cum

351 848 510 912 itaque
530 849 704 898 dicitur
719 851 959 911 Christus,
990 851 1039 898 id
1063 860 1133 898 est
1153 859 1325 897 unctus
1341 887 1353 911 ,
1375 849 1610 914 quoniam
1626 859 1724 897 tam
1744 866 1879 915 reges
1895 867 2042 916 quam
2057 852 2327 900 sacerdotes
2347 854 2490 901 inun-

352 927 607 991 gebantur,
632 931 838 979 ostendit
861 948 971 979 eum
992 947 1017 978 a
1038 931 1250 978 Domino
1273 939 1373 977 tam
1391 931 1441 977 in
1465 946 1627 994 regem
1657 947 1804 995 quam
1829 931 1878 978 in
1904 932 2203 981 sacerdotem
2226 933 2367 981 nobis
2388 950 2492 982 esse

352 1009 687 1070 constitutum,
721 1028 809 1075 per
832 1027 936 1074 quae
962 1011 1060 1058 duo
1085 1027 1173 1057 nos
1196 1010 1368 1070 salvet3
1392 1009 1528 1075 quod
1549 1020 1690 1059 sonat
1713 1014 1865 1060 Jesus.
1888 1013 2120 1061 Sacerdos
2148 1014 2328 1080 quippe
2347 1014 2491 1063 nobis

350 1088 548 1149 exstitit,
569 1090 775 1155 seipsum
791 1107 880 1156 pro
905 1090 1044 1138 nobis
1062 1090 1111 1136 in
1139 1106 1219 1138 ara
1240 1091 1396 1138 crucis
1419 1091 1739 1139 immolando.
1763 1093 1860 1140 Rex
1883 1109 2000 1140 vero
2023 1110 2114 1159 pro
2138 1094 2422 1143 fortitudine
2443 1105 2492 1143 et

349 1169 561 1232 potentia
582 1169 736 1217 dictus
758 1180 827 1217 est
848 1189 859 1215 ε
887 1186 982 1234 qua
1014 1180 1173 1236 potest
1194 1171 1283 1218 sibi
1310 1171 1548 1235 subjicere
1580 1173 1766 1232 omnia,
1789 1182 1838 1220 et
1867 1182 2100 1239 tanquam
2126 1174 2293 1223 fortior
2317 1175 2489 1224 fortem

349 1247 538 1311 alligare
559 1248 824 1309 diabolum,
842 1260 1010 1315 utpote
1032 1251 1109 1298 ille
1126 1251 1206 1298 cui
1225 1254 1361 1299 Pater
1381 1252 1546 1300 omnia
1571 1251 1704 1300 dedit
1720 1253 1773 1300 in
1794 1269 1961 1302 manu.

416 1348 438 1370 «
460 1331 668 1376 Vocatus
694 1330 964 1394 Apostolus.
987 1350 1011 1374 >³
1038 1333 1143 1378 Hoc
1167 1341 1239 1378 est
1258 1342 1457 1379 vocatus
1477 1348 1506 1379 a
1526 1335 1630 1380 Deo
1653 1343 1701 1380 et
1725 1333 1902 1382 electus
1931 1335 1980 1382 in
2006 1334 2328 1399 apostolatum
2348 1373 2359 1395 ,
2388 1351 2489 1384 non

346 1422 372 1453 a
409 1409 563 1473 seipso
598 1411 795 1457 veniens
831 1410 894 1458 ad
923 1411 1284 1476 praedicandum
1313 1430 1323 1459 :
1351 1412 1566 1477 alioquin
1588 1413 1665 1461 fur
1686 1424 1809 1462 esset
1828 1424 1876 1462 et
1894 1415 2034 1477 latro,
2065 1415 2200 1479 juxta
2218 1415 2337 1463 illud
2354 1416 2490 1464 Veri-

346 1488 451 1535 tatis
472 1506 482 1535 :
507 1508 531 1534 «
547 1491 726 1537 Omnes
748 1501 990 1556 quotquot
1008 1503 1245 1540 venerunt
1269 1492 1395 1540 fures
1416 1503 1528 1541 sunt
1553 1504 1599 1541 et
1624 1494 1878 1543 latrones³.
1902 1514 1925 1540 »
1957 1516 1979 1539 ε(
1997 1498 2262 1556 Venerunt,
2281 1515 2305 1540 »
2332 1496 2491 1561 inquit

349 1569 693 1633 Hieronymus,
728 1590 751 1614 «
772 1587 873 1618 non
897 1573 983 1637 qui
1005 1573 1136 1620 missi
1174 1583 1301 1620 sunt.
1327 1592 1350 1619 »
1386 1573 1527 1621 Unde
1558 1584 1606 1621 et
1636 1573 1761 1622 bene
1792 1573 2050 1640 Apostolus
2084 1577 2258 1623 missus
2288 1575 2386 1624 sive
2417 1575 2488 1623 le-

347 1659 479 1712 gatus
531 1650 885 1716 interpretatur.
941 1652 1143 1700 Attende
1190 1653 1335 1700 etiam
1376 1653 1659 1700 humilitatis
1695 1670 1791 1701 suae
1826 1655 2300 1704 commendationem
2318 1692 2331 1715 ,
2379 1672 2488 1704 cum

346 1729 516 1777 dixerit
537 1750 558 1773 c<
577 1740 773 1778 vocatus
791 1752 813 1775 ))
840 1732 1001 1797 potius
1018 1749 1164 1796 quam
1187 1732 1383 1780 electus.
1405 1734 1608 1780 Vocatio
1631 1733 1811 1798 quippe
1831 1734 2015 1781 clamor
2031 1736 2163 1783 vocis
2181 1746 2250 1783 est
2270 1735 2332 1783 ad
2346 1735 2488 1799 longe

345 1810 542 1873 positos,
570 1820 622 1858 ut
646 1811 878 1860 accedant
899 1812 976 1860 vel
995 1812 1210 1860 audiant.
1231 1816 1382 1860 Tanto
1406 1823 1567 1860 autem
1596 1814 1683 1860 iste
1715 1814 1950 1861 remotior
1972 1824 2072 1862 erat
2095 1832 2124 1863 a
2146 1819 2265 1877 Deo,
2304 1825 2487 1879 quanto

345 1890 599 1938 immanior
633 1902 734 1940 erat
769 1892 987 1940 Ecclesiae
1018 1903 1314 1959 persecutor.
1349 1893 1612 1957 Diligenter
1643 1894 1805 1959 itaque
1848 1895 1913 1942 ait
1946 1911 2046 1942 non
2090 1895 2282 1953 electus,
2310 1895 2387 1942 vel
2409 1911 2488 1944 as·

344 1981 577 2036 sumptus,
603 1972 688 2019 sed
715 1993 738 2017 c<
757 1983 956 2020 vocatus
980 1993 1001 2018 »
1039 1974 1177 2038 quasi
1198 1989 1226 2021 a
1248 1972 1391 2038 longe
1415 1990 1442 2022 a
1467 1974 1678 2022 Domino
1718 1983 1896 2022 tractus
1929 1974 1992 2023 ad
2020 1975 2332 2040 Evangelium
2363 1975 2487 2023 illius

345 2051 715 2114 praedicandum.

413 2151 435 2174 ‹<
457 2134 736 2196 Segi-egatus
760 2134 809 2180 in
836 2134 1115 2198 Evangelio⁴
1145 2135 1248 2183 Dei.
1276 2155 1298 2178 >³
1338 2135 1393 2183 Id
1425 2145 1513 2198 est,
1544 2151 1763 2184 seorsum
1797 2146 1845 2183 et
1878 2151 1965 2201 per
1993 2153 2060 2193 se,
2098 2152 2199 2183 non
2238 2153 2354 2184 cum
2383 2136 2485 2185 aliis

346 2213 571 2275 apostolis
600 2214 794 2274 electus,
820 2232 922 2262 non
948 2231 974 2262 a
998 2215 1188 2263 Christo
1225 2215 1386 2263 adhuc
1422 2217 1471 2263 in
1505 2226 1632 2264 terra
1662 2217 1942 2264 consistenti
1978 2217 2188 2278 mortali,
2211 2216 2295 2264 sed
2311 2217 2413 2281 jam
2434 2218 2484 2264 in

345 2292 613 2340 coelestibus
637 2293 697 2340 ad
720 2293 964 2342 dexteram
991 2296 1142 2343 Patris
1162 2297 1442 2357 constituto,
1460 2306 1508 2344 et
1519 2306 1618 2344 tam
1638 2314 1725 2363 per
1738 2298 2137 2345 resurrectionem
2160 2313 2306 2361 quam
2328 2312 2488 2345 assen-

342 2371 528 2418 sionem
565 2372 845 2436 glorificato.
889 2374 1029 2422 Unde
1060 2385 1108 2423 et
1139 2376 1201 2422 ad
1239 2376 1429 2423 Galatas
1460 2376 1698 2438 scribens,
1739 2386 1792 2424 ut
1826 2394 1963 2424 suam
1993 2377 2358 2424 commendaret
2395 2377 2488 2424 ele·

344 2452 551 2498 ctionem
575 2452 802 2501 adversus
825 2471 907 2502 eos
929 2456 1014 2520 qui
1036 2455 1457 2503 calumniabantur
1477 2473 1589 2503 cum
1602 2457 1783 2504 caeteris
1795 2457 2025 2522 apostolis
2047 2474 2147 2504 non
2172 2473 2274 2503 esse
2298 2472 2487 2504 connu-

344 2532 646 2594 merandum,
678 2534 810 2598 quod
831 2551 932 2582 non
953 2535 1096 2583 fuerit
1111 2553 1140 2583 a
1153 2536 1366 2583 Domino
1389 2539 1500 2584 Jesu
1523 2537 1713 2585 Christo
1738 2538 1787 2584 in
1807 2546 1932 2585 terra
1954 2554 2067 2584 cum
2087 2537 2266 2584 caeteris
2286 2535 2482 2598 electus,

346 2612 462 2657 ait⁵z
486 2632 508 2655 «
532 2613 704 2660 Paulus
723 2615 995 2680 Apostolus,
1020 2633 1121 2663 non
1148 2615 1210 2664 ab
1230 2616 1513 2664 hominibus
1537 2634 1695 2682 neque
1714 2634 1800 2683 per
1820 2617 2089 2676 hominem,
2112 2616 2197 2664 sed
2217 2633 2303 2682 per
2321 2619 2485 2664 Jesum

348 2690 587 2739 Christum
610 2703 656 2740 et
672 2697 829 2742 Deum
849 2699 1056 2756 Patrem,
1079 2698 1162 2760 qui
1185 2698 1429 2745 suscitavit
1451 2714 1563 2745 eum
1581 2714 1610 2745 a
1633 2698 1865 2745 mortuis:
1887 2717 1910 2741 »
1933 2713 1990 2745 ac
2011 2699 2050 2743 si
2078 2696 2257 2745 diceret
2279 2715 2289 2743 ε
2312 2695 2484 2745 Paulus

350 2772 597 2833 Apostolus
622 2791 722 2821 non
747 2792 832 2840 per
855 2775 1125 2836 bominem,
1150 2777 1201 2824 id
1223 2787 1309 2838 est,
1332 2777 1605 2840 mortalem,
1630 2778 1715 2826 sed
1746 2794 1834 2844 per
1863 2777 2107 2825 Christum
2138 2778 2240 2841 jam
2274 2793 2484 2825 resurre-

346 2850 502 2897 ctione
529 2852 860 2917 glorificatum,
887 2867 934 2904 et
956 2857 1077 2904 nihil
1092 2857 1193 2921 jam
1210 2857 1425 2905 mortalis
1444 2868 1626 2905 naturae
1647 2858 1725 2906 vel
1742 2857 2065 2924 corruptibilis
2090 2857 2368 2905 habentem.
2405 2856 2485 2904 Di-

348 2929 470 2974 citur
500 2932 642 2978 etiam
673 2946 941 2999 segregatus
975 2937 1023 2983 in
1063 2936 1399 3002 praedicatione
1424 2939 1689 3003 Evangelii,
1719 2938 1837 2986 dum
1865 2938 2046 2986 caeteris
2071 2937 2231 2984 adhuc
2255 2936 2485 3002 apostolis

349 3008 475 3056 circa
502 3012 889 3075 praedicationem
924 3017 1197 3064 Judaeorum
1236 3019 1498 3082 occupatis,
1532 3020 1620 3067 iste
1649 3019 1916 3086 specialiter
1950 3018 2012 3066 ad
2049 3027 2212 3081 gentes
2254 3027 2485 3082 tanquam

390 3222 395 3237 ¹
409 3219 480 3251 Act.
496 3219 624 3260 Apost„
638 3229 708 3260 cap.
729 3230 750 3261 ι,
768 3230 795 3253 v.
819 3224 847 3255 1.
864 3225 920 3247 —²
936 3224 948 3256 l
966 3225 1142 3269 Paralip„
1155 3236 1227 3268 cap.
1243 3236 1313 3268 ΠΙ,
1327 3236 1359 3259 v.
1378 3229 1478 3261 22-
1489 3228 1501 3248 ³
1515 3226 1608 3269 Joan,
1622 3236 1694 3268 cap.
1711 3236 1745 3268 x,
1767 3235 1796 3259 v.
1812 3230 1843 3260 8.
1857 3244 1894 3251 -
1912 3229 1922 3248 ⁴
1937 3226 2016 3266 Leg.
2031 3224 2318 3267 Evangelium.-
2332 3225 2344 3245 ⁵
2356 3221 2482 3260 Galat„

346 3282 416 3313 cap.
435 3281 459 3314 1,
477 3282 506 3305 v.
528 3273 557 3305 1.
