2638 3866
935 205 1278 254 THEOLOGIA
1334 206 1707 256 CHRlSTlANA.
2312 208 2410 255 537

247 306 424 354 nullius
446 304 646 370 indiget,
675 320 788 369 erga
811 304 1023 370 seipsum
1048 305 1360 371 benignitatis
1386 307 1560 356 affectu
1585 308 1883 356 commoveri
1912 324 2013 355 non
2038 317 2214 373 potest,
2242 317 2296 355 ut
2319 309 2410 357 sibi

246 387 430 453 aliquid
455 404 511 435 ex
535 386 833 450 benignitate
862 386 1131 451 impendat,
1160 388 1244 436 sed
1272 406 1383 452 erga
1409 400 1652 438 creaturas
1685 400 1892 449 tantum,
1919 405 2025 454 quae
2051 405 2240 454 semper
2265 389 2410 439 donis

249 469 407 532 gratiae
442 468 544 533 ejus
578 466 814 531 indigent.
852 467 1082 525 Quodam
1114 468 1276 532 itaque
1311 469 1461 517 modo
1494 487 1523 518 a
1555 472 1713 536 seipso
1745 475 1874 518 Deus
1910 470 1969 518 ad
2003 479 2244 518 creaturas
2277 471 2407 519 exire

248 548 424 597 dicitur
453 566 541 616 per
562 547 871 613 benignitatis
896 547 1122 595 affectum
1154 549 1253 597 sive
1279 550 1522 611 effectum,
1551 568 1663 600 cum
1687 551 1782 599 hoc
1815 552 1973 617 ipsum
2002 550 2136 615 quod
2164 550 2407 615 benignus

249 640 336 690 est,
379 639 463 678 aut
495 628 706 693 benigne
741 626 923 692 aliquid
962 644 1020 675 ex
1055 628 1251 676 caritate
1293 631 1406 695 agit,
1449 631 1718 679 secundum
1754 631 1980 679 affectum
2017 631 2115 678 sive
2151 631 2402 693 effectum,

246 728 394 776 quem
417 711 467 758 in
491 709 717 758 creaturis
741 707 936 769 habeat,
964 707 1171 757 dicatur.
1195 713 1329 759 Tunc
1352 729 1468 759 vero
1494 713 1544 759 in
1568 730 1618 760 se
1640 729 1727 778 per
1748 711 2093 776 benignitatem
2115 723 2404 771 remaneret,

248 792 289 839 si
320 791 410 839 sibi
434 790 674 856 benignus
706 806 808 838 esse
839 800 1019 855 posset,
1047 790 1261 855 aliquam
1287 792 1335 838 in
1364 808 1414 840 se
1446 792 1816 841 beneficentiam
1850 792 2139 840 exercendo.
2168 795 2235 840 Ex
2270 796 2407 840 Patre

248 882 410 919 autem
442 881 490 919 et
514 871 633 919 Filio
658 869 924 936 procedere
952 871 1157 937 Spiritus
1189 871 1353 933 habet,
1383 874 1496 937 quia
1529 873 1690 921 bonus
1721 873 1824 939 ipse
1853 872 2052 919 affectus
2081 872 2179 919 sive
2209 872 2408 921 effectus

248 952 457 1000 faciendi
494 951 677 1017 aliquid
701 968 760 999 ex
781 953 999 1018 potentia
1024 953 1172 1018 ipsius
1205 963 1252 1000 et
1274 954 1507 1019 sapientia
1527 954 1776 1019 provenit,
1804 970 1917 1001 cum
1940 952 2051 1000 ideo
2074 952 2188 1000 velit
2211 957 2340 1001 Deus
2362 965 2410 1002 et

248 1033 418 1095 faciat,
460 1034 574 1099 quia
612 1043 658 1080 et
690 1041 851 1098 potest
884 1033 1003 1081 illud
1039 1033 1304 1099 adimplere
1339 1044 1386 1080 et
1419 1034 1660 1082 sollerter¹
1695 1033 1904 1082 efficere.
1946 1033 2047 1080 Nisi
2081 1034 2209 1082 enim
2248 1045 2411 1099 posset

249 1113 448 1178 aliquid,
489 1113 665 1162 frustra
693 1113 813 1161 illud
840 1113 1000 1177 vellet,
1035 1114 1149 1179 quia
1181 1114 1394 1162 efficacia
1427 1125 1635 1175 careret;
1670 1124 1718 1163 et
1748 1115 1839 1161 nisi
1871 1113 2087 1161 sollerter
2117 1114 2257 1161 sciret
2291 1114 2409 1162 illud

239 1193 458 1257 efficere,
489 1211 592 1242 non
622 1194 827 1243 haberet
845 1195 1091 1260 egregium
1127 1195 1371 1243 effectum.
1408 1197 1606 1243 Constat
1638 1196 1781 1243 etiam
1812 1194 1934 1241 nihil
1961 1211 2074 1241 eum
2095 1210 2238 1259 posse
2260 1194 2406 1252 velle,

251 1275 342 1322 nisi
370 1275 629 1341 optimum,
655 1293 745 1323 nec
769 1276 1117 1324 rationabiliter
1140 1276 1261 1323 illud
1291 1275 1434 1323 vellet
1464 1277 1600 1341 quod
1629 1277 1889 1341 ignoraret.
1920 1278 1980 1322 Ut
2006 1276 2168 1339 itaque
2199 1276 2411 1323 rationa-

251 1354 411 1403 biliter
435 1355 618 1421 aliquid
640 1356 754 1404 velit
782 1357 937 1405 facere
961 1367 1008 1404 et
1033 1357 1235 1423 optime,
1263 1366 1457 1422 oportet
1485 1374 1598 1404 eum
1632 1366 1679 1405 et
1709 1356 1805 1403 hoc
1830 1372 1989 1421 posse,
2013 1365 2060 1403 et
2088 1365 2199 1403 ante
2226 1372 2410 1419 cogno-

249 1453 381 1484 scere
406 1454 513 1502 quae
536 1437 677 1486 faciat
694 1475 707 1499 ,
733 1448 781 1486 et
802 1439 922 1486 scire
944 1440 1128 1505 optime
1146 1438 1316 1485 facere.
1340 1440 1501 1484 Bonus
1518 1438 1680 1503 itaque
1705 1436 1905 1486 affectus
1932 1437 2021 1484 Dei
2042 1435 2412 1501 quodammodo

251 1533 307 1563 ex
344 1518 564 1582 potentia
594 1518 695 1582 ejus
733 1535 789 1566 ac
824 1520 1056 1585 sapientia
1092 1517 1361 1577 descendit,
1403 1518 1539 1582 quod
1574 1528 1646 1566 est
1680 1518 1911 1583 Spiritum
1951 1533 2009 1564 ex
2033 1519 2172 1565 Patre
2210 1526 2258 1564 et
2294 1516 2412 1564 Filio

253 1597 395 1644 simul
420 1597 686 1663 procedere
714 1617 725 1647 :
755 1600 869 1664 quia
901 1617 960 1648 eo
986 1600 1112 1662 vult,
1139 1610 1193 1648 ut
1222 1598 1407 1646 dictum
1440 1607 1535 1659 est,
1566 1599 1750 1664 optime
1776 1605 1952 1645 cuncta
1984 1595 2200 1658 efficere,
2227 1597 2342 1661 quia
2364 1606 2412 1644 et

252 1687 413 1742 potest
436 1688 483 1726 et
503 1679 608 1727 scit.

317 1759 471 1807 Graeci
503 1769 666 1808 tamen
696 1777 754 1807 ex
777 1759 884 1807 solo
908 1763 1064 1823 Patre,
1094 1777 1196 1808 non
1230 1763 1375 1810 etiam
1406 1779 1463 1810 ex
1487 1760 1606 1808 Filio
1639 1759 1870 1825 Spiritum
1903 1766 2123 1804 sanctum
2148 1756 2414 1822 procedere

253 1840 566 1903 confitentur,
599 1859 658 1890 eo
690 1842 868 1890 scilicet
899 1843 1035 1907 quod
1058 1845 1244 1892 Veritas
1273 1846 1324 1892 in
1359 1842 1620 1908 Evangelio
1654 1841 1802 1889 fidem
1834 1841 2019 1903 integre
2046 1839 2325 1887 continente
2353 1838 2415 1886 de

252 1923 562 1987 processione
595 1923 800 1989 Spiritus
828 1924 1064 1988 loquens,
1104 1925 1264 1973 solum
1294 1929 1485 1973 Patrem
1517 1931 1871 1972 commemorat
1908 1921 2097 1968 dicens’
2125 1937 2136 1965 ε
2166 1919 2414 1984 «Spiritus

253 2002 338 2066 qui
364 2018 394 2050 a
422 2006 562 2051 Patre
586 2004 824 2069 procedit.
853 2024 875 2050 »
903 2006 1000 2063 Qui
1032 2006 1178 2054 etiam
1202 2024 1348 2073 super
1375 2006 1472 2053 hoc
1504 2004 1638 2068 quod
1663 2020 1777 2051 eum
1808 2019 1837 2050 a
1868 2001 1988 2048 Filio
2016 2016 2210 2064 quoque
2241 2016 2412 2064 proce·

255 2082 370 2131 dere
401 2083 664 2146 credimus,
701 2101 792 2132 nos
814 2085 1130 2133 vehementer
1162 2097 1397 2150 arguunt,
1435 2096 1580 2150 atque
1617 2101 1726 2132 reos
1758 2081 2079 2131 anathematis
2113 2079 2266 2127 teneri
2294 2096 2416 2126 asse-

218 2228 222 2230 ,
253 2173 385 2222 runt,
415 2164 551 2230 quod
573 2166 623 2212 in
645 2166 996 2231 principalibus
1020 2166 1237 2214 conciliis
1259 2184 1369 2231 quae
1392 2166 1526 2232 apud
1557 2181 1641 2212 eos
1663 2164 1906 2212 celebrata
1931 2169 2068 2222 sunt,
2097 2160 2164 2207 ita
2195 2158 2414 2223 symbola

255 2260 428 2292 eorum
466 2245 734 2309 subjunctis
767 2246 1156 2295 anathematibus
1188 2248 1370 2294 sancita
1404 2248 1522 2308 sint,
1561 2256 1614 2293 ut
1644 2244 1765 2292 nulli
1799 2243 1860 2290 de
1890 2242 1986 2289 fide
2009 2239 2247 2287 Trinitatis
2283 2239 2414 2286 aliud

259 2325 435 2373 docere
458 2326 535 2373 vel
559 2326 694 2374 aliter
714 2327 996 2392 praedicare,
1014 2343 1162 2392 quam
1186 2327 1252 2375 ibi
1277 2329 1571 2388 continetur,
1596 2326 1755 2373 liceat.
1780 2327 1830 2371 In
1856 2321 2033 2388 quibus
2056 2319 2288 2385 symbolis
2303 2336 2415 2367 cum

255 2405 306 2452 in
335 2407 643 2470 processione
680 2408 885 2473 Spiritus
916 2407 978 2455 de
1006 2408 1112 2455 solo
1144 2411 1281 2456 Patre
1309 2416 1721 2455 commemoretur
1742 2423 1753 2451 :
1773 2424 1795 2450 «
1815 2403 2139 2466 Quicumque,
2165 2401 2411 2465 inquiunt,

258 2486 436 2534 Filium
467 2486 672 2548 addunt,
705 2488 964 2536 anathema
987 2489 1260 2536 incurrunt.
1280 2509 1303 2533 >³
1329 2487 1524 2536 Addunt
1547 2488 1694 2535 etiam
1718 2486 1782 2534 ad
1806 2483 2224 2549 exaggerationem
2257 2482 2416 2545 impu-

259 2566 450 2628 dentiae,
477 2579 652 2616 nostrae
674 2570 1005 2618 testimonium
1042 2569 1395 2633 damnationis,
1435 2569 1713 2635 symbolum
1749 2566 1884 2627 fidei,
1926 2563 2061 2630 quod
2094 2562 2231 2626 juxta
2265 2560 2415 2607 tradi-

258 2648 442 2696 tionem
485 2650 827 2714 praedictorum
868 2651 1209 2713 conciliorum,
1234 2654 1330 2698 Leo
1367 2652 1535 2698 tertius
1577 2653 1740 2697 Romae
1776 2645 2120 2710 transcriptum
2162 2643 2208 2688 in
2252 2639 2417 2688 tabula

258 2729 461 2793 posteris
494 2741 721 2793 argentea
750 2732 961 2796 reliquit,
1000 2749 1093 2797 pro
1127 2748 1312 2791 amore,
1351 2741 1403 2777 ut
1433 2731 1634 2795 ipsemet
1665 2729 1805 2788 dicit,
1841 2737 1887 2773 et
1912 2724 2099 2772 cautela
2134 2719 2417 2768 orthodoxae

260 2807 389 2855 fidei.
432 2812 484 2855 In
524 2827 623 2873 quo
661 2810 859 2874 quidem
900 2811 1126 2875 symbolo
1163 2811 1265 2876 ipse
1308 2827 1505 2875 quoque
1550 2811 1598 2856 in
1639 2806 1949 2873 processione
1987 2803 2216 2868 Spiritus,
2257 2799 2416 2847 solum

258 2899 612 2937 commemorat
640 2893 847 2953 Patrem,
882 2891 958 2938 his
981 2891 1181 2956 quidem
1204 2891 1363 2938 verbis
1391 2909 1401 2938 ε
1434 2910 1457 2935 «
1480 2892 1538 2936 Et
1559 2891 1608 2936 in
1632 2887 1862 2953 Spiritum
1891 2894 2115 2933 sanctum
2148 2882 2417 2929 Dominum

259 2979 306 3015 et
342 2969 691 3030 vivificantem,
726 2988 785 3018 ex
821 2975 956 3019 Patre
992 2971 1368 3037 procedentem,
1408 2987 1519 3017 cum
1557 2972 1696 3017 Patre
1732 2977 1780 3015 et
1814 2967 1932 3014 Filio
1963 2961 2335 3012 coadorandum
2372 2970 2420 3008 et

262 3049 651 3113 glorificandum,
693 3061 785 3099 etc.
815 3073 839 3096 »
876 3055 930 3098 In
967 3062 1148 3116 quanta
1173 3062 1334 3099 autem
1378 3050 1646 3098 reverentia
1678 3046 1960 3115 principalia
1992 3044 2071 3091 illa
2108 3042 2316 3090 concilia
2348 3051 2419 3088 te-

262 3131 424 3179 nenda
461 3132 578 3189 sint,
619 3131 786 3179 beatus
826 3132 1077 3197 diligenter
1111 3133 1267 3199 aperit
1301 3132 1614 3196 Gregorius⁸,
1642 3131 1724 3195 qui
1747 3145 1797 3175 se
1834 3143 1891 3175 ea
1926 3137 2174 3190 tamquam
2210 3132 2423 3187 quatuor

306 3315 313 3332 ¹
333 3312 417 3353 Lege
441 3314 484 3346 Et
509 3314 571 3347 scit
597 3314 762 3349 sollerter.
788 3333 830 3342 -
851 3317 862 3335 ²
883 3314 994 3358 Joan.‚
1017 3326 1090 3358 cap.
1114 3325 1170 3358 xv,
1194 3325 1224 3348 v.
1243 3318 1296 3350 26.
1314 3333 1353 3340 —
1370 3315 1515 3358 ³Epist.,
1529 3315 1590 3348 ub.
1610 3314 1668 3353 lv,
1685 3314 1780 3354 epist.
1802 3314 1831 3345 3.

427 3388 459 3411 11
2209 3368 2259 3404 68
