2638 3866
1151 213 1456 264 DIALOGUS.
2282 213 2377 262 669

229 314 538 363 excellentius
562 331 662 363 non
686 315 864 364 habeas
891 315 1244 365 documentum
1272 317 1532 376 virtutum,
1559 331 1679 381 quas
1700 314 1763 364 ad
1784 314 2134 364 beatitudinem
2159 314 2377 365 sufficere

228 396 503 445 nullatenus
534 395 743 457 dubitas,
773 397 834 445 de
867 413 963 462 qua
987 398 1186 462 quidem
1219 397 1515 463 perfectione
1531 434 1542 454 ,
1568 413 1674 461 quae
1697 396 1918 458 deerant,
1946 396 1997 465 id
2023 406 2094 444 est
2115 397 2263 445 veteri
2287 414 2375 445 suo

227 478 531 544 complente,
572 494 684 526 cum
713 477 818 543 ipse
846 478 1088 525 Dominus
1123 495 1309 526 novum
1338 477 1550 526 traderet
1580 487 1917 525 testamentum
1935 513 1947 537 ,
1986 477 2146 525 statim
2180 494 2376 526 exorsus

226 555 474 624 discipulis
508 558 598 606 ait¹
631 576 641 605 ε
675 577 698 601 ε(
718 558 814 605 Nisi
847 556 1167 605 abundaverit
1194 559 1375 622 justitia
1408 566 1588 619 vestra,
1627 567 1718 605 etc.
1742 576 1765 602 υ
1794 560 1851 604 Et
1879 558 2035 605 statim
2069 575 2156 624 per
2190 558 2375 622 singula

226 654 363 686 novae
392 639 508 703 legis
538 637 888 687 abundantiam
912 648 1220 704 prosecutus,
1256 655 1364 703 quae
1387 637 1558 686 morali
1581 638 1782 686 deerant
1813 638 2092 704 perfectioni
2125 639 2376 704 diligenter

223 720 455 784 expressit
483 729 532 767 et
564 735 725 767 veram
756 718 965 766 ethicam
991 720 1324 778 consumavit,
1351 719 1403 766 id
1426 728 1497 767 est
1507 756 1524 783 2
1553 719 1688 784 cujus
1717 720 2105 785 comparatione,
2141 721 2374 785 quicquid

223 809 320 847 tam
357 799 420 848 ab
457 800 668 865 antiquis
700 799 918 866 patribus
953 816 1099 865 quam
1130 799 1382 866 prophetis
1410 799 1472 847 de
1495 799 1747 865 disciplina
1775 816 1968 847 morum
2001 815 2057 847 ac
2085 799 2373 849 discretione

221 880 455 929 virtutum
479 880 708 929 traditum
738 880 906 941 fuerat,
937 880 1056 929 nihil
1087 897 1189 929 esse
1222 880 1359 928 facile
1380 880 1714 942 convincetur,
1741 881 1779 928 si
1803 879 2058 945 diligenter
2089 879 2192 928 haec
2213 882 2373 930 confe-

222 977 383 1009 ramus
405 978 518 1009 cum
540 960 803 1027 prioribus.

287 1044 478 1090 Pmnos.
513 1045 696 1091 Harum
727 1058 828 1103 me,
865 1052 917 1090 ut
941 1042 1086 1104 nosti,
1112 1041 1456 1090 collationum²
1484 1041 1824 1091 tantummodo
1846 1041 1946 1089 huc
1969 1040 2186 1100 adduxit,
2212 1051 2259 1090 et
2282 1043 2372 1091 hac

221 1139 311 1171 nos
337 1124 607 1171 intentione
630 1123 907 1188 congregati
928 1139 1111 1171 sumus.

283 1206 556 1253 Cmus'nm.
603 1208 742 1253 Nunc
786 1204 1038 1270 profecto,
1083 1214 1321 1269 quantum
1357 1204 1602 1270 percipio,
1646 1204 1708 1251 ad
1747 1203 1967 1251 omnium
2008 1203 2370 1269 disciplinarum

218 1284 365 1333 finem
397 1295 445 1333 et
475 1286 895 1334 consumationem
917 1283 1287 1351 proficiscimur.
1313 1286 1473 1342 Quam
1502 1284 1700 1349 quidem
1721 1301 1808 1332 vos
1830 1284 2060 1346 ethicam,
2087 1284 2138 1332 id
2167 1294 2238 1332 est
2263 1302 2370 1332 mo-

217 1364 395 1426 ralem,
433 1382 524 1414 nos
558 1366 859 1414 divinitatem
895 1366 1147 1413 nominare
1180 1366 1539 1413 consuevimus.
1580 1368 1676 1412 Nos
1708 1365 1838 1412 illam
1861 1363 2082 1412 videlicet
2113 1381 2170 1412 ex
2201 1382 2279 1424 eo,
2308 1367 2369 1415 ad

217 1445 351 1510 quod
380 1446 901 1513 comprehendendum
927 1445 1160 1505 tenditur,
1195 1445 1247 1493 id
1271 1455 1343 1494 est
1363 1448 1545 1505 Deum,
1573 1453 1929 1511 nuncupantes,
1954 1460 2042 1492 vos
2069 1461 2126 1493 ex
2150 1445 2257 1508 illis,
2283 1463 2369 1511 per

216 1542 322 1591 quae
347 1526 460 1575 illuc
481 1529 776 1593 pervenitur,
803 1527 899 1575 hoc
922 1536 993 1575 est
1017 1527 1236 1575 moribus
1266 1525 1411 1574 bonis
1434 1541 1554 1591 quas
1580 1526 1778 1574 virtutes
1801 1525 1997 1572 vocatis.

283 1610 476 1657 Pinnos.
510 1609 731 1657 Assentio
755 1608 891 1674 quod
921 1609 1105 1656 clarum
1138 1617 1236 1669 est,
1266 1617 1315 1656 et
1342 1623 1524 1655 novam
1552 1606 1968 1672 nuncupationem
1990 1606 2202 1653 nominis
2223 1609 2365 1654 vestri

214 1704 317 1736 non
341 1689 648 1739 mediocriter
670 1689 911 1756 approbo.
939 1689 1066 1747 Quia
1088 1689 1219 1736 enim
1248 1688 1312 1736 ad
1331 1687 1467 1753 quod
1490 1688 1769 1753 pervenitur
1793 1687 1885 1746 his,
1912 1703 1999 1752 per
2023 1703 2129 1750 quae
2151 1688 2362 1746 venitur,

214 1768 408 1833 dignius
430 1770 690 1831 aestimatis‚
727 1781 775 1819 et
802 1769 1074 1836 pervenisse
1107 1769 1288 1816 felicius
1316 1784 1463 1833 quam
1494 1768 1682 1829 venire,
1718 1767 1815 1815 hoc
1837 1767 1981 1816 vestri
2005 1768 2217 1815 nominis
2248 1768 2365 1815 insi·

213 1850 439 1913 gniorum
470 1860 540 1899 est
578 1851 908 1916 nuncupatio,
944 1866 999 1898 ex
1036 1849 1219 1913 origine
1257 1849 1466 1914 propriae
1497 1848 1805 1897 divinationis
1839 1848 2069 1897 lectorem
2102 1848 2365 1914 plurimum

211 1930 441 1978 alliciens,
468 1933 604 1992 Quae,
638 1932 678 1979 si
710 1931 775 1979 ita
811 1947 868 1978 ex
900 1930 1199 1979 documento
1234 1929 1357 1976 sicut
1392 1945 1448 1976 ex
1480 1928 1722 1977 vocabulo
1756 1929 2062 1995 praemineat,
2102 1928 2283 1977 nullam
2323 1932 2365 1977 ei

211 2010 517 2076 disciplinam
542 2011 925 2077 comparandam
948 2027 1141 2059 censeo.

276 2094 550 2140 Cnms'rmn.
579 2095 717 2139 Nunc
752 2093 913 2156 igitur,
948 2092 986 2138 si
1014 2091 1198 2156 placet,
1226 2089 1466 2155 praefinire
1490 2099 1536 2137 te
1564 2090 1806 2151 volumus,
1843 2090 1892 2136 in
1919 2106 2018 2154 quo
2047 2106 2168 2137 verae
2197 2091 2363 2139 ethicae

209 2188 401 2220 summa
430 2173 660 2220 consistat
691 2182 739 2219 et
771 2172 889 2236 quid
923 2188 982 2219 ex
1011 2171 1105 2218 hac
1139 2169 1457 2236 spectandum
1481 2171 1539 2217 sit
1569 2170 1712 2218 nobis
1739 2170 2010 2235 disciplina,
2039 2180 2086 2219 et
2119 2188 2220 2236 quo
2252 2188 2363 2219 cum

207 2263 498 2318 perventum
523 2253 665 2300 fuerit
688 2253 790 2317 ejus
813 2253 872 2300 sit
899 2251 1105 2300 intentio
1130 2260 1483 2299 consummata.
1511 2250 1683 2315 Hujus,
1710 2259 1763 2298 ut
1784 2250 2007 2310 arbitror,
2029 2251 2290 2318 disciplinae
2313 2254 2361 2300 in

207 2334 304 2382 hoc
326 2343 429 2382 tota
459 2333 701 2399 colligitur
733 2350 948 2393 summa,
977 2343 1054 2393 ut,
1090 2349 1191 2399 quo
1214 2349 1460 2380 summum
1487 2332 1677 2380 bonum
1704 2332 1764 2380 sit
1786 2342 1949 2398 etqua
1980 2332 2092 2381 illuc
2114 2333 2192 2382 via
2223 2334 2364 2382 nobis

207 2416 266 2462 sit
288 2415 692 2480 perveniendum,
719 2415 925 2480 aperiat.

272 2499 459 2544 PfflLos.
499 2498 658 2544 Placet
689 2496 857 2561 utique
885 2495 1200 2543 vehementer
1230 2505 1330 2543 tam
1364 2495 1530 2560 paucis
1555 2493 1716 2542 verbis
1744 2503 1885 2542 tantae
1917 2495 1985 2542 rei
2015 2512 2254 2543 summam
2280 2512 2362 2543 ex-

205 2577 367 2642 primi,
401 2588 448 2626 et
480 2579 628 2626 totius
658 2577 826 2625 ethicae
851 2587 950 2624 tam
982 2576 1237 2641 diligenter
1266 2576 1588 2622 intentionem
1620 2575 1987 2640 comprehendi.
2015 2578 2132 2633 Quae
2163 2576 2360 2640 quidem

204 2659 486 2707 intentionis
509 2658 657 2707 verba
692 2660 782 2722 ista
814 2659 864 2706 in
891 2675 942 2706 se
970 2658 1130 2705 statim
1155 2656 1352 2722 rapiunt
1380 2655 1680 2715 auditorem,
1718 2666 1765 2704 et
1797 2656 1940 2720 hujus
1967 2656 2227 2722 disciplinae
2253 2667 2359 2705 stu-

205 2738 340 2785 dium
364 2739 727 2800 commendant,
753 2749 809 2786 ut
830 2740 879 2786 in
910 2739 1013 2804 ejus
1036 2737 1402 2802 comparatione
1421 2737 1641 2783 omnium
1665 2737 1839 2783 artium
1860 2735 2091 2785 vilescant
2110 2736 2354 2785 doctrinae.

204 2820 315 2876 Quo
348 2819 478 2866 enim
509 2835 752 2866 summum
776 2819 964 2866 bonum
997 2818 1166 2866 ceteris
1194 2815 1424 2864 omnibus
1448 2826 1518 2863 est
1540 2816 1874 2878 excellentius,
1900 2818 1949 2864 in
1974 2817 2108 2882 cujus
2132 2817 2360 2866 fruitione

203 2915 316 2947 vera
337 2900 554 2947 consistit
575 2898 847 2957 beatitudo,
873 2908 1062 2946 constat
1083 2897 1255 2963 procul
1278 2895 1431 2944 dubio
1455 2897 1558 2960 ejus
1580 2895 1799 2944 doctrina
1821 2906 2004 2945 ceteras
2033 2907 2131 2946 tam
2155 2898 2359 2947 utilitate

202 2997 349 3044 quam
387 2980 618 3045 dignitate
652 2979 795 3043 longe
826 2978 1116 3045 praecedere.
1152 2980 1316 3042 Longe
1339 2977 1519 3043 quippe
1540 2976 1745 3024 aliorum
1780 2977 1937 3026 studia
1969 2977 2091 3025 infra
2115 2994 2358 3026 summum

202 3060 390 3109 bonum
425 3071 677 3109 remanent
718 3078 809 3109 nec
845 3059 1158 3108 beatitudinis
1193 3058 1483 3123 contingunt
1526 3058 1864 3117 eminentiam,
1902 3075 1994 3107 nec
2031 3059 2156 3107 ullus
2202 3061 2251 3107 in
2292 3060 2359 3107 eis

204 3140 387 3189 fructus
420 3151 646 3208 apparet,
682 3141 773 3189 nisi
801 3150 1035 3206 quantum
1071 3139 1186 3187 huic
1221 3155 1423 3187 summae
1455 3138 1733 3187 deserviunt
1765 3138 2101 3206 philosophiae,
2127 3150 2356 3205 tanquam

246 3328 251 3345 ¹
267 3325 393 3367 Matth„
411 3335 484 3368 cap.
504 3336 539 3368 v,
564 3336 593 3359 v.
609 3328 661 3360 20.
681 3343 720 3350 -—
736 3327 747 3346 ²
763 3325 822 3359 Hic
841 3326 964 3367 aliquid
983 3326 1096 3358 deesse
1112 3324 1251 3358 videtur.
