2638 3866
786 285 1127 334 TRACTATUS
1161 285 1238 332 DE
1273 283 1734 334 INTELLECTlBUS.
2244 288 2339 336 743

194 386 364 434 vimus.
393 383 533 432 Unde
556 383 846 433 Aristoteles¹
871 403 882 432 :
914 386 1143 451 «Opinio,
1170 386 1350 451 inquit,
1377 387 1478 451 ejus
1500 403 1598 434 non
1627 396 1697 434 est
1722 387 1954 451 quoniam
1979 394 2076 449 est,
2102 385 2186 436 sed
2212 406 2337 454 quo-

192 466 323 514 niam
346 482 446 513 non
471 474 559 525 est,
580 483 604 511 »
634 475 682 513 et
704 464 950 527 Boethius,
979 466 1028 513 in
1055 466 1267 515 editione
1291 484 1436 532 super
1461 467 1885 527 Perilzermenias'‚
1917 484 2030 515 eum
2054 469 2139 533 qui
2166 469 2335 518 falsum

192 546 412 610 intelligit
455 544 678 612 perhibet
721 545 872 609 magis
919 545 1185 594 dicendum
1220 562 1322 595 esse
1356 547 1513 613 decipi
1547 563 1694 612 quam
1730 547 2010 612 intelligere.
2064 550 2337 599 Aristoteles

192 635 355 675 tamen
386 636 484 676 tam
519 642 657 676 veras
690 641 839 691 quam
875 625 1014 674 falsas
1047 627 1389 693 conceptiones
1422 627 1691 676 intellectus
1732 627 1958 694 appellat,
1997 628 2081 676 ubi
2115 629 2337 679 videlicet

193 708 243 755 in
267 707 450 756 eisdem
472 707 860 755 Ριεϊϋιιείνηεηιά.»η
888 706 1030 755 dicit⁸
1053 724 1063 753 :
1096 727 1118 751 «
1146 710 1227 756 Est
1254 718 1413 756 autem
1438 708 1851 773 quemadmodum
1882 709 1930 756 in
1962 710 2120 757 anima
2155 710 2337 776 aliquo-

192 788 314 836 tiens
337 787 606 836 intellectus
627 787 731 835 sine
751 803 867 835 vero
894 787 970 836 vel
990 787 1129 847 falso,
1156 788 1443 853 aliquotiens
1463 806 1575 836 cum
1596 789 1694 854 jam
1717 806 1909 837 necesse
1933 799 2002 836 est
2025 789 2204 838 horum
2227 792 2337 840 alte·

191 885 301 915 rum
323 868 496 931 inesse,
520 877 654 916 etc.»
685 871 740 916 Et
758 885 923 916 rursus
947 885 961 916 ε
987 868 1159 916 «Circa
1177 870 1582 934 compositionem
1602 870 1749 930 enim,
1777 869 1956 934 inquit,
1980 880 2027 918 et
2049 870 2333 920 divisionem

191 958 261 996 est
295 949 466 997 veritas
500 949 575 997 vel
612 948 807 998 salsitas.
835 968 858 993 >2
885 950 1038 997 Sanos
1074 959 1238 998 autem
1272 949 1539 998 intellectus
1574 949 1847 997 Aristoteles
1881 950 1931 996 in
1969 949 2141 998 eodem
2175 969 2335 999 rerum

190 1028 527 1079 similitudines
548 1030 782 1096 appellat,
818 1029 915 1078 hoc
946 1040 1019 1078 est
1042 1030 1107 1078 ita
1137 1030 1464 1096 concipientes
1488 1040 1540 1078 ut
1571 1030 1639 1078 rei
1675 1039 1823 1078 status
1854 1047 1956 1078 sese
1986 1030 2149 1090 habet,
2191 1033 2337 1080 veluti

190 1126 303 1158 cum
333 1109 584 1158 hominem
615 1110 835 1175 intelligo
865 1110 943 1158 vel
979 1111 1127 1158 etiam
1149 1110 1400 1158 hominem
1425 1127 1527 1158 esse
1552 1110 1782 1158 risibilem
1819 1110 1895 1158 vel
1929 1128 2028 1158 non
2058 1127 2158 1159 esse
2187 1113 2340 1161 risibi-

189 1191 302 1238 lem.
325 1191 508 1256 Singuli
530 1191 817 1254 intellectus,
841 1193 954 1257 quia
976 1208 1088 1240 cum
1110 1201 1235 1239 statu
1255 1208 1418 1239 rerum
1437 1191 1753 1251 concordant,
1780 1192 1883 1239 sani
1915 1202 2040 1240 sunt.
2066 1193 2196 1240 Cassi
2221 1210 2336 1241 vero

190 1272 389 1337 quidem
409 1289 436 1320 e
460 1273 705 1320 contrario
736 1284 847 1321 sunt
862 1309 875 1334 ,
902 1283 955 1321 ut
978 1273 1017 1320 si
1040 1272 1264 1321 videlicet
1285 1272 1548 1336 intelligam
1571 1272 1844 1320 chimaeram
1867 1289 1972 1337 quae
2007 1274 2209 1320 omnino
2234 1291 2332 1321 non

189 1362 275 1415 est,
302 1353 379 1401 vel
401 1353 678 1402 chimaeram
700 1371 802 1402 esse
827 1353 1027 1419 aliquid,
1056 1370 1169 1402 cum
1195 1354 1398 1401 omnino
1422 1353 1542 1400 nihil
1561 1354 1636 1401 sit.
1663 1354 1788 1411 Quia
1810 1353 1939 1401 enim
1963 1353 2042 1401 hic
2065 1354 2334 1402 intellectus

190 1432 414 1482 chimerae
432 1435 482 1481 in
504 1452 666 1483 rerum
685 1444 860 1483 eventu
884 1452 987 1483 rem
1006 1434 1271 1499 subjectam
1297 1450 1397 1481 non
1416 1433 1580 1494 habet,
1605 1450 1709 1498 quae
1728 1432 1950 1481 videlicet
1972 1450 2047 1481 res
2070 1434 2336 1482 secundum

188 1513 470 1578 hujusmodi
508 1515 808 1564 intellectum
848 1532 966 1564 sane
1003 1515 1261 1564 deliberari
1295 1514 1475 1576 valeat,
1518 1524 1570 1562 ut
1604 1514 1785 1562 scilicet
1821 1530 1929 1562 eam
1966 1531 2067 1562 rem
2105 1516 2337 1564 veraciter

188 1596 372 1643 attendi
404 1595 681 1645 chimaeram
704 1598 870 1659 liceat,
910 1613 1072 1645 cassus
1103 1606 1174 1645 est
1203 1596 1405 1643 omnino
1437 1595 1722 1643 intellectus.
1756 1595 1833 1642 Sic
1864 1595 2008 1643 etiam
2042 1595 2336 1643 intellectum

188 1674 333 1740 hujus
347 1678 560 1725 nominis
576 1677 711 1742 quod
726 1688 796 1726 est
814 1677 1001 1725 «homo
1018 1696 1042 1721 »
1064 1693 1252 1725 cassum
1272 1693 1372 1724 esse
1394 1676 1708 1740 contingeret,
1728 1676 1767 1723 si
1785 1674 2044 1723 haberetur
2060 1675 2120 1722 de
2137 1675 2338 1723 homine

187 1772 245 1803 ex
281 1766 386 1804 toto
424 1774 525 1806 non
562 1758 809 1807 existente.
839 1760 992 1806 Veros
1026 1767 1188 1805 autem
1216 1757 1294 1805 vel
1332 1756 1474 1805 falsos
1500 1755 1770 1803 intellectus
1804 1755 2007 1803 dicimus
2041 1772 2125 1803 eos
2158 1756 2339 1803 solum-

187 1836 337 1884 modo
369 1839 453 1902 qui
484 1838 744 1904 compositi
778 1847 907 1898 sunt,
934 1848 1034 1886 tam
1061 1847 1438 1903 componentes,
1466 1838 1590 1885 sicut
1620 1853 1704 1884 eos
1728 1836 1812 1901 qui
1835 1845 1948 1883 sunt
1975 1835 2332 1897 affirmationis,

187 1933 336 1981 quam
369 1918 662 1979 dividentes,
693 1920 817 1967 sicut
852 1935 936 1967 eos
965 1919 1050 1984 qui
1081 1927 1193 1966 sunt
1214 1918 1504 1983 negationis,
1539 1918 1673 1981 juxta
1697 1916 1820 1964 illud
1855 1917 2051 1981 quidem
2073 1917 2337 1965 Aristotelis

189 1997 321 2062 quod
345 2016 492 2065 supra
509 2000 845 2048 meminimus:
873 2019 895 2045 «
914 2003 996 2047 Est
1018 2009 1179 2047 autem
1201 1997 1616 2063 quemadmodum
1635 1998 1686 2044 in
1710 1998 1886 2056 anima,
1904 2006 1994 2044 etc.
2011 2019 2033 2042 »
2059 2001 2118 2044 Et
2139 2014 2330 2045 rursus:

192 2097 215 2121 <t
235 2078 372 2127 Circa
385 2080 790 2145 compositionem
806 2080 956 2139 enim,
970 2090 1059 2127 etc,
1079 2082 1237 2127 »Nota
1259 2078 1394 2143 quod
1418 2095 1531 2126 cum
1548 2078 1753 2125 dicimus
1776 2077 2041 2125 secundum
2065 2077 2330 2142 simplicem

186 2157 485 2207 intellectum
503 2159 713 2225 aliquam
726 2176 830 2208 rem
848 2159 925 2207 vel
941 2176 1053 2207 vere
1069 2159 1144 2207 vel
1165 2159 1283 2206 falso
1304 2158 1577 2219 deliberari,
1598 2168 1651 2205 ut
1672 2159 1712 2206 si
1735 2158 1946 2223 aliquam
1966 2174 2067 2207 rem
2080 2158 2328 2205 hominem

188 2238 264 2285 vel
288 2239 563 2288 chimaeram
587 2257 690 2288 esse
718 2239 985 2301 attendam,
1016 2256 1116 2287 non
1148 2240 1215 2287 ita
1238 2256 1339 2288 esse
1362 2238 1699 2304 accipiendum
1723 2248 1776 2286 ut
1793 2255 1880 2303 per
1908 2238 2173 2303 simplicem
2191 2237 2334 2285 intel—

187 2315 365 2366 lectum
395 2320 446 2367 id
467 2320 717 2380 faciamus,
755 2320 819 2368 ita
851 2320 1030 2368 scilicet
1063 2330 1115 2367 ut
1142 2321 1243 2385 ipse
1275 2320 1473 2384 simplex
1506 2318 1774 2366 intellectus
1801 2318 1984 2383 aliquid
2017 2335 2118 2366 esse
2151 2318 2333 2388 aliquid

188 2400 453 2465 concipiat,
479 2401 575 2448 hoc
606 2411 678 2449 est
706 2400 769 2448 ad
798 2400 894 2448 hoc
916 2400 1285 2464 intelligendum
1321 2399 1560 2460 sufficiat3
1598 2398 1731 2463 quod
1766 2414 2075 2463 nequaquam
2109 2409 2200 2458 est,
2237 2401 2331 2447 nisi

187 2482 525 2546 componentis
546 2481 816 2530 intellectus
853 2481 937 2545 qui
967 2498 1054 2547 per
1088 2481 1459 2529 affirmationem
1492 2479 1833 2545 exprimendus
1867 2489 1955 2538 est,
1983 2496 2082 2526 non
2115 2496 2201 2544 per
2223 2480 2331 2525 sim-

185 2559 363 2624 plicem
398 2561 679 2611 dictionem.
722 2565 806 2610 Est
834 2563 994 2627 itaque
1034 2561 1166 2609 aliud
1201 2560 1470 2609 secundum
1509 2559 1806 2608 intellectum
1838 2559 2046 2623 aliquem
2076 2558 2327 2606 deliberari

186 2639 385 2704 aliquid,
410 2641 540 2690 aliud
557 2659 644 2708 per
659 2642 956 2691 intellectum
973 2642 1225 2690 deliberari
1250 2641 1448 2706 aliquid,
1474 2641 1569 2688 hoc
1587 2650 1657 2687 est
1678 2640 1837 2705 ipsum
1859 2639 2075 2687 sufficere
2098 2640 2159 2688 ad
2184 2649 2329 2686 atten-

186 2719 398 2769 dendam
431 2739 787 2788 quamcumque
819 2740 991 2771 eorum
1024 2722 1419 2786 conjunctionem
1452 2721 1524 2768 vel
1560 2721 1872 2780 divisionem,
1910 2730 1961 2767 ut
1993 2737 2051 2767 ex
2081 2720 2175 2767 hoc
2206 2719 2329 2766 deli-

186 2799 371 2849 beratio
406 2803 506 2867 ipse
538 2803 773 2851 dicendus
804 2804 882 2851 sit.
923 2803 1005 2851 llle
1042 2804 1221 2868 quippe
1253 2801 1523 2849 intellectus
1557 2800 1821 2849 secundum
1858 2817 2003 2865 quem
2036 2799 2327 2848 deliberatur

187 2881 384 2946 aliquid,
403 2899 514 2948 pars
534 2894 604 2931 est
628 2883 938 2933 deliberantis
958 2883 1244 2945 intellectus,
1261 2883 1312 2930 in
1335 2898 1432 2947 qua
1448 2883 1519 2929 vis
1543 2882 1688 2929 totius
1711 2881 2068 2930 deliberationis
2090 2881 2324 2939 consistit,

187 2972 240 3009 ut
260 2973 371 3010 suut
393 2963 663 3012 intellectus
681 2964 1052 3030 praedicatorum
1078 2965 1414 3024 terminorum,
1443 2961 1589 3009 veluti
1613 2979 1724 3010 cum
1746 2961 1994 3010 hominem
2025 2978 2127 3010 esse
2146 2960 2324 3009 animal

187 3051 234 3089 et
254 3044 561 3106 margaritam
584 3061 684 3092 esse
706 3044 918 3111 lapidem
941 3045 1040 3092 sive
1064 3043 1223 3092 albam
1247 3043 1585 3109 proponimus.
1616 3042 1868 3106 Subjectus
1892 3043 2071 3108 quippe
2094 3042 2325 3090 terminus

187 3131 371 3170 tantum
395 3123 458 3171 ad
481 3125 811 3190 accipiendam
832 3142 933 3178 rem
953 3141 1100 3189 quam
1126 3123 1392 3171 deliberare
1411 3122 1637 3171 volumus
1661 3123 1877 3187 ponitur,
1903 3121 2187 3187 praedicatus
2208 3137 2324 3168 vero

185 3203 246 3251 ad
288 3204 619 3253 denotandum
659 3215 836 3254 statum
883 3204 1151 3253 secundum
1189 3221 1335 3268 quem
1375 3220 1480 3252 eam
1522 3202 1776 3251 deliberari
1820 3202 2072 3263 volumus,
2118 3202 2211 3249 boc
2259 3209 2326 3247 est

230 3388 235 3406 ¹
258 3386 390 3421 Aristot.
410 3389 449 3422 de
468 3390 662 3432 [mamm-ez„
684 3400 718 3432 p.
737 3393 789 3424 47.
810 3407 847 3414 -—
861 3389 872 3408 ²
891 3390 1005 3423 Boeth.
1025 3391 1057 3422 in
1075 3390 1151 3423 libr.
1169 3389 1207 3421 de
1227 3389 1421 3429 Interpret„
1445 3397 1480 3429 p.
1498 3390 1572 3422 305.
1593 3406 1633 3412 —
1651 3389 1662 3408 ³
1676 3389 1812 3421 Aristot.
1832 3388 1871 3420 de
1882 3389 2074 3429 Interprel.,
2096 3395 2128 3426 p.
2152 3387 2200 3418 15.
