<?xml version="1.0" encoding="UTF-8"?>
<!DOCTYPE html PUBLIC "-//W3C//DTD XHTML 1.0 Transitional//EN"
    "http://www.w3.org/TR/xhtml1/DTD/xhtml1-transitional.dtd">
<html xmlns="http://www.w3.org/1999/xhtml" xml:lang="en" lang="en">
 <head>
  <title>
</title>
<meta http-equiv="Content-Type" content="text/html;charset=utf-8" />
  <meta name='ocr-system' content='tesseract 3.04.00' />
  <meta name='ocr-capabilities' content='ocr_page ocr_carea ocr_par ocr_line ocrx_word'/>
</head>
<body>
  <div class='ocr_page' id='page_1' title='image "./operahactenusseo00abeluoft_0081.png"; bbox 0 0 2638 3866; ppageno 0'>
   <div class='ocr_carea' id='block_1_1' title="bbox 762 236 2327 288">
    <p class='ocr_par' dir='ltr' id='par_1_1' title="bbox 762 236 2327 288">
     <span class='ocr_line' id='line_1_1' title="bbox 762 236 2327 288; baseline -0.002 -1"><span class='ocrx_word' id='word_1_1' title='bbox 762 236 1158 288; x_wconf 83' lang='lat' dir='ltr'>INTRODUCTIO</span> <span class='ocrx_word' id='word_1_2' title='bbox 1193 237 1274 285; x_wconf 85' lang='lat' dir='ltr'><strong>AD</strong></span> <span class='ocrx_word' id='word_1_3' title='bbox 1306 236 1715 285; x_wconf 83' lang='lat' dir='ltr'><strong>THEOLOGlAM.</strong></span> <span class='ocrx_word' id='word_1_4' title='bbox 2273 237 2327 285; x_wconf 84' lang='grc'><strong>71</strong></span> 
     </span>
    </p>
   </div>
   <div class='ocr_carea' id='block_1_2' title="bbox 120 334 2339 3225">
    <p class='ocr_par' dir='ltr' id='par_1_2' title="bbox 120 334 2339 3225">
     <span class='ocr_line' id='line_1_2' title="bbox 183 334 2332 404; baseline -0.003 -14"><span class='ocrx_word' id='word_1_5' title='bbox 183 352 286 390; x_wconf 87' lang='lat' dir='ltr'><strong>tum</strong></span> <span class='ocrx_word' id='word_1_6' title='bbox 317 340 595 404; x_wconf 86' lang='lat' dir='ltr'><strong>indignetur</strong></span> <span class='ocrx_word' id='word_1_7' title='bbox 619 337 828 404; x_wconf 88' lang='lat' dir='ltr'><strong>aliquem</strong></span> <span class='ocrx_word' id='word_1_8' title='bbox 848 337 1100 386; x_wconf 92' lang='lat' dir='ltr'><strong>alumnum</strong></span> <span class='ocrx_word' id='word_1_9' title='bbox 1123 352 1264 384; x_wconf 90' lang='lat' dir='ltr'><strong>suum</strong></span> <span class='ocrx_word' id='word_1_10' title='bbox 1286 335 1349 384; x_wconf 90' lang='lat' dir='ltr'><strong>ad</strong></span> <span class='ocrx_word' id='word_1_11' title='bbox 1367 336 1695 384; x_wconf 83' lang='lat' dir='ltr'>meretriculas</span> <span class='ocrx_word' id='word_1_12' title='bbox 1716 336 1820 385; x_wconf 91' lang='lat' dir='ltr'><strong>illas</strong></span> <span class='ocrx_word' id='word_1_13' title='bbox 1842 351 2059 401; x_wconf 87' lang='lat' dir='ltr'><strong>unquam</strong></span> <span class='ocrx_word' id='word_1_14' title='bbox 2080 334 2332 395; x_wconf 83' lang='lat' dir='ltr'><strong>divertere,</strong></span> 
     </span>
     <span class='ocr_line' id='line_1_3' title="bbox 181 415 2337 488; baseline -0.003 -18"><span class='ocrx_word' id='word_1_15' title='bbox 181 423 230 470; x_wconf 90' lang='lat' dir='ltr'><strong>in</strong></span> <span class='ocrx_word' id='word_1_16' title='bbox 253 422 359 488; x_wconf 88' lang='lat' dir='ltr'><strong>ipso</strong></span> <span class='ocrx_word' id='word_1_17' title='bbox 379 420 514 469; x_wconf 92' lang='lat' dir='ltr'><strong>aditu</strong></span> <span class='ocrx_word' id='word_1_18' title='bbox 536 419 646 468; x_wconf 88' lang='lat' dir='ltr'>libri</span> <span class='ocrx_word' id='word_1_19' title='bbox 674 418 860 467; x_wconf 89' lang='lat' dir='ltr'><strong>Boethii</strong></span> <span class='ocrx_word' id='word_1_20' title='bbox 885 417 943 466; x_wconf 83' lang='lat' dir='ltr'><strong>de</strong></span> <span class='ocrx_word' id='word_1_21' title='bbox 958 416 1291 465; x_wconf 79' lang='lat' dir='ltr'><strong>Consolatione</strong></span> <span class='ocrx_word' id='word_1_22' title='bbox 1312 415 1631 482; x_wconf 43' lang='lat' dir='ltr'><strong>Philosophi&amp;</strong></span> <span class='ocrx_word' id='word_1_23' title='bbox 1652 416 1907 481; x_wconf 81' lang='lat' dir='ltr'><strong>diligenter</strong></span> <span class='ocrx_word' id='word_1_24' title='bbox 1928 416 2228 483; x_wconf 85' lang='lat' dir='ltr'><strong>exprimitur,</strong></span> <span class='ocrx_word' id='word_1_25' title='bbox 2254 417 2337 465; x_wconf 93' lang='lat' dir='ltr'><strong>ubi</strong></span> 
     </span>
     <span class='ocr_line' id='line_1_4' title="bbox 182 496 2334 568; baseline -0.002 -18"><span class='ocrx_word' id='word_1_26' title='bbox 182 502 244 549; x_wconf 91' lang='lat' dir='ltr'><strong>de</strong></span> <span class='ocrx_word' id='word_1_27' title='bbox 273 503 375 568; x_wconf 92' lang='lat' dir='ltr'><strong>ipsa</strong></span> <span class='ocrx_word' id='word_1_28' title='bbox 403 501 467 550; x_wconf 92' lang='lat' dir='ltr'><strong>ad</strong></span> <span class='ocrx_word' id='word_1_29' title='bbox 499 499 855 549; x_wconf 91' lang='lat' dir='ltr'><strong>consolandum</strong></span> <span class='ocrx_word' id='word_1_30' title='bbox 880 497 1229 564; x_wconf 89' lang='lat' dir='ltr'><strong>Philosophum</strong></span> <span class='ocrx_word' id='word_1_31' title='bbox 1253 497 1514 546; x_wconf 88' lang='lat' dir='ltr'><strong>accedente</strong></span> <span class='ocrx_word' id='word_1_32' title='bbox 1549 507 1597 545; x_wconf 87' lang='lat' dir='ltr'><strong>et</strong></span> <span class='ocrx_word' id='word_1_33' title='bbox 1619 498 1901 564; x_wconf 88' lang='lat' dir='ltr'><strong>inspiciente</strong></span> <span class='ocrx_word' id='word_1_34' title='bbox 1928 514 2082 559; x_wconf 90' lang='lat' dir='ltr'><strong>musa,</strong></span> <span class='ocrx_word' id='word_1_35' title='bbox 2118 496 2334 545; x_wconf 85' lang='lat' dir='ltr'><strong>Philoso—</strong></span> 
     </span>
     <span class='ocr_line' id='line_1_5' title="bbox 176 578 2339 648; baseline -0.002 -17"><span class='ocrx_word' id='word_1_36' title='bbox 176 581 296 647; x_wconf 71' lang='lat' dir='ltr'><strong>&#39;phia</strong></span> <span class='ocrx_word' id='word_1_37' title='bbox 313 582 405 648; x_wconf 90' lang='lat' dir='ltr'><strong>ipsi</strong></span> <span class='ocrx_word' id='word_1_38' title='bbox 425 581 691 643; x_wconf 83' lang='lat' dir='ltr'><strong>assistente,</strong></span> <span class='ocrx_word' id='word_1_39' title='bbox 707 582 910 647; x_wconf 87' lang='lat' dir='ltr'><strong>ipsemet</strong></span> <span class='ocrx_word' id='word_1_40' title='bbox 930 580 997 627; x_wconf 89' lang='lat' dir='ltr'><strong>ait</strong></span> <span class='ocrx_word' id='word_1_41' title='bbox 1018 578 1362 644; x_wconf 84' lang='lat' dir='ltr'><strong>Philosophus¹</strong></span> <span class='ocrx_word' id='word_1_42' title='bbox 1384 596 1394 625; x_wconf 75' lang='grc' dir='ltr'><strong><em>ε</em></strong></span> <span class='ocrx_word' id='word_1_43' title='bbox 1426 599 1448 623; x_wconf 76' lang='grc' dir='ltr'>α</span> <span class='ocrx_word' id='word_1_44' title='bbox 1472 580 1589 637; x_wconf 88' lang='lat' dir='ltr'><strong>Quae</strong></span> <span class='ocrx_word' id='word_1_45' title='bbox 1608 578 1694 626; x_wconf 92' lang='lat' dir='ltr'><strong>ubi</strong></span> <span class='ocrx_word' id='word_1_46' title='bbox 1712 579 1924 644; x_wconf 89' lang='lat' dir='ltr'><strong>poeticas</strong></span> <span class='ocrx_word' id='word_1_47' title='bbox 1945 594 2108 627; x_wconf 87' lang='lat' dir='ltr'><strong>musas</strong></span> <span class='ocrx_word' id='word_1_48' title='bbox 2126 578 2245 627; x_wconf 88' lang='lat' dir='ltr'><strong>vidit</strong></span> <span class='ocrx_word' id='word_1_49' title='bbox 2264 597 2339 628; x_wconf 91' lang='lat' dir='ltr'><strong>as-</strong></span> 
     </span>
     <span class='ocr_line' id='line_1_6' title="bbox 181 658 2337 726; baseline 0 -17"><span class='ocrx_word' id='word_1_50' title='bbox 181 662 398 711; x_wconf 86' lang='lat' dir='ltr'><strong>sistentes</strong></span> <span class='ocrx_word' id='word_1_51' title='bbox 418 671 586 710; x_wconf 89' lang='lat' dir='ltr'><strong>nostro</strong></span> <span class='ocrx_word' id='word_1_52' title='bbox 617 661 764 709; x_wconf 90' lang='lat' dir='ltr'><strong>thoro</strong></span> <span class='ocrx_word' id='word_1_53' title='bbox 779 699 792 723; x_wconf 94' lang='lat'><strong>,</strong></span> <span class='ocrx_word' id='word_1_54' title='bbox 821 659 1107 725; x_wconf 87' lang='lat' dir='ltr'><strong>fletibusque</strong></span> <span class='ocrx_word' id='word_1_55' title='bbox 1131 660 1251 708; x_wconf 91' lang='lat' dir='ltr'><strong>meis</strong></span> <span class='ocrx_word' id='word_1_56' title='bbox 1273 658 1421 708; x_wconf 88' lang='lat' dir='ltr'><strong>verba</strong></span> <span class='ocrx_word' id='word_1_57' title='bbox 1447 658 1707 719; x_wconf 85' lang='lat' dir='ltr'><strong>dictanteS,</strong></span> <span class='ocrx_word' id='word_1_58' title='bbox 1737 669 1983 707; x_wconf 88' lang='lat' dir='ltr'><strong>commota</strong></span> <span class='ocrx_word' id='word_1_59' title='bbox 2012 660 2255 726; x_wconf 89' lang='lat' dir='ltr'><strong>paulisper</strong></span> <span class='ocrx_word' id='word_1_60' title='bbox 2282 677 2337 709; x_wconf 91' lang='lat' dir='ltr'><strong>ac</strong></span> 
     </span>
     <span class='ocr_line' id='line_1_7' title="bbox 180 739 2337 806; baseline 0 -17"><span class='ocrx_word' id='word_1_61' title='bbox 180 743 329 790; x_wconf 90' lang='lat' dir='ltr'><strong>torvis</strong></span> <span class='ocrx_word' id='word_1_62' title='bbox 351 742 648 791; x_wconf 88' lang='lat' dir='ltr'><strong>inflammata</strong></span> <span class='ocrx_word' id='word_1_63' title='bbox 670 740 935 791; x_wconf 90' lang='lat' dir='ltr'><strong>luminibus</strong></span> <span class='ocrx_word' id='word_1_64' title='bbox 961 759 973 788; x_wconf 78' lang='lat' dir='ltr'><strong>t</strong></span> <span class='ocrx_word' id='word_1_65' title='bbox 999 740 1186 802; x_wconf 88' lang='lat' dir='ltr'><strong>«Quis,</strong></span> <span class='ocrx_word' id='word_1_66' title='bbox 1214 741 1395 806; x_wconf 90' lang='lat' dir='ltr'><strong>inquit,</strong></span> <span class='ocrx_word' id='word_1_67' title='bbox 1423 739 1511 788; x_wconf 92' lang='lat' dir='ltr'><strong>has</strong></span> <span class='ocrx_word' id='word_1_68' title='bbox 1533 740 1746 788; x_wconf 89' lang='lat' dir='ltr'><strong>scenicas</strong></span> <span class='ocrx_word' id='word_1_69' title='bbox 1770 739 2099 788; x_wconf 86' lang='lat' dir='ltr'><strong>meretriculas</strong></span> <span class='ocrx_word' id='word_1_70' title='bbox 2126 741 2337 790; x_wconf 88' lang='lat' dir='ltr'><strong>adhunc</strong></span> 
     </span>
     <span class='ocr_line' id='line_1_8' title="bbox 179 820 2333 889; baseline -0 -18"><span class='ocrx_word' id='word_1_71' title='bbox 179 839 359 887; x_wconf 78' lang='lat' dir='ltr'><strong>aegrum</strong></span> <span class='ocrx_word' id='word_1_72' title='bbox 396 823 613 889; x_wconf 90' lang='lat' dir='ltr'><strong>permisit</strong></span> <span class='ocrx_word' id='word_1_73' title='bbox 643 822 894 881; x_wconf 82' lang='lat' dir='ltr'><strong>accedere,</strong></span> <span class='ocrx_word' id='word_1_74' title='bbox 921 838 1026 888; x_wconf 86' lang='lat' dir='ltr'><strong>quae</strong></span> <span class='ocrx_word' id='word_1_75' title='bbox 1048 820 1243 870; x_wconf 90' lang='lat' dir='ltr'><strong>dolores</strong></span> <span class='ocrx_word' id='word_1_76' title='bbox 1262 821 1364 886; x_wconf 93' lang='lat' dir='ltr'><strong>ejus</strong></span> <span class='ocrx_word' id='word_1_77' title='bbox 1386 837 1486 869; x_wconf 92' lang='lat' dir='ltr'><strong>non</strong></span> <span class='ocrx_word' id='word_1_78' title='bbox 1508 820 1660 868; x_wconf 92' lang='lat' dir='ltr'><strong>modo</strong></span> <span class='ocrx_word' id='word_1_79' title='bbox 1682 820 1827 869; x_wconf 91' lang='lat' dir='ltr'><strong>nullis</strong></span> <span class='ocrx_word' id='word_1_80' title='bbox 1849 820 2076 868; x_wconf 86' lang='lat' dir='ltr'><strong>remediis</strong></span> <span class='ocrx_word' id='word_1_81' title='bbox 2099 820 2333 882; x_wconf 82' lang='lat' dir='ltr'><strong>foverent,</strong></span> 
     </span>
     <span class='ocr_line' id='line_1_9' title="bbox 180 899 2339 970; baseline 0 -20"><span class='ocrx_word' id='word_1_82' title='bbox 180 919 348 952; x_wconf 89' lang='lat' dir='ltr'><strong>verum</strong></span> <span class='ocrx_word' id='word_1_83' title='bbox 375 905 573 970; x_wconf 90' lang='lat' dir='ltr'><strong>insuper</strong></span> <span class='ocrx_word' id='word_1_84' title='bbox 598 903 825 951; x_wconf 87' lang='lat' dir='ltr'><strong>dulcibus</strong></span> <span class='ocrx_word' id='word_1_85' title='bbox 850 903 1035 952; x_wconf 90' lang='lat' dir='ltr'><strong>alerent</strong></span> <span class='ocrx_word' id='word_1_86' title='bbox 1060 899 1296 951; x_wconf 78' lang='lat' dir='ltr'><strong>venenis?</strong></span> <span class='ocrx_word' id='word_1_87' title='bbox 1323 905 1406 950; x_wconf 80' lang='lat' dir='ltr'><strong>Hae</strong></span> <span class='ocrx_word' id='word_1_88' title='bbox 1435 911 1548 950; x_wconf 91' lang='lat' dir='ltr'><strong>sunt</strong></span> <span class='ocrx_word' id='word_1_89' title='bbox 1583 902 1714 949; x_wconf 91' lang='lat' dir='ltr'><strong>enim</strong></span> <span class='ocrx_word' id='word_1_90' title='bbox 1738 918 1844 966; x_wconf 87' lang='lat' dir='ltr'><strong>quae</strong></span> <span class='ocrx_word' id='word_1_91' title='bbox 1867 902 2176 950; x_wconf 83' lang='lat' dir='ltr'><strong>infructuosis</strong></span> <span class='ocrx_word' id='word_1_92' title='bbox 2196 903 2339 951; x_wconf 73' lang='lat' dir='ltr'><strong>affec-</strong></span> 
     </span>
     <span class='ocr_line' id='line_1_10' title="bbox 179 982 2338 1051; baseline 0 -19"><span class='ocrx_word' id='word_1_93' title='bbox 179 995 316 1033; x_wconf 91' lang='lat' dir='ltr'><strong>tuum</strong></span> <span class='ocrx_word' id='word_1_94' title='bbox 339 985 489 1051; x_wconf 90' lang='lat' dir='ltr'><strong>spinis</strong></span> <span class='ocrx_word' id='word_1_95' title='bbox 511 985 713 1033; x_wconf 90' lang='lat' dir='ltr'><strong>uberem</strong></span> <span class='ocrx_word' id='word_1_96' title='bbox 734 983 968 1033; x_wconf 80' lang='lat' dir='ltr'><strong>fructibus</strong></span> <span class='ocrx_word' id='word_1_97' title='bbox 989 984 1190 1032; x_wconf 91' lang='lat' dir='ltr'><strong>rationis</strong></span> <span class='ocrx_word' id='word_1_98' title='bbox 1212 992 1420 1047; x_wconf 86' lang='lat' dir='ltr'><strong>segetem</strong></span> <span class='ocrx_word' id='word_1_99' title='bbox 1440 993 1614 1032; x_wconf 90' lang='lat' dir='ltr'><strong>necant</strong></span> <span class='ocrx_word' id='word_1_100' title='bbox 1629 1019 1641 1042; x_wconf 92' lang='lat'><strong>,</strong></span> <span class='ocrx_word' id='word_1_101' title='bbox 1677 982 2031 1048; x_wconf 91' lang='lat' dir='ltr'><strong>hominumque</strong></span> <span class='ocrx_word' id='word_1_102' title='bbox 2054 993 2239 1031; x_wconf 86' lang='lat' dir='ltr'><strong>mentes</strong></span> <span class='ocrx_word' id='word_1_103' title='bbox 2263 1001 2338 1032; x_wconf 86' lang='lat' dir='ltr'><strong>as-</strong></span> 
     </span>
     <span class='ocr_line' id='line_1_11' title="bbox 179 1054 2338 1130; baseline 0 -18"><span class='ocrx_word' id='word_1_104' title='bbox 179 1054 451 1114; x_wconf 37' lang='lat' dir='ltr'><strong>suefaciunt*</strong></span> <span class='ocrx_word' id='word_1_105' title='bbox 467 1065 644 1113; x_wconf 90' lang='lat' dir='ltr'><strong>morbo</strong></span> <span class='ocrx_word' id='word_1_106' title='bbox 660 1102 674 1127; x_wconf 85' lang='lat'><strong>,</strong></span> <span class='ocrx_word' id='word_1_107' title='bbox 714 1081 816 1114; x_wconf 89' lang='lat' dir='ltr'><strong>non</strong></span> <span class='ocrx_word' id='word_1_108' title='bbox 843 1063 1068 1113; x_wconf 88' lang='lat' dir='ltr'><strong>liberant.</strong></span> <span class='ocrx_word' id='word_1_109' title='bbox 1097 1067 1154 1111; x_wconf 91' lang='lat' dir='ltr'><strong>At</strong></span> <span class='ocrx_word' id='word_1_110' title='bbox 1175 1064 1214 1112; x_wconf 92' lang='lat' dir='ltr'><strong>si</strong></span> <span class='ocrx_word' id='word_1_111' title='bbox 1236 1080 1383 1129; x_wconf 90' lang='lat' dir='ltr'><strong>quem</strong></span> <span class='ocrx_word' id='word_1_112' title='bbox 1400 1064 1678 1130; x_wconf 89' lang='lat' dir='ltr'><strong>profanum,</strong></span> <span class='ocrx_word' id='word_1_113' title='bbox 1707 1073 1762 1111; x_wconf 86' lang='lat' dir='ltr'><strong>ut</strong></span> <span class='ocrx_word' id='word_1_114' title='bbox 1782 1063 1928 1128; x_wconf 83' lang='lat' dir='ltr'><strong>vulgo</strong></span> <span class='ocrx_word' id='word_1_115' title='bbox 1957 1064 2171 1124; x_wconf 88' lang='lat' dir='ltr'><strong>solitum,</strong></span> <span class='ocrx_word' id='word_1_116' title='bbox 2199 1064 2338 1112; x_wconf 90' lang='lat' dir='ltr'><strong>nobis</strong></span> 
     </span>
     <span class='ocr_line' id='line_1_12' title="bbox 178 1143 2337 1211; baseline 0 -18"><span class='ocrx_word' id='word_1_117' title='bbox 178 1145 421 1194; x_wconf 81' lang='lat' dir='ltr'><strong>blanditiae</strong></span> <span class='ocrx_word' id='word_1_118' title='bbox 456 1156 621 1194; x_wconf 86' lang='lat' dir='ltr'><strong>vestrae</strong></span> <span class='ocrx_word' id='word_1_119' title='bbox 645 1146 981 1206; x_wconf 86' lang='lat' dir='ltr'><strong>detraherent,</strong></span> <span class='ocrx_word' id='word_1_120' title='bbox 1010 1145 1172 1192; x_wconf 90' lang='lat' dir='ltr'><strong>minus</strong></span> <span class='ocrx_word' id='word_1_121' title='bbox 1208 1144 1408 1193; x_wconf 87' lang='lat' dir='ltr'><strong>moleste</strong></span> <span class='ocrx_word' id='word_1_122' title='bbox 1436 1143 1687 1192; x_wconf 88' lang='lat' dir='ltr'><strong>ferendum</strong></span> <span class='ocrx_word' id='word_1_123' title='bbox 1717 1154 1960 1210; x_wconf 91' lang='lat' dir='ltr'><strong>putarem.</strong></span> <span class='ocrx_word' id='word_1_124' title='bbox 1997 1144 2123 1192; x_wconf 88' lang='lat' dir='ltr'><strong>Nihil</strong></span> <span class='ocrx_word' id='word_1_125' title='bbox 2157 1146 2337 1211; x_wconf 88' lang='lat' dir='ltr'><strong>quippe</strong></span> 
     </span>
     <span class='ocr_line' id='line_1_13' title="bbox 178 1225 2332 1292; baseline 0 -19"><span class='ocrx_word' id='word_1_126' title='bbox 178 1226 227 1273; x_wconf 90' lang='lat' dir='ltr'><strong>in</strong></span> <span class='ocrx_word' id='word_1_127' title='bbox 251 1243 311 1275; x_wconf 93' lang='lat' dir='ltr'><strong>eo</strong></span> <span class='ocrx_word' id='word_1_128' title='bbox 334 1236 507 1275; x_wconf 77' lang='lat' dir='ltr'><strong>nostrae</strong></span> <span class='ocrx_word' id='word_1_129' title='bbox 529 1243 686 1292; x_wconf 88' lang='lat' dir='ltr'><strong>operae</strong></span> <span class='ocrx_word' id='word_1_130' title='bbox 708 1226 1014 1275; x_wconf 76' lang='lat' dir='ltr'><strong>laederentur.</strong></span> <span class='ocrx_word' id='word_1_131' title='bbox 1042 1228 1184 1273; x_wconf 89' lang='lat' dir='ltr'><strong>Hunc</strong></span> <span class='ocrx_word' id='word_1_132' title='bbox 1206 1241 1324 1273; x_wconf 88' lang='lat' dir='ltr'><strong>vero</strong></span> <span class='ocrx_word' id='word_1_133' title='bbox 1350 1225 1570 1273; x_wconf 88' lang='lat' dir='ltr'><strong>Eleaticis</strong></span> <span class='ocrx_word' id='word_1_134' title='bbox 1587 1235 1730 1290; x_wconf 90' lang='lat' dir='ltr'><strong>atque</strong></span> <span class='ocrx_word' id='word_1_135' title='bbox 1751 1226 2047 1274; x_wconf 85' lang='lat' dir='ltr'><strong>Academicis</strong></span> <span class='ocrx_word' id='word_1_136' title='bbox 2069 1226 2238 1274; x_wconf 90' lang='lat' dir='ltr'><strong>studiis</strong></span> <span class='ocrx_word' id='word_1_137' title='bbox 2260 1227 2332 1273; x_wconf 91' lang='lat' dir='ltr'><strong>in-</strong></span> 
     </span>
     <span class='ocr_line' id='line_1_14' title="bbox 179 1306 2336 1374; baseline 0.001 -21"><span class='ocrx_word' id='word_1_138' title='bbox 179 1307 445 1355; x_wconf 81' lang='lat' dir='ltr'><strong>nutritum?</strong></span> <span class='ocrx_word' id='word_1_139' title='bbox 463 1307 558 1356; x_wconf 93' lang='lat' dir='ltr'><strong>Sed</strong></span> <span class='ocrx_word' id='word_1_140' title='bbox 579 1307 710 1355; x_wconf 90' lang='lat' dir='ltr'><strong>abite</strong></span> <span class='ocrx_word' id='word_1_141' title='bbox 725 1308 904 1374; x_wconf 88' lang='lat' dir='ltr'><strong>potius,</strong></span> <span class='ocrx_word' id='word_1_142' title='bbox 925 1323 956 1355; x_wconf 92' lang='lat' dir='ltr'><strong>o</strong></span> <span class='ocrx_word' id='word_1_143' title='bbox 975 1307 1167 1355; x_wconf 88' lang='lat' dir='ltr'><strong>Sirenes</strong></span> <span class='ocrx_word' id='word_1_144' title='bbox 1189 1323 1340 1372; x_wconf 91' lang='lat' dir='ltr'><strong>usque</strong></span> <span class='ocrx_word' id='word_1_145' title='bbox 1359 1307 1410 1354; x_wconf 93' lang='lat' dir='ltr'><strong>in</strong></span> <span class='ocrx_word' id='word_1_146' title='bbox 1432 1306 1649 1355; x_wconf 89' lang='lat' dir='ltr'><strong>exsilium</strong></span> <span class='ocrx_word' id='word_1_147' title='bbox 1665 1306 1847 1367; x_wconf 86' lang='lat' dir='ltr'><strong>dulces,</strong></span> <span class='ocrx_word' id='word_1_148' title='bbox 1866 1308 2080 1371; x_wconf 90' lang='lat' dir='ltr'><strong>meisque</strong></span> <span class='ocrx_word' id='word_1_149' title='bbox 2102 1323 2214 1354; x_wconf 92' lang='lat' dir='ltr'><strong>eum</strong></span> <span class='ocrx_word' id='word_1_150' title='bbox 2233 1325 2336 1356; x_wconf 89' lang='lat' dir='ltr'><strong>mu-</strong></span> 
     </span>
     <span class='ocr_line' id='line_1_15' title="bbox 177 1386 2335 1453; baseline 0 -19"><span class='ocrx_word' id='word_1_151' title='bbox 177 1388 238 1434; x_wconf 90' lang='lat' dir='ltr'><strong>sis</strong></span> <span class='ocrx_word' id='word_1_152' title='bbox 262 1388 533 1436; x_wconf 89' lang='lat' dir='ltr'><strong>curandum</strong></span> <span class='ocrx_word' id='word_1_153' title='bbox 559 1388 928 1453; x_wconf 88' lang='lat' dir='ltr'><strong>sanandumque</strong></span> <span class='ocrx_word' id='word_1_154' title='bbox 952 1387 1225 1452; x_wconf 89' lang='lat' dir='ltr'><strong>relinquite.</strong></span> <span class='ocrx_word' id='word_1_155' title='bbox 1243 1407 1265 1431; x_wconf 87' lang='lat'>»</span> <span class='ocrx_word' id='word_1_156' title='bbox 1290 1388 1375 1434; x_wconf 89' lang='lat' dir='ltr'><strong>His</strong></span> <span class='ocrx_word' id='word_1_157' title='bbox 1399 1387 1479 1434; x_wconf 92' lang='lat' dir='ltr'><strong>ille</strong></span> <span class='ocrx_word' id='word_1_158' title='bbox 1502 1386 1681 1435; x_wconf 89' lang='lat' dir='ltr'><strong>chorus</strong></span> <span class='ocrx_word' id='word_1_159' title='bbox 1695 1387 1975 1452; x_wconf 88' lang='lat' dir='ltr'><strong>increpitus,</strong></span> <span class='ocrx_word' id='word_1_160' title='bbox 2002 1387 2175 1451; x_wconf 86' lang='lat' dir='ltr'><strong>dejecit</strong></span> <span class='ocrx_word' id='word_1_161' title='bbox 2201 1388 2214 1434; x_wconf 95' lang='lat' dir='ltr'><strong>l</strong></span> <span class='ocrx_word' id='word_1_162' title='bbox 2322 1393 2335 1436; x_wconf 88' lang='lat' dir='ltr'><strong>i</strong></span> 
     </span>
     <span class='ocr_line' id='line_1_16' title="bbox 179 1405 2339 1532; baseline 0 -17"><span class='ocrx_word' id='word_1_163' title='bbox 179 1468 394 1516; x_wconf 90' lang='lat' dir='ltr'><strong>moestior</strong></span> <span class='ocrx_word' id='word_1_164' title='bbox 414 1468 628 1531; x_wconf 87' lang='lat' dir='ltr'><strong>vultum,</strong></span> <span class='ocrx_word' id='word_1_165' title='bbox 657 1469 1000 1532; x_wconf 89' lang='lat' dir='ltr'><strong>confessusque</strong></span> <span class='ocrx_word' id='word_1_166' title='bbox 1037 1466 1216 1515; x_wconf 87' lang='lat' dir='ltr'><strong>rubore</strong></span> <span class='ocrx_word' id='word_1_167' title='bbox 1241 1466 1609 1529; x_wconf 83' lang='lat' dir='ltr'><strong>verecundiam,</strong></span> <span class='ocrx_word' id='word_1_168' title='bbox 1637 1467 1781 1516; x_wconf 90' lang='lat' dir='ltr'><strong>limen</strong></span> <span class='ocrx_word' id='word_1_169' title='bbox 1818 1468 1965 1516; x_wconf 88' lang='lat' dir='ltr'><strong>tristis</strong></span> <span class='ocrx_word' id='word_1_170' title='bbox 1995 1405 2339 1516; x_wconf 47' lang='lat' dir='ltr'><strong>excessitfflt</strong></span> 
     </span>
     <span class='ocr_line' id='line_1_17' title="bbox 179 1547 2338 1613; baseline 0 -18"><span class='ocrx_word' id='word_1_171' title='bbox 179 1548 375 1596; x_wconf 86' lang='lat' dir='ltr'><strong>fortasse</strong></span> <span class='ocrx_word' id='word_1_172' title='bbox 398 1549 586 1613; x_wconf 92' lang='lat' dir='ltr'><strong>inquies</strong></span> <span class='ocrx_word' id='word_1_173' title='bbox 619 1565 718 1595; x_wconf 91' lang='lat' dir='ltr'><strong>non</strong></span> <span class='ocrx_word' id='word_1_174' title='bbox 742 1548 901 1596; x_wconf 91' lang='lat' dir='ltr'><strong>solum</strong></span> <span class='ocrx_word' id='word_1_175' title='bbox 933 1557 1414 1613; x_wconf 89' lang='lat' dir='ltr'><strong>poetarum,-verum</strong></span> <span class='ocrx_word' id='word_1_176' title='bbox 1441 1548 1584 1596; x_wconf 90' lang='lat' dir='ltr'><strong>etiam</strong></span> <span class='ocrx_word' id='word_1_177' title='bbox 1608 1547 1881 1596; x_wconf 92' lang='lat' dir='ltr'><strong>liberalium</strong></span> <span class='ocrx_word' id='word_1_178' title='bbox 1904 1549 2078 1595; x_wconf 89' lang='lat' dir='ltr'><strong>artium</strong></span> <span class='ocrx_word' id='word_1_179' title='bbox 2108 1548 2338 1597; x_wconf 87' lang='lat' dir='ltr'><strong>lectiones</strong></span> 
     </span>
     <span class='ocr_line' id='line_1_18' title="bbox 178 1627 2339 1694; baseline 0.002 -20"><span class='ocrx_word' id='word_1_180' title='bbox 178 1627 467 1677; x_wconf 86' lang='lat' dir='ltr'><strong>Christianis</strong></span> <span class='ocrx_word' id='word_1_181' title='bbox 493 1628 874 1690; x_wconf 89' lang='lat' dir='ltr'><strong>interdicendas,</strong></span> <span class='ocrx_word' id='word_1_182' title='bbox 914 1644 1028 1675; x_wconf 91' lang='lat' dir='ltr'><strong>cum</strong></span> <span class='ocrx_word' id='word_1_183' title='bbox 1061 1631 1113 1675; x_wconf 89' lang='lat' dir='ltr'><strong>B.</strong></span> <span class='ocrx_word' id='word_1_184' title='bbox 1143 1628 1467 1693; x_wconf 88' lang='lat' dir='ltr'><strong>Hieronymus</strong></span> <span class='ocrx_word' id='word_1_185' title='bbox 1502 1629 1551 1676; x_wconf 94' lang='lat' dir='ltr'><strong>in</strong></span> <span class='ocrx_word' id='word_1_186' title='bbox 1583 1629 1796 1694; x_wconf 79' lang='lat' dir='ltr'><strong>Epistola</strong></span> <span class='ocrx_word' id='word_1_187' title='bbox 1823 1628 1891 1675; x_wconf 85' lang='lat' dir='ltr'><strong>ad</strong></span> <span class='ocrx_word' id='word_1_188' title='bbox 1911 1629 2253 1676; x_wconf 78' lang='lat' dir='ltr'><strong>Eustochium²</strong></span> <span class='ocrx_word' id='word_1_189' title='bbox 2290 1647 2339 1678; x_wconf 86' lang='lat' dir='ltr'><strong>se</strong></span> 
     </span>
     <span class='ocr_line' id='line_1_19' title="bbox 178 1707 2339 1774; baseline 0.001 -19"><span class='ocrx_word' id='word_1_190' title='bbox 178 1709 382 1771; x_wconf 88' lang='lat' dir='ltr'><strong>graviter</strong></span> <span class='ocrx_word' id='word_1_191' title='bbox 414 1719 687 1756; x_wconf 89' lang='lat' dir='ltr'><strong>correctum</strong></span> <span class='ocrx_word' id='word_1_192' title='bbox 717 1724 774 1755; x_wconf 89' lang='lat' dir='ltr'><strong>ac</strong></span> <span class='ocrx_word' id='word_1_193' title='bbox 797 1707 1104 1756; x_wconf 90' lang='lat' dir='ltr'><strong>verberatum</strong></span> <span class='ocrx_word' id='word_1_194' title='bbox 1129 1724 1158 1756; x_wconf 90' lang='lat' dir='ltr'><strong>a</strong></span> <span class='ocrx_word' id='word_1_195' title='bbox 1181 1708 1398 1756; x_wconf 91' lang='lat' dir='ltr'><strong>Domino</strong></span> <span class='ocrx_word' id='word_1_196' title='bbox 1420 1724 1511 1774; x_wconf 92' lang='lat' dir='ltr'><strong>pro</strong></span> <span class='ocrx_word' id='word_1_197' title='bbox 1531 1708 1739 1757; x_wconf 87' lang='lat' dir='ltr'><strong>lectione</strong></span> <span class='ocrx_word' id='word_1_198' title='bbox 1760 1708 2168 1774; x_wconf 87' lang='lat' dir='ltr'><strong>philosophorum</strong></span> <span class='ocrx_word' id='word_1_199' title='bbox 2194 1710 2339 1758; x_wconf 88' lang='lat' dir='ltr'><strong>libro-</strong></span> 
     </span>
     <span class='ocr_line' id='line_1_20' title="bbox 177 1787 2335 1853; baseline 0.002 -19"><span class='ocrx_word' id='word_1_200' title='bbox 177 1804 286 1836; x_wconf 90' lang='lat' dir='ltr'><strong>rum</strong></span> <span class='ocrx_word' id='word_1_201' title='bbox 321 1797 516 1836; x_wconf 87' lang='lat' dir='ltr'><strong>asserat.</strong></span> <span class='ocrx_word' id='word_1_202' title='bbox 558 1791 616 1837; x_wconf 82' lang='lat' dir='ltr'><strong>At</strong></span> <span class='ocrx_word' id='word_1_203' title='bbox 657 1789 758 1851; x_wconf 88' lang='lat' dir='ltr'><strong>jam</strong></span> <span class='ocrx_word' id='word_1_204' title='bbox 788 1787 1007 1853; x_wconf 86' lang='lat' dir='ltr'><strong>profecto</strong></span> <span class='ocrx_word' id='word_1_205' title='bbox 1056 1804 1147 1836; x_wconf 92' lang='lat' dir='ltr'><strong>nec</strong></span> <span class='ocrx_word' id='word_1_206' title='bbox 1191 1789 1553 1852; x_wconf 84' lang='lat' dir='ltr'><strong>grammaticam</strong></span> <span class='ocrx_word' id='word_1_207' title='bbox 1589 1806 1616 1837; x_wconf 93' lang='lat' dir='ltr'><strong>a</strong></span> <span class='ocrx_word' id='word_1_208' title='bbox 1654 1789 1926 1838; x_wconf 90' lang='lat' dir='ltr'><strong>Christiano</strong></span> <span class='ocrx_word' id='word_1_209' title='bbox 1964 1790 2056 1853; x_wconf 91' lang='lat' dir='ltr'><strong>legi</strong></span> <span class='ocrx_word' id='word_1_210' title='bbox 2092 1793 2335 1849; x_wconf 89' lang='lat' dir='ltr'><strong>convenit,</strong></span> 
     </span>
     <span class='ocr_line' id='line_1_21' title="bbox 175 1868 2334 1937; baseline 0.002 -22"><span class='ocrx_word' id='word_1_211' title='bbox 175 1869 277 1916; x_wconf 91' lang='lat' dir='ltr'><strong>sine</strong></span> <span class='ocrx_word' id='word_1_212' title='bbox 308 1869 614 1917; x_wconf 88' lang='lat' dir='ltr'><strong>documentis</strong></span> <span class='ocrx_word' id='word_1_213' title='bbox 636 1868 773 1933; x_wconf 90' lang='lat' dir='ltr'><strong>cujus</strong></span> <span class='ocrx_word' id='word_1_214' title='bbox 802 1884 892 1916; x_wconf 90' lang='lat' dir='ltr'><strong>nec</strong></span> <span class='ocrx_word' id='word_1_215' title='bbox 922 1868 1085 1918; x_wconf 89' lang='lat' dir='ltr'><strong>divina</strong></span> <span class='ocrx_word' id='word_1_216' title='bbox 1108 1879 1267 1935; x_wconf 89' lang='lat' dir='ltr'><strong>potest</strong></span> <span class='ocrx_word' id='word_1_217' title='bbox 1297 1869 1497 1935; x_wconf 86' lang='lat' dir='ltr'><strong>intelligi</strong></span> <span class='ocrx_word' id='word_1_218' title='bbox 1526 1870 1702 1937; x_wconf 89' lang='lat' dir='ltr'><strong>pagina</strong></span> <span class='ocrx_word' id='word_1_219' title='bbox 1720 1908 1732 1931; x_wconf 91' lang='lat'><strong>,</strong></span> <span class='ocrx_word' id='word_1_220' title='bbox 1764 1886 1855 1919; x_wconf 86' lang='lat' dir='ltr'><strong>nec</strong></span> <span class='ocrx_word' id='word_1_221' title='bbox 1883 1872 2119 1936; x_wconf 89' lang='lat' dir='ltr'><strong>scriptura</strong></span> <span class='ocrx_word' id='word_1_222' title='bbox 2146 1871 2334 1937; x_wconf 82' lang='lat' dir='ltr'><strong>aliqua3</strong></span> 
     </span>
     <span class='ocr_line' id='line_1_22' title="bbox 178 1949 2339 2017; baseline 0.002 -21"><span class='ocrx_word' id='word_1_223' title='bbox 178 1950 247 1996; x_wconf 90' lang='lat' dir='ltr'><strong>sic</strong></span> <span class='ocrx_word' id='word_1_224' title='bbox 282 1966 373 1997; x_wconf 91' lang='lat' dir='ltr'><strong>nec</strong></span> <span class='ocrx_word' id='word_1_225' title='bbox 409 1949 733 2009; x_wconf 83' lang='lat' dir='ltr'><strong>Rhetoricam,</strong></span> <span class='ocrx_word' id='word_1_226' title='bbox 774 1966 881 2014; x_wconf 86' lang='lat' dir='ltr'><strong>quae</strong></span> <span class='ocrx_word' id='word_1_227' title='bbox 904 1950 1063 1998; x_wconf 87' lang='lat' dir='ltr'><strong>omnis</strong></span> <span class='ocrx_word' id='word_1_228' title='bbox 1100 1949 1388 2015; x_wconf 77' lang='lat' dir='ltr'><strong>eloquentiae</strong></span> <span class='ocrx_word' id='word_1_229' title='bbox 1421 1950 1566 2000; x_wconf 89' lang='lat' dir='ltr'><strong>tradit</strong></span> <span class='ocrx_word' id='word_1_230' title='bbox 1590 1961 1891 2012; x_wconf 83' lang='lat' dir='ltr'><strong>ornamenta,</strong></span> <span class='ocrx_word' id='word_1_231' title='bbox 1922 1953 2100 2017; x_wconf 90' lang='lat' dir='ltr'><strong>quibus</strong></span> <span class='ocrx_word' id='word_1_232' title='bbox 2135 1955 2339 2002; x_wconf 84' lang='lat' dir='ltr'><strong>maxime</strong></span> 
     </span>
     <span class='ocr_line' id='line_1_23' title="bbox 174 2030 2335 2098; baseline 0.002 -21"><span class='ocrx_word' id='word_1_233' title='bbox 174 2046 306 2078; x_wconf 89' lang='lat' dir='ltr'><strong>sacra</strong></span> <span class='ocrx_word' id='word_1_234' title='bbox 338 2031 582 2095; x_wconf 87' lang='lat' dir='ltr'><strong>Scriptura</strong></span> <span class='ocrx_word' id='word_1_235' title='bbox 617 2039 689 2078; x_wconf 88' lang='lat' dir='ltr'><strong>est</strong></span> <span class='ocrx_word' id='word_1_236' title='bbox 719 2030 914 2092; x_wconf 88' lang='lat' dir='ltr'><strong>referta,</strong></span> <span class='ocrx_word' id='word_1_237' title='bbox 954 2047 1045 2079; x_wconf 91' lang='lat' dir='ltr'><strong>nec</strong></span> <span class='ocrx_word' id='word_1_238' title='bbox 1082 2031 1184 2096; x_wconf 89' lang='lat' dir='ltr'><strong>ejus</strong></span> <span class='ocrx_word' id='word_1_239' title='bbox 1210 2030 1360 2079; x_wconf 89' lang='lat' dir='ltr'><strong>decor</strong></span> <span class='ocrx_word' id='word_1_240' title='bbox 1383 2032 1474 2080; x_wconf 91' lang='lat' dir='ltr'><strong>nisi</strong></span> <span class='ocrx_word' id='word_1_241' title='bbox 1495 2031 1572 2080; x_wconf 90' lang='lat' dir='ltr'><strong>his</strong></span> <span class='ocrx_word' id='word_1_242' title='bbox 1595 2033 1848 2096; x_wconf 90' lang='lat' dir='ltr'><strong>diligenter</strong></span> <span class='ocrx_word' id='word_1_243' title='bbox 1870 2033 2119 2098; x_wconf 88' lang='lat' dir='ltr'><strong>assignatis</strong></span> <span class='ocrx_word' id='word_1_244' title='bbox 2148 2034 2335 2082; x_wconf 86' lang='lat' dir='ltr'><strong>elucere</strong></span> 
     </span>
     <span class='ocr_line' id='line_1_24' title="bbox 175 2111 2332 2179; baseline 0.002 -21"><span class='ocrx_word' id='word_1_245' title='bbox 175 2111 366 2175; x_wconf 90' lang='lat' dir='ltr'><strong>poterit.</strong></span> <span class='ocrx_word' id='word_1_246' title='bbox 386 2114 548 2170; x_wconf 88' lang='lat' dir='ltr'><strong>Quare</strong></span> <span class='ocrx_word' id='word_1_247' title='bbox 569 2112 728 2175; x_wconf 89' lang='lat' dir='ltr'><strong>igitur,</strong></span> <span class='ocrx_word' id='word_1_248' title='bbox 751 2112 958 2176; x_wconf 88' lang='lat' dir='ltr'><strong>inquies,</strong></span> <span class='ocrx_word' id='word_1_249' title='bbox 978 2121 1178 2177; x_wconf 90' lang='lat' dir='ltr'><strong>propter</strong></span> <span class='ocrx_word' id='word_1_250' title='bbox 1192 2112 1437 2160; x_wconf 89' lang='lat' dir='ltr'><strong>Ciceronis</strong></span> <span class='ocrx_word' id='word_1_251' title='bbox 1460 2111 1608 2160; x_wconf 90' lang='lat' dir='ltr'><strong>libros</strong></span> <span class='ocrx_word' id='word_1_252' title='bbox 1627 2113 1882 2179; x_wconf 86' lang='lat' dir='ltr'><strong>praedictus</strong></span> <span class='ocrx_word' id='word_1_253' title='bbox 1906 2114 2081 2162; x_wconf 89' lang='lat' dir='ltr'><strong>doctor</strong></span> <span class='ocrx_word' id='word_1_254' title='bbox 2106 2125 2204 2162; x_wconf 88' lang='lat' dir='ltr'><strong>tam</strong></span> <span class='ocrx_word' id='word_1_255' title='bbox 2230 2131 2332 2178; x_wconf 85' lang='lat' dir='ltr'><strong>gra·</strong></span> 
     </span>
     <span class='ocr_line' id='line_1_25' title="bbox 177 2191 2336 2258; baseline 0.003 -21"><span class='ocrx_word' id='word_1_256' title='bbox 177 2191 295 2239; x_wconf 85' lang='lat' dir='ltr'><strong>viter</strong></span> <span class='ocrx_word' id='word_1_257' title='bbox 327 2191 590 2256; x_wconf 82' lang='lat' dir='ltr'><strong>flagellatus</strong></span> <span class='ocrx_word' id='word_1_258' title='bbox 623 2202 671 2239; x_wconf 91' lang='lat' dir='ltr'><strong>et</strong></span> <span class='ocrx_word' id='word_1_259' title='bbox 694 2201 942 2239; x_wconf 89' lang='lat' dir='ltr'><strong>correctus</strong></span> <span class='ocrx_word' id='word_1_260' title='bbox 965 2200 1067 2254; x_wconf 83' lang='lat' dir='ltr'><strong>est,</strong></span> <span class='ocrx_word' id='word_1_261' title='bbox 1101 2202 1155 2239; x_wconf 87' lang='lat' dir='ltr'><strong>ut</strong></span> <span class='ocrx_word' id='word_1_262' title='bbox 1179 2192 1271 2240; x_wconf 92' lang='lat' dir='ltr'><strong>sub</strong></span> <span class='ocrx_word' id='word_1_263' title='bbox 1294 2194 1615 2241; x_wconf 89' lang='lat' dir='ltr'><strong>ostentatione</strong></span> <span class='ocrx_word' id='word_1_264' title='bbox 1646 2195 1931 2242; x_wconf 89' lang='lat' dir='ltr'><strong>sacramenti</strong></span> <span class='ocrx_word' id='word_1_265' title='bbox 1956 2205 2208 2258; x_wconf 83' lang='lat' dir='ltr'><strong>cogeretur</strong></span> <span class='ocrx_word' id='word_1_266' title='bbox 2229 2212 2336 2243; x_wconf 84' lang='lat' dir='ltr'><strong>om·</strong></span> 
     </span>
     <span class='ocr_line' id='line_1_26' title="bbox 175 2271 2334 2341; baseline 0.003 -23"><span class='ocrx_word' id='word_1_267' title='bbox 175 2271 293 2318; x_wconf 88' lang='lat' dir='ltr'><strong>nino</strong></span> <span class='ocrx_word' id='word_1_268' title='bbox 316 2272 614 2319; x_wconf 78' lang='lat' dir='ltr'><strong>saecularium</strong></span> <span class='ocrx_word' id='word_1_269' title='bbox 639 2272 876 2320; x_wconf 85' lang='lat' dir='ltr'><strong>librorum</strong></span> <span class='ocrx_word' id='word_1_270' title='bbox 899 2272 1096 2320; x_wconf 88' lang='lat' dir='ltr'><strong>lectioni</strong></span> <span class='ocrx_word' id='word_1_271' title='bbox 1119 2272 1497 2322; x_wconf 81' lang='lat' dir='ltr'><strong>abrenuntiare?</strong></span> <span class='ocrx_word' id='word_1_272' title='bbox 1520 2275 1741 2323; x_wconf 90' lang='lat' dir='ltr'><strong>Profecto</strong></span> <span class='ocrx_word' id='word_1_273' title='bbox 1765 2276 1880 2341; x_wconf 91' lang='lat' dir='ltr'><strong>quia</strong></span> <span class='ocrx_word' id='word_1_274' title='bbox 1902 2292 2001 2322; x_wconf 92' lang='lat' dir='ltr'><strong>non</strong></span> <span class='ocrx_word' id='word_1_275' title='bbox 2027 2292 2116 2341; x_wconf 89' lang='lat' dir='ltr'><strong>pro</strong></span> <span class='ocrx_word' id='word_1_276' title='bbox 2134 2277 2334 2324; x_wconf 87' lang='lat' dir='ltr'><strong>utilitate</strong></span> 
     </span>
     <span class='ocr_line' id='line_1_27' title="bbox 175 2350 2333 2421; baseline 0.003 -23"><span class='ocrx_word' id='word_1_277' title='bbox 175 2350 351 2416; x_wconf 91' lang='lat' dir='ltr'><strong>aliqua,</strong></span> <span class='ocrx_word' id='word_1_278' title='bbox 390 2352 475 2399; x_wconf 90' lang='lat' dir='ltr'><strong>sed</strong></span> <span class='ocrx_word' id='word_1_279' title='bbox 505 2369 595 2418; x_wconf 89' lang='lat' dir='ltr'><strong>pro</strong></span> <span class='ocrx_word' id='word_1_280' title='bbox 623 2352 946 2401; x_wconf 88' lang='lat' dir='ltr'><strong>oblectatione</strong></span> <span class='ocrx_word' id='word_1_281' title='bbox 975 2353 1259 2417; x_wconf 87' lang='lat' dir='ltr'><strong>eloquentiae</strong></span> <span class='ocrx_word' id='word_1_282' title='bbox 1280 2354 1406 2402; x_wconf 90' lang='lat' dir='ltr'><strong>illius</strong></span> <span class='ocrx_word' id='word_1_283' title='bbox 1430 2355 1729 2417; x_wconf 87' lang='lat' dir='ltr'><strong>intendebat,</strong></span> <span class='ocrx_word' id='word_1_284' title='bbox 1772 2356 1992 2421; x_wconf 90' lang='lat' dir='ltr'><strong>neglecto</strong></span> <span class='ocrx_word' id='word_1_285' title='bbox 2016 2373 2160 2404; x_wconf 85' lang='lat' dir='ltr'><strong>sacrae</strong></span> <span class='ocrx_word' id='word_1_286' title='bbox 2179 2358 2333 2421; x_wconf 91' lang='lat' dir='ltr'><strong>Scrip-</strong></span> 
     </span>
     <span class='ocr_line' id='line_1_28' title="bbox 175 2432 2332 2500; baseline 0.003 -22"><span class='ocrx_word' id='word_1_287' title='bbox 175 2441 289 2479; x_wconf 86' lang='lat' dir='ltr'><strong>turae</strong></span> <span class='ocrx_word' id='word_1_288' title='bbox 305 2433 484 2493; x_wconf 81' lang='lat' dir='ltr'><strong>studio,</strong></span> <span class='ocrx_word' id='word_1_289' title='bbox 504 2433 640 2497; x_wconf 90' lang='lat' dir='ltr'><strong>cujus</strong></span> <span class='ocrx_word' id='word_1_290' title='bbox 659 2432 876 2498; x_wconf 87' lang='lat' dir='ltr'><strong>quidem,</strong></span> <span class='ocrx_word' id='word_1_291' title='bbox 901 2443 953 2480; x_wconf 90' lang='lat' dir='ltr'><strong>ut</strong></span> <span class='ocrx_word' id='word_1_292' title='bbox 976 2434 1179 2499; x_wconf 89' lang='lat' dir='ltr'><strong>ipsemet</strong></span> <span class='ocrx_word' id='word_1_293' title='bbox 1194 2436 1276 2494; x_wconf 87' lang='lat' dir='ltr'><strong>ait,</strong></span> <span class='ocrx_word' id='word_1_294' title='bbox 1298 2436 1508 2483; x_wconf 89' lang='lat' dir='ltr'><strong>incultus</strong></span> <span class='ocrx_word' id='word_1_295' title='bbox 1529 2437 1573 2483; x_wconf 89' lang='lat' dir='ltr'><strong>ei</strong></span> <span class='ocrx_word' id='word_1_296' title='bbox 1593 2453 1753 2484; x_wconf 90' lang='lat' dir='ltr'><strong>sermo</strong></span> <span class='ocrx_word' id='word_1_297' title='bbox 1776 2437 2023 2484; x_wconf 86' lang='lat' dir='ltr'><strong>horrebat.</strong></span> <span class='ocrx_word' id='word_1_298' title='bbox 2054 2441 2152 2500; x_wconf 83' lang='lat' dir='ltr'><strong>Ego</strong></span> <span class='ocrx_word' id='word_1_299' title='bbox 2171 2447 2332 2484; x_wconf 86' lang='lat' dir='ltr'><strong>autem</strong></span> 
     </span>
     <span class='ocr_line' id='line_1_29' title="bbox 175 2512 2333 2580; baseline 0.002 -22"><span class='ocrx_word' id='word_1_300' title='bbox 175 2512 352 2561; x_wconf 89' lang='lat' dir='ltr'><strong>nullius</strong></span> <span class='ocrx_word' id='word_1_301' title='bbox 389 2514 508 2561; x_wconf 88' lang='lat' dir='ltr'><strong>artis</strong></span> <span class='ocrx_word' id='word_1_302' title='bbox 535 2514 792 2562; x_wconf 90' lang='lat' dir='ltr'><strong>lectionem</strong></span> <span class='ocrx_word' id='word_1_303' title='bbox 830 2514 1104 2580; x_wconf 90' lang='lat' dir='ltr'><strong>cuicunque</strong></span> <span class='ocrx_word' id='word_1_304' title='bbox 1142 2515 1367 2580; x_wconf 88' lang='lat' dir='ltr'><strong>religioso</strong></span> <span class='ocrx_word' id='word_1_305' title='bbox 1399 2516 1782 2564; x_wconf 89' lang='lat' dir='ltr'><strong>interdicendam</strong></span> <span class='ocrx_word' id='word_1_306' title='bbox 1815 2517 2046 2578; x_wconf 83' lang='lat' dir='ltr'><strong>arbitror,</strong></span> <span class='ocrx_word' id='word_1_307' title='bbox 2087 2518 2177 2564; x_wconf 88' lang='lat' dir='ltr'><strong>nisi</strong></span> <span class='ocrx_word' id='word_1_308' title='bbox 2212 2518 2333 2564; x_wconf 85' lang='lat' dir='ltr'><strong>forte</strong></span> 
     </span>
     <span class='ocr_line' id='line_1_30' title="bbox 173 2593 2331 2662; baseline 0.002 -22"><span class='ocrx_word' id='word_1_309' title='bbox 173 2609 259 2656; x_wconf 89' lang='lat' dir='ltr'><strong>per</strong></span> <span class='ocrx_word' id='word_1_310' title='bbox 279 2593 375 2641; x_wconf 89' lang='lat' dir='ltr'><strong>hoc</strong></span> <span class='ocrx_word' id='word_1_311' title='bbox 398 2594 554 2658; x_wconf 88' lang='lat' dir='ltr'><strong>major</strong></span> <span class='ocrx_word' id='word_1_312' title='bbox 573 2594 677 2659; x_wconf 91' lang='lat' dir='ltr'><strong>ejus</strong></span> <span class='ocrx_word' id='word_1_313' title='bbox 703 2594 865 2659; x_wconf 89' lang='lat' dir='ltr'><strong>aliqua</strong></span> <span class='ocrx_word' id='word_1_314' title='bbox 894 2595 1071 2643; x_wconf 89' lang='lat' dir='ltr'><strong>utilitas</strong></span> <span class='ocrx_word' id='word_1_315' title='bbox 1095 2596 1440 2662; x_wconf 63' lang='lat' dir='ltr'><strong>praepediatur,</strong></span> <span class='ocrx_word' id='word_1_316' title='bbox 1468 2597 1588 2644; x_wconf 88' lang='lat' dir='ltr'><strong>sicut</strong></span> <span class='ocrx_word' id='word_1_317' title='bbox 1613 2597 1660 2643; x_wconf 82' lang='lat' dir='ltr'><strong>in</strong></span> <span class='ocrx_word' id='word_1_318' title='bbox 1685 2599 1865 2645; x_wconf 85' lang='lat' dir='ltr'><strong>caeteris</strong></span> <span class='ocrx_word' id='word_1_319' title='bbox 1887 2597 2035 2645; x_wconf 90' lang='lat' dir='ltr'><strong>literis</strong></span> <span class='ocrx_word' id='word_1_320' title='bbox 2059 2597 2331 2645; x_wconf 88' lang='lat' dir='ltr'><strong>faciendum</strong></span> 
     </span>
     <span class='ocr_line' id='line_1_31' title="bbox 172 2674 2332 2742; baseline 0.002 -22"><span class='ocrx_word' id='word_1_321' title='bbox 172 2674 374 2734; x_wconf 91' lang='lat' dir='ltr'><strong>scimus,</strong></span> <span class='ocrx_word' id='word_1_322' title='bbox 406 2685 459 2722; x_wconf 90' lang='lat' dir='ltr'><strong>ut</strong></span> <span class='ocrx_word' id='word_1_323' title='bbox 480 2675 703 2723; x_wconf 88' lang='lat' dir='ltr'><strong>videlicet</strong></span> <span class='ocrx_word' id='word_1_324' title='bbox 726 2676 915 2723; x_wconf 89' lang='lat' dir='ltr'><strong>minora</strong></span> <span class='ocrx_word' id='word_1_325' title='bbox 938 2693 1028 2741; x_wconf 92' lang='lat' dir='ltr'><strong>pro</strong></span> <span class='ocrx_word' id='word_1_326' title='bbox 1056 2676 1323 2740; x_wconf 87' lang='lat' dir='ltr'><strong>majoribus</strong></span> <span class='ocrx_word' id='word_1_327' title='bbox 1345 2687 1428 2724; x_wconf 90' lang='lat' dir='ltr'><strong>aut</strong></span> <span class='ocrx_word' id='word_1_328' title='bbox 1451 2678 1848 2733; x_wconf 85' lang='lat' dir='ltr'><strong>intermittantur,</strong></span> <span class='ocrx_word' id='word_1_329' title='bbox 1881 2679 1954 2725; x_wconf 89' lang='lat' dir='ltr'><strong>vel</strong></span> <span class='ocrx_word' id='word_1_330' title='bbox 1974 2679 2165 2742; x_wconf 88' lang='lat' dir='ltr'><strong>penitus</strong></span> <span class='ocrx_word' id='word_1_331' title='bbox 2188 2680 2332 2726; x_wconf 89' lang='lat' dir='ltr'><strong>omit-</strong></span> 
     </span>
     <span class='ocr_line' id='line_1_32' title="bbox 172 2755 2331 2823; baseline 0.003 -24"><span class='ocrx_word' id='word_1_332' title='bbox 172 2762 349 2801; x_wconf 88' lang='lat' dir='ltr'><strong>tantur.</strong></span> <span class='ocrx_word' id='word_1_333' title='bbox 377 2755 570 2820; x_wconf 88' lang='lat' dir='ltr'><strong>Quippe</strong></span> <span class='ocrx_word' id='word_1_334' title='bbox 593 2772 702 2802; x_wconf 90' lang='lat' dir='ltr'><strong>cum</strong></span> <span class='ocrx_word' id='word_1_335' title='bbox 724 2755 856 2803; x_wconf 89' lang='lat' dir='ltr'><strong>nulla</strong></span> <span class='ocrx_word' id='word_1_336' title='bbox 874 2757 998 2803; x_wconf 87' lang='lat' dir='ltr'><strong>sitin</strong></span> <span class='ocrx_word' id='word_1_337' title='bbox 1019 2757 1238 2804; x_wconf 83' lang='lat' dir='ltr'><strong>doctrina</strong></span> <span class='ocrx_word' id='word_1_338' title='bbox 1262 2756 1463 2815; x_wconf 88' lang='lat' dir='ltr'><strong>falsitas,</strong></span> <span class='ocrx_word' id='word_1_339' title='bbox 1494 2757 1625 2803; x_wconf 91' lang='lat' dir='ltr'><strong>nulla</strong></span> <span class='ocrx_word' id='word_1_340' title='bbox 1646 2758 1694 2803; x_wconf 86' lang='lat' dir='ltr'><strong>in</strong></span> <span class='ocrx_word' id='word_1_341' title='bbox 1719 2757 1877 2804; x_wconf 89' lang='lat' dir='ltr'><strong>verbis</strong></span> <span class='ocrx_word' id='word_1_342' title='bbox 1902 2758 2179 2823; x_wconf 85' lang='lat' dir='ltr'><strong>turpitudo,</strong></span> <span class='ocrx_word' id='word_1_343' title='bbox 2206 2775 2331 2806; x_wconf 89' lang='lat' dir='ltr'><strong>non-</strong></span> 
     </span>
     <span class='ocr_line' id='line_1_33' title="bbox 120 2827 2329 2903; baseline 0.003 -25"><span class='ocrx_word' id='word_1_344' title='bbox 120 2834 126 2837; x_wconf 83' lang='lat'>&#39;</span> <span class='ocrx_word' id='word_1_345' title='bbox 174 2831 303 2880; x_wconf 89' lang='lat' dir='ltr'><strong>nulla</strong></span> <span class='ocrx_word' id='word_1_346' title='bbox 325 2833 387 2880; x_wconf 90' lang='lat' dir='ltr'><strong>de</strong></span> <span class='ocrx_word' id='word_1_347' title='bbox 409 2835 608 2882; x_wconf 81' lang='lat' dir='ltr'><strong>scientia</strong></span> <span class='ocrx_word' id='word_1_348' title='bbox 636 2835 813 2883; x_wconf 85' lang='lat' dir='ltr'><strong>utilitas</strong></span> <span class='ocrx_word' id='word_1_349' title='bbox 830 2872 844 2896; x_wconf 91' lang='lat'><strong>,</strong></span> <span class='ocrx_word' id='word_1_350' title='bbox 870 2836 977 2899; x_wconf 91' lang='lat' dir='ltr'><strong>quis</strong></span> <span class='ocrx_word' id='word_1_351' title='bbox 1007 2836 1101 2884; x_wconf 89' lang='lat' dir='ltr'><strong>hoc</strong></span> <span class='ocrx_word' id='word_1_352' title='bbox 1124 2827 1334 2883; x_wconf 77' lang='lat' dir='ltr'><strong>dicendo</strong></span> <span class='ocrx_word' id='word_1_353' title='bbox 1366 2846 1448 2883; x_wconf 89' lang='lat' dir='ltr'><strong>aut</strong></span> <span class='ocrx_word' id='word_1_354' title='bbox 1470 2835 1696 2883; x_wconf 89' lang='lat' dir='ltr'><strong>docendo</strong></span> <span class='ocrx_word' id='word_1_355' title='bbox 1722 2837 1905 2903; x_wconf 88' lang='lat' dir='ltr'><strong>culpari</strong></span> <span class='ocrx_word' id='word_1_356' title='bbox 1940 2848 2205 2900; x_wconf 85' lang='lat' dir='ltr'><strong>mereatur,</strong></span> <span class='ocrx_word' id='word_1_357' title='bbox 2242 2841 2329 2887; x_wconf 89' lang='lat' dir='ltr'><strong>nisi</strong></span> 
     </span>
     <span class='ocr_line' id='line_1_34' title="bbox 171 2915 2329 2980; baseline 0.004 -21"><span class='ocrx_word' id='word_1_358' title='bbox 171 2928 311 2961; x_wconf 89' lang='lat' dir='ltr'><strong>causa</strong></span> <span class='ocrx_word' id='word_1_359' title='bbox 343 2915 530 2961; x_wconf 87' lang='lat' dir='ltr'><strong>venerit</strong></span> <span class='ocrx_word' id='word_1_360' title='bbox 563 2915 869 2979; x_wconf 85' lang='lat' dir='ltr'><strong>supradicta,</strong></span> <span class='ocrx_word' id='word_1_361' title='bbox 893 2916 1072 2980; x_wconf 86' lang='lat' dir='ltr'><strong>potiori</strong></span> <span class='ocrx_word' id='word_1_362' title='bbox 1107 2915 1327 2963; x_wconf 84' lang='lat' dir='ltr'><strong>videlicet</strong></span> <span class='ocrx_word' id='word_1_363' title='bbox 1359 2915 1492 2962; x_wconf 90' lang='lat' dir='ltr'><strong>bono</strong></span> <span class='ocrx_word' id='word_1_364' title='bbox 1529 2915 1746 2980; x_wconf 87' lang='lat' dir='ltr'><strong>neglecto</strong></span> <span class='ocrx_word' id='word_1_365' title='bbox 1788 2928 1870 2965; x_wconf 92' lang='lat' dir='ltr'><strong>aut</strong></span> <span class='ocrx_word' id='word_1_366' title='bbox 1906 2918 2141 2967; x_wconf 80' lang='lat' dir='ltr'><strong>dimisso?</strong></span> <span class='ocrx_word' id='word_1_367' title='bbox 2179 2923 2329 2967; x_wconf 83' lang='lat' dir='ltr'><strong>Nemo</strong></span> 
     </span>
     <span class='ocr_line' id='line_1_35' title="bbox 171 2994 2329 3065; baseline 0.003 -25"><span class='ocrx_word' id='word_1_368' title='bbox 171 2994 347 3041; x_wconf 87' lang='lat' dir='ltr'><strong>etenim</strong></span> <span class='ocrx_word' id='word_1_369' title='bbox 373 2994 622 3042; x_wconf 86' lang='lat' dir='ltr'><strong>scientiam</strong></span> <span class='ocrx_word' id='word_1_370' title='bbox 647 2994 859 3059; x_wconf 90' lang='lat' dir='ltr'><strong>aliquam</strong></span> <span class='ocrx_word' id='word_1_371' title='bbox 886 2996 1062 3042; x_wconf 89' lang='lat' dir='ltr'><strong>malam</strong></span> <span class='ocrx_word' id='word_1_372' title='bbox 1088 3013 1190 3043; x_wconf 85' lang='lat' dir='ltr'><strong>esse</strong></span> <span class='ocrx_word' id='word_1_373' title='bbox 1212 2996 1404 3062; x_wconf 78' lang='lat' dir='ltr'><strong>dixerit,</strong></span> <span class='ocrx_word' id='word_1_374' title='bbox 1429 2997 1575 3044; x_wconf 87' lang='lat' dir='ltr'><strong>etiam</strong></span> <span class='ocrx_word' id='word_1_375' title='bbox 1598 2997 1727 3044; x_wconf 84' lang='lat' dir='ltr'><strong>illam</strong></span> <span class='ocrx_word' id='word_1_376' title='bbox 1745 3014 1850 3062; x_wconf 83' lang='lat' dir='ltr'><strong>quae</strong></span> <span class='ocrx_word' id='word_1_377' title='bbox 1873 2999 1934 3047; x_wconf 90' lang='lat' dir='ltr'><strong>de</strong></span> <span class='ocrx_word' id='word_1_378' title='bbox 1959 3000 2087 3048; x_wconf 90' lang='lat' dir='ltr'><strong>malo</strong></span> <span class='ocrx_word' id='word_1_379' title='bbox 2111 3011 2198 3061; x_wconf 87' lang='lat' dir='ltr'><strong>est,</strong></span> <span class='ocrx_word' id='word_1_380' title='bbox 2225 3018 2329 3065; x_wconf 69' lang='lat' dir='ltr'><strong>qua:</strong></span> 
     </span>
     <span class='ocr_line' id='line_1_36' title="bbox 166 3073 2326 3147; baseline 0.002 -26"><span class='ocrx_word' id='word_1_381' title='bbox 166 3075 294 3136; x_wconf 89' lang='lat' dir='ltr'><strong>justo</strong></span> <span class='ocrx_word' id='word_1_382' title='bbox 318 3073 505 3122; x_wconf 89' lang='lat' dir='ltr'><strong>homini</strong></span> <span class='ocrx_word' id='word_1_383' title='bbox 525 3075 690 3123; x_wconf 89' lang='lat' dir='ltr'><strong>deesse</strong></span> <span class='ocrx_word' id='word_1_384' title='bbox 714 3092 815 3122; x_wconf 91' lang='lat' dir='ltr'><strong>non</strong></span> <span class='ocrx_word' id='word_1_385' title='bbox 836 3084 1013 3141; x_wconf 88' lang='lat' dir='ltr'><strong>potest.</strong></span> <span class='ocrx_word' id='word_1_386' title='bbox 1054 3079 1163 3124; x_wconf 86' lang='lat' dir='ltr'><strong>Non</strong></span> <span class='ocrx_word' id='word_1_387' title='bbox 1187 3087 1240 3124; x_wconf 91' lang='lat' dir='ltr'><strong>ut</strong></span> <span class='ocrx_word' id='word_1_388' title='bbox 1264 3077 1445 3124; x_wconf 91' lang='lat' dir='ltr'><strong>malum</strong></span> <span class='ocrx_word' id='word_1_389' title='bbox 1467 3087 1600 3141; x_wconf 88' lang='lat' dir='ltr'><strong>agat,</strong></span> <span class='ocrx_word' id='word_1_390' title='bbox 1639 3077 1724 3124; x_wconf 91' lang='lat' dir='ltr'><strong>sed</strong></span> <span class='ocrx_word' id='word_1_391' title='bbox 1746 3089 1799 3126; x_wconf 93' lang='lat' dir='ltr'><strong>ut</strong></span> <span class='ocrx_word' id='word_1_392' title='bbox 1822 3096 1848 3127; x_wconf 91' lang='lat' dir='ltr'><strong>a</strong></span> <span class='ocrx_word' id='word_1_393' title='bbox 1871 3081 1999 3128; x_wconf 90' lang='lat' dir='ltr'><strong>malo</strong></span> <span class='ocrx_word' id='word_1_394' title='bbox 2021 3083 2326 3147; x_wconf 77' lang='lat' dir='ltr'><strong>praecogitato</strong></span> 
     </span>
     <span class='ocr_line' id='line_1_37' title="bbox 170 3153 2323 3225; baseline 0.003 -25"><span class='ocrx_word' id='word_1_395' title='bbox 170 3153 258 3201; x_wconf 89' lang='lat' dir='ltr'><strong>sibi</strong></span> <span class='ocrx_word' id='word_1_396' title='bbox 278 3155 547 3219; x_wconf 86' lang='lat' dir='ltr'><strong>provideat,</strong></span> <span class='ocrx_word' id='word_1_397' title='bbox 565 3155 699 3219; x_wconf 89' lang='lat' dir='ltr'><strong>quod</strong></span> <span class='ocrx_word' id='word_1_398' title='bbox 724 3157 814 3203; x_wconf 89' lang='lat' dir='ltr'><strong>nisi</strong></span> <span class='ocrx_word' id='word_1_399' title='bbox 832 3157 1099 3220; x_wconf 87' lang='lat' dir='ltr'><strong>cognitum,</strong></span> <span class='ocrx_word' id='word_1_400' title='bbox 1117 3167 1233 3205; x_wconf 87' lang='lat' dir='ltr'><strong>teste</strong></span> <span class='ocrx_word' id='word_1_401' title='bbox 1257 3156 1478 3217; x_wconf 85' lang='lat' dir='ltr'><strong>Boethio,</strong></span> <span class='ocrx_word' id='word_1_402' title='bbox 1493 3158 1644 3206; x_wconf 86' lang='lat' dir='ltr'><strong>vitare</strong></span> <span class='ocrx_word' id='word_1_403' title='bbox 1666 3175 1765 3206; x_wconf 91' lang='lat' dir='ltr'><strong>non</strong></span> <span class='ocrx_word' id='word_1_404' title='bbox 1788 3171 1964 3225; x_wconf 86' lang='lat' dir='ltr'><strong>posset.</strong></span> <span class='ocrx_word' id='word_1_405' title='bbox 1985 3165 2090 3209; x_wconf 87' lang='lat' dir='ltr'><strong>Non</strong></span> <span class='ocrx_word' id='word_1_406' title='bbox 2114 3172 2181 3208; x_wconf 81' lang='lat' dir='ltr'><strong>est</strong></span> <span class='ocrx_word' id='word_1_407' title='bbox 2198 3164 2323 3207; x_wconf 83' lang='lat' dir='ltr'><strong>enim</strong></span> 
     </span>
    </p>
   </div>
   <div class='ocr_carea' id='block_1_3' title="bbox 216 3333 1596 3380">
    <p class='ocr_par' dir='ltr' id='par_1_3' title="bbox 216 3333 1596 3380">
     <span class='ocr_line' id='line_1_38' title="bbox 216 3333 1596 3380; baseline 0.006 -16"><span class='ocrx_word' id='word_1_408' title='bbox 216 3342 220 3352; x_wconf 92' lang='lat'><em>·</em></span> <span class='ocrx_word' id='word_1_409' title='bbox 240 3333 368 3365; x_wconf 81' lang='lat' dir='ltr'><strong>Consol.</strong></span> <span class='ocrx_word' id='word_1_410' title='bbox 389 3333 488 3374; x_wconf 68' lang='lat' dir='ltr'><strong>Fuit,</strong></span> <span class='ocrx_word' id='word_1_411' title='bbox 507 3336 563 3368; x_wconf 88' lang='lat' dir='ltr'><strong>llb.</strong></span> <span class='ocrx_word' id='word_1_412' title='bbox 582 3334 742 3375; x_wconf 61' lang='lat' dir='ltr'><strong>hlaine.</strong></span> <span class='ocrx_word' id='word_1_413' title='bbox 765 3354 803 3360; x_wconf 93' lang='lat'><strong>-—</strong></span> <span class='ocrx_word' id='word_1_414' title='bbox 818 3338 828 3356; x_wconf 83' lang='lat'>²</span> <span class='ocrx_word' id='word_1_415' title='bbox 843 3337 953 3378; x_wconf 79' lang='lat' dir='ltr'><strong>Epist.</strong></span> <span class='ocrx_word' id='word_1_416' title='bbox 973 3336 1086 3377; x_wconf 77' lang='lat' dir='ltr'><strong>xviii,</strong></span> <span class='ocrx_word' id='word_1_417' title='bbox 1105 3338 1206 3379; x_wconf 68' lang='lat' dir='ltr'><strong>Opp..</strong></span> <span class='ocrx_word' id='word_1_418' title='bbox 1224 3344 1247 3370; x_wconf 83' lang='lat' dir='ltr'><strong>t.</strong></span> <span class='ocrx_word' id='word_1_419' title='bbox 1270 3338 1323 3379; x_wconf 80' lang='lat' dir='ltr'><strong>lv,</strong></span> <span class='ocrx_word' id='word_1_420' title='bbox 1345 3349 1377 3379; x_wconf 84' lang='lat' dir='ltr'><strong>p.</strong></span> <span class='ocrx_word' id='word_1_421' title='bbox 1403 3342 1413 3372; x_wconf 79' lang='lat'>1</span> <span class='ocrx_word' id='word_1_422' title='bbox 1430 3365 1435 3380; x_wconf 69' lang='lat'><em>‚</em></span> <span class='ocrx_word' id='word_1_423' title='bbox 1464 3341 1524 3372; x_wconf 78' lang='lat' dir='ltr'><strong>col.</strong></span> <span class='ocrx_word' id='word_1_424' title='bbox 1546 3342 1596 3373; x_wconf 72' lang='lat'><strong>423.</strong></span> 
     </span>
    </p>
   </div>
  </div>
 </body>
</html>
