2638 3866
246 228 343 277 724
1060 223 1232 270 PETRI
1274 224 1596 273 ABAELARDlr

246 329 350 377 Dei.
383 347 406 372 »
434 330 505 374 De
532 327 692 373 futuro
715 340 815 370 non
848 332 919 370 est
943 322 1164 370 dubium.
1200 325 1290 371 Ista
1311 341 1438 372 vero·
1460 325 1717 391 prophetia
1739 343 1839 376 non'
1870 343 1968 377 uno
1989 330 2160 390 modo,
2196 330 2280 379 sed
2306 331 2385 379 t‘ri-

245 409 431 474 pliciter
453 407 547 471 agit
578 405 638 452 de
660 404 868 452 Christos
898 404 1164 469 Aliquando
1187 406 1318 452 enim
1340 405 1404 452 de
1434 406 1583 471 ipsius
1605 406 1870 471 divinitate,
1900 410 2160 476 aliquando
2191 411 2257 459 de¹
2282 412 2385 476 ejus

244 489 568 547 humanitate,
610 485 874 549 aliquando
896 484 973 532 >de
1002 485 1400 551 ·ipsius·corpore
1438 488 1562 552 agit,
1603 487 1780 555 corpus
1819 492 1949 538 enim
1984 480 2388 541 Christi‘vocatur

245 568 470 615 Ecclesia.
504 568 634 614 Sicut
662 583 839 631 corpus
869 567 996 613 enim
1031 582 1058 613 a
1087 567 1241 631 capite
1265 568 1461 631 regitur,
1497 568 1563 616 sic
1593 580 1756 618 sancta
1791 571 2002 620 Ecclesia
2027 588 2056 620 a
2090 573 2246 638 capite
2275 589 2383 634 suo,

247 648 295 696 id
326 658 395 695 est
423 665 451 696 a
482 647 671 694 Christo
695 646 1005 711 gubernatur.
1037 647 1141 710 Agit
1164 646 1224 694 de
1250 648 1400 712 ipsius
1431 648 1705 711 divinitate,
1746 661 1796 698 ut
1830 651 1908 699 hic
1937 670 1946 698 :
1979 672 2001 697 «
2030 655 2159 699 Deus
2185 652 2304 700 dixit.
2326 653 2387 700 ad

246 746 322 775 me
351 746 360 774 :
390 728 532 775 Filius
553 744 686 775 meus
714 744 764 775 es
788 737 836 773 tu
862 745 871 773 ε
899 743 988 790 ego
1011 726 1160 774 hodie
1184 728 1327 790 genui
1353 738 1412 776 te.
1443 748 1467 774 »
1488 730 1592 793 Agit
1616 730 1676 777 de
1702 731 1849 795 ipsius
1870 731 2182 793 humanitate,
2202 742 2253 779 ut
2276 732 2383 780 hic:

247 810 503 856 Astiterunt
537 825 670 872 reges
704 818 855 855 terrae.
897 807 1000 871 Agit
1037 805 1098 854 de
1122 807 1270 872 ipsius
1303 825 1507 874 corpore
1543 821 1596 856 ut
1618 810 1730 857 hic:
1762 830 1786 854 «
1812 814 2046 860 Dominus
2067 816 2196 860 Deus
2220 830 2353 860 meus
2372 851 2385 874 ,

246 890 427 954 respice
455 889 505 935 in
529 905 623 936 me.
655 909 677 932 »
709 891 765 934 Et
787 887 985 952 quando
1017 889 1112 952 agit
1143 887 1203 934 de
1235 889 1340 953 ipso
1371 906 1600 954 corpore,
1634 889 1895 954 aliquando
1915 891 2101 940 inducit
2120 909 2296 958 corpus
2318 893 2387 940 lo-

247 986 400 1034 quens
418 987 508 1034 pro
532 987 599 1030 se,
626 969 676 1015 id
695 978 766 1016 est
787 968 1031 1014 Christum
1051 967 1331 1032 loquentem
1351 969 1440 1017 sub
1463 986 1669 1035 persona
1689 987 1774 1018 sua
1798 988 1888 1036 pro
1909 987 2114 1037 corpore
2137 973 2212 1020 vel
2231 972 2388 1021 Eccle-

247 1051 333 1109 sia,
351 1060 404 1096 ut
426 1068 436 1098 ε
459 1070 482 1093 <c
502 1052 661 1114 Longe
679 1049 869 1095 asalute
888 1064 1012 1107 mea,
1032 1047 1121 1095 »id
1138 1058 1208 1095 est
1226 1067 1236 1095 :
1259 1052 1295 1096 A
1316 1051 1465 1097 salute
1481 1050 1624 1115 longe
1649 1051 1987 1099 meorum-Vel
2006 1052 2285 1117 simpliciter
2298 1071 2387 1119 pro

246 1131 350 1195 ipso
373 1146 595 1195 corpore,
617 1131 740 1177 sicut
761 1130 926 1192 lingua
946 1129 1159 1193 loquitur
1181 1130 1440 1194 aliquando
1462 1147 1551 1196 pro
1572 1147 1638 1178 se.
1663 1131 1933 1196 Aliquando
1957 1131 2171 1195 loquitur
2189 1144 2389 1199 propter

247 1211 395 1275 ipsius
432 1210 826 1274 conjunctionem
859 1225 1008 1274 quam
1039 1226 1150 1256 cum
1175 1211 1344 1257 ceteris
1374 1210 1522 1258 habet
1557 1210 1802 1258 membris.
1837 1212 2070 1276 Loquitur
2101 1229 2190 1278 pro
2222 1212 2313 1275 illis
2337 1223 2390 1260 ut

246 1290 450 1356 pedibus
476 1308 488 1336 x
515 1292 614 1354 Ego
647 1306 755 1337 sum
780 1289 890 1336 fixa.
917 1290 1149 1354 Loquitur
1174 1307 1263 1355 pro
1289 1291 1415 1355 pede
1441 1290 1537 1338 hoc
1562 1291 1712 1339 modo
1743 1310 1753 1338 z
1784 1291 1913 1350 Quid
1936 1309 2014 1344 me
2039 1293 2223 1340 calcas?
2255 1294 2391 1341 Simi-

245 1371 352 1418 liter
381 1371 618 1417 Dominus
649 1370 864 1417 Christus
897 1369 1160 1434 aliquando
1193 1387 1283 1436 pro
1315 1387 1390 1432 se,
1426 1371 1688 1436 aliquando
1723 1388 1815 1437 pro
1853 1372 2193 1437 conjunctione
2226 1384 2270 1421 et
2309 1375 2387 1440 pia

247 1451 499 1499 affectione
522 1466 668 1516 quam
689 1450 838 1498 habet
860 1451 907 1497 in
935 1450 1160 1512 Ecclesia,
1187 1450 1403 1515 loquitur
1425 1469 1514 1517 pro
1538 1453 1640 1518 ipsa
1663 1452 1889 1501 Ecclesia.

312 1531 582 1579 Intitulatur
616 1542 776 1579 autem
802 1531 881 1579 hic
914 1531 1037 1579 liber
1069 1531 1166 1579 hoc
1190 1531 1339 1579 modo
1361 1551 1371 1578 ε
1398 1533 1539 1580 Liber
1562 1532 1844 1581 himnorum
1867 1543 1914 1580 et
1937 1533 2307 1599 soliloquiorum
2329 1534 2390 1583 de

248 1612 451 1660 Christo.
483 1613 687 1660 Himnus
716 1613 911 1677 proprie
934 1622 1005 1659 est
1024 1612 1127 1660 laus
1155 1612 1318 1660 divina
1347 1614 1522 1678 scripta
1543 1614 1762 1674 metrice,
1790 1623 1838 1662 et
1859 1630 1971 1661 cum
1997 1613 2129 1679 apud
2150 1609 2240 1668 nos
2262 1615 2389 1680 psa]-

248 1693 420 1740 terium
452 1693 647 1740 metrice
682 1693 913 1757 scriptum
946 1709 1046 1739 non
1082 1693 1166 1751 sit,
1194 1693 1459 1741 videndum
1491 1694 1741 1758 quomodo
1772 1694 1893 1741 liber
1924 1694 2206 1742 himnorum
2230 1696 2391 1743 vocari

249 1773 414 1837 possit.
443 1776 600 1819 Potest
624 1773 766 1837 igitur
797 1773 959 1819 vocari
983 1772 1266 1819 himnorum
1302 1783 1536 1837 quantum
1559 1774 1621 1821 ad
1644 1774 1934 1821 Hebraicum
1969 1775 2189 1837 modum,
2218 1776 2266 1822 in
2291 1791 2390 1840 quo

249 1870 276 1900 a
315 1853 470 1900 David
506 1854 701 1900 metrice
740 1853 971 1917 scriptum
1009 1852 1111 1899 fuit.
1164 1853 1355 1916 Legitur
1404 1870 1615 1918 namque
1656 1854 1790 1918 quod
1839 1855 2117 1919 psalterium
2154 1872 2181 1902 a
2224 1866 2390 1903 sancto

248 1934 495 1981 Jeronimo
519 1933 607 1980 fuit
628 1933 883 1998 dupliciter
904 1932 965 1979 de
994 1932 1185 1980 Hebreo
1215 1934 1266 1980 in
1290 1933 1491 1981 latinum
1514 1934 1820 1995 translatum,
1853 1950 1952 1981 uno
1974 1934 2126 1981 modo
2156 1934 2217 1981 de
2239 1935 2389 1983 verbo

250 2014 311 2062 ad
347 2014 579 2074 verbum,
619 2013 704 2061 sed
737 2013 829 2061 hac
853 2012 1164 2062 translatione
1198 2030 1300 2061 non
1330 2015 1537 2073 utimur;
1573 2014 1668 2061 alio
1699 2015 1850 2062 modo
1886 2024 2047 2062 autem
2081 2015 2170 2062 fuit
2200 2015 2261 2062 ab
2284 2016 2391 2081 ipso

249 2095 557 2155 translatum,
594 2095 658 2143 ita
694 2094 873 2142 scilicet
909 2093 1326 2158 quemadmodum
1363 2111 1453 2142 nos
1491 2095 1688 2142 utimur.
1724 2097 1782 2142 Et
1814 2094 1917 2142 haec
1955 2095 2202 2143 translatio
2240 2095 2388 2154 facta,

250 2176 428 2224 scilicet
463 2175 559 2222 hoc
596 2191 695 2240 quo
730 2192 822 2222 nos
858 2174 1006 2222 modo
1039 2175 1219 2222 utimur
1264 2175 1509 2240 psalterio,
1549 2175 1717 2238 gallica
1748 2186 1966 2237 vocatur,
2007 2192 2065 2223 eo
2101 2175 2234 2241 quod
2272 2177 2393 2224 Galli

253 2266 470 2305 utuntur-2.
511 2256 606 2303 Sed
651 2265 720 2303 est
750 2255 996 2303 translatio
1033 2255 1246 2319 ejusdem
1290 2257 1449 2322 operis
1490 2273 1596 2320 quac
1639 2272 1842 2303 romana
1879 2266 2106 2317 vocatur,
2160 2257 2394 2321 quoniam

253 2337 456 2384 Romani
477 2352 532 2383 ea
566 2345 782 2395 utuntur,
810 2352 960 2400 quam
984 2335 1093 2382 fecit
1111 2335 1374 2400 Symachus
1400 2346 1448 2384 et
1476 2336 1660 2401 Aquila.
1689 2337 1789 2384 Alia
1810 2346 1880 2384 est
1901 2336 2148 2384 translatio
2178 2336 2392 2401 ejusdem

253 2434 399 2482 quam
422 2417 720 2482 septuaginta
740 2417 1023 2481 interpretes
1043 2416 1253 2464 fecerant
1275 2418 1526 2465 Ptolomeo
1549 2418 1881 2482 AEgyptiorum
1904 2418 2020 2480 regi.

317 2498 433 2546 Ideo
475 2514 589 2545 vero
635 2497 757 2544 liber
786 2497 1068 2544 himnorum
1106 2497 1308 2557 dicitur,
1346 2498 1579 2562 quoniam
1608 2498 1712 2545 laus
1743 2498 1832 2545 Dei
1860 2506 1932 2544 est
1959 2496 2197 2561 quidquid
2243 2497 2389 2558 dicit3

253 2589 453 2627 vocatur
474 2595 589 2625 vero
612 2577 735 2625 liber
756 2577 1123 2642 soliloquiorum
1155 2578 1216 2625 de
1248 2578 1458 2638 Christo,
1488 2594 1590 2625 non
1612 2577 1747 2642 quod
1768 2577 1830 2624 de
1852 2576 1958 2624 solo
1974 2576 2199 2636 Christo,
2223 2586 2271 2624 et
2291 2593 2392 2624 non

254 2660 314 2707 de
338 2676 543 2725 corpore
565 2659 685 2722 ejus,
714 2658 765 2705 id
783 2668 854 2705 est
875 2657 936 2705 de
960 2659 1170 2705 Ecclesia
1194 2658 1427 2723 loquitur,
1453 2658 1539 2706 sed
1559 2659 1790 2723 quoniam
1812 2657 2138 2723 principaliter
2165 2656 2226 2704 de
2248 2657 2397 2722 ipsius

256 2740 500 2787 divinitate
531 2750 674 2803 atque
704 2739 1002 2786 humanitate
1041 2738 1270 2803 loquitur,
1309 2740 1384 2787 vel
1416 2740 1650 2804 quoniam
1679 2738 1764 2785 ubi
1792 2738 1854 2786 de
1888 2738 2037 2804 ipsius
2069 2754 2301 2803 corpore,
2343 2738 2396 2786 id

257 2830 327 2866 est
349 2820 410 2867 de
432 2819 653 2867 fidelibus
679 2820 909 2884 loquitur,
942 2819 1156 2884 quodam
1184 2820 1336 2868 modo
1370 2820 1431 2868 de
1454 2820 1643 2882 Christo
1667 2819 1897 2884 loquitur.
1926 2819 2139 2866 Pertinet
2169 2819 2298 2865 enim
2318 2818 2394 2865 =ad
2446 2809 2454 2814 ⁵

257 2909 401 2964 caput
430 2900 667 2965 quidquid
692 2900 752 2947 de
781 2917 984 2965 corpore
1009 2901 1109 2964 ejus
1141 2901 1342 2948 dicatur.
1367 2904 1580 2949 Vocatur
1608 2900 1886 2948 Psalterium
1910 2915 1997 2964 per
2019 2898 2191 2946 simile.
2221 2897 2395 2946 Psalte-

257 2979 380 3025 rium
404 2981 533 3027 enim
555 2991 626 3028 est
643 2982 1016 3028 instrumentum
1042 2981 1093 3028 in
1109 2981 1313 3028 modum
1332 2981 1478 3043 delta,
1504 2981 1669 3029 litterae
1691 2997 1867 3045 graecae,
1896 2979 2234 3045 compositum,
2262 2977 2394 3042 quod

259 3075 407 3122 quare
443 3060 648 3125 desuper
682 3077 948 3108 concavum
981 3077 1125 3125 super
1162 3063 1367 3108 extensis
1405 3062 1576 3110 decem
1603 3062 1764 3109 cordis
1800 3060 1957 3109 reddit
1993 3059 2134 3107 dulce
2167 3058 2319 3105 melos
2348 3067 2395 3104 et

260 3156 433 3187 sonum
460 3140 878 3203 jucundissimum.
914 3141 1036 3187 Huic
1072 3151 1141 3187 est
1170 3143 1465 3188 contrarium
1492 3142 1741 3206 quoddam
1779 3141 1910 3189 aliud
1946 3140 2182 3187 musicum
2217 3138 2394 3184 instru-

263 3229 506 3280 mentum,
545 3219 723 3265 scilicet
759 3219 965 3279 cithara,
1016 3221 1147 3284 quod
1186 3238 1333 3285 quare
1367 3222 1530 3269 subter
1564 3231 1635 3269 est
1669 3238 1962 3281 concavum,
2011 3234 2154 3283 super
2196 3217 2398 3264 extensis

261 3299 421 3347 cordis
455 3298 613 3347 reddit
647 3298 927 3346 delectabile
959 3317 1150 3347 sonum.
1196 3304 1282 3348 Per
1311 3301 1542 3349 citharam
1574 3319 1678 3364 quae
1700 3300 1865 3348 subter
1896 3309 1966 3347 est
1997 3313 2208 3347 concava
2239 3297 2395 3345 carnis
