2638 3866
254 271 349 329 524-
1061 273 1230 322 PETRI
1264 268 1578 326 'ABAELARm
1606 270 1612 280 ²

257 380 376 426 tium
411 372 587 445 papam
609 378 670 424 de
691 378 785 424 hoc
810 377 932 442 ipso,
959 384 1006 423 et
1027 375 1210 424 fontem
1232 386 1279 424 et
1300 378 1401 441 ejus
1420 379 1602 439 rivum,
1628 394 1838 442 quorum
1865 379 2033 426 eadem
2065 389 2134 427 est
2162 380 2383 429 substan*

254 460 350 518 tia,
371 453 433 506 ad
465 459 635 505 divinae
665 457 980 521 generationis
1006 458 1302 522 exemplum,
1334 457 1415 505 ubi
1448 458 1617 506 eadem
1642 468 1711 506 es‘t
1740 458 2002 507 substantia
2039 462 2308 523 generantis
2339 473 2385 508 et

254 539 425 602 geniti,
472 538 741 585 inducente.
785 539 925 585 Ponit
950 532 1124 602 ¹itaque
1158 537 1833 605 praedictus'archiepiscopus
1876 541 2011 604 quasi
2050 542 2136 588 tria
2170 541 2382 604 ejusdem

252 618 543 679 substantiae,
591 619 771 665 fontem
803 618 1039 676 videlicet,
1079 619 1233 665 rivum
1257 629 1304 667 et
1325 629 1559 683 ¹stagnum
1591 638 1601 666 ε
1644 619 1826 667 fontem
1859 620 2053 685 quidem
2089 637 2146 667 ex
2183 631 2386 685 quo‘est

251 704 396 762 rivus,
423 701 558 765 quasi
584 703 768 747 Patrem
789 708 843 746 ex
866 715 963 762 quo
987 699 1146 761 Filius,
1174 710 1392 763 stagnum
1418 717 1534 747 vero
1557 701 1691 766 quod
1711 718 1768 748 ex
1789 701 1920 748 fonte
1944 711 1990 748 et
2014 702 2119 748 rivo
2141 702 2379 766 provenit,

249 783 385 847 quasi
421 782 646 846 Spiritum
684 780 767 844 qui
797 797 853 826 ex
890 782 1026 826 Patre
1058 789 1104 826 et
1139 780 1256 826 Filio
1292 780 1524 845 procedit.
1565 782 1725 828 Posuit
1761 782 1904 828 etiam
1936 782 2090 828 rivum
2124 782 2171 846 ign
2206 781 2380 842 fistula,

249 863 383 928 quasi
412 862 582 908 Filium
599 862 647 907 in
672 876 815 907 carne
837 860 1050 907 humana
1066 897 1077 919 ‚
1105 861 1221 907 ac‘si
1248 861 1402 907 rivum
1425 859 1738 908 infistulatum
1759 861 1973 909 dicamus
1994 861 2202 908 Verbum
2228 864 2383 909 incar·-

249 950 431 990 natum.
480 941 573 988 Sed
608 941 707 988 haec
737 954 932 1005 quoque
963 939 1225 986 similitudo
1262 957 1363 987 non
1401 942 1559 987 minus
1598 941 1865 989 satisfacere
1906 952 2078 1007 potest,
2111 942 2246 1006 quod
2281 958 2381 988 non

247 1034 317 1070 est
364 1018 502 1069 simul
546 1022 715 1069 eadem
742 1020 1018 1067 ‘substantia
1062 1020 1205 1067 fontis
1251 1030 1298 1067 et
1344 1021 1427 1067 rivi
1468 1030 1610 1084 atque
1658 1022 1837 1086 stagni3
1891 1022 1974 1070 sed
2023 1039 2108 1087 per
2154 1022 2384 1086 temporis

246 1105 599 1151 successionem
633 1102 803 1149 eadem
844 1118 968 1165 aqua
1006 1101 1160 1165 primo
1199 1101 1470 1162 senserat,
1511 1101 1686 1148 deinde
1719 1103 1877 1164 rivus,
1913 1102 2122 1167 denique
2164 1112 2383 1166 stagnum

247 1184 369 1231 facta
410 1194 495 1230 est.
525 1183 664 1229 Unde
701 1199 799 1228 non
834 1192 903 1228 est
940 1182 1156 1228 mirabile
1186 1182 1224 1228 si
1260 1198 1346 1246 per
1383 1182 1734 1229 successionem
1776 1184 2004 1248 temporis
2039 1183 2208 1230 eadem
2248 1192 2382 1247 aquae

245 1264 508 1310 substantia
543 1262 741 1309 diversis
775 1261 932 1308 modis
967 1278 1017 1308 se
1048 1261 1240 1322 habeat,
1275 1278 1386 1307 cum
1420 1278 1685 1325 numquam
1720 1262 1860 1309 simul
1887 1263 2055 1310 eadem
2087 1279 2291 1310 numero
2326 1263 2384 1309 sit‘

243 1343 507 1391 substantia
529 1343 691 1403 fontis,
718 1351 765 1388 et
787 1342 893 1402 rivi,
922 1342 996 1388 vel
1023 1342 1194 1404 stagni,
1220 1351 1274 1387 ut
1296 1341 1515 1388 videlicet
1539 1356 1768 1406 umquam
1791 1359 1904 1390 vere
1923 1343 2017 1390 dici
2039 1344 2205 1408 possit,
2234 1343 2381 1389 modo

242 1440 366 1486 aqua
398 1423 542 1470 fontis
570 1433 640 1469 est
670 1431 795 1485 aqua
822 1422 907 1468 rivi
939 1422 1036 1468 sive
1067 1421 1248 1484 stagni3
1286 1422 1408 1468 sicut
1440 1438 1631 1487 semper
1661 1422 1865 1470 dicimus
1887 1423 2203 1471 substantiam
2234 1424 2383 1470 Patris

242 1521 342 1551 esse
379 1503 696 1551 substantiam
733 1502 837 1549 Filii
877 1511 924 1549 et
968 1502 1168 1567 Spiritus
1209 1503 1388 1549 Sancti.
1439 1505 1592 1550 Immo
1632 1502 1843 1551 fortassis
1878 1503 1980 1551 haec
2017 1503 2278 1551 similitudo
2316 1504 2382 1550 illi

244 1585 447 1631 maxime
480 1584 762 1647 suffragatur
790 1583 973 1639 haeresi,
1002 1600 1106 1646 quae
1132 1584 1193 1629 ita
1223 1599 1308 1647 per
1331 1593 1550 1648 tempora
1575 1585 1893 1649 proprietates
1907 1594 2231 1650 'personarum
2254 1601 2384 1631 com-

244 1665 430 1723 miscet,
471 1673 523 1710 ut
566 1664 785 1711 eamdem
827 1680 1085 1728 personam
1118 1663 1247 1710 dicat
1286 1664 1483 1726 quando
1515 1665 1617 1711 vult
1654 1681 1754 1711 esse
1791 1668 2004 1724 Patrem,
2047 1664 2244 1728 quando
2284 1665 2384 1712 vult

244 1745 414 1791 Filium
447 1745 520 1791 vel
562 1744 791 1809 Spiritum
827 1745 1070 1790 Sanctum.
1103 1746 1162 1789 Ut
1185 1744 1345 1806 itaque
1380 1744 1647 1791 satisfacere
1681 1762 1767 1810 per
1798 1745 2159 1792 similitudinem
2192 1745 2255 1791 de
2290 1745 2382 1793 hac

243 1825 548 1889 generatione
577 1825 653 1871 vel
684 1824 988 1888 processione
1008 1823 1270 1885 valeamuS,
1306 1824 1620 1887 excogitanda
1648 1835 1719 1871 est
1756 1825 1859 1872 talis
1889 1825 2151 1872 similitudo
2185 1842 2381 1889 genera-

244 1905 386 1951 tionis
408 1904 484 1951 vel
508 1904 840 1969 processionis,
869 1905 917 1951 in
939 1918 1034 1968 qua
1056 1904 1225 1951 eadem
1250 1905 1391 1951 simul
1415 1905 1474 1951 sit
1498 1905 1764 1952 substantia
1787 1907 2056 1969 generantis
2078 1915 2124 1952 et
2148 1907 2378 1969 generati,

243 1985 318 2032 vel
352 1984 654 2049 procedentis
689 1993 735 2031 et
769 2000 796 2031 a
828 2001 927 2049 quo
963 1984 1202 2049 procedit,
1240 1994 1285 2031 et
1321 1995 1479 2031 tamen
1515 1986 1829 2050 proprietates
1866 2002 2035 2033 eorum
2071 1986 2381 2050 impermixtae

244 2075 492 2122 maneant,
521 2075 574 2111 ut
601 2064 822 2111 videlicet
854 2065 1038 2128 genitus
1068 2081 1167 2110 non
1200 2065 1259 2111 sit
1284 2081 1533 2128 generans,
1562 2082 1650 2112 nec
1680 2065 1947 2130 procedens
1970 2082 1999 2113 a
2022 2081 2119 2130 quo
2143 2066 2378 2130 procedit.

245 2145 389 2205 Quod
422 2145 604 2192 facilius
636 2162 727 2192 nos
753 2162 894 2210 posse
926 2146 1141 2192 invenire
1175 2144 1397 2206 arbitror,
1430 2146 1467 2192 si
1497 2145 1632 2208 juxta
1664 2147 1875 2211 Apostoli
1906 2147 2248 2204 testimonium,
2278 2145 2383 2193 dili-

243 2237 407 2290 genter
424 2225 742 2286 attendamus,
768 2225 972 2290 qualiter
989 2243 1015 2272 a
1031 2235 1249 2273 creatura
1269 2225 1456 2283 mundi,
1479 2242 1564 2291 per
1578 2240 1762 2289 eaquae
1782 2226 1904 2274 facta
1925 2237 2054 2287 sunt,
2078 2227 2169 2292 ipsi
2188 2243 2383 2291 quoque

242 2306 537 2372 philosophi,
571 2322 779 2369 quorum
810 2306 1076 2352 rationibus
1110 2323 1199 2352 nos
1235 2306 1490 2370 impetunt,
1517 2306 1743 2371 congruis
1776 2307 2144 2354 similitudinum
2175 2324 2383 2372 propor-

244 2386 454 2434 tionibus
487 2387 536 2432 in
573 2401 668 2432 una
709 2396 756 2432 et
795 2386 962 2432 eadem
1001 2386 1166 2433 divina
1204 2386 1468 2433 substantia
1514 2396 1609 2434 tres
1648 2403 1878 2452 personas
1915 2387 2285 2452 proprietatibus
2321 2387 2382 2434 ab

245 2457 699 2529 invicentdixfersas
727 2466 957 2529 vestigare
995 2475 1136 2529 atque
1175 2466 1439 2528 assignare,
1479 2465 1682 2512 domino
1719 2467 1985 2525 revelante,
2015 2467 2268 2514 valuerint.
2307 2468 2383 2513 Sic

243 2548 421 2612 quippe
444 2547 674 2611 scriptum
704 2556 773 2592 est
786 2548 815 2603 ¹,
848 2546 1031 2603 «Quod
1056 2556 1228 2592 notum
1253 2556 1324 2592 est
1354 2546 1441 2592 Dei
1466 2546 1773 2593 manifestum
1796 2557 1866 2594 est
1891 2547 1999 2602 illis,
2022 2566 2044 2590 n
2072 2547 2166 2594 hoc
2189 2557 2260 2594 est
2281 2564 2380 2593 non

248 2627 406 2674 solum
427 2627 533 2688 illis,
561 2643 728 2673 verum
761 2627 904 2673 etiam
926 2627 976 2673 in
1004 2626 1116 2684 illis,
1152 2626 1246 2672 hoc
1272 2635 1341 2672 est
1366 2643 1450 2690 per
1473 2625 1578 2673 illos
1600 2636 1646 2673 et
1668 2643 1837 2673 eorum
1863 2628 2037 2692 scripta
2062 2628 2182 2674 aliis.
2216 2647 2237 2672 (ι
2254 2630 2382 2674 Deus

245 2708 373 2754 enim
406 2707 497 2754 illis
531 2706 775 2767 revelavit,
799 2727 820 2750 >³
851 2723 1019 2754 eorum
1051 2707 1229 2753 scilicet
1258 2705 1575 2753 illuminando
1607 2707 1861 2765 rationem,
1901 2717 1951 2753 ut
1981 2724 2039 2754 ex
2071 2707 2382 2753 similitudine

246 2787 567 2851 corporalium
599 2803 681 2833 seu
711 2786 968 2833 visibilium
1002 2803 1177 2843 rerum,
1207 2786 1268 2833 ad
1294 2787 1627 2851 incorpoream
1652 2796 1793 2850 atque
1818 2787 2102 2834 invisibilem
2126 2787 2384 2834 divinitatis

248 2876 465 2913 naturam
498 2867 919 2931 contemplandam
960 2877 1275 2930 assurgerent.
1306 2871 1382 2913 «A
1404 2875 1644 2925 creatura,
1681 2867 1858 2931 inquit,
1891 2867 2060 2914 mundi
2082 2884 2168 2932 per
2195 2883 2251 2913 ea
2279 2882 2383 2930 quae

248 2945 370 2991 facta
400 2956 545 2992 sunt»
579 2957 675 2993 tam
705 2964 730 2992 a
755 2946 895 2993 nobis
926 2948 1069 2993 etiam
1092 2947 1224 3012 ipsis,
1253 2963 1397 3011 quam
1431 2964 1458 2993 a
1490 2955 1678 3004 natura,
1708 2947 1973 2994 secundum
2006 2947 2134 2994 illam
2163 2946 2383 2994 videlicet

248 3024 629 3089 philosophicam
661 3027 914 3086 rationem,
940 3043 1035 3090 qua
1063 3026 1289 3074 dicuntur
1316 3028 1404 3074 alia
1434 3045 1489 3074 ex
1519 3028 1716 3074 materia
1747 3037 1793 3073 et
1812 3027 1965 3074 forma
1987 3028 2264 3087 consistere,
2291 3025 2381 3072 alia

248 3106 310 3153 ad
333 3107 695 3153 similitudinem
720 3110 924 3154 materiae
949 3119 996 3155 et
1019 3109 1199 3155 formae.
1238 3111 1290 3154 ln
1313 3109 1389 3156 his
1412 3111 1590 3174 quippe
1615 3109 2035 3156 constitutionibus
2063 3126 2174 3155 cum
2204 3108 2261 3154 sit
2286 3123 2381 3154 una

250 3188 436 3252 penitus
459 3186 719 3233 substantia
737 3188 1065 3234 constituentis
1080 3190 1397 3250 etconstituti,
1424 3199 1588 3254 utpote
1618 3191 1823 3236 materiae
1848 3199 1894 3236 et
1918 3189 2167 3248 materiati,
2195 3188 2380 3235 diversa

295 3371 429 3410 'Rom.‚
449 3378 521 3411 cap.
539 3379 568 3410 ι,
586 3379 617 3402 v.
638 3373 687 3404 19.
