2638 3866
812 162 1191 212 INTRODUCTIO
1225 162 1307 211 AD
1340 164 1729 214 THEOLOGIAM.
2288 172 2341 220 54

198 282 303 316 ram
327 265 592 326 babemus,
632 274 680 314 et
712 274 883 313 contra
918 273 1142 312 naturam
1165 266 1303 325 vitia,
1339 282 1451 314 curn
1487 265 1547 314 sit
1569 267 1738 315 vitium
1770 268 2018 334 corruptio
2048 278 2248 317 naturae.
2280 273 2353 319 De

197 350 302 396 Deo
320 357 368 396 et
389 355 549 395 mente
570 346 733 395 anima
747 345 1046 406 nominatur,
1069 346 1186 412 quia
1204 355 1304 395 tam
1326 346 1477 395 Patris
1496 355 1542 394 et
1563 346 1666 395 Filii
1685 348 1813 396 idem
1831 358 1901 397 est
1917 349 2138 415 Spiritus,
2158 366 2273 397 cum
2291 350 2354 399 ab

197 437 407 494 utroque
439 427 690 494 procedat.
718 425 857 474 Unde
879 426 1050 485 etiam,
1078 435 1134 474 ut
1154 427 1221 476 ait
1252 427 1542 492 Augustinus
1570 430 1673 489 XV,
1699 427 1756 475 de
1783 431 2032 490 Trinitate,
2063 445 2171 496 cap.
2204 434 2308 478 xrx¹
2335 449 2347 478 :

202 529 225 553 a
243 509 369 568 Quia
392 509 494 574 ipse
513 508 720 574 Spiritus
739 507 1012 556 communis
1035 517 1106 556 est
1129 507 1385 569 ambobus,
1410 507 1461 556 id
1482 518 1684 556 vocatur
1705 510 1807 575 ipse
1833 511 2028 576 proprie
2045 510 2181 576 quod
2205 510 2352 560 ambo

197 591 538 649 communiter,
587 605 702 637 cum
734 588 958 637 videlicet
986 599 1086 637 tam
1121 592 1258 638 Pater
1294 590 1397 656 ipse
1436 605 1581 654 quarn
1619 590 1763 638 etiam
1800 591 1944 639 Filius
1979 593 2182 658 Spiritus
2214 594 2274 641 sit
2304 603 2354 642 et

197 672 416 720 Sanctus.
435 673 601 718 »Cum
622 679 785 718 autem
808 669 869 717 de
890 672 995 718 Deo
1009 669 1086 718 vel
1106 673 1239 734 Noy’
1262 671 1412 731 nasci,
1433 679 1516 719 aut
1531 671 1682 718 creari
1699 671 1799 718 sive
1825 672 1925 719 fieri
1947 674 2108 721 anima
2131 674 2350 738 quando·

195 760 292 808 que
321 759 348 791 a
371 741 680 808 philosophis
710 741 903 803 dicitur,
941 741 1114 790 abusio
1141 752 1213 790 est
1234 742 1498 790 verborum
1530 744 1681 807 magis
1715 758 1860 807 quam
1896 745 2157 792 sententiae.
2190 747 2350 794 Creari

196 839 407 889 namque
425 822 503 871 vel
526 821 631 869 fieri
649 824 805 870 recte⁸
826 839 927 869 non
949 821 1124 871 dicitur
1142 824 1234 871 nisi
1257 824 1307 871 in
1333 823 1408 871 his
1429 840 1535 888 quae
1555 833 1823 889 coeperunt,
1848 823 1941 874 hoc
1964 835 2034 872 est
2051 835 2227 873 aeterna
2248 843 2349 874 non

194 914 323 953 sunt.
351 904 491 953 Nasci
513 920 651 964 vem,
679 904 775 952 hoc
804 913 876 952 est
897 903 959 951 de
982 904 1250 953 substantia
1273 906 1376 971 ipsa
1401 905 1551 952 Patris
1575 905 1779 953 existere
1794 942 1806 965 ,
1834 906 2089 971 proprium
2121 917 2191 953 est
2213 906 2347 967 Filii,

195 985 258 1035 de
291 1003 391 1052 quo
427 1003 516 1035 suo
553 987 665 1035 loco
690 984 1007 1052 postmodum
1043 986 1195 1034 serius
1232 985 1538 1034 disseremus.
1569 987 1730 1034 Creari
1766 996 1931 1034 tamen
1967 987 2068 1035 sive
2101 988 2233 1035 nasci
2268 1003 2351 1036 seu

194 1067 299 1116 fieri
333 1084 424 1133 pro
458 1085 561 1116 esse
603 1067 766 1132 aliquo
798 1066 1078 1134 philosophi
1111 1083 1469 1133 nonnunquam
1501 1077 1712 1134 ponunt,
1752 1077 1805 1115 ut
1839 1084 1984 1134 supra
2020 1069 2347 1117 meminimus.

196 1148 337 1196 Unde
358 1158 406 1197 et
426 1149 704 1198 Macrobius
725 1153 824 1197 tam
847 1150 1035 1213 Noym⁴
1057 1149 1213 1215 ipsam
1235 1165 1264 1196 a
1288 1152 1393 1197 Deo
1411 1165 1559 1213 quam
1583 1150 1796 1198 animam
1811 1166 1836 1197 a
1853 1153 1981 1215 Noy⁸
1993 1160 2201 1199 creatam
2215 1150 2347 1210 dicit,

193 1228 290 1277 hoc
327 1239 397 1278 est
430 1246 488 1279 ex
528 1231 635 1297 ipso
669 1246 789 1278 esse.
827 1232 882 1278 ln
918 1230 1089 1279 eadam
1127 1246 1325 1297 quoque
1362 1229 1712 1295 significatione
1747 1232 1877 1279 nasci
1913 1231 2010 1279 hoc
2046 1231 2155 1279 loco
2195 1231 2351 1279 abuti·

193 1327 320 1359 mur.
369 1314 573 1360 Hermes
606 1327 805 1378 quoque
840 1312 1060 1378 superius
1100 1328 1214 1359 cum
1250 1311 1423 1360 dixerit
1457 1312 1595 1376 quod
1639 1315 1770 1359 Deus
1799 1312 2065 1360 secundum
2114 1312 2225 1360 fecit
2263 1313 2351 1359 Dei

192 1392 382 1450 Filium,
408 1393 570 1459 ipsum
603 1411 662 1442 ex
692 1396 798 1441 Deo
823 1396 962 1440 Patre
984 1409 1086 1440 esse
1114 1393 1353 1452 ostendit;
1381 1392 1564 1440 fontem
1592 1393 1840 1458 sapientiae
1862 1394 2172 1458 purissimum
2196 1394 2350 1459 ipsam

193 1473 328 1537 Νοχο
349 1473 583 1539 appellat,
614 1474 711 1522 hoc
734 1484 806 1522 est
833 1474 1117 1539 sapientiam
1143 1473 1308 1533 Patris,
1333 1489 1481 1537 quam
1505 1472 1646 1534 nihil,
1669 1483 2120 1539 quantumcumque
2146 1474 2206 1521 sit
2233 1473 2351 1521 obs-

191 1569 382 1614 curum,
418 1555 568 1603 latere
602 1564 779 1620 potest.
805 1557 877 1602 De
897 1555 1039 1621 copia
1060 1554 1207 1619 hujus
1228 1554 1377 1602 fontis
1399 1555 1503 1619 ipsa
1522 1555 1611 1602 Dei
1629 1554 1823 1603 bonitas
1842 1555 2073 1603 animavit
2091 1555 2224 1620 prius
2243 1554 2352 1602 coeli

193 1651 401 1701 corpora
430 1653 487 1684 ac
509 1636 746 1697 siderum,
772 1635 870 1683 hoc
895 1645 967 1683 est
997 1636 1128 1702 ipsos
1151 1635 1350 1699 angelos
1370 1635 1447 1683 vel
1470 1634 1686 1683 coelestes
1709 1636 1925 1702 spiritus,
1953 1636 2036 1700 qui
2060 1645 2171 1683 ante
2194 1634 2352 1682 homi-

192 1732 306 1764 nem
331 1717 517 1764 conditi
547 1727 684 1778 sunt,
711 1716 981 1765 secundum
1011 1716 1146 1781 quod
1178 1717 1410 1782 scriptum
1432 1718 1525 1764 est⁷
1552 1733 1564 1762 ε
1594 1737 1618 1762 «ι
1640 1719 1712 1764 De
1735 1717 2036 1783 plenitudine
2058 1717 2160 1782 ejus
2183 1732 2353 1764 omnes

192 1797 483 1862 accepimuS.
508 1816 532 1842 »
557 1798 676 1846 Coeli
694 1814 751 1846 ac
773 1797 989 1846 siderum
1012 1797 1196 1845 dictum
1210 1807 1300 1860 est,
1326 1797 1597 1846 secundum
1617 1798 1860 1862 dignitatis
1878 1797 2216 1858 differentiam,
2241 1814 2353 1845 cum

193 1876 311 1925 alios
343 1878 537 1944 spiritus
561 1878 665 1927 aliis
689 1878 910 1946 praelatos
933 1896 990 1928 ac
1013 1880 1291 1946 superiores
1314 1881 1589 1940 credamus,
1621 1879 1753 1927 unde
1778 1890 1825 1928 et
1846 1879 2043 1945 angelos
2066 1888 2113 1927 et
2143 1878 2354 1927 archan-

192 1958 325 2022 gelos
346 1959 550 2008 dicimus
577 1977 662 2009 seu
682 1961 1068 2009 Dominationes.
1095 1963 1313 2027 Corpora
1332 1961 1509 2008 summi
1533 1961 1739 2027 Spiritus
1761 1960 1853 2008 dici
1875 1970 2079 2026 possunt
2100 1960 2246 2009 etiam
2268 1975 2353 2007 an-

192 2038 302 2103 geli,
327 2039 388 2089 ab
414 2057 493 2103 eo,
521 2052 576 2089 ut
599 2041 785 2090 dictum
808 2052 896 2104 est,
924 2042 1235 2108 spiritualiter
1259 2041 1498 2090 vivificati.
1527 2042 1616 2090 Vel
1639 2044 1783 2090 etiam
1809 2058 2018 2108 corpora
2039 2041 2172 2103 dicit,
2189 2057 2353 2089 secun-

193 2119 312 2168 dum
346 2122 483 2187 quod
521 2139 720 2171 omnem
749 2134 1021 2172 creaturam
1056 2139 1345 2189 corpoream
1390 2123 1618 2186 dicimus,
1676 2123 1774 2171 hoc
1812 2133 1884 2171 est
1919 2122 2346 2187 circumscriptam.

191 2201 332 2250 Unde
353 2203 637 2252 Gennadius
661 2205 711 2252 in
732 2204 859 2252 libro
890 2203 948 2251 de
980 2203 1258 2252 Orthodoxa
1291 2203 1413 2270 fi'de,
1450 2221 1559 2269 cap.
1587 2221 1617 2251 x
1642 2222 1652 2250 :
1682 2223 1705 2250 «
1728 2204 1885 2265 Nihil,
1911 2204 2092 2268 inquit,
2119 2204 2349 2268 incorpo-

191 2298 329 2330 reum
354 2292 402 2330 et
424 2284 666 2332 invisibile
687 2286 737 2333 in
760 2295 934 2333 natura
956 2284 1257 2333 credendum
1278 2294 1349 2332 est
1371 2285 1463 2332 nisi
1494 2287 1654 2332 Deum
1683 2284 1841 2332 solum
1857 2322 1870 2346 ,
1907 2285 1991 2349 qui
2027 2301 2086 2331 ex
2109 2300 2168 2330 eo
2191 2284 2350 2330 incor-

191 2380 370 2428 poreus
393 2364 631 2428 creditur,
658 2367 772 2431 quia
794 2365 978 2431 ubique
1000 2375 1089 2428 est,
1115 2375 1164 2413 et
1187 2367 1354 2414 omnia
1374 2366 1588 2432 complet
1604 2404 1617 2427 ,
1646 2376 1694 2414 et
1717 2366 1829 2414 ideo
1851 2365 2101 2413 invisibilis
2123 2363 2351 2412 omnibus

190 2445 444 2507 creaturis,
474 2447 588 2511 quia
610 2448 930 2513 incorporeus
958 2455 1047 2494 est.
1074 2449 1304 2495 Creatura
1326 2447 1486 2494 omnis
1509 2463 1771 2513 corporea,
1802 2447 1958 2512 angeli
1980 2455 2028 2493 et
2053 2461 2221 2493 omnes
2254 2460 2349 2490 coe·

190 2523 331 2573 lestes
350 2527 572 2575 virtutes⁸
595 2544 870 2594 corporeae,
914 2528 1026 2576 licet
1061 2544 1162 2575 non
1199 2544 1342 2577 carne
1377 2527 1653 2576 subsistant,
1696 2530 1766 2575 Ex
1801 2545 1861 2575 eo
1897 2537 2059 2575 autem
2093 2539 2350 2589 corporeas

191 2605 434 2655 credimus
456 2624 559 2656 esse
581 2608 928 2657 intellectuales
960 2618 1155 2656 naturas
1172 2647 1184 2671 ,
1225 2608 1360 2674 quod
1382 2609 1601 2656 localiter
1624 2608 2085 2656 circumscribuntur
2101 2644 2113 2667 ,
2156 2606 2279 2652 sicut
2302 2613 2350 2651 et

191 2687 355 2735 anima
379 2687 596 2737 humana
617 2706 723 2754 quae
748 2706 894 2738 carne
912 2689 1181 2752 clauditur,
1222 2699 1270 2738 et
1292 2690 1536 2737 daemones
1564 2691 1647 2753 qui
1677 2706 1766 2754 per
1788 2688 2103 2736 substantiam
2124 2685 2348 2750 angelicae

192 2776 375 2815 naturae
389 2779 502 2817 sunt
523 2771 764 2835 corporei.
798 2789 821 2815 »
847 2773 974 2818 Bene
996 2780 1159 2818 autem
1176 2769 1360 2817 dietum
1382 2780 1453 2816 est
1474 2785 1531 2816 ex
1554 2770 1660 2834 ipsa
1676 2769 1918 2833 Sapientia
1940 2784 2024 2815 eos
2044 2781 2147 2815 esse
2163 2767 2348 2814 anima·

191 2855 290 2909 tos,
314 2848 429 2912 quia
451 2848 555 2896 haec
580 2858 651 2897 est
669 2850 769 2898 vita
788 2859 966 2898 aeterna
980 2888 992 2912 ,
1020 2859 1074 2897 ut
1096 2865 1446 2913 cognoscamus
1469 2850 1594 2896 sicut
1613 2858 1659 2896 et
1684 2849 1867 2912 cogniti
1900 2864 2066 2895 sumus
2082 2885 2095 2907 ‚
2136 2847 2255 2895 facie
2286 2845 2349 2894 ad

193 2927 365 2976 faciem
385 2931 545 2976 Deum
570 2929 808 2985 videntes.
833 2931 1005 2978 Haurit
1026 2930 1230 2996 Spiritus
1252 2929 1314 2977 de
1338 2929 1470 2977 fonte
1494 2928 1597 2991 illo,
1623 2945 1737 2976 cum
1760 2946 1851 2976 nos
1875 2927 1937 2976 de
1955 2928 2130 2977 divinae
2153 2928 2352 2994 Sapien-

191 3009 266 3057 tiae
287 3009 603 3074 intelligentia
623 3010 823 3072 imbuit,
849 3010 1119 3059 secundum
1142 3011 1277 3075 quod
1299 3010 1489 3059 dictum·
1507 3011 1599 3057 est⁹
1622 3029 1632 3057 ε
1664 3029 1688 3055 α
1716 3012 1788 3057 De
1810 3027 1922 3058 meo
1946 3010 2149 3076 accipiet
2184 3019 2231 3056 et
2262 3024 2348 3056 an-

234 3151 331 3186 ιΙΔΙ).
348 3152 391 3196 V,
413 3140 488 3196 cap.
508 3163 541 3188 n.
561 3153 660 3197 Opp„
678 3159 706 3188 t.
720 3153 804 3195 vm,
820 3155 884 3188 col.
905 3155 979 3190 839.
998 3173 1037 3179 -
1053 3154 1127 3188 ²Sic
1150 3155 1232 3188 Cod.
1308 3153 1431 3188 —⁶Sic
1449 3153 1531 3187 Cod.
1550 3152 1632 3187 Vlct.
1651 3153 1720 3187 Νοῦ
1746 3154 1841 3187 Amb.
1864 3171 1901 3178 —
1916 3153 2130 3195 ’Joan.,cap.
2150 3162 2171 3195 ι,
2190 3159 2224 3186 v.
2241 3153 2292 3185 16.
2305 3168 2344 3176 —

192 3205 277 3240 Vict.
295 3207 372 3251 Νοῷ
387 3209 485 3243 Amb.
500 3226 543 3234 ·—
557 3209 634 3243 ³Slc
650 3208 731 3244 cod.
756 3209 841 3243 Vict.
863 3210 1062 3244 Necessario
1080 3210 1178 3244 Amb.
1192 3227 1232 3234 -
1306 3210 1362 3243 ⁸1n
1379 3210 1459 3243 Cod.
1477 3207 1559 3242 Vict.
1573 3214 1606 3242 et
1623 3211 1657 3242 in
1671 3209 1766 3242 Amb.
1783 3208 1929 3243 virtutes
1949 3209 2041 3242 deest
2056 3208 2152 3241 male.
2165 3223 2200 3230 -
2215 3205 2343 3245 ¹³.loau.,

192 3259 260 3294 ‘Sic
276 3261 357 3295 cod.
375 3261 459 3296 Vict.
476 3264 566 3297 Νοῦν
586 3263 684 3298 Amb.
700 3281 742 3290 -
756 3265 826 3298 ⁵810
843 3264 927 3298 Cod.
945 3264 1029 3298 Vict.
1046 3264 1122 3308 Νοῷ
1136 3265 1231 3298 Amb.
1306 3274 1379 3307 cap.
1395 3273 1463 3303 xiv,
1478 3273 1511 3297 v.
1535 3264 1583 3297 14.
