2638 3866
271 185 369 232 270
1100 175 1264 222 PETRI
1298 172 1609 222 ABAELARDI

273 285 488 346 invenio,
509 304 530 328 >2
559 283 611 330 id
635 292 703 330 est
724 297 809 346 per
832 278 1168 343 memetipsum
1187 276 1394 342 propriae
1411 275 1610 323 rationis
1628 274 1812 339 judicio
1843 276 2110 342 comperio,
2140 277 2294 346 legem
2315 297 2418 328 esse

266 366 451 414 bonam
473 374 520 412 et
541 381 645 411 rem
666 363 832 409 utilem
856 360 976 408 mihi
995 360 1069 407 vel
1094 358 1361 405 ministram
1385 357 1545 420 magni
1574 355 1714 418 boni,
1753 373 1866 404 cum
1897 374 1984 422 per
2013 357 2115 422 ejus
2147 357 2420 408 doctrinam

182 460 195 475 ·
267 446 385 494 boni
409 462 492 493 seu
517 443 629 492 mali
650 443 988 490 discretionem
1013 440 1216 505 adeptus
1239 438 1329 502 sim
1350 456 1360 484 :
1386 438 1523 498 mihi,
1549 437 1765 503 inquam,
1801 438 1982 486 volenti
2022 455 2129 487 eam
2161 440 2333 503 facere,
2369 441 2419 489 id

273 537 342 574 est
361 526 548 573 bonum
574 524 709 589 quod
731 524 830 588 ipsa
850 522 1064 589 praecipit
1088 521 1306 585 implere.
1333 522 1384 566 ln
1404 519 1500 566 hoc
1523 519 1703 584 quippe
1729 519 1835 586 ipso
1855 520 1989 584 quod
2010 519 2060 568 id
2083 521 2217 586 quod
2248 523 2422 588 praeci-

271 607 342 672 pit
366 606 520 653 facere
542 605 671 662 volo,
694 615 741 652 et
760 621 847 670 per
865 605 1103 651 rationem
1124 610 1370 666 appetere,
1404 617 1570 648 revera
1594 616 1891 664 recognosco
1922 601 2056 666 quod
2082 601 2216 650 bona
2245 611 2332 663 est,
2369 602 2420 651 in

272 687 368 734 suis
389 686 611 734 videlicet
631 685 895 754 praeceptiS.
926 687 1085 742 Quare
1117 692 1278 730 autem
1306 682 1496 743 dixerit,
1543 702 1565 726 c<
1598 681 1781 730 volenti
1801 682 1962 747 potius
1985 699 2134 748 quam
2154 683 2362 743 facienti,
2393 703 2417 728 η

272 767 502 832 supponit
519 767 702 828 dicens,
734 765 1018 824 «Quoniam
1044 763 1162 811 mihi
1186 763 1367 811 malum
1400 763 1603 828 adjacet,
1635 783 1658 807 2>
1696 762 1747 811 id
1783 772 1855 811 est
1893 764 2027 828 gravi
2057 764 2422 812 consuetudinis

267 848 384 912 jugo
408 865 623 912 premor,
647 865 752 912 quae
775 847 958 894 bonam
973 845 1182 910 impedit
1204 844 1522 892 voluntatem.

342 948 366 974 «
384 929 708 976 Condelector
727 928 874 976 enim.
895 947 918 971 »
947 928 1071 985 Quia
1094 927 1212 974 dixit
1234 943 1284 973 se
1305 926 1425 974 velle
1448 925 1602 973 facere
1633 924 1823 973 bonum
1852 925 1987 991 quod
2010 925 2084 973 lex
2114 927 2347 993 praecipit,
2373 936 2421 976 et

273 1019 434 1057 tamen
457 1027 558 1056 non
582 1010 753 1071 facere,
782 1008 912 1056 unde
931 1019 1191 1073 utrumque
1213 1007 1389 1056 accidit
1417 1007 1630 1072 exponit,
1658 1006 1824 1054 dicens
1853 1025 1903 1055 se
1931 1007 2254 1056 condelectari
2282 1008 2422 1073 «legi

271 1090 540 1138 secundum
574 1091 853 1138 interiorem
889 1089 1158 1150 hominem,
1193 1109 1215 1132 »
1248 1088 1300 1136 id
1337 1097 1408 1136 est
1437 1087 1627 1154 placere
1664 1088 1708 1135 ei
1743 1088 1878 1153 quod
1906 1088 1985 1135 lex
2019 1089 2252 1154 praecipit,
2289 1098 2338 1136 et
2371 1105 2422 1138 se

271 1170 391 1218 illud
416 1188 503 1236 per
532 1172 770 1219 rationem
805 1181 1047 1237 appetere,
1080 1186 1226 1234 quam
1251 1169 1348 1217 hoc
1380 1170 1491 1218 loco
1527 1169 1806 1217 interiorem
1828 1157 2332 1236 hominem-appellat,
2369 1169 2421 1218 id

272 1261 341 1299 est
371 1252 667 1317 spiritualem
696 1262 743 1300 et
759 1252 1047 1300 invisibilem
1066 1251 1156 1299 Dei
1176 1251 1455 1316 imaginem,
1480 1251 1530 1298 in
1556 1266 1652 1315 qua
1671 1251 1822 1300 factus
1854 1261 1925 1299 est
1962 1251 2115 1299 homo
2152 1250 2426 1299 secundum

271 1332 500 1395 animam,
542 1333 661 1381 dum
692 1334 938 1382 rationalis
969 1344 1158 1382 creatus
1189 1342 1278 1395 est,
1312 1343 1358 1380 et
1392 1350 1479 1398 per
1499 1332 1595 1380 hoc
1618 1334 1800 1382 caeteris
1830 1334 2055 1399 praelatus
2084 1333 2330 1380 creaturis,
2364 1334 2424 1380 Et

269 1429 434 1461 rursus
464 1414 630 1462 dicens
659 1432 710 1463 se
742 1415 906 1464 videre
934 1436 956 1459 α
979 1415 1119 1463 aliam
1148 1415 1303 1479 legem
1331 1415 1380 1462 in
1414 1415 1647 1463 membris
1680 1415 1795 1477 suis,
1819 1434 1843 1460 »
1871 1413 1922 1462 id
1945 1423 2016 1463 est
2047 1431 2098 1461 se
2130 1430 2425 1478 cognoscere

270 1494 428 1559 ipsum
452 1497 637 1560 peccati
658 1496 892 1557 fomitem,
918 1497 1074 1544 carnis
1098 1496 1170 1543 vel
1196 1497 1598 1562 concupiscentiae
1621 1496 1858 1556 stimulos,
1882 1495 2059 1561 quibus
2074 1505 2307 1561 tanquam
2327 1495 2423 1560 legi

271 1590 358 1638 per
381 1576 538 1623 carnis
557 1576 887 1625 infirmitatem
911 1577 1094 1637 obedit,
1118 1577 1168 1623 in
1188 1576 1419 1624 membris
1441 1578 1661 1643 corporis
1677 1577 1750 1625 sui
1764 1594 1964 1641 regnare
1979 1586 2025 1624 et
2047 1575 2139 1624 sibi
2161 1575 2421 1639 dominari,

272 1654 394 1702 sicut
415 1655 715 1720 gulositatem
737 1658 786 1704 in
804 1657 932 1721 gula,
957 1657 1196 1706 luxuriam
1219 1658 1269 1705 in
1294 1658 1599 1722 genitalibus,
1628 1668 1676 1706 et
1695 1668 1865 1707 caetera
1883 1658 1997 1706 vitia
2025 1658 2076 1705 in
2109 1658 2288 1705 caeteris
2310 1673 2424 1723 par-

272 1734 401 1783 tibus
423 1737 641 1802 corporis
666 1755 752 1803 per
777 1755 895 1803 quas
917 1748 1223 1801 exercentur3
1250 1739 1404 1803 legem
1429 1738 1560 1787 illam
1584 1739 1983 1805 concupiscentiae
2006 1738 2116 1786 dico
2138 1754 2424 1804 repugnan-

274 1825 388 1878 tem,
419 1817 470 1864 id
498 1828 568 1865 est
600 1819 911 1878 contrariam,
944 1839 966 1863 (ι
994 1819 1086 1883 legi
1114 1820 1317 1867 naturali
1354 1837 1471 1868 meae
1500 1820 1693 1881 mentis,
1723 1840 1746 1865 »
1777 1820 1828 1867 id
1861 1830 1931 1867 est
1965 1819 2165 1879 rationi,
2203 1836 2310 1884 quae
2347 1834 2427 1878 me

273 1898 411 1962 quasi
427 1898 499 1945 lex
520 1916 682 1963 regere
697 1900 869 1963 debet;
891 1917 977 1966 per
996 1902 1234 1948 rationem
1249 1903 1430 1967 quippe
1443 1901 1650 1961 bonum,
1671 1917 1758 1966 per
1775 1901 2224 1967 concupiscentiam
2246 1908 2424 1966 appeto

272 1979 473 2026 malum.
506 1999 530 2024 «
548 1982 607 2028 Et
622 1981 946 2046 captivantem
960 1999 1056 2041 me,
1071 2001 1094 2026 »
1115 1982 1166 2029 id
1185 1991 1256 2030 est
1273 1983 1411 2047 quasi
1431 1984 1678 2048 captivum
1698 1992 1746 2030 et
1763 1982 2012 2030 nolentem
2032 1999 2110 2030 me
2130 1981 2421 2043 trahentem,

275 2077 296 2102 ι(
312 2058 363 2105 in
386 2059 559 2124 legem,
581 2082 604 2105 »
636 2062 687 2108 id
716 2073 787 2111 est
808 2064 857 2110 in
887 2064 1218 2111 obedientiam
1239 2064 1423 2129 peccati
1450 2074 1611 2112 mente
1640 2064 1881 2129 concepti,
1915 2072 1969 2111 ut
2009 2080 2158 2128 opere
2185 2061 2305 2110 illud
2338 2061 2429 2111 im-

270 2138 446 2204 pleam.
475 2144 593 2199 Quae
614 2142 794 2191 scilicet
815 2143 890 2191 lex
914 2144 980 2192 ita
1001 2161 1080 2192 me
1103 2145 1368 2210 captivans,
1407 2155 1454 2192 et
1478 2162 1506 2193 a
1528 2148 1633 2192 Deo
1663 2146 1865 2211 proprio
1900 2145 2114 2192 Domino
2149 2160 2260 2191 meo
2290 2159 2428 2191 aver·

271 2229 395 2281 tens,
416 2221 538 2270 sicut
555 2227 658 2288 Jam
681 2223 866 2272 dictum
890 2235 978 2285 est,
1010 2246 1033 2269 ε(
1053 2226 1104 2273 in
1130 2224 1361 2273 membris
1384 2227 1520 2274 meis.
1546 2245 1569 2272 »
1597 2226 1737 2274 Unde
1761 2237 1807 2274 et
1825 2224 2217 2290 concupiscentia
2253 2223 2430 2273 dicitur

273 2300 544 2363 oculorum,
583 2320 670 2368 per
705 2322 855 2369 quam
892 2306 993 2354 visa
1030 2307 1436 2372 concupiscimus,
1471 2317 1518 2355 et
1558 2307 1776 2355 similiter
1815 2307 1912 2355 dici
1947 2317 2107 2373 potest
2145 2315 2430 2354 caeterorum

273 2381 620 2445 membrorum,
642 2386 912 2434 secundum
935 2387 1159 2435 videlicet
1181 2405 1267 2435 sua
1289 2389 1514 2437 exercitia
1536 2390 1586 2436 in
1612 2388 1888 2437 carnalibus
1909 2386 2255 2454 voluptatibus
2283 2384 2431 2446 Quod

272 2477 388 2508 vero
411 2466 598 2528 repetit,
629 2486 651 2510 «
671 2484 778 2531 quae
801 2477 872 2515 est
896 2468 946 2515 in
972 2468 1200 2517 membris
1232 2470 1367 2530 meis,
1400 2490 1423 2513 n
1460 2469 1523 2517 ad
1545 2469 1928 2535 exaggerandam
1950 2478 1998 2516 et
2023 2468 2230 2534 amplius
2252 2476 2430 2515 nostrae

270 2545 515 2592 memoriae
546 2548 988 2598 commendandam
1021 2549 1352 2598 infirmitatem
1386 2561 1602 2600 nostram
1637 2551 1765 2610 facit,
1803 2551 1919 2615 quia
1950 2559 2070 2615 quot
2094 2548 2315 2598 membra
2341 2546 2430 2596 ha-

270 2620 459 2685 bemus,
502 2635 573 2673 tot
610 2629 707 2676 fere
741 2630 792 2677 in
832 2631 900 2679 eis
933 2631 1097 2679 hostes
1129 2631 1308 2696 jugiter
1347 2633 1637 2681 sustinemus
1673 2643 1721 2680 et
1752 2631 2139 2698 inseparabiliter
2172 2629 2430 2679 nobiscum

271 2701 402 2766 ipsos
446 2717 712 2770 portamus.
758 2711 900 2759 Unde
948 2712 1262 2760 vehementer
1288 2714 1553 2762 'exterritus
1593 2713 1846 2779 querendo
1888 2713 2121 2761 exclamat
2153 2729 2164 2758 :
2208 2710 2430 2759 «Infelix

274 2796 363 2844 ego
397 2784 566 2849 homo,
598 2809 621 2832 >2
661 2789 893 2839 subaudis
926 2809 1094 2842 revera
1136 2811 1262 2855 sum,
1302 2795 1387 2860 qui
1430 2804 1502 2842 tot
1537 2794 1760 2843 hostibus
1801 2795 1851 2841 in
1889 2794 1997 2860 ipso
2031 2808 2238 2858 corpore
2275 2790 2427 2840 modo

273 2862 612 2916 circumsessus
637 2887 761 2933 sum,
791 2873 986 2937 quibuS,
1021 2884 1074 2921 ut
1096 2877 1316 2940 superius
1347 2875 1462 2935 dixi,
1496 2893 1522 2924 a
1552 2876 1736 2942 meipso
1762 2893 1869 2926 sum
1889 2873 2214 2922 venumdatus
2235 2882 2284 2920 et
2306 2888 2429 2937 cap·-

272 2941 398 2990 tivus
429 2947 648 3008 traditus,
687 2968 778 2999 nec
811 2953 911 3016 jam
942 2971 1029 3018 per
1071 2972 1149 3002 me
1183 2955 1246 3003 ab
1277 2957 1370 3004 hac
1403 2958 1629 3004 servitute
1662 2956 1855 3005 liberari
1882 2972 2082 3023 possum
2114 2964 2195 3002 aut
2234 2951 2423 3000 redimi.

274 3023 332 3068 Et
365 3026 479 3087 quia
509 3028 572 3074 ita
604 3039 691 3091 est,
723 3034 875 3096 «quis
897 3051 976 3081 me
999 3034 1238 3097 liberabit,
1257 3055 1280 3079 »ι
1307 3036 1356 3082 id
1383 3047 1454 3083 est
1476 3037 1584 3100 quis
1616 3038 1706 3086 erit
1730 3047 1831 3085 tam
1864 3043 2117 3103 potenset
2149 3044 2249 3081 tam
2285 3031 2427 3079 beni-

274 3118 396 3166 gnus
433 3106 586 3167 mihi,
632 3120 686 3157 ut
726 3128 803 3159 me
838 3113 1009 3160 liberet
1048 3133 1072 3159 «
1106 3131 1134 3162 a
1163 3132 1372 3180 corpore
1407 3116 1552 3180 hujus
1593 3118 1785 3176 mortis,
1830 3136 1854 3162 υ
1890 3116 1941 3163 id
1984 3124 2055 3162 est
2085 3115 2152 3162 ita
2186 3128 2346 3179 prono
2380 3120 2429 3159 et

272 3195 540 3248 praeparato
558 3188 619 3236 ad
642 3190 1029 3240 interficiendam
1050 3195 1281 3256 animam,
1298 3213 1361 3243 ne
1384 3197 1599 3244 carnales
1620 3198 1799 3244 scilicet
1818 3195 2144 3260 suggestiones
2164 3193 2283 3240 mihi
2306 3208 2427 3257 prae-

273 3262 481 3327 valeant,
509 3277 556 3315 et
588 3270 730 3319 cedat
765 3273 959 3337 spiritus
988 3275 1138 3338 carni,
1168 3275 1219 3323 id
1250 3285 1321 3324 est
1343 3277 1466 3324 ratio
1496 3278 1620 3325 victa
1645 3276 1926 3325 succumbat
1949 3286 1996 3324 et
2032 3275 2300 3344 consentiat
2335 3290 2434 3322 vo·—
