2638 3866
1088 206 1397 256 DlALOGUS.
2214 212 2308 259 693

163 320 253 353 nec
286 305 389 370 ipse
414 305 544 351 Deus
575 303 707 351 hunc
734 305 992 370 parvulum
1015 308 1100 372 qui
1127 326 1377 374 perversus
1406 319 1475 358 est
1507 310 1711 372 futurus,
1738 320 1822 359 aut
1850 309 2037 359 bonum
2061 310 2308 359 hominem

162 395 244 433 aut
278 384 460 433 malum
493 384 745 433 hominem
781 387 988 449 creavit,
1023 389 1107 436 sed
1137 389 1318 439 bonam
1357 407 1457 438 rem
1483 390 1555 438 vel
1590 389 1730 439 bonae
1772 402 1951 439 naturae
1990 391 2307 441 substantiam

162 483 275 514 eum
312 464 559 528 condidit,
601 481 691 514 nec
728 482 839 514 eum
879 483 1059 531 equum
1096 470 1182 534 qui
1234 487 1486 536 nunquam
1528 470 1688 519 bonus
1722 480 1792 520 est
1836 472 2050 532 futurus,
2094 488 2307 537 unquam

162 545 350 594 bonum
383 562 562 611 equum
594 545 798 607 creavit,
833 545 944 595 licet
974 549 1236 598 nonnullos
1269 540 1508 616 equorum
1536 551 1732 599 vitiosos
1764 568 1926 599 creare
1958 551 2189 613 videatur,
2226 553 2308 617 qui

162 626 384 675 videlicet
411 627 459 674 in
494 626 599 693 ipsa
628 627 874 675 creatione
897 643 984 675 sua
1012 628 1181 677 vitium
1209 629 1407 696 aliquod
1437 629 1722 679 contrahere
1745 630 1989 693 dicuntur,
2026 631 2154 679 unde
2177 641 2310 698 post-

164 707 368 756 modum
402 707 594 756 inutiles
624 717 707 755 aut
737 723 910 773 parum
948 709 1086 757 utiles
1120 710 1253 758 fiant.
1288 714 1422 777 Ipsos
1458 728 1656 777 quoque
1686 710 1908 759 homines
1942 711 2217 760 naturaliter
2253 730 2307 760 ex

162 788 514 836 elementorum
537 789 873 854 complexione
898 789 948 837 in
981 791 1086 856 ipsa
1113 808 1198 840 sua
1219 793 1463 856 creatione
1492 790 1727 858 nonnulla
1746 792 1857 840 vitia
1882 792 2164 858 contrahere
2195 811 2311 841 con-

164 877 280 931 stat,
320 878 373 916 ut
407 869 626 917 iracundi
648 869 857 932 scilicet,
892 869 967 919 vel
1002 870 1236 919 luxuriosi
1270 872 1344 920 vel
1372 873 1476 921 aliis
1509 873 1675 921 irretiti
1706 873 1831 920 vitiis
1865 871 2141 920 naturaliter
2173 873 2305 921 fiant.

163 949 257 997 Sed
284 966 441 1015 neque
464 949 598 1010 illum
626 950 834 999 fortassis
855 952 1082 1017 angelum
1104 954 1271 1001 ceteris
1293 955 1431 1018 quasi
1453 953 1704 1002 luciferum
1725 952 1991 1019 praelatum,
2018 970 2164 1018 quem
2188 965 2313 1019 post-

163 1030 367 1080 modum
389 1041 680 1097 apostatasse
703 1032 874 1093 dicitis,
899 1032 1087 1081 bonum
1111 1033 1335 1098 angelum
1358 1034 1432 1081 vel
1454 1033 1642 1082 bonum
1665 1034 1886 1099 spiritum
1910 1033 2144 1094 condidit,
2168 1050 2309 1097 quem

163 1129 417 1178 nunquam
451 1112 500 1160 in
532 1113 753 1171 veritate¹
783 1114 857 1162 vel
890 1114 938 1162 in
972 1113 1229 1162 dilectione
1257 1113 1348 1162 Dei
1369 1115 1636 1162 constitisse
1670 1114 1841 1173 dicitis,
1881 1117 1947 1162 et²
1982 1114 2197 1180 plerique
2234 1132 2311 1162 ve-

162 1202 315 1240 strum
361 1193 604 1242 caritatem
653 1194 800 1243 semel
850 1194 1095 1256 habitam,
1145 1210 1399 1260 nunquam
1448 1194 1683 1244 fateantur
1717 1196 1887 1244 amitti.
1927 1194 2093 1244 Nullus
2133 1197 2312 1262 quippe

161 1273 360 1338 angelus
391 1274 491 1322 sive
526 1274 720 1340 spiritus
743 1285 827 1324 aut
856 1277 999 1324 etiam
1032 1276 1184 1324 homo
1210 1292 1239 1324 a
1265 1276 1524 1324 dilectione
1551 1277 1639 1325 Dei
1669 1286 1716 1325 et
1740 1293 1850 1325 vera
1881 1276 2076 1325 caritate
2099 1276 2304 1334 alienus,

163 1354 323 1403 bonus
354 1364 482 1403 recte
506 1354 701 1415 dicitur,
727 1357 848 1404 sicut
875 1372 964 1405 nec
993 1356 1175 1418 malus,
1202 1372 1348 1421 quam
1371 1355 1455 1403 diu
1483 1367 1682 1422 peccato
1705 1367 1849 1405 caret.
1878 1357 1927 1404 Si
1950 1356 2093 1420 igitur
2114 1357 2310 1421 angelus

162 1434 241 1483 ille
272 1452 432 1501 neque
465 1452 579 1484 cum
611 1447 810 1502 peccato
843 1454 1002 1502 neque
1033 1454 1145 1485 cum
1180 1437 1375 1484 caritate
1406 1437 1494 1484 Dei
1528 1447 1715 1485 creatus
1748 1446 1844 1498 est,
1880 1437 2129 1501 quomodo
2157 1437 2312 1485 bonus

163 1515 324 1564 adhuc
357 1516 554 1581 angelus
580 1517 653 1565 vel
688 1517 842 1565 malus
874 1527 1062 1566 creatus
1093 1534 1195 1565 esse
1225 1517 1460 1566 dicendus
1495 1517 1600 1565 est?
1620 1518 1697 1565 Sic
1730 1533 1819 1565 nec
1850 1517 2024 1581 singuli
2058 1516 2307 1577 homines,

164 1614 277 1644 cum
301 1606 525 1645 creantur
545 1597 766 1646 nondum
791 1599 989 1647 rationis
1011 1608 1280 1663 compotes,
1309 1608 1392 1646 aut
1414 1597 1534 1646 honi
1557 1597 1798 1657 homines,
1826 1607 1908 1645 aut
1931 1597 2042 1645 mali
2068 1599 2311 1645 creatione

162 1676 358 1725 dicendi
384 1688 531 1738 sunt„
550 1695 663 1726 cum
686 1678 908 1727 videlicet
930 1681 1032 1745 ipsa
1052 1679 1295 1727 creatione
1316 1694 1418 1735 sua,
1450 1687 1503 1725 ut
1525 1677 1645 1725 boni
1668 1677 1891 1725 homines
1913 1687 1997 1726 aut
2020 1676 2132 1724 mali
2155 1688 2312 1725 essent

163 1774 264 1805 non
289 1758 580 1824 acceperint.
609 1761 833 1816 Quorum
856 1759 1000 1807 etiam
1022 1759 1171 1823 aliqui
1197 1775 1308 1806 cum
1333 1758 1593 1822 aegrotativi
1616 1757 1693 1805 vel
1714 1757 1845 1805 stulti
1869 1757 2148 1805 naturaliter
2172 1757 2307 1816 flant,

163 1849 212 1887 et
241 1840 439 1889 diversis
471 1851 567 1889 tam
591 1842 740 1889 animi
772 1858 917 1906 quam
948 1842 1165 1907 corporis
1189 1841 1312 1889 vitiis
1338 1842 1563 1907 occupati
1592 1851 1868 1903 nascantur,
1901 1851 1950 1888 et
1983 1857 2152 1889 omnes
2173 1859 2312 1889 com--

165 1921 374 1969 muniter
404 1921 644 1986 hominesv
662 1931 887 1970 creentur
917 1921 1168 1983 mortales,
1206 1922 1423 1987 profecto
1453 1938 1510 1969 ex
1542 1922 1646 1987 ipsa
1675 1938 1762 1969 sua
1785 1922 2027 1969 creatione
2051 1921 2311 1970 substantia

164 1999 388 2049 humanae
418 2011 601 2050 naturae
631 2002 788 2063 bona,
826 2002 1092 2050 multorum
1129 2003 1366 2068 particeps
1401 2001 1463 2054 fit,
1491 2001 1749 2049 malorum.
1789 2004 1848 2049 Ut
1881 2002 2011 2048 enim
2042 2002 2313 2049 Aristoteles

168 2081 412 2129 memi11it⁸
451 2091 498 2129 et
536 2082 787 2130 manifesta
833 2091 963 2130 tenet
996 2084 1197 2143 veritas,
1236 2082 1369 2129 bono
1408 2081 1702 2129 contrarium
1743 2098 1845 2129 esse
1884 2098 1983 2128 non
2021 2091 2178 2146 potest
2224 2082 2311 2128 nisi

166 2161 366 2209 malum.
412 2165 544 2210 Patet
589 2163 751 2226 igitur,
793 2171 891 2209 tam
928 2161 1268 2210 mortalitatem
1315 2177 1460 2226 quarn
1501 2170 1657 2209 cetera
1701 2161 1851 2208 modo
1890 2162 2156 2226 praemissa,
2202 2178 2311 2209 cum

166 2241 343 2307 quibus
367 2242 629 2303 nascimur,
654 2242 778 2290 mala
801 2259 903 2291 esse
925 2241 1321 2291 connumeranda
1336 2278 1348 2302 ,
1374 2258 1488 2289 cum
1513 2258 1684 2288 eorum
1707 2241 1885 2289 scilicet
1905 2242 2144 2289 contraria
2168 2258 2312 2289 nemo

167 2321 356 2370 dubitet
384 2339 484 2370 esse
509 2322 657 2381 bona,
685 2333 732 2370 et
755 2322 975 2387 quaedam
999 2322 1115 2370 vitia
1142 2339 1222 2370 seu
1255 2321 1378 2369 mala
1404 2321 1682 2369 naturaliter
1712 2338 1768 2369 ex
1804 2321 1906 2386 ipsa
1937 2322 2179 2369 creatione
2207 2323 2313 2385 qui-

166 2403 375 2451 busdam
408 2403 741 2453 bonisinesse
776 2403 1070 2462 substantiis,
1109 2413 1161 2450 ut
1195 2403 1459 2451 mortalitas
1494 2402 1700 2460 homiui,
1739 2401 2129 2449 irrationabilitas
2165 2418 2308 2467 equo.

167 2484 399 2542 Quamvis
420 2485 549 2532 enim
578 2483 842 2533 mortalitas
865 2501 964 2534 non
988 2483 1176 2531 dicatur
1199 2483 1366 2531 vitium
1389 2483 1623 2542 hominis,
1655 2499 1767 2529 cum
1789 2481 2010 2531 videlicet
2042 2482 2309 2529 secundum

166 2581 275 2613 eam
298 2581 443 2612 nemo
467 2564 562 2613 alio
585 2565 785 2612 homine
804 2563 1014 2612 deterior
1035 2564 1120 2622 sit,
1148 2579 1243 2627 qna
1264 2563 1506 2628 aequaliter
1529 2579 1699 2610 omnes
1724 2562 2033 2627 participant,
2060 2562 2309 2626 quoddam

168 2655 329 2693 tamen
359 2655 429 2692 est
452 2646 621 2692 vitium
658 2654 837 2693 naturae
864 2645 1043 2710 inipso
1075 2644 1300 2702 homine,
1325 2644 1557 2706 quoniam
1594 2644 1641 2690 in
1668 2642 1762 2690 hoc
1797 2642 2007 2690 humana
2044 2653 2214 2690 natura
2254 2643 2314 2689 ab

170 2742 227 2773 ea
272 2742 377 2790 quae
411 2724 695 2772 immortalis
729 2734 826 2784 est,
865 2724 1075 2773 deterior
1111 2723 1184 2770 vel
1219 2722 1456 2771 infirmior
1496 2724 1667 2771 existit.
1705 2723 1837 2769 Sicut
1883 2722 2025 2785 igitur
2063 2721 2310 2769 hominem

171 2804 452 2870 quemlibet,
471 2804 856 2869 quantiscunque
874 2804 1000 2852 vitiis
1022 2804 1323 2868 deturpetur,
1346 2819 1448 2850 rem
1471 2801 1648 2849 bonam
1675 2817 1774 2848 esse
1793 2801 2121 2863 concedimus,
2139 2819 2229 2849 uec
2251 2811 2315 2849 ta-

172 2902 283 2933 men
298 2885 408 2933 ideo
421 2885 610 2932 bonum
632 2885 882 2932 hominem
905 2901 1006 2932 esse
1029 2886 1305 2942 annuimus,
1323 2884 1385 2930 ita
1406 2900 1433 2930 e
1453 2883 1696 2931 contrario
1722 2881 1984 2946 quamlibet
1997 2898 2190 2947 poenam
2211 2899 2313 2929 rem

172 2983 273 3014 esse
291 2966 467 3013 malam
483 2963 783 3030 profitemur,
797 2963 907 3012 licet
921 2963 1206 3013 nonnullam
1220 2979 1321 3011 esse
1334 2963 1516 3011 honam
1528 2978 1722 3029 poenam
1736 2978 1989 3027 ponamus.
2005 2962 2311 3026 Videssaque,

174 3063 275 3094 non
299 3062 400 3093 esse
430 3056 753 3110 consequens,
791 3054 844 3092 ut
864 3045 902 3092 si
929 3044 1111 3093 bonam
1135 3053 1182 3092 et
1196 3045 1373 3108 justam
1399 3059 1594 3109 poenam
1629 3059 1871 3090 summum
1899 3042 2112 3090 hominis
2137 3043 2313 3091 malum

174 3143 276 3175 esse
310 3137 597 3188 statuamus,
629 3125 741 3174 ideo
765 3124 896 3190 quod
927 3124 1112 3173 bonum
1146 3133 1243 3186 est,
1282 3141 1526 3172 summum
1556 3124 1657 3188 ejus
1687 3122 1868 3170 malum
1905 3139 2005 3170 esse
2041 3123 2310 3172 credamus,

221 3308 379 3349 'Joann..
396 3321 468 3352 cap.
484 3320 560 3353 vm,
579 3319 608 3342 v.
629 3312 682 3345 44.
705 3329 746 3335 —
760 3306 772 3325 ²
790 3311 874 3345 Cum
890 3313 1061 3353 legendum
1079 3320 1138 3353 pro
1155 3315 1186 3345 et
1203 3311 1335 3352 conjicit
1348 3308 1536 3344 Rhelnvald.
1555 3326 1595 3333 -·
1611 3309 1624 3329 ³
1639 3308 1770 3349 δαΐῳ,
1791 3316 1863 3348 cap.
1882 3316 1923 3348 n,
1944 3309 1972 3343 t.
