2638 3866
963 213 1309 264 THEOLOGIA
1350 215 1701 266 CHRlSTlANA
1712 253 1722 264 .
2320 224 2419 272 463

262 311 608 378 requirendum
646 322 784 378 puto,
823 313 939 378 quid
980 314 1042 361 de
1077 316 1311 380 magistris
1349 318 1446 365 suis
1480 329 1725 378 censeant,
1764 320 1848 384 qui
1878 320 1974 369 hoc
2005 320 2296 383 docuerunt,
2328 342 2421 373 nec

264 393 380 442 falsa
410 409 513 442 esse
548 392 1027 459 deprehenderunt⁸.
1069 396 1257 444 Scimus
1285 398 1483 462 quidem
1512 416 1539 447 a
1568 400 1672 448 solo
1707 401 1874 448 Boetio
1905 403 2126 450 omnium
2157 419 2416 467 argumen-

260 474 516 534 tationum,
557 473 734 539 quibus
766 490 898 522 nunc
934 475 1131 537 utimur,
1168 477 1398 525 traditum
1420 496 1522 527 esse
1553 480 1921 544 documentum,
1956 492 2003 531 et
2028 483 2248 532 omnium
2276 502 2420 550 argu-

261 565 538 603 mentorum
560 555 686 602 vires
716 553 779 602 ab
803 555 910 620 ipso
936 572 1027 603 nos
1058 556 1298 605 didicisse.
1337 560 1524 608 Scimus
1557 571 1606 608 et
1636 561 1795 627 ipsum
1824 562 1884 610 de
1908 562 2004 611 fide
2034 564 2275 612 Trinitatis
2306 566 2415 614 dili-

260 645 428 701 genter
464 653 521 684 ac
556 635 893 702 philosophice
941 636 1077 701 juxta
1120 638 1290 686 decem
1337 640 1828 705 praedicamentorum
1870 642 2228 693 distinctionem
2268 646 2415 695 disse-

260 717 431 764 ruisse.
481 720 694 782 Arguent
743 718 1024 781 magistrum
1070 718 1230 784 ipsum
1279 721 1554 783 rationum,
1605 732 1653 769 et
1699 723 1861 771 dicent
1904 740 2015 772 eum
2058 726 2108 772 in
2148 727 2416 775 rationibus

258 796 525 857 oberrasse,
555 813 675 861 quas
696 807 855 845 tamen
880 814 984 846 sese
1016 798 1079 846 ab
1102 815 1162 846 eo
1186 799 1452 863 gloriantur
1475 801 1718 851 didicisse.
1762 806 1871 850 Non
1899 804 2236 853 animadvertit
2264 808 2415 871 magi·

256 886 354 926 ster
378 877 513 943 quod
540 872 934 927 animadvertunt
954 878 1198 946 discipuli,
1228 880 1405 945 quibus
1432 882 1613 931 scilicet
1642 883 1912 931 rationibus
1943 884 1995 932 id
2017 886 2152 950 quod
2182 888 2414 951 arguebat

255 957 531 1023 impugnari
549 958 740 1023 posset?
763 962 967 1023 Ignosco
992 970 1093 1008 tam
1114 961 1374 1009 manifestae
1396 962 1563 1010 talium
1580 963 1909 1030 impudentiae,
1932 966 2287 1030 quantumlibet
2312 968 2411 1031 jam

255 1037 509 1088 detrahant
545 1039 711 1102 nobis,
753 1041 838 1105 qui
891 1057 983 1088 nec
1029 1058 1227 1107 parcere
1275 1053 1518 1091 noverunt
1566 1046 1691 1105 suis,
1736 1045 2008 1094 dummodo
2061 1047 2412 1112 simplicitatem

254 1117 471 1168 fidelium
498 1138 601 1187 non
632 1121 936 1188 perturbent,
968 1132 1016 1170 et
1042 1123 1226 1171 eisdem
1259 1124 1444 1189 laqueis
1476 1126 1847 1191 sophismatum,
1881 1127 2059 1192 quibus
2074 1129 2173 1192 Jam
2190 1128 2279 1194 ipsi
2312 1129 2416 1177 abs·

254 1201 393 1248 tracti
425 1211 563 1264 sunt,
597 1202 647 1249 in
678 1218 813 1251 suam
845 1203 964 1250 alios
1001 1202 1188 1252 foveam
1217 1221 1320 1252 non
1357 1204 1568 1266 trahant,
1605 1206 1742 1271 quod
1769 1224 1830 1255 ne
1859 1207 1981 1255 forte
2011 1208 2223 1268 eveniat,
2259 1226 2410 1258 unum

253 1292 469 1346 superest
501 1282 731 1331 adversus
775 1283 902 1331 hanc
937 1294 1121 1349 pestem
1155 1301 1185 1332 a
1216 1285 1430 1333 Domino
1465 1296 1628 1351 petere
1667 1287 2074 1336 medicamentum
2093 1324 2105 1348 ,
2149 1298 2202 1336 ut
2240 1306 2410 1339 eorum

251 1360 356 1427 ipse
386 1362 778 1412 machinamenta
810 1364 1026 1430 dissipet,
1063 1365 1147 1430 qui
1179 1365 1350 1413 crebro
1392 1377 1790 1432 argumentorum
1823 1384 2023 1417 suorum
2060 1369 2207 1417 ariete
2238 1386 2408 1417 verum

250 1441 402 1507 ipsius
437 1444 678 1510 templum
716 1444 980 1493 dissolvere
1014 1456 1274 1494 conantur.

317 1525 440 1570 Cum
481 1526 644 1590 itaque
666 1525 837 1573 talium
879 1526 1223 1591 importunitas
1265 1527 1674 1592 conjuratorum¹,
1713 1545 1871 1593 neque
1909 1538 2216 1589 sanctorum,
2250 1546 2409 1594 neque

249 1603 662 1670 philosophorum
697 1606 979 1654 auctoritate
1011 1607 1254 1673 compesci
1286 1609 1461 1673 possit,
1494 1608 1588 1655 nisi
1628 1608 1853 1656 humanis
1888 1609 2156 1656 rationibus
2191 1611 2259 1657 eis
2293 1611 2409 1658 resi-

248 1693 422 1747 statur,
454 1687 539 1751 qui
560 1686 787 1735 humanis
810 1686 1079 1735 rationibus
1099 1687 1421 1750 invehuntur,
1448 1689 1751 1736 decrevimus
1776 1699 1824 1736 et
1847 1705 1939 1737 nos
1964 1689 2119 1736 stultis
2139 1689 2407 1738 secundum

246 1765 498 1813 stultitiam
526 1783 663 1815 suam
689 1767 1002 1833 respondere,
1042 1778 1090 1815 et
1120 1785 1292 1816 eorum
1324 1769 1717 1834 impugnationes
1746 1786 1805 1817 ex
1839 1770 1955 1835 ipsis
1991 1769 2191 1830 artibus,
2232 1770 2408 1835 quibus

246 1861 338 1893 nos
376 1857 685 1912 expugnant,
725 1864 1069 1913 conquassare.
1116 1851 1237 1897 Nam
1282 1860 1330 1897 et
1371 1849 1540 1897 divino
1580 1849 1727 1897 fretus
1767 1850 1944 1897 auxilio
1982 1851 2214 1916 parvulus
2252 1851 2403 1898 David

246 1925 540 1975 immensum
578 1945 634 1976 ac
664 1929 907 1976 tumidum
931 1930 1122 1977 Goliam
1155 1931 1358 1995 proprio
1395 1930 1498 1994 ejus
1533 1930 1692 1995 gladio
1723 1931 1979 1996 jugulavit3
2020 1941 2068 1978 et
2106 1948 2198 1978 nos
2232 1931 2404 1979 eodem

245 2004 505 2056 dialecticae
537 2009 716 2073 gladio,
754 2027 852 2075 quo
884 2009 953 2057 illi
980 2011 1181 2057 animati
1207 2011 1563 2076 simplicitatem
1598 2021 1816 2059 nostram
1850 2012 2137 2077 impugnare
2162 2011 2402 2071 nituntur,

243 2085 295 2133 in
331 2088 462 2153 ipsos
496 2106 751 2150 converso,
793 2089 948 2137 robur
978 2107 1150 2138 eorum
1185 2091 1408 2156 aciesque
1438 2101 1838 2155 argumentorum
1871 2108 2071 2139 suorum
2101 2092 2151 2138 in
2189 2092 2404 2138 Domino

245 2165 550 2234 dissipemus,
584 2181 639 2218 ut
668 2171 769 2235 jam
800 2171 962 2217 minus
990 2171 1343 2236 simplicitatem
1378 2171 1596 2219 fidelium
1627 2172 1822 2237 aggredi
1852 2180 2160 2237 praesumant,
2200 2187 2312 2218 cum
2341 2170 2405 2218 de

243 2247 320 2295 his
347 2250 581 2298 confutati
612 2251 807 2313 fuerint,
834 2251 894 2298 de
918 2250 1096 2315 quibus
1129 2252 1370 2316 praecipue
1389 2252 1687 2317 impossibile
1710 2253 1778 2299 eis
1797 2252 1989 2299 videtur
2010 2252 2314 2317 responderi,
2341 2250 2403 2298 de

243 2327 515 2378 diversitate
550 2331 729 2379 scilicet
763 2348 1083 2397 personarum
1113 2332 1161 2379 in
1192 2349 1291 2379 una
1325 2342 1372 2379 et
1401 2332 1653 2380 individua
1684 2333 1874 2398 penitus
1908 2348 1965 2380 ac
2002 2332 2208 2397 simplici
2239 2331 2400 2380 diviua

243 2408 527 2472 substantia,
561 2421 609 2459 et
632 2412 693 2460 de
721 2413 1030 2477 generatione
1054 2411 1218 2474 Verbi,
1252 2429 1337 2460 seu
1372 2413 1683 2478 processione
1712 2413 1928 2479 Spiritus.
1968 2415 2040 2460 De
2073 2429 2172 2477 quo
2202 2411 2399 2476 quidem

242 2506 335 2538 nos
366 2491 544 2540 docere
571 2493 822 2541 veritatem
856 2510 958 2540 non
987 2492 1334 2559 promittimus,
1367 2493 1431 2540 ad
1462 2510 1608 2559 quam
1635 2510 1796 2558 neque
1823 2510 1916 2540 nos
1946 2492 2158 2558 aliquem
2182 2491 2400 2540 sufficere

242 2571 513 2636 credimus;
549 2574 635 2622 sed
668 2574 835 2622 saltem
872 2573 1072 2639 aliquod
1103 2573 1377 2632 verisimile,
1416 2584 1560 2639 atque
1582 2574 1808 2622 humanae
1843 2574 2018 2621 rationi
2045 2573 2276 2631 vicinum,
2306 2589 2398 2619 nec
2433 2577 2440 2618 2

243 2668 386 2700 sacrae
422 2653 534 2702 fidei
566 2656 882 2717 contrarium,
917 2671 1192 2720 proponere
1222 2655 1340 2701 libet
1372 2654 1601 2702 adversus
1624 2671 1725 2715 eos,
1756 2655 1840 2719 qui
1869 2654 2097 2700 humanis
2130 2652 2397 2700 rationibus

242 2731 393 2780 fidem
425 2751 475 2781 se
512 2735 796 2800 impugnare
834 2736 1115 2800 gloriantur,
1151 2752 1241 2782 nec
1271 2734 1363 2782 nisi
1383 2735 1623 2782 humanas
1650 2743 1820 2782 curant
1847 2734 2058 2781 rationes
2089 2749 2208 2796 quas
2240 2749 2395 2780 nove·-

243 2823 376 2870 runt,
415 2814 692 2879 multosque
729 2815 865 2862 facile
897 2825 1217 2862 assentatores
1249 2814 1528 2876 inveniunt,
1562 2830 1675 2861 cum
1712 2813 1809 2860 fere
1832 2829 2001 2860 omnes
2036 2813 2266 2860 animales
2299 2813 2394 2860 sint

302 2949 316 2965 ⁸
333 2939 596 2999 Augustinus
614 2939 727 2982 libro
747 2941 789 2982 ΙΙ
810 2951 960 2982 contra
981 2938 1267 2982 Maximum2:
1299 2961 1314 2976 «
1333 2940 1603 3000 Distinguere
1618 2939 1731 2982 inter
1745 2938 1862 2982 illam
1883 2940 2205 3000 generationem
2222 2949 2265 2982 et
2280 2938 2394 2980 hanc

240 3006 557 3063 processionem
579 3006 742 3060 nescio,
767 3021 858 3048 non
879 3005 1018 3059 valeo,
1044 3022 1135 3048 non
1152 3005 1331 3060 sufficio,
1356 3006 1456 3064 quia
1478 3017 1522 3049 et
1543 3005 1613 3047 illa
1636 3015 1680 3048 et
1701 3006 1780 3048 ista
1805 3016 1867 3048 est
1888 3004 2133 3060 ineffabilis,
2155 3005 2263 3048 sicut
2285 3020 2391 3063 pro·-

239 3070 371 3128 pheta
397 3071 451 3114 de
470 3071 579 3113 Filio
603 3070 684 3113 ait⁸
711 3087 721 3114 ι
753 3093 768 3109 «
783 3071 1118 3114 Generationem
1140 3073 1231 3128 ejus
1254 3073 1348 3131 quis
1365 3070 1611 3115 enarrabit?
1631 3092 1647 3109 »
1674 3072 1738 3114 Ita
1756 3070 1810 3114 de
1829 3072 1987 3131 Spiritu
2007 3081 2155 3113 sancto
2175 3070 2390 3113 verissime

241 3134 423 3191 dicetur,
445 3136 770 3180 Processionem
789 3138 879 3194 ejus
901 3137 994 3196 quis
1017 3136 1259 3180 enarrabit?
1288 3159 1305 3176 n

298 3306 370 3340 ¹Sic
387 3309 498 3342 forsan
515 3310 702 3350 legendum.
720 3309 816 3344 Edm.
832 3309 979 3343 martene
993 3309 1429 3343 corrixariorum—'Lim
1449 3309 1497 3351 11,
1514 3318 1587 3350 cap.
1606 3318 1672 3343 xiv.
1694 3309 1793 3352 opp..
1813 3315 1839 3342 t.
1854 3307 2007 3342 Vlll.—⁸
2020 3309 2111 3350 lsai„
2128 3316 2199 3348 cap.
2217 3315 2271 3339 un
2283 3330 2291 3346 ,
2303 3314 2335 3337 v.
2353 3308 2384 3339 8.
