2638 3866
649 241 866 289 ETHICA
900 242 1009 289 SEU
1042 241 1215 289 LIBER
1248 241 1457 289 DICTUS
1486 259 1496 285 =
1537 241 1702 288 SCITO
1736 241 2005 288 TEIPSUM.
2308 237 2404 285 615

256 346 340 410 qui
369 345 598 407 Martyres
620 340 1051 408 persequebantur,
1084 341 1146 389 de
1165 341 1342 406 quibus
1364 342 1549 389 Veritas
1580 342 1627 388 in
1652 341 1935 406 Evangelio¹
1965 359 1975 388 ε
1999 339 2182 387 «Venit
2203 338 2327 387 hora
2354 350 2407 387 ut

257 425 413 474 omnis
437 423 520 488 qui
536 420 761 470 interficit
784 437 890 479 vos,
918 421 1173 469 arbitretur
1192 421 1478 486 obsequium
1507 439 1557 470 se
1583 432 1805 487 praestare
1824 425 1946 469 Deo.
1969 439 1991 465 »
2021 419 2248 478 Qualium
2271 420 2407 484 igno-

256 504 420 553 rantiae
432 503 687 569 Apostolus
700 501 897 565 quidem
906 503 1203 566 compatiens
1219 503 1304 550 ait²
1320 520 1329 549 :
1348 503 1726 550 «Testimonium
1740 502 1829 549 illis
1842 500 2095 567 perhibeo,
2111 500 2243 564 quod
2261 517 2407 548 aemu-

257 585 487 632 lationem
509 584 597 631 Dei
612 583 812 640 habent,
833 581 916 630 sed
934 598 1034 629 non
1052 582 1318 630 secundum
1336 584 1612 643 scientiam3
1637 602 1659 627 n
1681 582 1773 629 1100
1804 591 1888 638 est,
1916 598 2144 645 magnum
2170 582 2406 629 fervorem

257 664 439 713 habent
455 681 510 712 ac
526 663 818 711 desiderium
839 663 887 710 in
910 662 987 710 his
1006 662 1252 723 faciendis,
1279 680 1384 728 quae
1406 666 1510 711 Deo
1533 663 1724 728 placere
1745 662 1976 720 credunt;
2003 661 2087 709 sed
2101 662 2216 727 quia
2240 662 2289 708 in
2309 661 2407 709 hoc

256 746 403 792 animi
428 746 500 792 sui
522 745 628 792 zelo
660 744 734 791 vel
761 743 922 791 studio
948 742 1274 808 decipiuntur,
1310 760 1513 791 erronea
1543 754 1614 792 est
1637 760 1808 791 eorum
1842 742 2062 799 intentio,
2090 759 2182 789 nec
2205 742 2404 806 simplex

257 834 327 872 est
340 826 511 873 oculus
529 825 707 882 cordis,
727 834 780 872 ut
797 823 925 872 clare
943 823 1105 871 videre
1125 833 1286 888 queat,
1307 824 1403 871 1100
1417 834 1503 883 est,
1535 824 1596 872 ab
1615 840 1779 871 errore
1798 822 1887 870 sibi
1907 823 2181 887 providere.
2203 822 2409 886 Diligen-

257 915 326 952 ter
360 907 523 970 itaque
546 905 805 963 Dominus,
844 921 956 951 cum
979 903 1247 950 secundum
1271 905 1590 952 intentionem
1614 914 1794 951 rectam
1819 903 1894 950 vel
1924 919 2023 950 non
2050 912 2230 949 rectam
2260 919 2407 967 opera

255 985 585 1051 distingueret,
604 985 802 1032 oculum
813 984 1115 1043 mentis,hoc
1136 993 1223 1044 est,
1249 984 1567 1032 intentionem
1593 1004 1617 1029 (ι
1633 984 1900 1048 simplicem
1929 1004 1950 1026 »
1978 993 2025 1029 et
2047 983 2184 1047 quasi
2213 999 2241 1029 a
2265 983 2407 1030 sorde

256 1082 426 1131 puram
445 1103 457 1126 ,
494 1075 546 1112 ut
568 1066 694 1112 clare
714 1065 876 1112 videre
899 1074 1085 1129 posset,
1110 1074 1192 1112 aut
1210 1080 1237 1110 e
1259 1064 1501 1111 contrario
1529 1084 1551 1109 «
1578 1063 1882 1111 tenebrosam
1912 1083 1934 1106 »
1962 1063 2175 1123 vocavit,
2202 1079 2314 1109 cum
2339 1062 2409 1109 di-

227 1140 231 1143 ’
253 1148 402 1195 001·οῑ8
419 1165 430 1193 :
449 1147 498 1194 Si
519 1146 683 1194 oculus
702 1155 813 1193 tuus
828 1145 1029 1210 simplex
1045 1145 1203 1203 fuerit,
1223 1154 1377 1192 totum
1397 1161 1574 1210 corpus
1588 1155 1726 1192 tuum
1738 1144 1958 1191 lucidum
1986 1144 2093 1201 erit,
2111 1164 2133 1187 »
2151 1143 2247 1190 hoc
2265 1153 2353 1204 est,
2370 1145 2407 1190 si

257 1227 460 1274 intentio
482 1236 612 1274 recta
630 1226 792 1285 fuerit,
807 1236 910 1273 tota
931 1242 1086 1273 massa
1114 1241 1318 1290 operum
1340 1225 1453 1272 inde
1478 1226 1881 1290 provenientium,
1895 1240 2001 1289 quae
2025 1239 2160 1270 more
2181 1240 2408 1288 corpora-

256 1307 374 1354 lium
399 1324 560 1355 rerum
578 1307 734 1354 videri
755 1308 923 1374 possit,
950 1307 1040 1354 erit
1061 1306 1168 1353 luce
1192 1305 1355 1369 digna,
1376 1305 1474 1353 hoc
1499 1316 1571 1354 est
1592 1306 1722 1353 bona
1750 1323 1760 1351 :
1793 1306 1860 1352 sic
1882 1322 1909 1352 e
1933 1305 2194 1352 contrario.
2215 1307 2321 1351 Non
2338 1314 2407 1351 est

254 1388 418 1452 itaque
439 1388 643 1435 intentio
665 1387 796 1434 bona
815 1387 1037 1448 dicenda,
1064 1387 1178 1452 quia
1204 1386 1332 1434 bona
1352 1386 1559 1445 videtur,
1583 1386 1668 1434 sed
1691 1387 1886 1451 insuper
1909 1386 2021 1450 quia
2042 1384 2147 1432 talis
2168 1395 2256 1443 est,
2281 1385 2403 1432 sicut

257 1468 584 1529 existimatum
614 1485 730 1515 cum
749 1467 971 1516 videlicet
994 1466 1112 1515 illud
1145 1467 1208 1515 ad
1236 1468 1372 1532 quod
1397 1467 1573 1526 tendit,
1606 1467 1644 1514 si
1667 1469 1770 1514 Deo
1805 1466 1996 1531 placere
2028 1466 2204 1526 credit,
2231 1466 2280 1512 in
2313 1465 2407 1513 hac

256 1548 456 1613 insuper
477 1548 828 1596 existimatione
852 1565 936 1595 sua
957 1563 1264 1612 nequaquam
1288 1547 1491 1595 fallatur.
1523 1546 1744 1611 Alioquin
1771 1547 1863 1612 ipsi
1883 1547 2026 1594 etiam
2050 1545 2267 1593 infideles
2287 1546 2409 1592 sicut

255 1637 303 1674 et
336 1645 427 1675 nos
458 1628 593 1676 hona
622 1645 771 1694 opera
806 1628 1066 1689 haberent,
1093 1645 1206 1675 cum
1228 1628 1319 1693 ipsi
1346 1628 1493 1675 etiam
1524 1644 1624 1675 non
1652 1627 1811 1674 minus
1843 1642 1990 1690 quam
2021 1643 2112 1673 nos
2137 1643 2225 1692 per
2259 1641 2408 1690 opera

256 1725 343 1757 sua
365 1726 415 1757 se
441 1710 630 1770 salvari,
655 1710 732 1758 vel
759 1713 863 1758 Deo
887 1709 1075 1774 placere
1097 1709 1312 1757 credant.

1099 1930 1346 1990 CAPUT
1385 1931 1551 1989 XIII.

753 2074 870 2124 Quod
900 2083 1102 2127 peccatum
1133 2088 1212 2113 non
1248 2082 1304 2113 est
1336 2073 1411 2112 nisi
1441 2083 1578 2112 contra
1607 2072 1899 2112 conscientiam.

319 2202 367 2250 si
403 2202 510 2267 quis
546 2213 707 2250 tamen
745 2212 924 2265 quaerat
970 2211 1134 2248 utrum
1166 2199 1236 2247 illi
1283 2200 1549 2263 Martyrum
1580 2198 1865 2246 velChristi
1897 2207 2228 2264 persecutores
2262 2198 2311 2245 in
2347 2215 2405 2246 eo

255 2292 512 2348 peccarent
543 2283 676 2348 quod
706 2282 893 2348 placere
920 2284 1024 2329 Deo
1063 2280 1350 2341 credebant3
1375 2290 1457 2327 aut
1493 2280 1612 2327 illud
1647 2280 1749 2327 sine
1777 2290 1977 2345 peccato
2009 2279 2251 2327 dimittere
2286 2296 2406 2345 pos-

254 2373 386 2423 sent,
426 2364 560 2429 quod
594 2362 869 2410 nullatenus
904 2378 1006 2410 esse
1042 2353 1406 2418 dimittendum‘
1424 2359 1713 2420 censebant,
1749 2359 1969 2425 profecto
2005 2359 2273 2408 secundum
2310 2359 2405 2406 hoc

254 2443 388 2508 quod
414 2444 633 2509 superius
667 2452 919 2508 peccatum
953 2459 1054 2490 esse
1079 2441 1418 2507 descripsimus
1455 2450 1785 2506 contemptum
1807 2441 1914 2500 Dei,
1950 2440 2026 2487 vel
2048 2440 2321 2487 consentire
2354 2440 2402 2486 in

253 2538 330 2587 00,
348 2524 400 2572 in
417 2525 551 2589 quod
571 2524 724 2572 credit
742 2522 1145 2571 consentiendum
1170 2538 1271 2569 non
1291 2538 1410 2582 esse,
1426 2538 1528 2568 non
1552 2537 1805 2587 possumus
1829 2520 1989 2568 dicere
2007 2534 2090 2568 eos
2110 2520 2157 2566 in
2181 2519 2274 2566 hoc
2299 2536 2407 2584 pec-

253 2615 409 2663 casse,
450 2621 541 2652 nec
576 2605 900 2668 ignorantiam
924 2604 1236 2667 cujusquam,
1278 2601 1354 2649 vel
1389 2603 1543 2666 ipsam
1580 2601 1724 2648 etiam
1761 2599 2118 2659 infidelitatem,
2158 2617 2268 2646 cum
2309 2616 2403 2662 qua

254 2700 399 2731 nemo
436 2684 606 2731 salvari
637 2693 821 2749 potest,
854 2692 1106 2748 peccatum
1135 2699 1253 2729 esse.
1291 2682 1388 2740 Qui
1418 2682 1549 2728 enim
1573 2680 1818 2727 Christum
1853 2682 2101 2744 ignorant,
2137 2689 2183 2726 et
2218 2679 2282 2726 ob
2305 2679 2402 2726 hoc

207 2795 209 2797 ·
253 2764 401 2811 fidem
428 2764 748 2812 Christianam
776 2774 1036 2828 respuunt,
1065 2763 1176 2827 quia
1202 2777 1310 2809 eam
1333 2764 1437 2808 Deo
1467 2761 1760 2808 contrariam
1792 2760 2023 2819 credunt,
2053 2776 2200 2824 quem
2231 2760 2280 2806 in
2304 2758 2401 2806 hoc

254 2846 342 2892 Dei
363 2854 697 2909 contemptum
718 2843 898 2892 hahent
919 2843 1052 2908 quod
1075 2852 1274 2908 propter
1289 2845 1446 2888 Deum
1466 2828 1664 2901 faciunt,
1679 2850 1726 2888 et
1742 2840 1807 2887 ob
1825 2840 1921 2888 1100
1934 2840 2060 2888 bene
2076 2857 2127 2888 se
2147 2840 2302 2887 facere
2324 2857 2400 2887 ar-

254 2924 513 2986 bitrantur,
539 2924 803 2989 praesertim
828 2941 939 2970 cum
962 2923 1220 2988 Apostolus
1243 2921 1392 2969 dicat‘
1425 2943 1448 2966 <c
1473 2922 1523 2968 Si
1546 2937 1632 2968 cor
1659 2895 2023 2994 nostrum&
2034 2920 2401 2987 reprehenderit

254 3022 360 3065 nos,
384 3004 613 3053 fiduciam
626 3003 865 3052 habemus
883 3003 1014 3069 apud
1035 3006 1194 3050 Deum
1221 3021 1231 3050 z
1264 3022 1287 3046 ε(
1307 3012 1538 3066 tanquam
1556 3001 1595 3049 si
1615 3001 1824 3049 diceret:
1845 3000 2115 3049 Ubicontra
2140 3001 2398 3049 conscien—

254 3086 368 3134 tiam
403 3096 617 3134 nostram
653 3101 753 3132 non
788 3085 1146 3150 praesumimus,
1174 3083 1347 3130 frustra
1379 3099 1470 3130 nos
1498 3082 1631 3148 apud
1663 3085 1820 3130 Deum
1848 3081 1910 3129 de
1942 3083 2083 3148 culpa
2116 3098 2224 3130 reos
2259 3082 2398 3129 statui

255 3163 598 3214 formidamus?
624 3169 716 3213 Aut
733 3167 771 3213 si
796 3165 961 3213 talium
986 3163 1256 3229 ignorantia
1275 3172 1475 3229 peccato
1501 3162 1702 3210 minime
1723 3172 1795 3210 est
1819 3161 2118 3221 ascribenda,
2146 3161 2397 3227 quomodo

297 3336 432 3381 ι101111,
452 3350 524 3382 cap.
541 3350 609 3383 xvi,
630 3332 710 3393 aa<
728 3360 764 3366 —
782 3341 793 3360 ²
809 3342 919 3381 Rom,
933 3350 1006 3381 cap.
1027 3348 1060 3380 x,
1079 3349 1109 3372 v.
1125 3342 1157 3373 2.
1182 3357 1215 3363 —
1233 3339 1244 3360 ³
1259 3338 1396 3380 maun„
1413 3348 1485 3380 cap.
1503 3347 1533 3370 νι
1547 3363 1554 3375 ,
1577 3347 1607 3371 v,
1624 3339 1675 3372 22.
1698 3356 1731 3362 —
1749 3338 1759 3358 ⁴
1774 3336 1868 3371 Joan.
1883 3336 1909 3377 Ι,
1922 3346 1994 3376 cap.
2015 3346 2062 3375 121,
2081 3345 2110 3367 v.
2130 3338 2180 3369 21.
