2638 3866
833 184 894 233 ΙΝ
926 184 1258 234 EPISTOLAM
1291 184 1371 233 AD
1404 184 1708 236 ROMANOS.
2253 190 2348 240 455

197 285 314 351 quid
340 285 488 347 valet,
514 300 542 333 a
565 300 662 350 qua
679 284 877 351 quidem
903 296 1220 350 recognoscat
1245 303 1295 335 se
1318 286 1557 353 accepisse
1579 286 1817 353 quidquid
1849 286 1967 336 boni
2006 286 2170 336 habet.
2200 290 2254 336 In
2275 288 2351 338 his

199 368 357 432 itaque
388 365 600 429 duobuS,
631 376 727 415 tam
750 365 980 433 operibus
1016 367 1198 416 scilicet
1222 369 1399 416 nostris
1421 384 1568 433 quam
1589 367 1753 417 divina
1779 369 1945 434 gratia,
1969 369 2116 418 totius
2140 370 2350 418 materiae

196 463 384 497 summa
405 447 638 497 consistit.
659 446 833 495 Modus
851 465 968 497 vero
988 448 1243 507 tractandi,
1270 449 1320 496 in
1345 449 1727 498 attenuationem
1743 459 1812 498 est
1825 460 2102 499 nostrorum
2119 467 2345 517 operum,

194 528 316 577 sicut
328 528 513 578 dictum
526 538 613 592 est,
631 530 1108 595 etrexaggerationem
1132 531 1290 599 gratiae
1306 548 1317 579 :
1333 540 1386 578 ut
1405 530 1506 595 jam
1527 546 1674 579 nemo
1693 530 1755 579 de
1777 531 2005 597 operibus
2028 532 2222 596 gloriari
2235 548 2349 598 prae-

193 620 367 674 sumat,
388 611 473 660 sed
490 612 574 678 qui
594 611 842 677 gloriatur,
859 613 909 660 in
933 612 1146 661 Domino
1160 612 1408 677 glorietur.
1431 611 1778 661 Gloriabantur
1789 622 1951 661 autem
1969 614 2199 675 Gentiles,
2215 613 2350 679 quod

194 700 294 740 tam
325 692 423 740 cito
448 692 706 759 Evangelio
733 694 1087 759 acquieverint,
1121 694 1246 742 sicut
1266 695 1502 760 scriptum
1523 694 1618 741 est¹
1646 711 1657 740 z
1682 713 1706 738 ε(
1735 693 1949 759 Populus
1975 711 2121 760 quem
2146 711 2247 742 non
2270 710 2350 742 co-

192 772 357 835 gnovi,
384 773 580 821 servivit
602 773 740 837 mihi,
766 775 815 822 in
841 774 1010 823 auditu
1039 774 1256 823 obedivit
1284 774 1423 836 mihi,
1454 794 1477 819 >2
1505 783 1552 822 et
1578 774 1778 822 minime
1804 784 1944 823 antea
1963 774 2276 839 deliquissent
2298 775 2346 822 in

193 850 267 900 his
289 869 397 918 quae
421 864 632 919 egerant,
664 856 748 921 qui
781 855 914 905 nulla
942 855 1105 905 adhuc
1138 856 1243 919 lege
1278 855 1547 903 Dominum
1575 866 1923 921 cognoverant.
1956 855 2109 904 Judaei
2136 871 2252 904 vero
2286 855 2348 903 de

190 934 523 1000 corporalibus
544 935 660 1001 legis
681 936 1000 986 observantiis
1031 937 1240 985 maxime
1274 933 1676 985 intumescebant.
1702 936 1773 984 Ad
1795 936 2146 985 conterendam
2186 936 2348 1001 itaque

192 1023 510 1082 utrorumque
526 1018 820 1085 superbiam,
842 1018 1042 1067 alternis
1055 1016 1410 1067 invectionibus
1432 1015 1584 1065 modo
1606 1017 1715 1080 hos,
1733 1018 1885 1066 modo
1903 1018 2029 1080 illos,
2049 1028 2096 1066 et
2117 1032 2348 1065 nonnun-

189 1110 336 1160 quam
356 1106 587 1163 utrosque
611 1099 754 1147 simul
775 1100 1064 1165 aggreditur,
1091 1110 1146 1148 ut
1171 1109 1218 1148 et
1235 1109 1402 1165 gentes
1424 1097 1772 1148 inexcusabiles
1794 1100 1844 1147 in
1862 1100 1961 1148 suis
1983 1099 2127 1147 fuisse
2142 1098 2349 1164 peccatis

189 1177 438 1239 ostendat,
471 1196 576 1245 quae
612 1181 653 1229 si
679 1180 836 1246 legem
871 1182 1100 1248 scriptam
1126 1198 1227 1229 non
1250 1189 1552 1247 acceperant,
1594 1180 1862 1229 naturalem
1906 1179 2152 1228 habebant
2182 1194 2279 1245 qua
2301 1188 2348 1226 et

188 1259 345 1305 Deum
370 1276 680 1326 cognoscere,
706 1271 753 1310 et
776 1263 903 1311 mala
923 1279 959 1311 a
980 1262 1125 1311 bonis
1156 1271 1356 1328 possent
1390 1261 1691 1323 discernere;
1713 1271 1762 1310 et
1784 1260 1975 1309 Judaeos
1996 1277 2101 1308 non
2128 1277 2187 1308 ex
2225 1275 2345 1326 ope-

187 1337 320 1387 ribus
343 1339 459 1404 legis
476 1341 744 1406 justificari,
772 1353 825 1391 ut
846 1344 1099 1406 aestimant,
1121 1360 1290 1410 posse;
1317 1342 1402 1390 sed
1427 1351 1658 1407 utrosque
1692 1341 1795 1390 sola
1829 1342 1918 1390 Dei
1950 1341 2168 1389 vocantis
2199 1340 2346 1405 gratia

189 1420 585 1486 misericordiam,
613 1440 710 1489 qua
727 1424 1069 1489 justificentur,
1105 1433 1367 1473 assecutos.
1403 1423 1644 1482 Quaeritur
1665 1433 1843 1486 ,autem
1874 1422 1935 1470 de
1969 1422 2197 1469 Romanis
2225 1421 2343 1480 istis,

187 1501 362 1566 quibus
373 1502 477 1551 haec
494 1504 707 1570 Epistola
723 1505 961 1571 dirigitur,
980 1523 1194 1571 quorum
1209 1505 1548 1572 praedicatione
1572 1513 1712 1552 antea
1737 1504 1958 1552 conversi
1973 1503 2166 1551 fuerint.
2185 1501 2348 1549 Eccle-

184 1583 382 1631 siascica
404 1584 604 1649 quidem
628 1587 860 1650 Historia,
887 1596 934 1635 et
960 1588 1284 1653 Hieronymus
1302 1587 1403 1634 sive
1423 1586 1685 1649 Gregorius
1707 1585 2024 1644 Turonensis,
2042 1600 2130 1649 per
2151 1586 2346 1631 Petrum

186 1664 463 1730 apostolum
484 1682 569 1714 eos
588 1666 689 1731 jam
717 1684 980 1716 conversos
1002 1668 1145 1716 fuisse
1171 1667 1387 1716 tradunt.
1422 1668 1612 1730 Haymo
1635 1682 1752 1714 vero
1769 1682 1796 1714 e
1811 1675 1982 1714 contra
1996 1665 2157 1726 sentit,
2181 1663 2347 1711 dicens

186 1761 270 1793 eos
289 1762 389 1794 non
413 1763 442 1795 a
463 1750 603 1795 Petro
640 1749 855 1815 primum
885 1749 946 1797 de
976 1748 1071 1797 fide
1106 1749 1248 1797 fuisse
1283 1748 1560 1808 instructos,
1599 1747 1677 1795 vel
1709 1746 1774 1796 ab
1814 1745 2055 1812 aliquibus
2083 1744 2347 1794 duodecim

186 1828 521 1891 apostolorum
548 1847 558 1876 :
586 1829 671 1877 sed
697 1829 758 1877 ab
790 1830 893 1878 aliis
922 1831 1218 1897 quibusdam
1240 1829 1415 1877 Judaeis
1446 1827 1672 1877 fidelibus
1698 1845 1727 1877 a
1754 1827 2104 1893 Hierosolymis
2142 1829 2346 1875 Romam

186 1907 508 1956 venientibus.
527 1910 603 1957 Ait
618 1920 781 1958 autem
792 1910 1130 1959 Ecclesiastica
1145 1911 1381 1972 Historia,
1398 1909 1525 1958 libro
1539 1909 1776 1970 secundo,
1799 1926 1908 1975 cap.
1933 1908 2126 1957 decimo
2141 1916 2315 1973 quarto
2331 1926 2341 1954 ε

189 2009 211 2031 «
235 1988 424 2037 Claudii
449 1990 766 2057 temporibus,
793 1991 1050 2041 clementia
1081 1992 1257 2041 divinae
1287 1991 1604 2058 providentiae
1637 1994 1833 2039 Petrum
1858 1989 1921 2038 ad
1943 1989 2112 2037 urbem
2143 1991 2346 2036 Romam

186 2062 400 2112 deducit.
429 2067 520 2113 Iste
542 2066 805 2115 adveniens
827 2068 1014 2134 primus
1037 2068 1088 2116 in
1112 2067 1286 2116 urbem
1311 2069 1516 2115 Romam
1543 2065 1789 2130 Evangelii
1812 2065 1887 2113 sui
1910 2063 2125 2112 clavibus
2145 2064 2345 2128 Januain

185 2146 320 2210 regni
338 2146 544 2195 coelestis
561 2149 765 2214 aperuit.
790 2169 812 2193 >2
831 2149 982 2214 Igitur
999 2166 1116 2197 cum
1138 2152 1367 2197 Romanae
1388 2148 1499 2196 urbi
1521 2149 1707 2196 clarum
1723 2146 1859 2196 verbi
1881 2146 1972 2194 Dei
1990 2146 2156 2194 lumen
2182 2144 2344 2193 fuisset

185 2236 423 2285 exortum,
448 2229 658 2277 Simonis
683 2230 891 2278 tenebrae
914 2247 1027 2278 cum
1050 2248 1141 2279 suo
1164 2240 1361 2279 auctore
1386 2230 1622 2278 restinctae
1647 2238 1778 2277 sunt.
1803 2228 2129 2292 Hieronymus
2147 2242 2346 2291 quoque

186 2323 329 2373 super
363 2307 493 2356 banc
526 2310 808 2376 Epistolam‚
850 2311 935 2359 ubi
966 2312 1201 2378 scriptum
1228 2313 1356 2360 est’:
1383 2330 1407 2357 «
1429 2314 1492 2359 Ut
1523 2310 1707 2375 aliquid
1742 2309 1991 2375 impertiar
2019 2306 2159 2356 vobis
2187 2307 2345 2371 gratiae

185 2387 425 2453 spiritalis,
449 2407 473 2434 »
507 2390 573 2438 ait
595 2391 662 2439 sic
687 2410 697 2438 :
729 2412 753 2436 «
772 2395 1019 2441 Romanos
1041 2392 1385 2459 praedicatione
1413 2392 1541 2440 Petri
1564 2391 1715 2440 fidem
1738 2398 1957 2439 tenentes
1980 2387 2271 2436 confirmare
2294 2404 2344 2435 se

184 2467 305 2517 velle
331 2469 507 2518 Paulus
530 2471 663 2520 dicit.
690 2475 798 2521 Non
821 2490 921 2539 quo
941 2474 1103 2522 minus
1126 2474 1423 2540 accepissent
1446 2489 1474 2521 a
1500 2475 1661 2532 Petr0,
1690 2472 1777 2520 sed
1798 2480 1870 2530 ut,
1893 2468 2090 2518 duobus
2113 2468 2344 2535 apostolis

185 2550 519 2599 attestantibus
541 2562 686 2619 atque
710 2553 1017 2617 docentibus,
1043 2572 1217 2603 eorum
1256 2553 1658 2603 corroboraretur
1680 2552 1820 2601 fides.
1847 2570 1870 2596 »
1907 2550 2168 2613 Gregorius
2199 2549 2343 2597 etiam

184 2632 494 2694 Turonensis,
525 2635 852 2683 Historiarum
878 2634 964 2683 lib.
991 2639 1038 2697 1,
1067 2652 1176 2701 cap.
1205 2652 1318 2696 xxv,
1344 2636 1410 2683 ita
1432 2634 1654 2682 meminit
1680 2652 1690 2680 ε
1719 2652 1742 2678 «
1771 2636 1939 2679 Petrus
1958 2628 2223 2695 apostolus,
2251 2630 2342 2678 sub

187 2713 482 2776 Imperatore
515 2715 737 2777 Claudio,
768 2719 973 2764 Romam
1003 2717 1303 2782 aggreditur,
1331 2715 1497 2780 ibique
1530 2713 1795 2780 praedicans
1824 2713 1873 2760 iu
1903 2710 2067 2758 multis
2087 2709 2343 2759 virtutibus

188 2791 569 2842 manifestissime
603 2795 848 2844 Christum
884 2814 987 2845 esse
1021 2798 1112 2845 Dei
1142 2797 1316 2844 Filium
1357 2794 1714 2861 comprobavit.
1762 2792 1834 2841 Ab
1868 2791 1959 2839 illis
2002 2789 2173 2839 diebus
2211 2791 2342 2840 enim

186 2872 441 2922 Christiani
461 2875 593 2940 apud
616 2876 861 2924 civitatem
882 2880 1152 2927 Romanam
1166 2893 1268 2925 esse
1284 2885 1555 2942 coeperunt.
1576 2895 1599 2919 »
1617 2877 1676 2923 At
1685 2890 1803 2922 vero
1825 2876 2014 2938 Haymo
2035 2872 2085 2920 in
2101 2872 2342 2938 prooemio

186 2954 501 3019 expositionis
541 2957 790 3021 praesentis
834 2958 1055 3022 Epistolae
1087 2959 1153 3006 ita
1179 2958 1396 3022 loquitur
1424 2975 1435 3004 z
1466 2975 1489 3002 «
1519 2958 1553 3003 A
1585 2954 1822 3003 Corintho
1857 2954 2047 3019 scripsit
2084 2953 2344 3018 Apostolus

190 3034 417 3082 Romanis
438 3035 566 3083 hanc
592 3036 882 3103 Epistolam;
905 3054 1028 3103 quos
1053 3055 1154 3086 non
1177 3039 1278 3105 ipse
1302 3041 1485 3100 Petrus,
1514 3053 1614 3084 non
1634 3034 1836 3102 quilibet
1851 3034 2114 3082 duodecim
2133 3033 2343 3099 discipu-

187 3113 347 3161 lorum
376 3116 590 3180 primum
629 3117 876 3181 instruxit,
906 3118 991 3167 sed
1025 3118 1222 3185 quidam
1255 3118 1531 3167 Judaeorum
1562 3116 1894 3179 credentium,
1920 3115 2003 3180 qui
2027 3114 2089 3163 ab
2111 3114 2344 3162 Hieroso-

237 3297 388 3332 ¹Psalm.
409 3309 491 3343 xvn,
515 3311 544 3334 v.
561 3304 612 3336 45.
630 3305 691 3327 —2
707 3304 818 3345 Rom„
838 3313 908 3346 cap.
927 3314 952 3347 ι,
972 3315 1002 3338 v.
1025 3307 1073 3340 11.
