2638 3866
935 240 1280 289 THEOLOGlA
1318 241 1688 291 CHRISTlANA.
2295 243 2391 291 539

240 358 348 408 quae
382 357 438 389 ex
472 335 630 388 verbis
667 337 952 404 evangelicis
998 341 1196 388 minime
1233 341 1649 408 comprobantur,
1704 342 1827 390 sicut
1857 351 1927 390 est
1974 341 2092 390 illud
2144 341 2207 390 de
2246 342 2393 408 virgi-

243 422 392 470 nitate
413 420 578 468 matris
603 419 800 467 Domini
831 419 975 467 etiam
1006 431 1115 486 post
1143 432 1335 487 partum
1354 422 1532 486 jugiter
1562 432 1846 470 conservata
1885 431 1932 469 et
1962 422 2023 470 de
2060 421 2164 470 aliis
2196 421 2395 471 fortasse

244 501 423 550 multis.

310 583 394 630 His
414 591 575 630 autem
594 580 823 630 adversus
841 583 1119 628 Graecorum
1142 580 1467 646 objectionem
1487 583 1548 632 de
1568 583 1876 650 processione
1899 584 2104 649 Spiritus
2128 583 2392 649 responsis,

243 662 362 711 libet
393 663 538 711 etiam
569 679 627 710 ex
658 663 874 729 ipsorum
908 660 1192 710 doctoribus
1225 664 1499 712 testimonia
1527 665 1759 731 proferre,
1791 663 1967 728 quibus
1999 680 2028 712 a
2050 663 2168 712 Filio
2200 679 2397 729 quoque

245 743 474 809 Spiritum
494 752 715 791 sanctum
738 742 1004 809 procedere
1028 742 1311 791 doceantur.
1343 744 1625 793 Athanasius
1647 746 1696 792 in
1715 743 1948 809 Symbolo
1970 742 2106 792 fidei:
2130 763 2154 789 «
2169 744 2393 810 SpirituS,

245 823 423 888 inquit,
466 834 660 872 sanctus
696 841 724 872 a
761 827 898 872 Patre
937 834 984 871 et
1014 823 1159 883 Filio,
1205 841 1304 872 non
1345 824 1518 886 factus,
1561 844 1663 874 non
1698 822 1911 883 creatus,
1944 841 2043 872 non
2066 825 2270 890 genituS,
2313 823 2398 872 sed

245 903 541 970 procedens;
559 923 583 950 »
604 903 901 970 ubiquidem
916 920 1027 952 cum
1040 906 1323 970 praemiserit
1345 906 1577 972 Spiritum
1602 915 1823 955 sanctum
1848 919 1876 953 a
1900 907 2035 954 Patre
2059 915 2107 953 et
2132 905 2250 952 Filio
2275 921 2394 967 esse,

247 993 392 1049 atque
411 984 657 1049 subjunxit
681 1005 704 1028 cc
721 985 1009 1051 procedens,
1028 1003 1052 1030 »
1077 986 1327 1034 manifeste
1345 985 1511 1034 docuit
1527 1004 1639 1035 eum
1661 986 1724 1035 ab
1747 996 1955 1050 utroque
1979 985 2260 1051 procedere,
2286 1001 2398 1032 cum

249 1064 311 1112 ad
338 1075 599 1131 utrumque
621 1065 891 1131 procedens
923 1065 1140 1113 retulerit
1167 1067 1288 1115 sicut
1316 1083 1437 1127 esse,
1474 1067 1736 1133 praesertim
1766 1083 1878 1114 cum
1908 1083 2008 1114 non
2042 1065 2176 1114 aliter
2204 1081 2232 1112 a
2263 1068 2401 1113 Patre

248 1145 452 1211 Spiritus
480 1163 582 1195 esse
605 1145 800 1209 habeat,
827 1163 974 1211 quam
1001 1146 1360 1213 procedendo⁸.
1389 1166 1412 1192 υ
1440 1148 1514 1195 Αἱῖ
1539 1148 1684 1196 etiam
1711 1147 1946 1212 Didymus
1969 1163 2140 1195 eorum
2164 1146 2401 1194 maximus

250 1226 425 1275 doctor
458 1228 510 1275 in
540 1227 664 1275 libro
698 1226 756 1274 de
787 1229 974 1293 Spiritu
1007 1239 1202 1290 sancto,
1231 1245 1375 1292 quem
1408 1227 1580 1277 beatus
1610 1228 1851 1277 transtulit
1881 1227 2222 1292 Hieronymus,
2256 1227 2401 1275 verba

249 1307 424 1355 Christi
465 1306 527 1355 de
566 1307 742 1357 eodem
776 1309 955 1374 Spiritu
993 1310 1058 1356 ita
1095 1309 1333 1357 inducens
1370 1300 1514 1375 atque
1549 1313 1821 1375 exponens¹
1865 1328 1875 1356 :
1920 1309 2196 1368 «Salvator,
2236 1307 2318 1373 qui
2357 1316 2403 1354 et

251 1387 454 1448 Veritas,
485 1388 577 1436 ait²
607 1407 618 1435 :
648 1408 672 1434 «
692 1392 800 1437 Non
824 1390 955 1437 enim
977 1389 1206 1455 loquetur
1227 1406 1256 1437 a
1279 1390 1555 1456 semetipso,
1579 1411 1602 1434 >2
1627 1390 1725 1438 hoc
1756 1400 1827 1438 est
1848 1406 1948 1437 non
1973 1390 2074 1437 sine
2098 1406 2175 1436 me
2190 1427 2203 1451 ,
2231 1398 2277 1436 et
2299 1388 2402 1435 sine

250 1485 362 1517 meo
397 1479 446 1517 et
473 1471 624 1518 Patris
654 1469 873 1531 arbitrio,
909 1471 1021 1535 quia
1055 1471 1385 1537 inseparabilis
1417 1481 1488 1519 est
1509 1488 1537 1519 a
1559 1488 1669 1520 mea
1700 1481 1748 1519 et
1783 1471 1932 1519 Patris
1959 1470 2208 1518 voluntate
2241 1489 2252 1517 t
2290 1469 2404 1535 quia

252 1567 308 1597 ex
338 1567 388 1598 se
410 1567 513 1598 non
538 1560 626 1610 est,
653 1551 738 1599 sed
762 1568 820 1599 ex
846 1553 986 1600 Patre
1010 1562 1058 1599 et
1082 1569 1161 1600 me
1187 1562 1275 1600 est.
1303 1555 1407 1600 Hoc
1433 1553 1563 1600 enim
1587 1553 1747 1618 ipsum
1771 1551 1905 1617 quod
1937 1550 2147 1598 subsistit
2170 1559 2217 1598 et
2238 1549 2399 1614 loqui-

252 1640 350 1693 tur,
389 1648 416 1680 a
441 1634 581 1680 Patre
613 1641 660 1679 et
683 1648 760 1680 me
792 1632 859 1680 illi
889 1642 975 1681 est.
1007 1635 1109 1698 Ego
1133 1634 1384 1681 veritatem
1410 1632 1604 1698 loquor,
1634 1632 1684 1680 id
1716 1642 1788 1680 est
1818 1633 2000 1698 inspiro
2033 1649 2137 1696 quae
2167 1630 2401 1696 loquitur,

253 1711 495 1777 siquidem
518 1713 723 1778 Spiritus
741 1713 952 1760 veritatis
975 1723 1064 1761 est.
1101 1714 1274 1761 Dicere
1307 1723 1354 1761 et
1379 1713 1515 1778 loqui
1539 1714 1588 1760 in
1610 1713 1838 1760 Trinitate
1870 1728 1970 1759 non
1997 1710 2264 1760 secundum
2288 1727 2408 1757 con-

253 1793 559 1841 suetudinem
580 1804 798 1842 nostram
820 1793 1178 1860 accipiendum,
1205 1793 1288 1841 sed
1307 1795 1445 1857 juxta
1467 1794 1675 1842 sormam
1695 1792 2077 1859 incorporalium
2102 1800 2401 1854 naturarum,

253 1883 302 1922 et
336 1874 544 1921 maxime
577 1874 850 1932 Trinitatis,
899 1890 1007 1938 quae
1044 1873 1344 1922 voluntatem
1381 1891 1516 1922 suam
1557 1875 1729 1940 ingerit
1765 1875 1814 1921 in
1852 1873 2003 1921 corda
2038 1872 2356 1921 credentium.
2383 1893 2405 1916 ι)

255 1956 404 2016 Item,
436 1973 460 1999 «
479 1954 683 2020 Spiritus
718 1961 910 2002 sanctus
938 1955 1023 2020 qui
1057 1965 1129 2002 est
1158 1955 1361 2021 Spiritus
1390 1955 1628 2015 veritatis,
1668 1954 1969 2020 Spiritusque
2003 1953 2271 2018 sapientiae,
2308 1970 2408 2001 non

253 2044 413 2099 potest
446 2034 631 2093 audire,
669 2033 789 2081 Filio
823 2034 1073 2099 loquente,
1112 2052 1218 2099 quae
1253 2035 1428 2096 nescit,
1467 2052 1579 2082 cum
1615 2034 1713 2081 hoc
1738 2035 1896 2099 ipsum
1919 2034 1979 2080 sit
2009 2032 2143 2097 quod
2166 2032 2409 2097 profertur

255 2114 438 2177 aFilio,
466 2115 518 2162 id
554 2124 624 2163 θεῖ
645 2114 915 2180 procedens
937 2118 1068 2163 Deus
1102 2116 1162 2163 de
1186 2118 1310 2172 Deo,
1349 2116 1551 2180 Spiritus
1581 2115 1790 2162 veritatis
1818 2112 2085 2180 procedens
2114 2129 2141 2160 a
2159 2114 2395 2173 Veritate,

256 2195 534 2243 consolator
557 2212 762 2243 manens
795 2195 857 2243 de
893 2195 1242 2243 consolatore³.
1275 2216 1298 2239 ³>
1325 2198 1443 2243 Item
1469 2195 1671 2261 Cyrillus
1693 2194 2042 2243 Alexandrinus
2066 2193 2322 2260 episcopus
2354 2193 2405 2242 in

316 2359 332 2379 ⁸
363 2356 440 2398 Ivo
462 2355 736 2399 Carnotensis
757 2355 803 2397 in
823 2355 1030 2399 Sermone
1040 2355 1316 2399 Pentecostes
1333 2372 1343 2399 :
1361 2356 1573 2399 Dominus
1594 2355 1698 2401 dicit
1718 2357 1763 2399 in
1783 2355 2020 2416 Evangelio
2038 2388 2050 2410 ,
2083 2376 2099 2393 α
2119 2356 2230 2398 Cum
2246 2355 2412 2397 venerit

257 2422 437 2481 Spiritus
455 2422 667 2476 veritatis,
693 2422 767 2480 qui
788 2437 813 2464 a
834 2421 962 2464 Patre
984 2421 1196 2481 procedit,
1222 2420 1292 2464 ille
1321 2437 1399 2465 vos
1422 2421 1597 2465 docebit
1618 2437 1795 2466 omnem
1814 2422 2055 2474 veritatem,
2079 2421 2151 2464 ille
2171 2435 2241 2463 me
2260 2419 2413 2462 clarifi-

258 2488 391 2542 cabit,
415 2488 516 2546 quia
538 2487 593 2530 de
607 2503 707 2530 meo
729 2487 921 2547 accipiet,
938 2498 982 2530 et
1004 2487 1278 2530 annuntiabit
1297 2488 1438 2531 vobis.
1460 2509 1477 2525 »
1499 2489 1604 2531 Haec
1623 2488 1755 2531 verba
1776 2488 1834 2530 ita
1856 2488 2158 2547 interpretatur
2174 2485 2408 2544 Didymus:

268 2573 285 2591 «
305 2554 447 2596 Etiam
469 2553 717 2613 separabilis
739 2564 803 2596 est
825 2553 1004 2613 Spiritus
1026 2569 1051 2595 a
1072 2569 1170 2596 mea
1190 2564 1233 2595 et
1254 2553 1391 2596 Patris
1411 2554 1651 2598 voluntate.
1676 2555 1733 2596 Et
1755 2552 1935 2612 amplius
1958 2553 2057 2611 quia
2080 2568 2170 2595 non
2193 2566 2246 2594 ex
2265 2566 2309 2593 se
2331 2562 2410 2605 est,

261 2618 338 2661 sed
368 2635 422 2661 ex
444 2618 572 2662 Patre
594 2630 637 2663 et
658 2635 728 2662 me
751 2630 830 2662 est.
857 2620 952 2662 Hoc
983 2619 1100 2662 enim
1121 2619 1261 2678 ipsum
1283 2618 1403 2677 quod
1433 2619 1620 2663 subsistit
1649 2631 1693 2663 et
1713 2619 1924 2678 loquitur,
1952 2634 1976 2660 a
1999 2618 2124 2660 Patre
2149 2627 2192 2660 et
2215 2632 2239 2659 a
2261 2632 2330 2658 me
2355 2616 2414 2658 illi

263 2694 369 2726 est.»
384 2685 518 2726 Item:
543 2705 558 2721 «
573 2685 814 2727 Consensus
833 2683 1084 2744 significatio
1095 2695 1174 2728 est.
1194 2684 1372 2742 Spiritus
1391 2697 1561 2727 sanctus
1585 2685 1760 2743 quidem
1782 2695 1844 2726 est
1867 2682 2042 2742 Spiritus
2053 2682 2253 2725 Veritatis
2276 2681 2412 2741 Spiri-

262 2759 417 2807 tusque
447 2750 702 2808 Sapientiae3
727 2766 818 2792 non
840 2761 983 2809 potest
1006 2749 1171 2803 audire,
1196 2748 1305 2791 Filio
1327 2750 1531 2808 loquente
1547 2782 1558 2802 ,
1591 2766 1687 2808 quae
1709 2749 1868 2803 nescit,
1901 2763 1999 2790 cum
2021 2748 2160 2807 ipsum
2182 2748 2235 2790 sit
2249 2780 2261 2801 ,
2294 2746 2413 2806 quod

262 2814 480 2873 profertur
502 2830 526 2856 a
549 2814 679 2868 Filio,
704 2815 751 2857 id
773 2826 836 2858 est
855 2815 1095 2874 procedens
1116 2817 1232 2858 Deus
1254 2814 1309 2857 de
1335 2816 1445 2862 Deo,
1472 2815 1652 2874 Spiritus
1671 2815 1873 2858 Veritatis
1892 2813 2133 2873 procedens
2161 2829 2185 2856 a
2206 2813 2385 2856 veritate
2400 2846 2412 2867 ,

264 2879 509 2923 consolator
522 2895 700 2923 manens
718 2880 773 2923 de
787 2880 1076 2923 consolatore.
1095 2883 1230 2924 Item:
1248 2902 1264 2918 a
1277 2880 1401 2923 Idem
1421 2881 1466 2922 in
1489 2879 1696 2939 Symbolo
1720 2880 1923 2939 Ephesini
1942 2879 2128 2931 concilii,
2153 2879 2273 2938 quod
2295 2879 2417 2922 Grae-

263 2961 415 2988 corum
436 2945 562 2988 fuisse
582 2956 764 3000 constat,
785 2945 1008 2988 manifeste
1032 2947 1099 2989 his
1117 2946 1258 2989 verbis
1283 2947 1508 2989 astruitur:
1531 2946 1736 3001 Quamvis
1755 2946 1799 2987 in
1816 2962 1891 2988 sua
1910 2945 2146 2988 substantia
2163 2945 2218 2988 sit
2237 2945 2417 3005 Spiritus

266 3009 377 3061 Filii,
400 3021 443 3053 et
462 3010 723 3071 intelligatur
746 3011 790 3053 in
812 3026 995 3071 persona
1018 3013 1280 3072 proprietas,
1298 3013 1421 3069 juxta
1442 3011 1488 3054 id
1513 3011 1631 3070 quod
1651 3022 1715 3054 est
1738 3011 1934 3071 Spiritus,
1963 3021 2008 3053 et
2035 3026 2124 3053 non
2151 3010 2304 3066 Filius,
2327 3026 2416 3053 non

265 3086 329 3118 est
347 3086 493 3119 tamen
515 3076 677 3119 alienus
697 3077 751 3119 ab
774 3077 885 3136 ipso.
909 3075 1023 3118 Nam
1041 3076 1220 3137 Spiritus
1242 3077 1480 3137 appellatur
1494 3076 1712 3128 Veritatis,
1736 3080 1780 3120 et
1796 3076 1963 3119 Veritas
1984 3075 2174 3119 Christus
2195 3086 2274 3120 est.
2294 3096 2311 3113 »

310 3296 510 3382 {Didymuffi
542 3298 580 3330 de
606 3297 743 3340 Spiritu
773 3303 901 3341 sancto,
927 3299 984 3332 lib.
1019 3297 1061 3331 11.
1085 3316 1127 3323 —
1155 3296 1292 3338 Unam,
1315 3308 1389 3340 cap.
1416 3308 1487 3339 xvi,
1515 3309 1546 3334 v.
1568 3300 1619 3333 13.
1650 3316 1692 3324 —
1719 3300 1731 3320 ³
1750 3301 1815 3341 Ap.
1848 3299 2079 3341 Hieronymum
2112 3308 2250 3332 manens
2277 3307 2300 3331 a
2329 3298 2414 3330 Con-

267 3358 305 3382 so
322 3354 430 3383 atore.
