2638 3866
0 3069 52 3162 i.

820 205 1213 257 INTRODUCTIO
1249 204 1329 252 AD
1362 202 1773 251 THEOLOGIAM.
2309 202 2372 249 83

229 329 252 354 α
279 311 459 357 tionem
473 310 575 374 ejus
596 308 685 358 »id
702 319 773 358 est
790 309 984 371 Christi,
1012 329 1034 353 «
1056 308 1164 373 quis
1183 301 1459 355 enarrabit?
1474 323 1498 350 »
1518 304 1649 352 Idem
1665 320 1808 369 super
1835 303 2110 352 Matthaeum
2125 320 2237 351 cum
2255 303 2372 351 illud

225 394 530 456 exponeret¹:
550 410 573 437 «
595 390 736 438 Liber
759 389 1082 455 generationis
1095 391 1204 437 ‚lesu
1222 387 1423 436 Christi:
1445 405 1468 431 »
1499 404 1522 430 ι(
1545 388 1597 432 In
1620 386 1755 450 lsaja,
1782 386 1963 450 inquit,
1991 384 2206 449 legimus,
2237 404 2259 429 «
2278 387 2373 433 Ge-

221 472 529 519 nerationem
555 472 657 536 ejus
681 472 789 537 quis
808 467 1086 519 enarrabit?
1104 489 1126 513 »
1153 472 1259 516 Non
1283 485 1398 533 ergo
1415 477 1642 534 putemus
1661 466 1971 531 Evangelium
2002 466 2251 532 Prophetae
2274 483 2374 515 esse

225 552 539 613 contrarium,
563 562 616 600 ut
633 552 768 617 quod
786 551 865 600 ille
887 549 1184 618 impossibile
1206 549 1323 601 dicit
1343 548 1506 610 effatu,
1538 547 1620 595 hic
1645 563 1840 595 narrare
1879 547 2107 613 incipiat,
2143 557 2191 594 et
2225 547 2291 595 ibi
2313 548 2374 595 de

226 634 533 695 generatione
555 633 839 693 divinitatis,
876 632 959 681 hic
984 631 1046 679 de
1082 630 1417 679 incarnatione
1441 629 1626 677 dictum
1649 638 1738 676 est.
1770 647 1790 674 υ
1817 631 1876 675 Et
1894 627 2063 676 beatus
2088 629 2376 693 Augustinus

224 711 351 760 hanc
377 713 533 779 ipsam
551 713 697 761 Verbi
721 713 1081 778 generationem,
1109 711 1344 778 profitens
1367 710 1541 758 frustra
1569 709 1662 775 legi
1684 708 1760 757 vel
1782 710 1977 775 exponi,
2005 710 2103 756 sive
2124 709 2323 774 intelligi
2349 726 2376 756 a

227 793 407 851 multis,
433 795 576 842 etiam
598 805 861 860 antequam
889 802 1177 860 exponatur,
1205 791 1406 857 intelligi
1436 807 1576 858 posse
1604 799 1859 839 asseverat.
1890 790 2028 838 Unde
2051 790 2153 855 ipse
2175 807 2288 837 cum
2314 790 2375 839 ad

225 874 350 922 hanc
369 876 708 941 exponendam
729 876 947 937 veniens,
969 873 1119 923 verba
1140 874 1221 922 illa
1249 874 1448 922 Joannis
1481 873 1807 939 praemisisset²
1830 890 1839 918 :
1874 890 1897 917 «
1926 874 1982 918 In
2016 872 2254 937 principio
2279 882 2379 919 erat

226 955 459 1017 Verbum,
483 966 530 1005 et
545 956 761 1005 Verbum
777 966 880 1005 erat
901 956 1031 1023 apud
1052 959 1229 1019 Deum,
1255 965 1303 1003 et
1319 958 1451 1003 Deus
1470 964 1571 1002 erat
1588 953 1822 1015 Verbum,
1849 972 1872 998 η
1894 953 2055 1001 statim
2074 969 2270 1000 exorsus
2294 953 2374 1011 ait,

225 1046 278 1083 ut
299 1053 446 1103 supra
468 1054 667 1103 quoque
686 1038 996 1086 meminimus
1017 1056 1027 1083 :
1058 1057 1081 1082 «
1115 1039 1220 1084 Hoc
1250 1035 1470 1084 animalis
1489 1034 1641 1083 homo
1671 1051 1771 1082 non
1794 1035 2013 1101 percipit.
2039 1053 2062 1079 »
2089 1033 2219 1092 Quid
2244 1050 2374 1098 erg0,

226 1116 420 1176 fratres,
458 1117 704 1166 silebimus
734 1116 883 1166 hinc?
924 1120 1085 1176 Quare
1117 1132 1231 1181 ergo
1265 1117 1455 1181 legitur,
1497 1117 1535 1163 si
1570 1115 1752 1177 siletur,
1790 1126 1874 1164 aut
1904 1132 2053 1180 quare
2084 1114 2302 1171 auditur,
2343 1116 2379 1161 si

226 1214 325 1246 non
347 1198 638 1265 exponitur?
658 1199 751 1249 Sed
767 1209 820 1247 ut
834 1199 951 1264 quid
976 1199 1250 1264 exponitur,
1275 1199 1311 1245 si
1334 1215 1433 1245 non
1454 1195 1764 1263 intelligitur?
1785 1200 1949 1262 Itaque
1967 1197 2201 1262 quoniam
2218 1213 2380 1243 rursus

225 1296 327 1328 esse
350 1296 452 1328 non
488 1280 662 1329 dubito
692 1281 743 1328 in
769 1297 977 1329 numero
1000 1289 1172 1328 nostro
1196 1279 1454 1345 quosdam,
1494 1296 1523 1327 a
1556 1279 1733 1344 quibus
1756 1295 1855 1326 non
1881 1279 2040 1326 solum
2062 1278 2214 1344 possit
2232 1294 2380 1343 expo-

224 1361 370 1408 situm
392 1362 517 1428 capi,
543 1360 630 1410 sed
649 1372 698 1410 et
725 1372 989 1428 antequam
1028 1371 1299 1427 exponatur
1325 1361 1540 1425 intelligi,
1574 1377 1674 1408 non
1695 1358 1930 1408 fraudabo
1956 1376 2040 1407 eos
2063 1359 2149 1424 qui
2178 1369 2380 1425 possunt

223 1457 414 1507 capere,
461 1442 582 1490 dum
611 1443 761 1490 timeo
799 1440 1101 1509 superfluum
1131 1458 1231 1490 esse
1273 1442 1472 1490 auribus
1497 1458 1668 1489 eorum
1700 1441 1784 1505 qui
1819 1455 1919 1488 non
1951 1449 2156 1505 possunt
2189 1455 2376 1505 capere.

225 1522 355 1580 Quid
378 1524 508 1571 enim
522 1523 620 1571 hoc
638 1525 817 1572 mirum
833 1540 860 1571 a
879 1522 1104 1572 fidelibus
1123 1522 1421 1582 Christianis,
1440 1532 1551 1588 post
1573 1531 1645 1570 tot
1667 1521 1979 1582 documenta,
2006 1520 2203 1584 intelligi
2220 1536 2377 1586 posse,

226 1620 349 1668 quae,
382 1604 623 1652 revelante
651 1607 773 1665 Deo,
808 1603 1109 1669 agentilibus
1145 1620 1342 1669 quoque
1375 1602 1614 1669 reprobis,
1645 1612 1697 1649 ut
1728 1602 1872 1649 etiam
1904 1618 2050 1667 supra
2080 1601 2263 1648 dictum
2293 1611 2379 1661 est,

230 1684 402 1733 Paulus
418 1686 618 1751 intelligi
642 1695 689 1734 et
712 1685 941 1751 cognosci
961 1684 1211 1734 manifeste
1235 1694 1435 1732 testatur
1457 1684 1648 1732 dicens³
1665 1683 1779 1749 quia
1795 1704 1817 1727 «
1839 1682 1971 1748 quod
1989 1692 2161 1730 notum
2185 1692 2255 1730 est
2275 1683 2380 1742 Dei,

227 1765 536 1813 manifestum
554 1775 626 1814 est
640 1766 691 1813 in
708 1766 822 1814 illis.
846 1769 976 1814 Deus
992 1766 1124 1813 enim
1140 1764 1232 1813 illis
1246 1765 1492 1826 revelavit,
1510 1775 1601 1813 etc.
1624 1785 1647 1809 »
1670 1767 1729 1812 Et
1745 1766 1962 1813 rursum*
1983 1764 2096 1829 quia
2122 1784 2144 1809 «
2164 1781 2274 1811 cum
2295 1780 2386 1810 co-

221 1846 498 1908 gnovissent
514 1850 689 1908 Deum,
709 1863 810 1895 non
828 1847 952 1895 sicut
966 1848 1124 1894 Deum
1132 1845 1541 1911 glorificaverunt,
1563 1856 1656 1894 etc.
1674 1866 1697 1890 >2
1713 1846 1807 1895 Sed
1817 1846 2028 1894 fortassis
2041 1846 2247 1911 inquies,
2268 1844 2384 1909 quid

220 1938 341 1990 ergo‘
359 1927 648 1993 profuerunt
669 1938 741 1976 tot
761 1938 1043 1976 sanctorum
1070 1931 1265 1975 Patrum
1287 1927 1349 1975 de
1385 1927 1483 1977 fide
1505 1937 1751 1989 tractatus,
1779 1927 1818 1974 si
1838 1927 1999 1975 adhuc
2028 1927 2197 1992 aliquae
2216 1942 2384 1991 super·

221 2007 315 2054 sint
332 2007 679 2067 dubitationes,
703 2008 882 2075 quibus
905 2008 1129 2057 nondum
1149 2009 1442 2058 satisfactum
1468 2008 1559 2057 sit?
1589 2008 1712 2057 Audi
1732 2007 1851 2056 illud
1875 2008 2262 2058 Poetae·dictum⁵
2290 2026 2300 2053 :

700 2150 776 2192 Est
797 2148 1020 2209 quoddam
1041 2149 1218 2208 prodire
1239 2160 1364 2193 tenus
1385 2150 1420 2193 si
1442 2166 1532 2193 non
1556 2148 1678 2192 dater
1696 2149 1822 2193 ultra.

225 2283 501 2332 Sufficiebat
529 2285 597 2333 eis
643 2287 931 2351 quaestiones
962 2303 1081 2354 quas
1111 2286 1390 2350 audiebant,
1428 2287 1709 2348 dissolvere,
1742 2298 1790 2336 et
1812 2289 1886 2336 sui
1921 2287 2153 2353 temporis
2189 2284 2385 2332 dubita-

226 2366 380 2413 tiones
411 2365 687 2426 terminare,
719 2369 1021 2434 posterisque
1051 2367 1327 2434 exemplum
1356 2368 1647 2433 relinquere,
1671 2368 2022 2429 consimilibUS,
2048 2368 2087 2415 si
2110 2367 2233 2429 forte
2257 2365 2385 2413 acci-

222 2445 401 2507 derint,
428 2462 628 2512 operam
650 2446 787 2495 dare.
824 2452 971 2512 Bene,
998 2449 1203 2514 inquies,
1232 2449 1272 2496 si
1296 2449 1580 2511 acciderint,
1609 2459 1655 2496 et
1692 2459 1807 2497 tunc
1838 2466 1971 2497 arma
1995 2446 2246 2504 sumenda,
2272 2461 2383 2492 cum

222 2524 375 2573 hostis
397 2526 714 2596 imminuerit.
744 2531 920 2578 Annuo
957 2539 1073 2577 tunc
1097 2529 1296 2595 quidem
1323 2546 1426 2578 esse
1461 2529 1722 2592 sumenda,
1750 2529 1835 2578 sed
1870 2539 1981 2578 ante
2012 2525 2290 2576 fabricanda
2328 2540 2385 2572 ac

221 2607 553 2675 praeparanda.
599 2608 729 2666 Quid
765 2610 802 2657 si
832 2609 986 2658 hostis
1024 2620 1148 2658 esset
1177 2611 1395 2676 semper?
1424 2610 1671 2675 Numquid
1705 2610 1818 2658 satis
1848 2609 2082 2657 debemus
2106 2606 2248 2654 nobis
2282 2622 2384 2653 esse

222 2697 389 2736 nostra
412 2687 632 2736 obtinere
654 2689 833 2753 quiete,
856 2700 904 2738 et
918 2699 1028 2739 non·
1048 2691 1292 2757 acquisitis
1310 2691 1413 2738 aliis
1435 2690 1759 2757 amplificare?
1785 2694 1936 2755 Atque
1952 2690 2135 2736 utinam
2159 2686 2279 2736 illud
2299 2686 2387 2734 sal-

225 2778 319 2815 tem
347 2785 615 2834 possemus,
643 2770 681 2817 si
707 2771 835 2819 istud
859 2772 1124 2820 maximum
1148 2771 1337 2835 assequi
1360 2787 1460 2818 non
1491 2770 1779 2836 possumus!
1805 2769 1902 2818 Sed
1920 2769 2132 2829 attende,
2158 2767 2379 2826 obsecrO,

224 2847 342 2895 illud
368 2865 564 2913 quoque
592 2851 837 2915 poeticum
851 2853 892 2898 ⁶:

1110 2951 1321 2996 Nundum
1342 2951 1422 2994 tibi
1444 2952 1582 2996 defuit
1601 2953 1750 2996 hostis.

230 3096 542 3144 Praetermitto
570 3096 761 3144 Judaeos
794 3107 842 3145 et
873 3061 1221 3181 EthnicOS.iAd
1242 3097 1492 3145 haereticos
1514 3098 1657 3146 venio
1679 3098 1763 3163 qui
1787 3108 1970 3163 quanto
2002 3098 2382 3157 domesticiores,

227 3282 266 3290 ἡ
289 3270 295 3287 ·
324 3266 454 3309 Matth.,
475 3279 548 3311 cap.
566 3276 596 3311 ι,
612 3277 641 3300 v.
662 3271 688 3300 1.
703 3285 740 3291 —
758 3269 768 3287 ²
781 3266 975 3309 Joan.‚cap.
989 3277 1012 3309 1,
1022 3277 1051 3301 v.
1070 3269 1151 3302 1.—
1166 3268 1304 3309 ³Rom.,
1321 3275 1393 3310 etp.
1409 3276 1481 3310 1,v.
1497 3267 1548 3302 19.
1576 3286 1614 3291 —
1632 3267 1753 3308 ⁴1bid..
1770 3278 1800 3301 v.
1819 3271 1869 3302 21.
1883 3269 1943 3293 —⁵
1963 3269 2086 3308 Horat„
2103 3268 2212 3310 Epist.
2228 3276 2252 3306 1,
2270 3268 2328 3300 lib.
2352 3266 2381 3306 1.

227 3330 258 3352 v.
276 3323 327 3355 32.
347 3339 385 3346 -
402 3323 414 3342 ⁶
435 3322 612 3362 Pharsal.‚
631 3321 665 3362 l,
683 3331 712 3354 v.
731 3323 783 3355 23.
