2638 3866
234 207 329 255 606
1036 205 1206 251 PETRI
1248 203 1562 252 ABAELARDI

231 318 397 356 contra
425 316 716 372 praeceptum
746 305 830 351 Dei
855 321 955 351 non
989 305 1144 351 solum
1170 296 1290 352 velle
1314 298 1636 365 fieri,''verum
1660 306 1804 354 etiam
1836 305 1938 355 fieri
1961 308 2166 373 aliquid,
2202 318 2250 356 et
2271 309 2365 357 hoc

232 389 452 444 scienter,
481 387 583 432 sine
607 384 705 431 ullo
728 393 863 430 reatu
882 385 1093 448 peccati;
1124 401 1215 431 nec
1237 385 1412 432 malam
1438 383 1735 432 voluntatem
1754 386 1829 434 vel
1861 388 2102 435 actionem
2130 388 2240 436 ideo
2263 406 2364 436 esse

231 466 501 524 dicendam,
539 464 652 528 quia
683 473 975 528 praeceptum
1009 464 1095 510 Dei
1130 480 1230 510 non
1266 474 1421 512 servat
1451 465 1500 511 in
1533 481 1696 529 opere,
1729 482 1842 514 cum
1873 484 1899 513 a
1922 467 2168 515 voluntate
2201 470 2365 534 praeci-

230 546 402 610 pientis
426 561 525 590 non
550 543 786 607 discrepat
818 544 918 606 ejus
951 543 1154 590 intentio
1176 544 1254 591 cui
1290 544 1546 609 praeceptio
1575 543 1643 591 fit.
1670 546 1746 593 Sic
1772 547 1900 593 enim
1930 548 2133 594 intentio
2153 540 2365 611 jubentis

232 634 425 671 excusat
448 624 624 688 ipsum,
657 624 739 687 qui
765 624 975 688 praecipit
1000 622 1103 670 fieri
1125 623 1260 687 quod
1283 634 1442 672 tamen
1468 624 1665 672 minime
1689 627 1913 673 convenit
1936 626 2038 673 fieri
2063 645 2073 672 t
2101 627 2165 674 ita
2189 638 2236 675 et
2254 645 2364 675 eum

229 705 307 751 cui
335 703 387 750 fit
411 704 688 768 praeceptio,
712 713 907 751 excusat
927 702 1170 751 charitatis
1194 704 1415 751 intentio.

294 787 354 830 Ut
385 799 498 847 ergo
532 783 667 830 brevi
700 782 1012 830 conclusione
1041 799 1186 848 supra
1218 783 1344 830 dicta
1375 784 1624 848 colligam,
1656 795 1863 848 quatuor
1895 795 2005 832 sunt
2041 789 2367 852 quae*praemi—

216 865 400 920 simus,
444 873 496 910 ut
534 863 595 910 ab
628 863 836 909 invicem
873 863 976 927 ipsa
1012 863 1263 927 diligenter
1296 864 1695 927 distingueremus
1733 882 1743 910 :
1780 865 1947 911 vitium
1984 866 2164 913 scilicet
2196 867 2362 924 animi,

227 944 358 1007 quod
389 943 452 991 ad
483 942 782 1008 peccandum
812 959 996 1007 pronos
1025 942 1198 1002 efficit3
1233 960 1290 991 ac
1319 944 1634 1008 postmodum
1664 945 1822 1009 ipsum
1850 954 2119 1010 peccatum,
2155 946 2287 1010 quod
2317 947 2363 993 in

225 1040 460 1070 consensu
501 1022 629 1079 mali,
663 1022 738 1068 vel
769 1032 1050 1086 contemptu
1077 1023 1165 1070 Dei
1191 1023 1461 1081 statuimus,
1489 1023 1664 1072 deinde
1694 1024 1807 1071 mali
1838 1024 2135 1071 voluntatem
2157 1025 2367 1088 malique

226 1104 574 1168 operationem.
596 1103 727 1149 Sicut
748 1113 907 1149 autem
930 1119 1030 1149 non
1051 1102 1179 1149 idem
1199 1113 1270 1149 est
1291 1102 1429 1164 velle,
1453 1103 1587 1167 quod
1604 1104 1898 1151 voluntatem
1923 1104 2150 1169 implere;
2178 1106 2241 1152 ita
2265 1122 2364 1152 non

225 1182 354 1230 idem
384 1194 454 1230 est
483 1198 698 1247 peccare,
726 1183 860 1246 quod
882 1191 1132 1247 peccatum
1164 1182 1414 1246 perficere.
1455 1182 1575 1230 Illud
1607 1184 1787 1248 quippe
1819 1183 1881 1231 de
1920 1200 2162 1231 consensu
2195 1185 2361 1243 animi,

176 1320 189 1337 x
225 1280 324 1326 quo
348 1279 628 1328 peccamus;
655 1261 752 1309 hoc
779 1262 839 1309 de
862 1262 1036 1309 effectu
1058 1262 1352 1326 operationis
1374 1271 1444 1309 est
1466 1263 1820 1327 accipiendum,
1847 1248 1959 1310 cum
1984 1263 2203 1310 videlicet
2226 1263 2362 1324 illud,

224 1344 273 1388 in
307 1359 405 1406 quo
443 1342 575 1407 prius
608 1342 962 1399 consensimus,
1003 1358 1149 1406 opere
1182 1342 1455 1407 implemus.
1484 1345 1608 1389 Cum
1640 1359 1755 1408 ergo
1787 1352 2064 1408 peccatum,
2100 1343 2176 1389 vel
2208 1352 2364 1390 tenta-

223 1423 406 1469 tionem
416 1421 569 1468 tribus
594 1421 750 1468 modis
767 1421 971 1469 dicimus
993 1422 1174 1487 peragi,
1201 1423 1503 1485 suggestione
1525 1422 1718 1480 scilicet,
1746 1422 2079 1483 delectatione,
2102 1438 2360 1481 consensu,

225 1502 288 1548 ita
321 1513 391 1549 est
426 1502 822 1566 intelligendum,
875 1502 1008 1566 quod
1043 1502 1103 1549 ad
1137 1503 1470 1567 operationem
1506 1503 1688 1567 peccati
1724 1519 1810 1567 per
1835 1502 1937 1549 haec
1971 1503 2061 1550 tria
2095 1502 2367 1566 frequenter

225 1581 525 1640 deducimur,
563 1577 684 1629 sicut
715 1583 764 1628 in
791 1583 955 1646 primis
983 1583 1185 1646 contigit
1208 1581 1502 1647 parentibus.
1539 1583 1789 1630 Persuasio
1818 1584 2000 1647 quippe
2026 1581 2207 1628 diaboli
2237 1598 2364 1646 prae-

225 1663 388 1721 cessit,
425 1679 536 1709 cum
574 1680 630 1709 ex
666 1672 803 1725 gustu
835 1663 989 1709 vetitae
1027 1662 1210 1709 arboris
1247 1663 1654 1710 immortalitatem
1688 1662 1935 1727 promisit3
1975 1660 2229 1708 delectatio
2255 1677 2366 1708 suc-

225 1742 389 1801 cessit,
426 1758 538 1788 cum
572 1741 742 1788 mul-ier
765 1742 933 1789 videns
960 1742 1143 1805 lignum
1169 1741 1426 1806 pulchrum
1458 1752 1503 1789 et
1526 1743 1685 1806 ipsum
1709 1742 1975 1804 intelligens
2006 1757 2153 1788 suave
2176 1740 2237 1787 ad
2260 1757 2366 1787 ves-

225 1820 451 1877 cendum,
475 1822 523 1867 in
542 1821 976 1886 concupiscentiam
1000 1821 1102 1884 ejus
1120 1824 1307 1880 exarsit,
1331 1822 1427 1868 cibi
1445 1822 1707 1886 voluptate,
1731 1837 1878 1884 quam
1888 1819 2359 1884 credebatcorrepta.

226 1899 342 1956 Quae
365 1917 476 1947 cum
498 1902 759 1965 reprimere
787 1901 1226 1965 concupiscentiam
1250 1900 1471 1960 deberet,
1506 1911 1559 1946 ut
1581 1909 1872 1965 praeceptum
1896 1908 2129 1959 servaret,
2155 1914 2363 1945 consen-

225 1980 389 2026 tiendo
422 1981 470 2026 in
510 1990 758 2045 peccatum
792 1989 943 2027 tracta
977 1990 1065 2027 est.
1103 1980 1247 2037 Quod
1283 1982 1426 2027 etiam
1461 1989 1712 2045 peccatum
1752 1995 1864 2026 cum
1900 1995 1986 2043 per
2032 1979 2363 2043 poenitentiam

223 2058 418 2105 deberet
440 2060 694 2123 corrigere,
721 2069 775 2106 ut
796 2060 986 2106 veniam
1009 2070 1290 2117 mereretur,
1316 2061 1473 2124 ipsum
1503 2060 1713 2123 denique
1736 2059 2090 2106 consummavit
2111 2059 2160 2105 in
2185 2075 2359 2123 opere;

223 2148 269 2184 et
294 2138 358 2184 ita
384 2138 535 2185 tribus
560 2139 786 2202 gradibus
815 2138 877 2185 ad
907 2139 1280 2204 perpetrandum
1307 2149 1559 2203 peccatum
1578 2139 1786 2185 incessit.
1815 2138 1892 2184 Sic
1912 2148 1958 2185 et
1979 2154 2070 2184 nos
2093 2138 2365 2201 frequenter

223 2233 322 2263 non
346 2218 407 2264 ad
429 2219 748 2282 peccandum,
779 2219 863 2265 sed
882 2219 944 2266 ad
969 2219 1150 2282 peccati
1173 2219 1597 2283 perpetrationem,
1619 2217 1789 2264 iisdem
1811 2216 2116 2282 passionibus
2139 2218 2362 2281 perveni-

223 2314 348 2357 mus,
375 2300 677 2361 suggestione
702 2298 880 2346 scilicet
897 2336 908 2357 ‚
934 2299 1028 2346 hoc
1051 2309 1138 2358 est,
1165 2298 1499 2345 exhortatione
1534 2298 1732 2361 alicujus
1756 2314 1847 2344 nos
1877 2297 2119 2359 incitantis
2143 2296 2203 2343 ad
2220 2313 2362 2359 agen-

225 2380 341 2426 dum
356 2381 487 2443 quod
508 2397 607 2428 non
635 2383 877 2428 convenit.
906 2381 1050 2439 Quod
1064 2380 1258 2445 quidem
1276 2397 1416 2444 agere
1428 2381 1466 2427 si
1477 2379 1754 2427 delectabile
1767 2380 2062 2440 noverimus,
2081 2379 2362 2443 anteipsum

224 2461 366 2506 etiam
392 2460 567 2507 factum
590 2461 738 2525 ipsius
761 2461 871 2506 facti
893 2461 1208 2507 delectatione
1230 2476 1367 2506 mens
1392 2469 1555 2506 nostra
1581 2459 1854 2523 corripitur,
1881 2468 1927 2505 et
1950 2459 2052 2522 ipsa
2075 2458 2362 2521 cogitatione

225 2556 309 2602 per
349 2539 716 2587 delectationem
748 2549 1003 2587 tentamur.
1054 2540 1142 2586 Cui
1186 2539 1402 2586 videlicet
1441 2538 1746 2585 delectationi
1787 2538 1904 2584 dum
1949 2525 2232 2587 assentimus
2276 2554 2363 2601 per

224 2635 531 2678 consensum,
565 2636 837 2684 peccamus.
874 2620 957 2665 His
980 2618 1174 2665 tandem
1203 2618 1358 2665 tribus
1379 2617 1440 2664 ad
1464 2617 1794 2681 operationem
1828 2616 2010 2681 peccati
2033 2616 2355 2680 pervenimus.

289 2701 409 2746 Sunt
437 2701 518 2763 qui
543 2700 895 2763 suggestionem
923 2699 1097 2757 carnis,
1127 2698 1311 2745 etiamsi
1333 2712 1540 2762 persona
1563 2712 1818 2759 suggerens
1841 2696 1987 2755 desit,
2014 2695 2359 2760 comprehendi

226 2781 422 2827 nomine
445 2781 758 2844 suggestionis
786 2781 948 2838 velint,
975 2779 1122 2826 veluti
1151 2780 1190 2825 si
1216 2779 1322 2842 quis
1345 2779 1443 2826 visa
1473 2777 1689 2837 muliere,
1722 2777 1770 2822 in
1796 2776 2237 2841 concupiscentiam
2261 2776 2362 2837 ejus

226 2856 419 2904 incidat.
459 2859 551 2906 Sed
586 2859 687 2906 haec
719 2859 938 2924 profecto
973 2858 1210 2922 suggestio
1246 2857 1366 2904 nihil
1401 2857 1531 2904 aliud
1565 2873 1711 2920 quam
1746 2856 1997 2904 delectatio
2035 2855 2224 2902 videtur
2262 2870 2362 2901 esse

227 2935 452 2992 dicenda3
498 2955 641 3002 quam
685 2939 881 3002 quidem
931 2932 1296 2985 delectationem
1341 2938 1476 2999 quasi
1511 2937 1825 2984 necessariam
1868 2936 2040 2983 factam
2086 2944 2133 2981 et
2171 2944 2361 2980 caeteras

228 3013 516 3076 hujusmodi,
548 3034 665 3080 quas
689 3035 787 3064 non
821 3028 1069 3081 peccatum
1101 3034 1201 3064 esse
1234 3033 1379 3080 supra
1408 3016 1733 3075 meminimus,
1763 3015 2025 3062 humanam
2047 3014 2359 3060 tentationem

229 3095 481 3156 Apostolus
507 3107 644 3142 vocat
669 3113 780 3143 cum
805 3098 887 3143 ait¹
914 3116 923 3142 ε
954 3117 975 3141 «
997 3097 1214 3144 Tentatio
1235 3113 1320 3143 vos
1344 3113 1443 3143 non
1464 3096 1792 3161 apprehendat
1817 3096 1906 3142 nisi
1929 3095 2157 3142 humana.
2191 3091 2359 3138 Fidelis

278 3278 450 3310 ‘Corinth
468 3278 496 3320 Ι,
518 3288 587 3319 cap.
607 3290 639 3320 x,
658 3289 686 3313 v.
708 3282 757 3313 13.

2410 2217 2437 2286 τῇ
2456 2198 2638 2269 imi-92⁴2,
