2638 3866
336 186 427 235 148
1135 188 1305 235 PETRI
1348 184 1659 234 ABAELARDI

331 287 459 333 enim
487 286 614 352 apud
636 288 788 334 Deum
816 287 897 349 qui
919 286 1216 334 voluntatem
1241 303 1331 351 pro
1356 302 1502 352 opere
1526 285 1635 333 facti
1652 294 1865 350 reputat,
1895 285 2001 333 talis
2023 285 2216 335 devotio
2237 305 2337 339 non
2359 293 2455 357 pri·

330 376 466 413 vetur
503 366 720 430 praemio,
766 365 907 429 hujus
955 374 1115 413 tamen
1153 375 1407 431 apparatus
1444 366 1571 414 actio
1607 363 1849 431 superflua
1879 366 2074 430 penitus
2107 367 2321 431 videtur,
2366 388 2456 420 nec

330 445 529 511 simplex
553 455 622 492 est
641 445 809 492 oculus
827 445 1104 492 intentionis
1125 455 1178 492 ut
1198 444 1324 492 clare
1346 445 1546 501 videret,
1575 445 1660 510 qui
1685 461 1896 492 errorem
1918 445 2117 494 incurrit
2138 447 2451 514 deceptionis,

328 536 375 574 et
396 527 445 572 in
476 541 535 572 eo
570 524 818 572 frustratus
842 533 913 571 est
935 524 1067 587 quod
1090 524 1394 584 deliberavit,
1418 524 1620 573 credens
1653 524 1832 572 scilicet
1859 524 1955 573 hoc
1984 542 2084 574 esse
2106 525 2376 577 faciendum
2401 541 2455 578 ut

326 605 443 653 illud
464 614 768 669 sequeretur,
794 621 893 668 quo
931 604 1055 652 facto
1094 620 1402 669 nequaquam
1436 614 1507 652 est
1530 604 1650 652 illud
1677 614 1991 652 consecutum
2006 641 2019 667 ,
2043 622 2188 672 opera
2209 609 2387 673 pariter
2408 620 2455 658 et

326 688 540 751 impensa
567 694 812 750 pereunte.
838 684 931 732 Sed
963 684 1079 749 quid
1109 687 1158 732 in
1195 684 1271 732 his
1301 701 1468 732 moror
1497 702 1603 750 quae
1630 684 1899 749 ignorantia
1922 685 2208 735 invincibilis
2233 699 2449 750 excusat,

324 782 436 813 cum
468 764 617 812 multa
646 765 790 813 etiam
827 774 994 812 contra
1023 765 1261 812 rationem
1283 765 1489 813 scienter
1510 781 1649 829 agere
1673 764 1860 830 pietatis
1894 765 2092 814 affectus
2120 768 2293 832 cogat?
2334 772 2454 818 Ecce

324 847 482 905 enim,
509 855 561 893 ut
593 845 652 892 ad
676 845 940 892 bonitatem
963 845 1051 891 Dei
1075 860 1103 891 a
1123 845 1338 909 potentia
1365 845 1467 909 ejus
1486 855 1534 892 et
1555 845 1786 910 sapientia
1805 854 2103 894 transeamus
2119 885 2131 908 ,
2159 858 2374 911 constat,
2401 860 2454 898 ut

323 925 644 991 praediximus,
665 925 728 972 ita
747 925 925 989 optime
946 924 1006 971 ab
1026 925 1131 989 ipso
1149 923 1253 972 fieri
1269 924 1345 972 vel
1367 924 1559 990 disponi
1575 926 1740 972 omnia
1756 941 1855 989 quo
1874 926 2042 973 melius
2059 943 2158 973 non
2173 937 2393 991 possunt,
2407 940 2454 976 et

321 1018 480 1054 tamen
495 1006 644 1052 multa
668 1005 938 1068 frequenter
948 1004 1175 1051 eveniunt
1195 1021 1341 1069 supra
1356 1004 1531 1069 quibus
1548 1006 1752 1070 graviter
1765 1006 2003 1065 dolemus,
2027 1016 2258 1072 tanquam
2281 1007 2452 1056 divinae

322 1086 552 1134 voluntati
574 1094 736 1132 nostra
753 1084 998 1132 voluntate
1021 1085 1268 1133 contrarii.
1303 1085 1441 1132 Unde
1470 1095 1518 1133 et
1542 1085 1797 1151 Apostolus
1814 1124 1826 1146 ,
1855 1103 1955 1134 non
1978 1086 2135 1134 solum
2158 1087 2219 1134 ad
2242 1104 2454 1154 congau-

317 1167 531 1215 dendum
547 1203 560 1227 ,
585 1181 753 1212 verum
776 1165 919 1212 etiam
942 1164 1003 1212 ad
1030 1165 1426 1231 compatiendum
1452 1165 1554 1213 aliis
1583 1183 1673 1214 nos
1694 1166 1959 1232 plurimum
1981 1166 2256 1227 admonet¹‚
2284 1187 2308 1212 «
2335 1184 2454 1232 gau-

318 1248 430 1295 dere
445 1263 555 1293 cum
571 1244 900 1308 gaudentibuS‚
920 1245 1034 1292 flere
1048 1263 1159 1292 cum
1173 1244 1418 1293 flentibus.
1438 1265 1460 1290 »
1474 1245 1598 1293 Hinc
1609 1256 1655 1293 et
1669 1246 1759 1294 illae
1772 1257 1885 1294 sunt
1899 1246 2116 1294 Rachelis
2132 1246 2371 1312 lacrymae,
2391 1247 2453 1296 de

315 1327 489 1391 quibus
507 1326 733 1390 scriptum
754 1327 871 1372 est²:
898 1344 921 1370 z<
934 1326 1106 1373 Rachel
1119 1325 1315 1391 plorans
1333 1325 1456 1374 filios
1469 1342 1581 1373 suos
1595 1327 1751 1375 noluit
1765 1327 2018 1375 consolari.
2041 1327 2222 1375 »Dolet
2243 1326 2451 1377 Ecclesia

313 1424 401 1472 pro
423 1406 753 1471 compassione
774 1405 834 1452 de
857 1416 1012 1453 morte
1034 1415 1299 1471 martyrum
1320 1416 1367 1454 et
1390 1407 1759 1472 quibuscunque
1783 1407 2121 1455 afflictionibus
2145 1418 2447 1469 sanctorum,

315 1504 425 1535 cum
438 1497 593 1534 tamen
616 1506 637 1530 «
659 1486 820 1533 omnia
838 1485 929 1533 illis
948 1487 997 1533 in
1021 1486 1219 1534 bonum·
1233 1488 1501 1552 cooperari,
1518 1507 1541 1532 »
1560 1488 1682 1535 sicut
1703 1487 1965 1553 Apostolus
1987 1489 2051 1534 ait
2061 1488 2091 1548 ⁸,
2117 1504 2216 1535 non
2241 1487 2446 1536 dubitet.

310 1567 451 1615 Videt
472 1577 699 1631 martyres
720 1566 942 1626 interfici,
970 1577 1018 1614 et
1043 1566 1103 1614 de
1128 1567 1320 1614 miseria
1343 1568 1410 1615 sic
1429 1568 1490 1615 ad
1514 1567 1862 1615 beatitudinem
1890 1567 2117 1629 transire,
2145 1584 2234 1615 nec
2266 1577 2364 1615 tam
2388 1569 2450 1616 de

245 1654 250 1667 ⁸
309 1647 601 1695 beatitudine
618 1649 831 1713 ipsorum
855 1647 1030 1712 gaudet
1048 1664 1196 1712 quam
1217 1647 1278 1695 de
1301 1647 1562 1695 afflictione
1585 1647 1744 1707 dolet;
1770 1664 1882 1696 cum
1903 1664 1929 1695 e
1950 1648 2195 1695 contrario
2212 1685 2222 1705 ‚
2248 1648 2372 1696 sicut
2388 1648 2449 1697 de

310 1731 454 1777 beato
471 1729 697 1793 scriptum
711 1739 781 1776 est
794 1730 1018 1789 Marfino,
1032 1729 1227 1776 sentiret
1239 1729 1387 1792 magis
1405 1745 1507 1776 esse
1523 1729 1852 1793 gaudendum,
1870 1729 1907 1775 si
1919 1729 2159 1775 rationem
2177 1728 2248 1774 vis
2266 1727 2449 1776 doloris

310 1810 676 1867 administraret,
692 1809 821 1857 unde
840 1820 885 1857 et
912 1811 1147 1858 Veritas‘:
1179 1809 1268 1856 «Si
1290 1809 1545 1873 diligeretis
1566 1826 1661 1870 me,
1689 1830 1711 1852 κ
1739 1809 1913 1873 inquit,
1937 1827 1960 1852 α
1978 1808 2246 1872 gauderetis
2258 1809 2442 1872 utique,

309 1892 417 1957 quia
433 1890 558 1938 vado
575 1890 636 1937 ad
661 1892 865 1937 Patrem.
885 1909 908 1935 »
926 1893 1007 1938 Est
1018 1900 1064 1938 et
1081 1889 1205 1937 filius
1221 1890 1419 1937 senilem
1436 1900 1623 1955 patrem
1641 1898 1775 1937 tanta
1791 1888 2048 1935 dilectione
2067 1887 2378 1953 amplectens,
2394 1899 2447 1935 ut

309 1988 418 2018 cum
437 1987 546 2018 eum
570 1971 773 2018 naturali
796 1980 951 2018 morte
974 1970 1171 2018 dissolvi
1195 1970 1484 2035 conspiciat,
1518 1980 1565 2017 et
1593 1970 1688 2017 hoc
1716 1970 1767 2016 in
1798 1969 1902 2034 ipsa
1924 1967 2240 2032 dispositione
2265 1977 2447 2016 naturae

307 2052 454 2099 fixum
474 2067 573 2098 esse
597 2068 694 2098 non
724 2050 911 2098 dubitet
938 2061 991 2098 ut
1017 2051 1274 2107 moriatur,
1295 2051 1396 2114 ejus
1415 2059 1575 2097 tamen
1595 2049 1898 2115 praesentiam
1923 2048 2141 2095 amittere
2167 2048 2278 2095 totis
2296 2048 2446 2096 visce-

307 2132 437 2179 ribus
469 2131 629 2191 dolet;
665 2132 798 2196 quod
829 2132 1048 2197 quamvis
1077 2132 1156 2196 pie
1190 2139 1407 2195 geratur,
1447 2139 1635 2177 constat
1675 2139 1836 2176 tamen
1881 2127 2108 2175 omnibus
2139 2126 2448 2174 irrationabi—

307 2211 411 2258 liter
439 2211 532 2258 hoc
565 2212 687 2274 geri,
712 2213 824 2276 quia
849 2222 894 2259 et
924 2211 1150 2259 morienti
1173 2227 1271 2258 non
1296 2209 1517 2276 proficit,
1543 2219 1590 2257 et
1611 2209 1856 2274 lugentem
1881 2208 2086 2255 inaniter
2117 2207 2300 2271 affligit.
2327 2207 2445 2265 Quis

307 2291 514 2355 denique
538 2293 715 2340 nesciat
742 2310 842 2340 non
872 2310 1041 2340 omnes
1060 2291 1316 2339 salvandos
1338 2307 1439 2338 esse
1470 2307 1560 2355 pro
1585 2290 1762 2355 quibus
1786 2305 2000 2347 oramuS,
2028 2297 2110 2334 aut
2139 2288 2281 2334 etiam
2307 2302 2444 2334 orare

307 2372 605 2436 praecipimur
622 2410 634 2434 ,
673 2390 763 2421 nec
786 2390 956 2421 omnes
986 2373 1049 2420 ad
1070 2371 1419 2420 beatitudinem
1443 2371 1695 2435 pervenire
1726 2385 1850 2433 quos
1886 2368 1998 2415 illuc
2033 2367 2285 2432 pervenire
2307 2366 2444 2413 volu·

308 2470 413 2499 mus
430 2488 443 2512 ,
467 2469 524 2499 ex
544 2469 599 2500 ea
612 2454 834 2501 videlicet
854 2454 1085 2501 charitate
1111 2469 1205 2518 qua
1229 2466 1629 2515 unumquemque
1646 2487 1658 2511 ,
1684 2450 1807 2496 sicut
1826 2465 1917 2495 nos
1933 2485 1945 2508 ,
1968 2447 2164 2511 diligere
2182 2445 2442 2509 jubemur?

308 2533 566 2597 Numquid,
586 2534 624 2580 si
639 2533 739 2581 haec
754 2545 920 2582 nostra
936 2534 1090 2581 oratio
1109 2534 1183 2580 vel
1204 2532 1427 2580 voluntas
1446 2548 1547 2578 non
1565 2540 1635 2578 est
1650 2528 1967 2586 rationabilis,
1984 2526 2241 2592 praeceptio
2259 2524 2439 2586 divina,

307 2630 399 2678 qua
422 2613 469 2659 id
493 2614 703 2677 agimus,
731 2631 830 2662 non
856 2624 927 2662 est
954 2612 1306 2679 approbanda?
1328 2613 1377 2659 Si
1399 2612 1530 2660 enim
1561 2611 1734 2657 frustra
1767 2625 1962 2656 oramus
1996 2617 2050 2654 ut
2089 2607 2331 2653 salventur
2359 2606 2443 2669 qui

308 2693 518 2741 salvandi
534 2711 632 2741 non
655 2704 766 2741 sunt
782 2732 794 2755 ‚
822 2705 904 2742 aut
927 2694 1103 2742 frustra
1125 2710 1208 2741 eos
1231 2692 1402 2740 salvari
1425 2693 1674 2749 volumus,
1700 2706 1824 2754 quos
1843 2705 1933 2735 nec
1957 2687 2139 2750 justum
2159 2695 2229 2734 est
2251 2694 2333 2733 aut
2351 2683 2442 2732 bo-

308 2789 426 2819 num
444 2773 611 2820 salvari
626 2810 637 2832 ,
655 2774 738 2821 sed
756 2774 927 2821 divinae
941 2773 1286 2839 dispensationi
1310 2772 1607 2820 contrarium
1620 2808 1632 2832 ,
1653 2768 1906 2835 quomodo
1929 2768 1979 2815 id
1999 2767 2125 2814 bene
2146 2764 2437 2831 praecipitur,

308 2863 360 2898 ut
389 2852 613 2899 faciamus
637 2870 726 2917 pro
749 2854 839 2901 illis
861 2854 1114 2913 salvandis,
1136 2852 1269 2916 quod
1292 2852 1534 2918 superflue
1551 2888 1563 2911 ,
1590 2860 1645 2897 ut
1665 2850 1849 2896 dictum
1871 2857 1942 2895 est
1961 2883 1973 2906 ‚
1999 2846 2053 2893 fit
2080 2863 2107 2893 a
2140 2843 2316 2892 nobis?
2351 2847 2440 2890 Aut

307 2948 417 2977 cum
451 2931 557 2978 illos
593 2933 642 2978 in
675 2949 759 2979 sua
798 2934 975 2980 malitia
1010 2942 1345 2998 permanentes
1377 2932 1575 2990 salvari,
1615 2940 1667 2977 ut
1688 2930 1870 2978 dictum
1897 2937 1994 2987 est,
2031 2943 2119 2973 nec
2143 2925 2324 2989 justum
2349 2938 2438 2970 nec

306 3011 489 3057 bonum
513 3012 592 3070 sit,
619 3012 717 3058 imo
741 3013 981 3072 damnari,
1004 3012 1254 3076 quomodo
1279 3012 1330 3059 id
1355 3012 1480 3059 bene
1508 3027 1735 3074 rogamus
1758 3019 1811 3057 ut
1838 3008 1936 3069 fiat,
1968 3005 2101 3070 quod
2121 3004 2223 3051 fieri
2242 3019 2343 3049 non
2367 3012 2438 3049 est

304 3090 489 3137 bonum
504 3127 515 3148 ,
541 3099 622 3137 aut
648 3091 698 3137 id
715 3090 815 3138 fieri
840 3092 956 3139 velle
970 3093 1202 3140 debemus
1221 3092 1353 3157 quod
1372 3090 1475 3138 fieri
1492 3107 1591 3138 non
1616 3088 1871 3137 convenit?
1887 3090 1979 3134 Aut
1996 3082 2246 3148 quomodo
2262 3082 2435 3129 divinae

346 3277 353 3294 '
371 3275 482 3316 Rom.,
497 3283 568 3316 cap.
581 3283 638 3315 xn,
655 3284 685 3309 v.
705 3276 754 3309 15.
773 3275 974 3318 -2Mam1.‚
991 3286 1061 3318 cap.
1082 3287 1117 3317 11,
1136 3287 1167 3312 v.
1189 3279 1238 3312 18.
1251 3279 1309 3303 -³
1325 3279 1440 3320 Rom„
1454 3286 1526 3318 cap.
1545 3285 1615 3318 vm,
1628 3284 1657 3310 v.
1676 3277 1729 3309 28.
1748 3290 1788 3298 -
1804 3272 1934 3309 ‘Joan..
1954 3279 2026 3312 cap.
2045 3278 2111 3310 xiv,
2129 3276 2159 3303 v.
2178 3270 2231 3301 28.
