2638 3866
792 229 1188 279 INTRODUCTlO
1223 231 1304 279 AD
1338 227 1750 278 THEOLOGIAM
2253 238 2264 281 1
2284 236 2297 279 l
2318 236 2332 278 Ι

199 334 359 380 anima
378 379 379 382 ,
398 332 509 394 fuit,
542 331 664 380 idest
684 329 953 392 vivificans3
991 331 1104 396 quia
1138 329 1257 379 dum
1293 330 1514 379 nondum
1544 339 1771 378 creaturae
1802 341 1988 392 essent,
2021 332 2200 397 quibus
2221 334 2351 384 dona

197 430 283 462 sua
312 412 646 475 distribueret,
672 413 722 461 in
754 411 857 460 illas
880 410 1127 460 bonorum
1150 428 1350 460 suorum
1374 409 1766 460 distributionem
1790 428 1891 459 non
1915 412 2184 461 exercebat.
2221 415 2351 463 Sicut

196 510 311 558 ergo
356 493 587 559 Spiritum
635 502 852 541 sanctum
902 493 985 557 qui
1033 493 1080 540 in
1119 508 1169 540 se
1214 502 1285 541 est
1316 492 1520 540 omnino
1555 490 1756 556 simplex
1775 529 1787 549 ,
1834 493 2146 560 multiplicem
2188 504 2346 544 tamen

196 573 419 636 dicimus,
457 584 506 622 et
535 582 718 640 septem
751 572 941 639 spiritus
963 572 1289 640 appellamus,
1327 571 1599 623 secundum
1630 570 1955 622 diversitatem
1985 574 2246 636 donorum,
2281 578 2344 625 ita

195 665 243 702 et
267 654 590 721 Philosophus
612 653 838 702 eumdem
861 654 942 718 qui
965 654 1014 702 in
1039 655 1243 704 essentia
1265 654 1463 721 propria
1490 651 1776 701 aeternaliter
1798 654 2037 717 subsistit,
2069 656 2339 723 incoepisse,

195 745 431 799 quantum
454 735 517 784 ad
546 735 714 784 effecta
739 751 850 797 sua,
873 736 1051 798 voluit,
1077 752 1134 784 ex
1172 735 1349 801 quibus
1380 751 1493 783 eum
1519 734 1733 783 animam
1764 736 1913 799 magis
1944 753 2091 801 quam
2113 738 2341 804 Spiritum

194 816 467 882 appellavit.
495 817 698 882 Spiritus
729 817 908 883 quippe
931 833 1113 865 nomen
1138 826 1210 864 est
1232 826 1414 864 naturae
1432 853 1443 875 ‚
1470 816 1634 863 anima
1654 831 1772 863 vero
1798 814 1963 876 officii,
1991 816 2052 864 ab
2078 818 2342 867 animando

193 896 388 945 scilicet.
432 898 563 945 Sicut
598 914 714 962 ergo
753 898 882 964 ipsos
914 897 1130 946 coelestes
1165 898 1361 963 spiritus
1393 913 1585 962 semper
1623 895 1822 962 quidem
1862 897 2085 962 spiritus,
2122 898 2207 946 sed
2244 917 2341 947 non

193 994 384 1043 semper
401 978 598 1044 angelos
631 995 733 1027 esse
755 977 1055 1044 profitemur,
1078 995 1138 1027 eo
1167 978 1301 1044 quod
1325 977 1524 1041 angelus
1546 994 1726 1025 nomen
1751 979 1811 1024 sit
1829 976 1992 1039 officii,
2018 995 2118 1026 non
2142 989 2339 1034 naturae,

193 1067 240 1105 et
279 1060 545 1107 Dominum
585 1069 806 1107 nostrum
841 1062 1002 1107 Jesum
1039 1059 1312 1119 Christum,
1350 1058 1624 1107 secundum
1659 1057 2010 1107 humanitatem
2055 1059 2308 1125 incoepisse
2329 1102 2339 1122 ,

192 1139 460 1188 secundum
471 1157 587 1188 vero
612 1140 930 1202 divinitatem,
955 1149 1187 1188 aeternum
1213 1157 1314 1189 esse
1337 1139 1654 1206 praedicamus
1676 1158 1687 1187 ε
1715 1140 1781 1188 ita
1802 1148 1850 1188 et
1872 1140 2101 1206 Spiritum
2124 1151 2342 1190 sanctum

191 1219 458 1268 secundum
481 1221 799 1270 substantiam
821 1222 1036 1269 essentiae
1064 1238 1160 1269 suae
1183 1230 1441 1283 aeternum,
1468 1219 1737 1269 secundum
1761 1219 1929 1268 effecta
1952 1237 2068 1268 vero
2091 1222 2341 1287 incoepisse

190 1299 395 1348 dicimus
410 1341 424 1360 ,
447 1302 580 1367 quod
605 1312 676 1350 est
698 1302 858 1351 dicere
880 1302 1049 1351 effecta
1078 1303 1239 1369 potius
1261 1318 1407 1367 quam
1428 1302 1588 1368 ipsum
1608 1302 1967 1367 incoepisse-‘Et
1989 1301 2120 1349 bunc
2143 1302 2338 1367 quidem

193 1379 470 1447 Philosophi
502 1399 697 1430 sensum
729 1400 830 1431 esse
862 1382 1088 1445 arbitror,
1128 1382 1218 1430 sub
1250 1382 1333 1430 illo
1370 1382 1541 1429 animae
1577 1392 1722 1447 typo,
1760 1381 1895 1447 quod
1931 1398 2037 1429 eam
2073 1392 2338 1431 creaturam

186 1477 303 1523 esse,
335 1462 385 1509 id
413 1473 483 1510 est
511 1464 766 1529 incoepisse
792 1463 1040 1529 perhibet,
1069 1473 1117 1511 et
1148 1465 1284 1528 quasi
1310 1462 1625 1528 temporalem
1650 1479 1770 1522 esse,
1809 1479 1907 1509 non
1933 1472 2176 1510 aeternam.
2204 1466 2342 1512 Juxta

188 1542 322 1605 quod
352 1553 399 1591 et
422 1543 692 1592 Macrobius
716 1545 886 1592 animae
913 1545 1004 1610 ipsi
1024 1554 1123 1592 tam
1149 1547 1306 1592 Deum
1323 1560 1471 1610 quam
1488 1547 1646 1607 Noym
1670 1543 1887 1609 proferre
1912 1559 2010 1591 non
2036 1543 2334 1593 abhorreret.

188 1624 340 1670 Vocet
361 1624 522 1690 itaque
548 1625 680 1673 Plato
704 1626 937 1691 Spiritum
961 1635 1181 1673 sanctum
1210 1626 1422 1673 animam
1447 1623 1719 1671 secundum
1744 1623 1968 1671 effectum
1993 1640 2216 1689 operum.
2245 1628 2340 1672 Nos

188 1719 303 1750 vero
333 1703 550 1753 dicamus
574 1706 805 1772 Spiritum
837 1706 1109 1754 secundum
1143 1706 1411 1754 naturalem
1441 1721 1537 1752 suae
1565 1703 1799 1751 bonitatis
1823 1703 2067 1767 affectum,
2097 1721 2246 1769 quem
2278 1706 2342 1754 ita

187 1784 249 1831 ab
296 1795 475 1834 aeterno
518 1786 770 1850 habuerit,
808 1797 861 1835 ut
905 1803 961 1836 ex
1002 1804 1150 1853 opere
1193 1804 1306 1835 eum
1353 1787 1604 1853 impleret,
1639 1785 1836 1851 quando
1882 1803 1994 1834 eum
2039 1785 2340 1852 implendum

186 1882 286 1913 esse
307 1867 535 1937 providit.
564 1868 703 1916 Dicat
725 1867 805 1916 ille
826 1868 1040 1916 animam
1063 1868 1319 1933 incoepisse
1342 1867 1614 1916 secundum
1638 1866 1807 1916 effecta
1823 1903 1835 1926 ,
1857 1883 1948 1914 nos
1970 1870 2086 1914 irero
2110 1867 2340 1932 Spiritum

184 1947 231 1993 in
264 1946 440 1995 affectu
472 1965 567 1996 suae
600 1949 830 1997 bonitatis
857 1949 1145 1997 aeternaliter
1169 1966 1492 2016 perseverare.
1529 1949 1669 1996 Dicat
1707 1948 1785 1996 ille
1821 1949 2034 1996 animam
2069 1949 2336 2014 incoepisse,

185 2045 276 2076 nos
299 2030 528 2094 Spiritum
555 2031 758 2078 omnino
792 2041 1024 2078 aeternum
1059 2047 1179 2079 esse.
1214 2032 1284 2078 Sit
1313 2030 1555 2096 processio
1591 2031 1795 2096 Spiritus
1819 2029 2088 2077 secundum
2117 2029 2339 2077 affectum

184 2118 384 2169 aeterna,
417 2111 530 2174 quia
560 2111 740 2159 scilicet
764 2111 826 2159 ab
852 2121 1032 2159 aeterno
1061 2112 1129 2159 sic
1153 2112 1322 2160 voluit.
1351 2112 1420 2159 Sit
1444 2111 1688 2177 processio
1713 2110 1883 2157 animae
1905 2109 2174 2157 secundum
2200 2109 2339 2157 effec-

186 2198 287 2237 tum
321 2191 653 2256 temporalem.
690 2196 957 2257 Utramque
979 2193 1183 2258 Spiritus
1218 2193 1605 2258 processionem,
1645 2201 1743 2239 tam
1777 2191 2047 2239 secund-um
2079 2189 2339 2239 efficaciam

184 2270 388 2333 scilicet,
424 2289 571 2336 quam
606 2273 873 2321 secundum
914 2273 1140 2321 effectum
1177 2290 1206 2322 a
1243 2274 1418 2322 sanctis
1457 2272 1676 2322 Patribus
1711 2272 1987 2320 distinctam
2026 2289 2127 2321 esse
2163 2288 2340 2336 cogno-

183 2350 356 2399 vimus.
384 2354 457 2400 De
481 2354 790 2418 processione
813 2353 1011 2418 quidem
1033 2353 1271 2415 efficaciae,
1296 2354 1423 2402 Beda
1447 2355 1497 2401 in
1525 2353 1738 2401 Homilia
1759 2353 2026 2401 Dominicae
2047 2353 2214 2418 primae
2233 2364 2341 2419 post

185 2433 546 2495 Ascensionem,
582 2435 648 2482 ita
676 2434 894 2499 loquitur
911 2437 923 2460 ¹
946 2452 956 2480 :
998 2454 1021 2478 «
1043 2437 1166 2482 Cum
1191 2435 1395 2501 Spiritus
1428 2435 1578 2500 gratia
1611 2434 1755 2483 datur
1781 2433 2085 2495 hominibus,
2124 2433 2340 2499 profecto

183 2514 384 2578 Spiritus
406 2516 610 2563 mittitur
632 2532 660 2564 a
684 2519 839 2576 Patre,
869 2516 1072 2564 mittitur
1095 2526 1142 2564 et
1165 2533 1194 2565 a
1217 2516 1336 2564 Filio
1355 2535 1365 2564 ε
1387 2516 1608 2583 procedit
1629 2533 1658 2565 a
1675 2518 1828 2577 Patre,
1845 2515 2061 2580 procedit
2084 2525 2128 2562 et
2152 2530 2181 2561 a
2202 2514 2335 2570 Filio,

183 2596 296 2657 quia
317 2605 365 2643 et
392 2596 493 2661 ejus
524 2597 706 2658 missio,
744 2597 848 2662 ipsa
882 2597 1126 2662 processio
1159 2608 1246 2660 est,
1283 2598 1397 2663 quia
1430 2615 1489 2646 ex
1524 2601 1664 2646 Patre
1698 2596 1921 2663 procedit
1950 2606 1994 2643 et
2021 2595 2156 2642 Filio.
2186 2614 2207 2637 n
2234 2597 2338 2658 Ipse

183 2685 342 2723 autem
380 2678 669 2742 Augustinus
707 2687 970 2742 utrumque
1011 2678 1334 2743 processionis
1376 2678 1578 2725 modum
1618 2677 1873 2741 diligenter
1912 2675 2184 2738 distinguit,
2227 2689 2338 2720 cum

182 2756 447 2818 procedere
470 2759 709 2823 perhibet,
736 2768 833 2808 tam
860 2758 1129 2806 secundum
1153 2758 1251 2805 hoc
1273 2758 1404 2822 quod
1438 2757 1598 2819 datur,
1629 2773 1776 2822 quam
1801 2755 2066 2804 secundum
2088 2753 2185 2801 hoc
2206 2755 2339 2819 quod

182 2836 356 2884 dabilis
370 2847 454 2884 est.
473 2839 613 2886 Unde
627 2839 710 2886 lib.
730 2842 785 2897 V,
802 2839 862 2886 de
883 2841 1160 2886 Trinitate²:
1184 2841 1343 2886 «Cum
1358 2838 1421 2886 ad
1435 2838 1794 2903 processionem
1808 2837 2012 2902 Spiritus
2025 2836 2336 2902 pervenisset,

183 2917 264 2978 ait,
292 2918 513 2983 procedit
534 2936 634 2967 non
660 2919 913 2984 quomodo
935 2929 1093 2981 natus,
1128 2918 1212 2966 sed
1231 2919 1483 2983 quomodo
1502 2919 1658 2967 datus.
1689 2917 1835 2976 Quod
1858 2927 2019 2966 autem
2046 2917 2213 2965 datum
2239 2927 2335 2975 est,

183 3008 229 3045 et
252 2998 313 3046 ad
339 3016 451 3046 eum
476 3001 559 3065 qui
588 2999 746 3062 dedit,
773 3000 1001 3060 refertur,
1038 3009 1085 3047 et
1106 2998 1165 3047 ad
1189 3016 1272 3048 eos
1293 2999 1470 3065 quibus
1494 2998 1645 3047 dedit.
1675 2998 1769 3047 Sed
1798 2999 1836 3047 si
1862 3015 1962 3047 non
1986 2998 2221 3065 procedit,
2250 2998 2338 3045 nisi

183 3095 295 3126 cum
324 3079 481 3139 datur,
516 3098 607 3129 nec
639 3080 923 3146 procederet
958 3081 1123 3146 utique
1156 3082 1288 3146 prius
1311 3097 1457 3145 quam
1483 3090 1606 3129 esset
1633 3081 1712 3128 cui
1747 3080 1959 3129 daretur.
1996 3083 2116 3128 Nam
2153 3079 2339 3126 donum

182 3170 338 3224 potest
362 3178 463 3209 esse
486 3172 532 3210 et
557 3172 815 3227 antequam
847 3162 1012 3225 detur,
1040 3161 1276 3210 donatum
1302 3172 1482 3224 autem,
1510 3163 1600 3209 nisi
1625 3161 1793 3210 datum
1824 3162 1985 3222 fuerit,
2021 3161 2156 3209 nullo
2191 3159 2336 3206 modo

229 3342 234 3358 ¹
254 3340 355 3382 Opp.,
371 3345 395 3372 t.
414 3340 482 3381 vn,
500 3342 562 3374 col.
585 3343 635 3375 33.
656 3359 695 3364 -
711 3342 722 3360 ²
737 3342 785 3374 De
804 3342 982 3380 Trinitate,
995 3342 1055 3375 lib.
1073 3341 1111 3382 V,
1129 3351 1199 3382 cap.
1220 3351 1286 3374 xiv.
1307 3342 1410 3383 Opp.,
1430 3346 1453 3374 t.
1475 3340 1559 3381 vm,
1578 3342 1640 3374 col.
1660 3343 1731 3375 840.
