2638 3866
626 216 844 264 ETHICA
876 216 986 264 SEU
1020 216 1195 265 LIBER
1226 214 1434 265 DICTUS
1474 234 1485 264 :
1518 214 1684 264 SClTO
1719 214 1990 264 TElPSUM.
2298 217 2392 265 599

237 319 515 378 toleramus,
535 316 620 364 sed
637 316 790 382 magis
814 315 951 381 quod
968 317 1191 365 volumus
1209 315 1501 383 implemus?
1516 316 1635 376 Quis
1657 316 1836 364 etenim
1858 315 2000 365 nobis
2021 324 2176 381 grates
2198 315 2392 378 habeat,

237 402 276 450 si
298 401 348 448 in
374 416 434 448 eo
457 397 591 465 quod
613 414 705 465 pro
729 399 836 464 ipso
857 414 949 446 nos
971 397 1126 447 facere
1145 398 1369 460 dicimus,
1395 397 1697 447 voluntatem
1719 407 1938 447 nostram
1961 397 2281 465 impleamus?
2303 401 2395 448 Aut

238 480 376 546 quid,
403 479 611 545 inquies,
624 477 756 545 apud
774 481 933 526 Deum
955 495 1199 527 meremur
1218 495 1277 527 ex
1293 495 1352 527 eo
1373 478 1510 545 quod
1527 478 1747 528 volentes
1770 488 1854 528 aut
1872 479 2009 528 inviti
2022 479 2243 544 agimus?
2268 479 2396 528 Nihil
2427 544 2430 545 ⁷

238 571 366 610 certe
383 598 395 622 ,
427 559 700 627 respondeo
724 580 735 608 ι
763 576 878 607 cum
908 559 1010 625 ipse
1039 560 1258 607 animum
1291 562 1452 626 potius
1480 577 1626 626 quam
1659 560 1901 609 actionem
1925 561 1975 608 in
2006 561 2396 610 remuneratione

238 652 426 709 penset,
448 658 539 690 nec
560 640 828 706 quidquam
854 639 918 688 ad
936 640 1162 688 meritum
1180 642 1305 689 actio
1323 640 1488 700 addat,
1512 642 1613 690 sive
1632 640 1695 689 de
1716 640 1867 701 bona,
1884 642 1983 690 sive
2002 641 2064 690 de
2084 642 2210 690 mala
2225 641 2395 691 volun-

238 733 335 772 tate
366 722 590 790 prodeat,
617 722 741 769 sicut
762 721 1080 788 postmodum
1109 722 1438 771 ostendemus.
1468 724 1591 770 Cum
1622 738 1739 770 vero
1762 721 2063 770 voluntatem
2098 723 2200 787 ejus
2221 733 2397 772 nostrae

239 820 605 871 praeponamus,
645 812 699 851 ut
733 803 861 852 illius
893 803 1054 870 potius
1088 820 1237 869 quam
1267 813 1484 852 nostram
1519 820 1807 868 sequamur,
1849 819 2080 868 magnum
2116 803 2248 870 apud
2283 821 2396 852 eum

241 884 468 931 meritum
496 881 793 944 obtinemus,
814 881 951 946 juxta
982 881 1112 930 illam
1135 882 1359 930 Veritatis
1386 882 1756 948 perfectionem¹
1788 899 1798 929 ε
1829 902 1852 926 <c
1874 885 1982 930 Non
2005 882 2118 930 veni
2138 882 2293 930 facere
2310 899 2396 931 vo-

239 963 476 1012 luntatem
491 980 670 1026 meam,
696 962 782 1011 sed
802 963 903 1028 ejus
922 963 1005 1028 qui
1030 963 1159 1012 misit
1172 980 1265 1011 me.
1289 982 1312 1007 »
1333 963 1405 1010 Ad
1421 963 1555 1028 quod
1570 973 1617 1012 et
1633 980 1724 1011 nos
1742 962 2003 1011 exhortans
2026 963 2114 1011 ait’
2139 981 2150 1009 ε
2178 983 2201 1007 «
2219 964 2267 1010 Si
2290 964 2398 1028 quis

240 1046 372 1094 venit
394 1045 457 1093 ad
477 1062 556 1093 me
579 1054 627 1093 et
643 1060 744 1092 non
765 1045 870 1092 odit
892 1055 1080 1111 patrem
1106 1055 1154 1093 et
1178 1054 1399 1106 matrem,
1425 1044 1586 1093 adhuc
1615 1054 1777 1092 autem
1802 1054 1849 1093 et
1869 1045 2081 1092 animam
2105 1060 2261 1105 suam,
2296 1061 2397 1092 non

240 1136 312 1174 est
329 1143 408 1174 me
430 1125 632 1191 dignus3
657 1145 681 1170 ι)
699 1124 813 1188 hoc,
838 1136 909 1174 est
931 1127 1022 1174 nisi
1045 1125 1430 1191 suggestionibus
1452 1142 1623 1173 eorum
1642 1125 1718 1174 vel
1737 1125 1946 1192 propriae
1964 1125 2208 1173 renuntiet
2228 1124 2398 1172 volun-

240 1207 346 1266 tati,
380 1217 429 1255 et
453 1206 858 1274 praeceptionibus
881 1208 1000 1256 meis
1033 1224 1084 1256 se
1116 1207 1319 1255 omnino
1343 1206 1580 1272 subjiciat.
1606 1207 1737 1256 Sicut
1758 1223 1874 1272 ergo
1906 1209 2093 1255 Patrem
2118 1206 2271 1266 odire,
2298 1223 2398 1253 non

239 1288 477 1352 perimere
509 1286 740 1352 jubemur
766 1305 776 1335 ε
804 1289 871 1336 ita
900 1298 948 1336 et
974 1288 1274 1336 voluntatem
1302 1297 1539 1349 nostram,
1566 1298 1621 1335 ut
1642 1305 1741 1336 non
1779 1305 1888 1337 eam
1910 1304 2186 1353 sequamur,
2222 1304 2321 1334 non
2347 1298 2400 1335 ut

241 1368 455 1417 funditus
479 1385 587 1417 eam
609 1369 930 1417 destruamus.
957 1370 1053 1429 Qui
1070 1370 1202 1418 enim
1215 1370 1308 1417 ait³
1332 1387 1344 1419 ε
1375 1389 1400 1416 «
1429 1362 1546 1417 Post
1565 1369 1979 1435 concupiscentias
2000 1378 2106 1417 tuas
2123 1385 2224 1416 non
2240 1385 2346 1428 eas;
2374 1390 2395 1411 »

243 1453 301 1497 Et
321 1468 331 1497 t
352 1469 377 1496 «
397 1451 691 1499 Avoluntate
702 1458 784 1499 tua
799 1460 1014 1499 avertere
1030 1470 1053 1495 »
1073 1451 1302 1517 praecepit
1320 1467 1412 1499 nos
1428 1436 1844 1517 concupiscentias
1856 1460 2046 1499 nostras
2062 1466 2163 1497 non
2175 1450 2396 1515 implere;

239 1541 342 1579 n'on
365 1532 558 1598 penitus
584 1532 652 1580 eis
681 1547 862 1580 carere.
888 1531 1013 1579 Illud
1035 1532 1219 1598 quippe
1242 1532 1476 1580 vitiosum
1500 1541 1573 1581 est
1599 1549 1610 1580 t
1636 1532 1733 1580 hoc
1755 1541 1916 1580 autem
1936 1530 2203 1579 infirmitati
2227 1539 2401 1578 nostrae

240 1612 556 1678 impossibile.
601 1616 710 1661 Non
758 1613 824 1661 ita
861 1613 1207 1679 concupiscere
1241 1613 1496 1661 mulierem
1511 1650 1523 1674 ,
1561 1612 1647 1661 sed
1686 1612 2089 1678 concupiscentiae
2129 1613 2402 1659 consentire

241 1702 494 1757 peccatum
516 1703 587 1741 est
610 1711 621 1739 ε
645 1710 736 1741 nec
754 1694 981 1742 voluntas
1003 1693 1308 1755 concubitus,
1332 1693 1418 1742 sed
1440 1694 1698 1741 voluntatis
1720 1709 1986 1741 consensus
2004 1691 2292 1740 damnabilis
2311 1702 2397 1740 est.

307 1773 456 1832 Quod
473 1773 535 1822 de
546 1774 735 1822 luxuria
747 1773 975 1836 diximus,
994 1773 1092 1822 hoc
1107 1784 1156 1822 et
1171 1774 1233 1822 de
1247 1774 1358 1839 gula
1367 1774 1638 1822 videamus.
1651 1773 1841 1821 Transit
1854 1773 2027 1839 aliquis
2046 1773 2183 1837 juxta
2204 1772 2403 1820 hortum

240 1852 452 1916 alterius,
470 1864 518 1902 et
531 1855 804 1921 conspectis
823 1854 1189 1903 delectabilibus
1209 1854 1462 1917 fructibus,
1486 1855 1537 1902 in
1554 1842 1998 1920 concupiscentiam
2015 1870 2185 1902 eorum
2205 1853 2398 1913 incidit;

241 1950 333 1982 nec
356 1944 521 1983 tamen
547 1936 951 2002 concupiscentiae
977 1953 1073 1985 suae
1106 1937 1369 1998 consentit3
1402 1946 1456 1984 ut
1489 1935 1606 1984 inde
1636 1934 1821 2000 aliquid
1854 1934 1980 1982 furto
2003 1935 2080 1983 vel
2112 1935 2282 2000 rapina
2312 1951 2405 1983 au-

242 2015 380 2077 ferat,
402 2032 701 2082 quamquam
719 2017 1040 2065 delectatione
1059 2016 1155 2065 cibi
1179 2018 1231 2065 in
1254 2033 1486 2081 magnum
1505 2016 1801 2065 desiderium
1824 2031 1960 2062 mens
1980 2015 2081 2079 ejus
2100 2016 2160 2062 sit
2181 2031 2397 2063 accensa.

245 2094 339 2143 Ubi
372 2106 535 2145 autem
568 2097 890 2159 desiderium,
926 2096 993 2144 ibi
1028 2098 1203 2163 procul
1235 2097 1388 2145 dubio
1422 2096 1648 2144 voluntas
1683 2095 1919 2144 consistit.
1957 2095 2211 2143 Desiderat
2242 2096 2403 2160 itaque

242 2176 425 2225 fructus
458 2178 587 2225 illius
618 2195 755 2225 esum
787 2178 839 2225 in
874 2178 975 2242 quo
1009 2177 1379 2226 delectationem
1408 2195 1512 2226 esse
1549 2194 1651 2226 non
1685 2176 1876 2225 dubitat
1909 2193 1919 2223 :
1952 2176 2057 2242 ipsa
2092 2177 2273 2242 quippe
2308 2193 2403 2224 suae

241 2249 534 2307 infirmitatis
562 2268 736 2306 natura
760 2258 1069 2325 compellitur
1099 2258 1151 2306 id
1173 2257 1466 2320 desiderare,
1491 2258 1628 2324 quod
1658 2257 1813 2306 inscio
1836 2256 2042 2306 domino
2064 2257 2141 2306 vel
2168 2274 2268 2306 non
2290 2274 2406 2324 per-

243 2338 482 2400 mittente,
508 2339 744 2388 nonlicet
771 2339 1010 2406 accipere.
1043 2338 1350 2387 Desiderium
1379 2338 1459 2387 ille
1492 2338 1729 2405 reprimit,
1756 2353 1859 2386 non
1888 2338 2157 2404 extinguit:
2184 2338 2270 2387 sed
2292 2340 2405 2404 quia

243 2435 345 2467 non
365 2420 572 2468 trahitur
593 2420 657 2468 ad
680 2437 992 2483 consensum,
1018 2437 1120 2468 non
1145 2420 1349 2467 incurrit
1370 2429 1643 2485 peccatum.

307 2503 555 2559 Quorsum
574 2510 739 2549 autem
761 2500 881 2549 ista?
902 2503 964 2549 Ut
986 2501 1196 2566 denique
1231 2510 1394 2567 pateat
1419 2501 1470 2548 in
1498 2499 1675 2550 talibus
1696 2501 1853 2567 ipsam
1887 2516 2084 2566 quoque
2105 2499 2404 2548 voluntatem

241 2581 318 2628 vel
350 2581 646 2630 desiderium
681 2581 888 2630 faciendi
909 2581 1046 2647 quod
1075 2598 1178 2630 non
1209 2581 1340 2642 licet,
1368 2597 1678 2647 nequaquam
1710 2581 1805 2629 dici
1828 2591 2099 2648 peccatum,
2129 2581 2214 2629 sed
2244 2582 2403 2647 ipsum

242 2663 422 2726 potiuS,
460 2674 515 2711 ut
534 2663 762 2722 diximus,
791 2679 1103 2711 consensum.
1129 2665 1263 2709 Tunc
1284 2679 1402 2710 vero
1425 2662 1756 2711 consentimus
1779 2663 1824 2709 ei
1845 2661 1980 2727 quod
2003 2678 2105 2709 non
2127 2661 2253 2723 licet,
2291 2678 2404 2709 cum

244 2758 335 2790 nos
373 2742 435 2790 ab
467 2743 571 2808 ejus
604 2744 964 2808 perpetratione
995 2758 1307 2808 nequaquam
1339 2742 1656 2805 retrahimus,
1689 2743 1846 2808 parati
1876 2742 2094 2808 penitus,
2137 2742 2177 2790 si
2210 2741 2405 2790 daretur

243 2822 444 2871 facultas
460 2860 472 2884 ,
506 2823 627 2870 illud
658 2823 908 2889 perficere.
945 2826 998 2870 In
1022 2823 1119 2871 hoc
1152 2825 1316 2888 itaque
1341 2823 1594 2888 proposito
1627 2823 1844 2888 quisquis
1865 2823 2122 2888 reperitur,
2157 2832 2317 2871 reatus
2341 2822 2404 2871 ad

244 2904 432 2969 peccati
453 2912 769 2968 augmentum
800 2903 1069 2968 quidquam
1101 2903 1253 2966 addit,
1293 2903 1378 2951 sed
1407 2903 1509 2968 jam
1538 2903 1671 2969 apud
1702 2906 1863 2952 Deum
1895 2919 2031 2969 aeque
2060 2920 2171 2951 reus
2198 2913 2294 2965 est,
2321 2903 2405 2969 qui

244 2983 309 3032 ad
330 2983 427 3032 hoc
449 2983 782 3050 peragendum
813 2993 1051 3050 quantum
1073 2984 1201 3033 valet
1223 2984 1409 3046 nititur,
1438 2994 1486 3032 et
1509 2993 1750 3050 quantum
1778 2985 1827 3033 in
1853 3001 1904 3033 se
1928 2993 2016 3043 est,
2043 2983 2164 3032 illud
2187 2985 2400 3052 peragit,

246 3081 304 3114 ac
325 3066 390 3127 si,
415 3076 471 3114 ut
498 3069 673 3114 Beatus
698 3065 990 3130 Augustinus
1014 3065 1254 3129 meminit,
1288 3065 1339 3113 in
1361 3081 1510 3132 opere
1541 3082 1739 3132 quoque
1760 3066 1867 3133 ipso
1899 3075 2023 3115 esset
2048 3065 2399 3133 deprehensus.

246 3148 372 3194 Cum
403 3156 566 3196 autem
597 3146 824 3195 voluntas
845 3157 1099 3213 peccatum
1134 3163 1237 3195 non
1271 3147 1349 3208 sit,
1385 3156 1435 3195 et
1454 3163 1555 3195 non
1587 3163 1843 3214 nunquam
1876 3147 2037 3210 inviti,
2076 3157 2130 3196 ut
2164 3145 2398 3204 diximus,

292 3331 422 3375 qoam,
435 3342 509 3375 cap.
525 3343 572 3376 vx,
587 3342 621 3370 v.
639 3335 691 3370 38.
712 3351 751 3359 -
768 3334 780 3354 ²
793 3333 889 3375 Luc„
907 3342 980 3376 cap.
998 3341 1067 3375 xiv,
1081 3341 1112 3366 v.
1128 3334 1180 3369 26.
1194 3350 1236 3359 —
1249 3333 1262 3354 ³
1279 3331 1404 3376 Eccli.,
1423 3340 1497 3374 cap·
1515 3338 1610 3375 xvm,
1627 3339 1660 3367 v,
1677 3333 1730 3367 30.
