2638 3866
234 236 330 285 500
1047 225 1219 273 PETRI
1253 224 1568 273 ABAELARDl

235 337 367 385 enim
387 331 667 384 accidentali
689 327 1031 395 praedicatione
1055 325 1148 373 sibi
1173 326 1551 390 conjunguntur,
1580 343 1678 374 non
1700 337 1771 375 est
1791 345 1984 377 necesse
2008 328 2246 392 sigillatim
2270 327 2386 386 dici,
2453 343 2457 348 ·

240 415 459 481 quamvis
503 410 800 474 conjunctim
842 407 1093 467 dicantur,
1133 406 1255 453 sicut
1294 406 1394 470 jam
1435 405 1622 454 dudum
1653 425 1710 455 ex
1747 408 1963 457 secundo
1997 408 2395 456 Perc'lzermem'as

240 495 512 543 didicimus.
548 494 713 554 Neque
749 489 880 536 enim
910 502 1104 534 necesse
1134 496 1205 533 est
1225 485 1286 548 'ut
1313 487 1372 534 sit
1394 487 1649 551 vigesimus
1674 489 1884 554 primus,
1915 489 2027 537 ideo
2052 491 2112 537 sit
2131 489 2389 554 vigesimus

240 576 339 623 sive
353 573 560 638 primus;
586 570 662 618 vel
687 570 727 617 si
748 569 849 616 haec
873 578 984 615 sunt
1007 566 1176 631 viginti
1199 583 1371 624 unum,
1396 566 1508 614 ideo
1535 568 1627 615 sint
1651 569 1818 632 viginti
1841 570 1939 618 sive
1957 587 2141 633 unum3
2167 569 2245 618 vel
2267 568 2307 616 si
2329 566 2389 613 sit

241 652 441 701 dimidia
473 651 648 698 domus
677 650 777 697 sive
808 647 1088 713 imperfecta
1122 646 1317 707 domus,
1355 646 1465 694 ideo
1497 647 1556 694 sit
1586 647 1788 708 domus3
1814 649 1890 697 vel
1919 650 1958 697 si
1988 649 2085 697 hoc
2119 666 2295 715 corpus
2329 647 2395 694 sit.

240 750 414 799 parum
444 731 631 788 ridens,
658 730 770 778 ideo
805 729 865 776 sit
891 728 1076 789 ridens3
1103 726 1180 774 vel
1211 727 1248 774 si
1276 727 1335 774 sit
1358 744 1562 792 magnus
1589 728 1742 791 locus,
1769 729 1880 777 ideo
1907 731 1966 777 sit
1993 748 2222 795 magnus;
2251 728 2326 777 vel
2349 726 2389 774 si

240 814 410 878 aliquis
440 813 499 860 sit
531 810 825 859 citharoedus
852 807 1014 856 bonus
1040 806 1311 855 secundum
1341 808 1762 871 existimationem,
1789 810 1899 857 ideo
1929 811 1988 857 sit
2008 810 2197 872 bonus3
2237 818 2321 857 aut
2349 807 2389 854 si

240 894 454 942 Verbum
476 893 536 940 sit
552 893 731 940 factum
751 906 883 951 caro,
902 889 953 936 id
977 898 1047 936 est
1066 889 1389 951 incarnatum,
1417 889 1528 937 ideo
1549 890 1608 937 sit
1629 890 1829 951 factum3
1855 892 1932 940 vel
1950 893 1989 939 si
2008 895 2137 939 Deus
2157 892 2218 939 sit
2236 892 2394 939 factus

238 974 447 1038 adjutor,
481 973 592 1020 ideo
624 973 683 1020 sit
712 972 893 1031 factus3
921 969 998 1017 vel
1034 969 1072 1016 si
1098 969 1201 1017 haec
1223 985 1315 1016 vox
1342 990 1363 1015 «
1386 979 1455 1017 est
1472 990 1494 1013 >³
1520 972 1788 1036 propositio
1819 972 2038 1038 simplex,
2064 973 2161 1020 hoc
2192 981 2261 1020 est
2284 987 2386 1018 non

237 1054 423 1102 habens
458 1053 820 1120 propositiones
842 1051 891 1098 in
928 1050 1167 1111 terminis,
1203 1049 1401 1115 ideo{sit
1432 1050 1650 1116 simplex,
1679 1051 1730 1099 id
1761 1063 1831 1100 est
1864 1070 1967 1100 non
2001 1054 2260 1100 constituta
2283 1068 2394 1099 om—

236 1135 357 1183 nino
390 1152 445 1183 ex
484 1133 723 1198 aliquibus
759 1149 846 1198 per
871 1131 1224 1179 successionem
1253 1130 1483 1190 vocibus3
1515 1130 1591 1178 vel
1621 1132 1661 1179 si
1684 1132 1787 1181 haec
1814 1134 1975 1182 anima
2000 1135 2059 1181 sit
2089 1134 2249 1181 multae
2277 1149 2393 1199 per-

238 1233 368 1263 sonae
390 1216 467 1263 vel
491 1215 632 1262 multi
666 1213 764 1261 loci
799 1211 1067 1260 secundum
1089 1211 1382 1273 dialecticos,
1407 1211 1519 1258 ideo
1542 1213 1601 1259 sit
1621 1212 1790 1275 multa,
1828 1214 1924 1262 hoc
1948 1225 2018 1262 est
2040 1214 2205 1262 multae
2227 1230 2304 1261 res
2327 1211 2390 1261 ab

236 1297 443 1343 invicem
464 1294 696 1343 discretae.
727 1296 810 1340 Est
831 1302 994 1340 autem
1014 1291 1116 1338 haec
1141 1292 1301 1339 anima
1322 1291 1483 1339 multae
1501 1309 1718 1358 personae
1740 1294 2007 1343 secundum
2030 1294 2385 1360 grammatic05‚

236 1393 348 1423 cum
383 1375 561 1423 scilicet
587 1372 758 1438 aliquis
788 1372 851 1420 ad
875 1388 984 1419 eam
1012 1371 1246 1436 loquitur,
1271 1382 1318 1420 et
1340 1371 1404 1419 de
1429 1389 1485 1420 ea
1509 1372 1645 1435 aliuS,
1672 1384 1720 1422 et
1744 1374 1805 1422 de
1828 1375 1999 1423 eadem
2018 1376 2180 1424 anima
2202 1375 2393 1422 diversa

236 1465 517 1521 argumenta
552 1453 655 1502 fieri
689 1462 909 1519 possunt,
943 1451 1019 1499 vel
1053 1451 1320 1499 secundum
1354 1452 1451 1500 hoc
1475 1453 1655 1501 scilicet
1682 1455 1817 1520 quod
1849 1466 1920 1503 est
1951 1455 2192 1522 oppositio
2228 1454 2386 1514 alicui,

237 1537 313 1584 vel
343 1536 477 1601 quod
502 1544 574 1582 est
598 1533 782 1594 similis,
812 1532 889 1580 vel
914 1531 1182 1580 secundum
1215 1532 1328 1580 alias
1356 1533 1663 1582 habitudines
1692 1552 1750 1583 ex
1774 1535 1949 1600 quibus
1980 1537 2083 1602 ipsa
2110 1545 2182 1583 est
2215 1535 2394 1583 diversi

237 1618 361 1680 loci;
389 1633 478 1663 nec
504 1624 662 1662 tamen
683 1614 796 1661 ideo
819 1613 954 1678 quod
977 1614 1140 1661 anima
1162 1623 1232 1660 est
1249 1614 1388 1661 multi
1411 1615 1506 1663 loci
1529 1616 1798 1664 secundum
1817 1617 2110 1679 dialectiCOS,
2136 1633 2194 1663 eo
2214 1615 2394 1664 scilicet

239 1697 373 1762 quod
409 1696 621 1743 diversas
643 1694 770 1742 vires
794 1692 1040 1759 probandi
1061 1693 1236 1754 habet3
1264 1693 1376 1742 ideo
1401 1696 1605 1744 concedi
1634 1708 1828 1763 oportet
1851 1715 1958 1747 eam
1988 1697 2266 1763 simpliciter
2289 1712 2395 1744 esse

237 1777 406 1825 multa.
440 1776 666 1823 Similiter
702 1783 750 1821 et
782 1777 914 1821 Deus
947 1773 1058 1820 licet
1091 1774 1150 1820 sit
1187 1774 1348 1821 multae
1377 1793 1623 1840 personae,
1658 1778 1755 1826 hoc
1789 1789 1861 1826 est
1897 1783 2035 1827 Pater
2069 1789 2117 1826 et
2159 1778 2304 1824 Filius
2345 1785 2393 1824 et

238 1858 442 1923 Spiritus
472 1865 682 1914 sanctus,
719 1871 820 1900 non
848 1853 960 1900 ideo
993 1853 1364 1901 concedendum
1401 1866 1472 1903 est
1503 1874 1617 1904 eum
1647 1875 1748 1906 esse
1787 1859 1955 1918 multa,
1990 1860 2088 1906 hoc
2113 1869 2184 1906 est
2219 1858 2395 1905 multas

237 1955 332 2000 res,
361 1938 459 1985 sive
483 1935 657 1982 multas
682 1933 927 1993 essentias,
955 1949 1067 1980 cum
1093 1933 1262 1982 eadem
1286 1936 1478 2000 penitus
1499 1939 1704 1987 essentia
1726 1956 1831 2003 quae
1855 1942 1995 1986 Pater
2020 1948 2106 1998 est,
2133 1938 2192 1985 sit
2215 1937 2359 1984 Filius
2376 1974 2389 1999 ,

239 2020 298 2066 sit
329 2028 377 2066 et
409 2016 611 2082 Spiritus
635 2025 843 2062 sanctus·
868 2014 1060 2079 Quippe
1095 2014 1246 2063 multa
1275 2014 1372 2063 hoc
1401 2034 1601 2078 nomen,
1641 2020 1740 2066 sive
1771 2020 1862 2066 tria
1895 2029 1943 2067 et
1970 2018 2193 2084 quaelibet
2225 2034 2396 2064 nume-

240 2086 355 2147 ralia
378 2097 580 2144 nomina
608 2095 805 2161 proprie
830 2093 893 2141 ad
911 2110 1169 2141 numerum
1194 2097 1461 2160 pertinent,
1497 2098 1706 2164 ideoque
1731 2100 1782 2146 in
1807 2099 1952 2147 rebus
1976 2109 2167 2147 tantum
2189 2114 2397 2145 numero

240 2178 440 2227 diversis
456 2185 585 2223 recte
606 2184 717 2222 sunt
737 2191 825 2241 per
848 2191 898 2222 se
923 2173 1223 2239 accipienda.
1248 2177 1370 2224 Huic
1388 2178 1533 2225 etiam
1551 2178 1672 2226 illud
1695 2180 1849 2227 Boetii
1868 2179 1925 2226 de
1944 2181 2177 2227 Trinitate
2192 2194 2396 2226 concor-

242 2260 352 2319 dat,
381 2257 468 2304 ubi
501 2256 563 2303 de
585 2258 690 2302 Deo
714 2256 780 2302 ait
821 2273 833 2302 z
866 2276 888 2298 «ι
909 2257 981 2301 De
1006 2254 1164 2303 forma
1186 2255 1289 2320 ejus
1323 2258 1542 2323 superius
1571 2259 1955 2309 demonstratum
1976 2270 2069 2322 est,
2099 2259 2333 2324 quoniam
2356 2259 2396 2306 is

240 2341 301 2387 sit
322 2339 494 2396 forma,
527 2345 575 2383 et
597 2352 754 2382 unum
775 2352 906 2397 vere,
938 2351 1030 2382 nec
1053 2335 1150 2382 ulla
1173 2336 1436 2401 pluralitas,
1461 2339 1592 2387 unde
1615 2342 1758 2388 etiam
1788 2351 2003 2389 sanctam
2023 2350 2071 2387 et
2095 2338 2397 2387 individuam

241 2419 446 2467 dicimus
482 2416 781 2463 Trinitatem.
805 2435 828 2458 >³
870 2416 1050 2461 Poterit
1084 2425 1132 2462 et
1166 2415 1362 2464 fortasse
1399 2419 1769 2483 quodammodo
1791 2425 1922 2469 Deus
1959 2430 2006 2468 et
2039 2421 2130 2467 tria
2163 2430 2211 2466 et
2245 2419 2397 2466 multa

243 2501 357 2562 dici,
398 2499 438 2546 si
459 2496 682 2546 videlicet
705 2495 794 2542 tria
825 2505 871 2542 et
907 2494 1061 2543 multa
1097 2494 1389 2545 diffinitione
1417 2501 1493 2547 vel
1529 2502 1821 2566 proprietate
1852 2518 1953 2548 non
1980 2516 2187 2548 numero
2221 2498 2398 2546 intelli-

242 2597 432 2646 gamus,
470 2588 519 2626 et
552 2577 705 2641 magis
740 2576 994 2623 veritatem
1025 2592 1193 2625 sensus
1225 2594 1372 2641 quam
1407 2581 1751 2645 proprietatem
1775 2582 2037 2629 verborum
2069 2579 2391 2627 attendamus.

243 2665 349 2727 lpse
380 2660 560 2725 quippe
589 2667 795 2705 aeternus
819 2666 907 2717 est,
942 2656 1225 2719 immensm,
1254 2668 1459 2722 creator,
1493 2662 1820 2727 omnipotens,
1855 2670 1903 2708 et
1929 2660 2021 2707 alia
2043 2659 2194 2707 multa
2217 2657 2396 2706 diffini-

243 2740 457 2788 tionibus
489 2739 693 2797 diversa,
733 2746 781 2783 et
804 2736 907 2802 ipse
938 2739 1068 2784 Deus
1100 2746 1147 2784 et
1175 2740 1313 2785 Pater
1347 2750 1418 2802 est
1441 2750 1487 2788 et
1523 2741 1665 2788 Filius
1698 2752 1745 2789 et
1772 2742 1974 2807 Spiritus
2005 2749 2198 2788 sanctus
2226 2757 2236 2785 :
2265 2748 2312 2786 et
2332 2739 2399 2785 ita

246 2818 613 2884 quodammodo
637 2816 1000 2865 multitudinem
1018 2817 1068 2864 in
1091 2834 1150 2865 eo
1174 2818 1358 2867 attendi
1382 2820 1508 2882 licet,
1535 2821 1804 2869 secundum
1829 2821 2052 2868 videlicet
2074 2820 2398 2867 diversitatem

248 2899 592 2947 diffinitionum
613 2897 689 2945 vel
713 2897 1085 2963 proprietatum,
1115 2915 1217 2946 non
1250 2901 1456 2948 numeri.
1488 2904 1628 2949 Juxta
1658 2919 1808 2966 quam
1839 2901 2040 2967 quidem
2076 2901 2399 2948 diversitatem

248 2979 492 3045 apostolus
529 2979 621 3026 ait¹
663 2997 674 3025 :
715 2981 820 3024 «Et
852 2987 948 3025 tres
984 2988 1094 3026 sunt
1129 2980 1214 3043 qui
1250 2981 1581 3029 testimonium
1620 2982 1738 3030 dant
1772 2983 1823 3029 in
1858 2983 1998 3042 coelo,
2037 2991 2084 3028 et
2119 2991 2212 3028 tres
2245 2995 2399 3026 unum

251 3069 379 3119 sunt;
405 3077 427 3102 »
453 3058 574 3104 nihil
594 3057 814 3104 videlicet
836 3058 1021 3106 addens
1053 3059 1116 3107 ad
1139 3059 1236 3107 hoc
1262 3078 1443 3109 nomen
1467 3072 1580 3123 tres,
1607 3080 1767 3128 neque
1792 3078 2040 3128 personaS,
2066 3076 2225 3125 neque
2247 3057 2396 3106 aliud.

251 3143 357 3187 Hoc
383 3139 526 3186 etiam
551 3137 840 3201 Augustinus
863 3140 947 3184 VII
974 3137 1033 3185 de
1062 3140 1298 3188 Trinitate
1321 3140 1464 3204 libro,
1494 3143 1706 3208 capitulo
1732 3160 1783 3190 1v
1803 3142 2060 3190 confirmat
2080 3141 2155 3187 his
2177 3137 2359 3187 verbis²
2383 3154 2396 3183 t

294 3330 300 3347 ¹
323 3325 428 3362 loan„
445 3331 515 3364 cap.
535 3331 569 3362 v,
584 3330 615 3354 ν.
632 3323 662 3353 7.
682 3337 722 3343 -
737 3321 749 3339 ²
763 3320 863 3362 Opp.‚
883 3320 993 3354 t.v111.
