2638 3866
336 228 430 273 ⁴24-
1139 225 1310 272 PETRI
1347 221 1663 271 ABAELARDI

332 325 426 372 hoc
453 335 502 372 ut
528 326 698 372 Deitati
723 327 843 391 ejus,
868 343 966 374 non
993 327 1125 374 carni
1149 325 1429 373 ascribatur.
1461 324 1508 371 Si
1531 324 1660 372 enim
1687 321 1794 389 plus
1820 322 2036 368 minusve
2058 319 2189 368 aliud
2212 320 2471 379 invenitur,

334 416 531 470 excepto
554 405 650 453 hoc
671 406 805 471 quod
828 407 991 472 genuit
1014 409 1152 454 Pater
1172 405 1343 453 Filium
1357 443 1369 464 ‚
1398 414 1445 453 et
1466 414 1666 471 excepto
1690 401 1822 468 quod
1846 402 1990 450 Filius
2015 418 2114 449 non
2137 417 2192 448 ex
2216 402 2475 466 semetipso

334 495 472 532 natus
488 496 573 546 est,
589 485 672 533 sed
689 486 750 534 de
765 490 920 547 Patre,
936 496 1018 535 aut
1038 486 1258 534 invidens
1283 495 1364 533 aut
1385 485 1626 550 impotens
1646 486 1802 544 Pater,
1819 483 2015 548 insuper
2036 482 2179 529 etiam
2199 481 2476 546 temporalis

332 566 620 629 agnoscitur.
632 587 654 610 1)
660 569 760 615 Hac
772 568 932 632 itaque
946 568 1130 616 ratione
1138 583 1233 631 qua
1241 565 1563 626 convincitur,
1578 563 1707 629 quod
1719 565 1845 610 Deus
1855 566 1992 610 Pater
2001 572 2100 610 tam
2108 561 2238 609 bonu
2244 578 2291 608 m
2300 577 2476 625 genue-

334 655 405 693 rat
417 645 568 694 filium
586 658 822 713 quantum
836 649 1009 715 potuit,
1026 647 1370 695 cumvidelicet
1384 646 1520 693 aliter
1538 661 1649 692 reus
1666 652 1790 692 esset
1805 642 2012 703 invidiae,
2027 642 2209 690 clarum
2223 651 2293 690 est
2314 642 2476 689 omnia

334 743 438 791 quae
462 727 591 788 facit,
618 739 855 794 quantum
878 738 1036 796 potest
1051 728 1238 793 egregia
1261 727 1435 788 facere,
1455 743 1545 773 nec
1568 725 1720 773 ullum
1739 723 2073 783 commodum,
2099 722 2233 788 quod
2257 721 2477 770 conferre

331 808 499 872 possit,
516 808 797 857 subtrahere
811 809 948 857 velle.
965 808 1091 856 Nihil
1110 808 1290 874 quippe
1303 817 1373 855 est
1388 806 1522 871 quod
1535 815 1619 854 aut
1632 805 1774 852 faciat
1787 813 1867 852 aut
1890 803 2115 863 dimittat,
2130 803 2221 850 nisi
2235 803 2418 868 optima
2432 812 2478 850 et

332 887 606 935 rationabili
629 905 790 949 causa,
805 889 914 936 licet
925 888 1005 936 illa
1020 887 1163 935 nobis
1182 887 1372 935 occulta
1387 888 1463 935 sit.
1479 885 1620 934 Unde
1640 895 1687 933 et
1708 883 1826 932 illud
1840 893 1911 932 est
1927 883 2230 931 Platonicum
2248 901 2258 928 ε
2279 901 2302 927 «
2321 885 2480 930 Omne

334 967 467 1032 quod
491 969 717 1032 gignitur,
742 986 802 1017 ex
825 969 985 1033 aliqua
1006 985 1149 1016 causa
1171 968 1437 1016 necessaria
1460 967 1695 1032 gignitur3
1723 964 1793 1012 nil
1814 965 1943 1013 enim
1963 963 2016 1011 fit
2034 963 2170 1028 cujus
2192 972 2353 1010 ortum
2368 979 2479 1010 :non
2542 984 2545 987 ·

334 1046 542 1111 legitima
578 1065 722 1097 causa
754 1060 800 1097 et
833 1052 956 1098 ratio
986 1049 1280 1115 praecedat.»
1308 1048 1430 1096 Hinc
1466 1056 1513 1095 et
1537 1045 1654 1094 illud
1688 1055 1758 1093 est
1795 1044 2061 1109 Augustini,
2094 1060 2206 1092 cum
2235 1043 2398 1090 omnia
2418 1043 2479 1090 in

336 1128 521 1175 mundo
546 1128 651 1177 fieri
672 1130 744 1177 vel
768 1129 961 1193 disponi
985 1129 1148 1176 divina
1174 1127 1479 1193 providentia
1501 1126 1833 1186 convinceret,
1858 1134 1905 1172 et
1928 1123 2047 1172 nihil
2073 1141 2209 1184 casu,
2236 1122 2356 1170 nihil
2382 1122 2480 1170 for-

336 1208 456 1254 tuitu
480 1211 692 1270 evenire,
720 1210 803 1257 sed
837 1209 1000 1257 omnia
1037 1225 1092 1256 ex
1128 1208 1296 1255 divino
1322 1208 1577 1273 provenire
1611 1206 1831 1254 consilio.
1861 1206 1934 1252 Ait
1956 1205 2137 1270 quippe
2161 1205 2227 1251 510
2251 1202 2479 1269 praedicto

340 1290 659 1347 Quaestionum
678 1289 819 1352 libro,
839 1306 944 1355 cap.
962 1306 1070 1336 xxw
1092 1307 1102 1334 :
1121 1307 1143 1333 «
1166 1287 1415 1353 Quidquid
1432 1304 1544 1336 casu
1562 1286 1632 1348 fit,
1657 1296 1836 1334 temere
1854 1285 1921 1333 fit.
1943 1283 2191 1349 Quidquid
2209 1282 2477 1344 temere-fit,

334 1385 434 1416 non
461 1368 513 1415 fit
537 1369 858 1434 providentia.
884 1370 931 1415 Si
956 1385 1070 1433 ergo
1094 1385 1206 1415 casu
1225 1368 1382 1433 aliqua
1402 1367 1526 1415 fiunt
1542 1368 1591 1414 in
1611 1366 1823 1427 mundo,
1845 1382 1944 1413 11011
1965 1364 2268 1431 providentia
2289 1363 2480 1411 univer-

337 1465 416 1495 sus
433 1449 645 1496 mundus
661 1449 1063 1497 administratur¹.
1082 1469 1104 1493 »
1123 1451 1244 1495 Item
1261 1467 1271 1495 ε
1288 1468 1309 1493 α
1330 1448 1452 1496 lllud
1474 1448 1661 1495 bonum
1682 1447 1819 1512 cujus
1839 1446 2207 1512 participatione
2227 1453 2338 1492 sunt
2349 1443 2481 1491 bona

337 1539 521 1585 caetera,
549 1547 646 1576 11011
687 1547 773 1595 per
802 1530 955 1591 aliud,
989 1529 1074 1576 sed
1108 1546 1194 1594 per
1229 1529 1541 1594 semetipsum
1573 1527 1761 1575 bonum
1795 1536 1882 1587 est,
1923 1525 2057 1591 quod
2089 1525 2304 1572 divinam
2337 1524 2482 1572 etiam

338 1609 691 1674 providentiam
714 1627 960 1659 vocamuS.
991 1609 1115 1656 Nihil
1133 1610 1276 1673 igitur
1302 1626 1415 1657 casu
1439 1608 1490 1655 fit
1513 1609 1560 1655 in
1585 1606 1789 1655 mundo.
1813 1627 1834 1651 n
1856 1607 1910 1654 In
1924 1615 2113 1654 tantum
2132 1613 2292 1653 autem
2307 1604 2356 1651 in
2376 1620 2482 1651 om·

335 1689 478 1736 nibus
501 1706 605 1754 quae
627 1693 755 1737 Deus
779 1690 911 1749 facit,
934 1689 1068 1755 quod
1091 1689 1277 1736 bonum
1299 1699 1368 1737 est
1391 1688 1617 1750 attendit,
1637 1697 1690 1735 ut
1713 1688 1819 1753 ipso
1842 1687 1962 1734 boni
1982 1686 2136 1752 pretio
2155 1685 2319 1751 potius
2337 1700 2482 1749 quam

338 1770 594 1817 voluntatis
617 1787 711 1817 suae
732 1771 888 1832 libito,
912 1770 974 1818 ad
997 1769 1184 1835 singula
1206 1769 1425 1817 facienda
1446 1769 1670 1817 inclinari
1697 1767 1899 1816 dicatur.
1933 1768 2057 1814 Hinc
2082 1776 2153 1814 est
2171 1764 2290 1813 illud
2313 1765 2482 1822 Hiero-

337 1851 469 1915 nymi
492 1868 635 1915 super
658 1851 911 1899 Danielem
936 1852 984 1898 in
1018 1851 1315 1916 expositione
1336 1851 1532 1898 visionis
1552 1849 1716 1910 tertiae,
1741 1848 1827 1896 ubi
1855 1848 1917 1896 de
1940 1850 2043 1895 Deo
2063 1847 2131 1894 sic
2158 1844 2484 1894 Nabuchodo-

337 1947 486 1978 nosor
506 1930 720 1995 loquitur
741 1951 752 1977 :
773 1935 949 1979 «Juxta
969 1931 1270 1978 voluntatem
1295 1932 1424 1979 enim
1444 1946 1582 1978 suam
1605 1930 1732 1990 fecit,
1760 1939 1860 1977 tam
1884 1930 1933 1976 in
1952 1928 2075 1976 coelo
2098 1943 2245 1992 quam
2269 1927 2317 1973 in
2338 1935 2480 1987 terra,

337 2021 383 2058 et
406 2028 506 2058 11011
530 2021 598 2058 051
624 2012 707 2076 qui
727 2013 910 2060 resistat
930 2012 1095 2060 manui
1111 2012 1229 2075 ejus,
1247 2021 1294 2059 et
1311 2011 1465 2059 dicat:
1483 2014 1643 2069 Quare
1665 2010 1873 2058 fecisti2?
1892 2029 1914 2052 J>
1935 2013 1991 2056 Et
2010 2009 2123 2067 1100,
2141 2008 2297 2072 inquit
2319 2008 2485 2054 Hiero-

338 2108 530 2156 nymus,
556 2091 787 2156 loquitur,
817 2093 951 2156 quasi
974 2092 1124 2140 1101110
1149 2092 1324 2139 saeculi.
1349 2095 1454 2139 Non
1485 2092 1615 2139 enim
1641 2090 1774 2155 quod
1795 2090 1916 2152 vult,
1940 2090 2058 2137 11008
2081 2088 2214 2150 facit,
2243 2087 2327 2135 sed
2350 2087 2484 2152 quod

336 2172 521 2220 bonum
546 2182 642 2233 est,
668 2173 763 2220 hoc
788 2173 890 2221 vult
913 2176 1059 2221 Deus.
1100 2172 1552 2220 Nabuchodonosor
1577 2173 1644 2219 510
1675 2173 1865 2219 locutus
1891 2181 1976 2227 051,
2005 2180 2058 2217 111
2077 2169 2195 2217 dum
2218 2168 2486 2235 potentiam

337 2253 427 2300 Dei
457 2253 705 2319 praedicat,
739 2254 970 2317 justitiam
994 2254 1094 2317 ejus
1117 2253 1335 2301 videatur
1359 2269 1584 2317 arguere,
1620 2251 1754 2317 quod
1777 2251 2018 2298 immerito
2046 2266 2215 2317 poenas
2247 2248 2484 2296 sustinue-

338 2333 416 2379 rit.
429 2353 450 2376 n
469 2333 579 2380 Tale
592 2350 706 2397 ergo
724 2344 793 2381 est
808 2334 942 2399 quod
959 2335 1024 2381 ait
1038 2335 1386 2398 Hieronymus:
1406 2352 1430 2377 «
1449 2335 1552 2379 Non
1569 2333 1697 2380 enim
1714 2331 1848 2396 quod
1866 2331 1985 2393 vult,
2003 2330 2100 2378 hoc
2113 2330 2240 2389 facit,
2254 2328 2338 2377 sed
2352 2327 2486 2393 quod

339 2412 525 2460 bonum
546 2423 684 2474 est‚-»
706 2414 802 2461 hoc
826 2415 927 2462 vult
948 2417 1094 2476 Deus,
1122 2430 1177 2461 ac
1201 2414 1240 2460 si
1258 2413 1462 2460 diceret:
1481 2416 1587 2459 Non
1608 2413 1691 2471 ita,
1720 2422 1772 2458 ut
1793 2412 1990 2458 aestimat
2014 2409 2482 2467 Nabuchodonosor,

339 2503 564 2558 operatur
598 2497 750 2552 DeuS,
780 2511 916 2542 more
945 2494 1164 2541 videlicet
1194 2510 1365 2541 eorum
1400 2494 1483 2557 qui
1517 2493 1565 2539 in
1604 2492 1680 2539 his
1717 2508 1823 2556 quae
1859 2491 2061 2550 faciunt,
2086 2506 2188 2537 non
2223 2499 2321 2536 tam
2354 2488 2486 2552 quod

337 2573 521 2621 bonum
545 2585 616 2622 est
639 2575 920 2638 attendunt,
942 2591 1086 2640 quam
1111 2584 1166 2622 ut
1190 2590 1288 2621 suae
1311 2573 1602 2621 satisfaciant
1626 2572 1890 2632 voluntati,
1918 2571 2264 2635 qualiscunque
2286 2570 2386 2634 ipsa
2406 2569 2483 2615 sit.

341 2658 411 2702 De
434 2655 656 2720 qualibus
681 2657 912 2721 scriptum
934 2665 1004 2703 est
1032 2675 1042 2703 :
1071 2676 1093 2700 «
1116 2655 1192 2702 Sic
1217 2655 1347 2716 vo10‚
1374 2655 1442 2702 sic
1456 2654 1624 2718 jubeo,
1652 2654 1710 2701 sit
1732 2669 1822 2719 pro
1843 2653 2028 2700 ratione
2051 2651 2316 2699 voluntas'·.
2346 2668 2369 2693 »
2391 2648 2486 2696 Sed

342 2736 491 2799 magis
511 2736 631 2783 velle
655 2736 889 2784 dicendus
912 2745 983 2783 est
1005 2735 1194 2799 singula
1220 2744 1273 2782 ut
1294 2735 1429 2796 fiant,
1457 2735 1568 2798 quia
1591 2734 1779 2782 bonum
1803 2749 1905 2780 esse
1929 2742 1980 2779 ut
2004 2731 2197 2790 fierent,
2223 2729 2356 2777 vidit.
2382 2731 2486 2777 Hoc

344 2824 501 2861 autem
527 2816 674 2864 modo
700 2818 1028 2882 unusquisque
1049 2816 1347 2864 voluntatem
1372 2832 1509 2863 suam
1531 2815 1665 2879 sequi
1691 2812 1991 2880 prohibetur.
2020 2815 2077 2859 Et
2097 2810 2312 2859 Christus
2341 2809 2486 2856 etiam

344 2894 442 2958 ipse
465 2911 564 2942 non
588 2896 677 2943 sibi
700 2899 932 2961 placuisse
958 2898 1149 2959 dicitur,
1173 2898 1288 2961 quia
1309 2897 1429 2943 nihil
1447 2896 1544 2943 hoc
1565 2895 1660 2943 fine
1681 2894 1757 2943 vel
1780 2894 2048 2943 intentione
2071 2907 2209 2956 agere
2232 2889 2482 2946 debemus,

343 2975 455 3037 quia
478 2975 526 3021 id
550 2976 791 3037 volumus,
809 2978 884 3024 vel
908 2979 1022 3042 quia
1044 2977 1185 3024 nobis
1207 2978 1256 3023 in
1273 2976 1370 3023 1100
1388 2976 1650 3041 placemus,
1673 2975 1719 3022 id
1738 2984 1825 3036 est,
1849 2974 1961 3039 quia
1982 2974 2032 3020 in
2052 2972 2148 3018 hoc
2171 2970 2484 3031 delectamur,

344 3054 426 3100 sed
464 3055 622 3119 potius
646 3057 757 3118 quia
794 3057 842 3103 id
877 3074 903 3104 a
942 3057 1082 3104 nobis
1109 3057 1208 3103 fieri
1246 3056 1433 3103 bonum
1466 3073 1567 3103 esse
1602 3072 1869 3103 censemus.
1901 3057 2034 3100 Patet
2064 3053 2226 3116 itaque
2250 3047 2487 3114 quidquid

392 3266 398 3283 ¹
422 3265 547 3303 Quaest.
573 3265 625 3297 24.
651 3265 753 3306 Opp„
772 3270 794 3295 1.
813 3264 871 3304 Vl,
895 3266 955 3298 col.
975 3267 1004 3298 6.
1026 3284 1061 3289 ——
1078 3269 1088 3286 ²
1106 3268 1213 3306 Dan..
1238 3276 1306 3308 cap.
1327 3276 1372 3305 ιν,
1390 3276 1418 3299 V.
1440 3269 1490 3300 32.
1512 3284 1547 3289 —
1565 3268 1576 3287 ³
1593 3267 1674 3300 Male
1700 3268 1776 3306 legit
1806 3266 2023 3298 Amboesius=
2044 3263 2138 3301 Quod
2156 3261 2231 3294 vult
2256 3270 2320 3293 non
2337 3259 2427 3301 facit.
2445 3275 2486 3282 -

345 3317 353 3334 ⁴
368 3317 538 3357 Juvenal„
555 3322 614 3349 sat.
634 3327 666 3349 vi
680 3343 687 3356 ,
704 3327 731 3349 v.
751 3319 823 3350 223.
